3912 6374
144 316 250 375 ιω
872 316 950 370 ΙΝ
986 316 1053 370 D.
1091 316 1309 376 PAULI
1345 318 1571 378 EPIST.
1610 318 1761 376 COM

1863 316 1985 375 NT.
2025 344 2090 364 -
2132 313 2356 372 EPIST.
2397 313 2492 370 AD
2528 311 2705 367 ROM.
3315 310 3428 372 150

139 442 456 508 abstinens,
489 440 925 500 manducantem
953 456 1066 499 non
1088 440 1324 513 judicet,
1354 443 1416 498 id
1445 447 1521 497 est
1546 445 1690 499 male
1719 443 2025 505 existimet;
2056 439 2206 495 Deus
2235 438 2386 494 enim
2412 438 2573 496 illum
2603 436 2927 508 assumpsit,
2957 438 3018 494 id
3041 443 3138 502 est.
3179 444 3229 498 ct
3257 455 3422 499 man-

141 531 451 586 ducantem
472 536 522 587 et
549 531 928 586 abstinentem.
961 530 1045 584 Tu
1084 529 1208 604 quis
1230 546 1309 594 es,
1342 529 1438 604 qui
1458 530 1677 604 judicas
1699 528 1945 586 alienum
1977 544 2196 584 servum
2223 528 2249 579 ?
2277 527 2330 580 4.
2359 527 2597 583 Domino
2627 542 2729 584 suo
2745 531 2878 586 stat.
2905 518 3005 585 aut
3029 517 3212 586 cadit:
3246 520 3417 588 stabit

144 623 348 674 autem
381 637 396 685 ;
431 625 638 693 potens
669 623 757 677 est
783 618 932 676 enim
970 609 1118 675 Deus
1150 623 1402 676 statuere
1423 619 1604 674 illum.
1636 620 1790 700 Nam
1811 619 1953 695 alius
1981 617 2034 676 5.
2078 615 2297 690 judicat
2326 615 2474 672 diem
2506 614 2655 673 inter
2677 613 2825 672 diem
2859 632 2872 672 ξ
2915 611 3058 673 alius
3105 619 3296 698 autem
3322 617 3420 700 lu?

142 707 298 760 dicat
332 722 566 760 omnem
601 706 749 760 diem
780 725 792 759 :
836 706 887 761 6.
920 707 1317 778 Unusquisque
1340 707 1397 760 in
1428 724 1528 762 suo
1555 724 1723 761 sensu
1743 707 2008 760 abundet.
2043 709 2102 764 7.
2133 705 2240 770 Qui
2261 705 2411 776 sapit
2431 702 2599 770 diem,
2631 701 2868 758 Domino
2898 703 3061 774 sapit,
3119 705 3180 757 id
3207 711 3298 770 est,
3346 706 3420 758 ad

143 796 418 848 honorem
441 797 698 861 Domini,
731 800 787 849 et
818 795 913 866 qui
943 795 1266 858 manducat,
1283 799 1342 849 id
1370 787 1462 860 est,
1499 809 1686 850 omnes
1721 797 1880 858 cibos,
1915 791 2176 861 Domino,
2203 797 2262 848 id
2289 799 2383 858 est,
2415 795 2490 847 ad
2513 795 2775 847 honorem
2795 795 3042 858 Domini,
3071 794 3374 848 manducat
3403 813 3416 848 :

141 886 406 950 (Domino
436 885 751 943 manducet
773 887 907 954 quia
927 899 1039 942 non
1060 886 1186 950 sibi,
1213 901 1381 953 neque
1408 888 1560 940 enim
1575 889 1774 940 vinum
1787 886 1895 941 sibi
1917 885 2080 948 bibit;
2110 899 2282 952 neque
2300 886 2470 938 etiam
2490 884 2598 938 sibi
2612 885 2875 949 moritur)
2895 883 3111 952 gratias
3130 882 3282 942 enim
3300 883 3421 953 agit

140 973 284 1040 Deo,
320 986 430 1041 pro
460 975 668 1029 cauata
696 975 1060 1031 abstinentia.
1098 974 1168 1030 Et
1198 975 1293 1046 qui
1322 989 1434 1030 non
1463 973 1782 1038 manducet,
1805 971 2044 1028 Domino
2063 986 2176 1027 non
2198 971 2518 1035 manducet,
2551 975 2610 1026 et
2637 970 2854 1040 gratias
2887 971 3006 1042 agit
3048 971 3186 1029 Deo.
3238 971 3420 1031 Nemo

142 1061 300 1117 enim
333 1067 603 1119 nostrum
625 1061 731 1117 sibi
747 1061 962 1125 vivit,et
982 1078 1147 1117 nemo
1165 1062 1271 1117 sibi
1293 1063 1550 1118 moritur.
1569 1060 1624 1117 8.
1649 1061 1774 1116 Sive
1787 1061 1934 1116 enim
1947 1059 2447 1126 vivimus,Domino
2461 1059 2725 1127 vivimus;
2748 1061 2864 1116 sive
2881 1059 3421 1127 morimur,Dcmino

140 1151 583 1216 modmur,sive
604 1150 1124 1221 ergovivimus,sive
1148 1151 1438 1214 morimur,
1450 1151 1664 1208 Domini
1681 1151 1965 1208 sumus.In
1977 1151 2080 1206 hoc
2089 1149 2235 1204 enim
2252 1148 2508 1204 Christus
2518 1154 2776 1206 mortuus
2787 1153 2874 1204 est
2885 1149 3348 1217 etresurrexiuut
3361 1139 3421 1210 et

141 1246 519 1296 mortuorum
530 1244 587 1296 et
610 1240 860 1296 vivorum
883 1240 1223 1296 dominetur.
1237 1241 1321 1297 Tu
1335 1245 1523 1296 autem
1538 1243 1750 1302 scilicet,
1770 1241 2046 1294 abstinens
2079 1237 2210 1308 quid
2229 1237 2448 1307 judicas
2465 1237 2697 1292 fratrem
2713 1244 2874 1294 tuum
2893 1240 2922 1294 Ἰ
2949 1241 3154 1296 scilicet
3172 1240 3420 1295 mandit.

141 1336 392 1385 cantem.
425 1331 549 1385 Aut
575 1336 639 1383 tu
661 1345 836 1400 quare
873 1330 1090 1400 spernis
1120 1330 1353 1387 fratrem
1379 1327 1583 1386 tuum?
1604 1328 1655 1383 9.
1689 1329 1896 1384 Omnes
1933 1327 2081 1382 enim
2117 1326 2392 1382 stabimus
2435 1332 2566 1384 ante
2604 1327 2853 1385 tribunal
2873 1328 3103 1386 Christi.
3136 1327 3420 1398 Scriptum

140 1426 226 1475 est
257 1419 422 1475 enim
449 1437 462 1473 :
498 1418 620 1474 vivo
637 1406 1473 1489 ego,dicitDominus,quoniam
1489 1417 1628 1472 mihi
1642 1418 1900 1473 ﬂectetur
1910 1430 2074 1470 omne
2085 1430 2234 1485 genu
2250 1421 2309 1470 et
2321 1416 2503 1472 omnis
2512 1416 2706 1486 lingua
2717 1417 3072 1477 conﬁtebitur
3081 1417 3420 1488 Demltaque

138 1507 550 1578 unusquisque
570 1514 828 1563 nostrum
851 1523 949 1578 pro
975 1524 1036 1562 se
1055 1507 1332 1564 rationem
1353 1507 1548 1564 reddet
1566 1507 1702 1562 Deo.
1733 1507 1857 1564 Non
1875 1520 2008 1575 ergo
2038 1504 2280 1576 amplius
2307 1505 2545 1564 invicem
2565 1506 2916 1576 iudicemus;
2942 1506 3042 1564 sed
3055 1505 3420 1576 hocjudioate

137 1599 349 1667 magis,
395 1597 481 1654 10.
517 1606 589 1653 ne
613 1599 836 1668 penatis
855 1598 1249 1654 otl‘endiculum
1280 1597 1460 1662 fratri,
1491 1597 1576 1651 vel
1604 1596 1928 1652 scandalum
1965 1592 2048 1658 11,
2078 1593 2164 1651 12.
2186 1594 2312 1650 Scio
2331 1599 2387 1651 et
2407 1595 2626 1650 confido
2644 1594 2703 1650 in
2720 1595 2959 1654 Domino
2973 1597 3105 1653 Iesu
3124 1595 3257 1665 quia
3279 1595 3423 1652 nihil

136 1702 454 1741 commune
486 1689 613 1752 38
642 1703 742 1757 per
765 1687 968 1757 ipsum.
993 1685 1081 1742 13.
1107 1687 1214 1744 nisi
1243 1687 1295 1743 ei
1323 1687 1420 1756 qui
1451 1686 1735 1742 exisdmat
1753 1683 1887 1754 quid
1907 1699 2204 1740 commune
2232 1699 2354 1740 esse
2394 1683 2471 1740 14.
2502 1685 2586 1743 illi
2614 1699 2911 1744 commune
2939 1692 3044 1750 est.
3077 1685 3161 1748 15.
3187 1685 3246 1746 Si
3269 1687 3422 1746 enim

136 1783 383 1847 ιιι-ορατ
401 1776 615 1842 cibum,
646 1779 848 1830 scilicet
877 1792 1036 1844 quem
1063 1779 1258 1840 sumis,
1291 1781 1372 1829 vel
1394 1791 1428 1828 a
1452 1789 1558 1842 quo
1588 1775 1845 1838 abstines,
1867 1773 2042 1828 frater
2065 1779 2195 1830 tuus
2212 1773 2610 1832 contristatur:
2639 1776 2758 1844 jam
2781 1790 2893 1834 nou
2913 1776 3222 1835 secundum
3243 1776 3422 1836 chari-

136 1871 322 1920 tatem
347 1866 635 1922 ambulas.
662 1866 790 1920 Noli
811 1865 932 1920 cibo
951 1871 1050 1919 tuo
1072 1865 1230 1921 illum
1252 1865 1504 1934 perdere,
1532 1880 1632 1934 pro
1659 1875 1770 1933 quo
1794 1862 2050 1920 Christus
2068 1868 2323 1920 mortuus
2343 1869 2445 1922 est.
2469 1865 2594 1923 Non
2617 1882 2751 1935 ergo
2773 1866 3190 1937 blasphematur
3211 1866 3424 1925 bonum

139 1959 434 2009 nostrum.
460 1955 592 2008 Non
610 1960 696 2008 est
711 1953 858 2008 enim
874 1953 962 2008 16.
986 1969 1223 2022 regnum
1247 1953 1368 2018 Dei,
1397 1962 1522 2009 esca
1541 1957 1596 2008 et
1617 1957 1780 2021 potus
1805 1968 1819 2016 ;
1851 1951 1945 2006 sed
1962 1950 2204 2018 iustitia.
2228 1968 2356 2022 pax,
2383 1957 2440 2008 et
2460 1953 2732 2022 gaudium
2753 1955 2810 2012 in
2836 1955 3050 2025 Spiritu
3068 1960 3298 2024 sancto;
3327 1955 3426 2026 qui

139 2044 292 2097 enim
320 2044 387 2098 in
416 2044 527 2098 hoc
554 2043 729 2097 servit
741 2043 1175 2112 Christo.placet
1188 2043 1324 2104 Deo,
1357 2047 1414 2097 et
1440 2041 1708 2112 probatus
1736 2044 1823 2096 est
1843 2039 2181 2096 hominibus.
2215 2041 2414 2110 Itaque
2435 2054 2558 2111 qua
2578 2042 2729 2112 pacis
2748 2048 3212 2112 sunt,aeotemur;
3235 2050 3426 2115 atque

138 2132 548 2186 odiﬁcationis
570 2138 723 2194 sunt,
746 2132 807 2185 in
837 2133 1072 2186 invicem
1095 2131 1494 2187 custodiamus.
1533 2128 1615 2187 17.
1647 2128 1774 2184 Noli
1791 2134 2020 2202 propter
2048 2142 2232 2188 escam
2253 2131 2545 2190 destruere
2574 2143 2715 2203 opus
2743 2135 2864 2194 Dei.
2881 2137 2942 2193 id
2960 2142 3054 2200 ut,
3074 2136 3421 2195 charitttlstn.

143 2218 231 2276 18.
272 2220 495 2274 Omnia
525 2221 754 2291 quidem
785 2231 916 2275 sunt
945 2221 1152 2275 munda
1177 2239 1191 2286 ;
1222 2221 1320 2273 sed
1342 2219 1551 2273 malum
1571 2226 1655 2274 est
1671 2218 2007 2290 homini,qui
2037 2218 2113 2275 19.
2139 2221 2644 2290 peroffendiculum
2661 2222 2980 2276 manducet.
3003 2224 3223 2276 Bonum
3239 2207 3423 2277 est‘ZO.

139 2326 257 2364 non
286 2310 646 2364 manducare
669 2315 983 2378 carnem,et
996 2326 1110 2364 non
1131 2309 1322 2364 bibere
1338 2308 1736 2378 vinum,neque
1765 2306 1826 2360 in
1852 2323 1961 2376 quo
1983 2304 2158 2362 frater
2178 2314 2311 2363 tuus
2340 2309 2661 2380 offenditur,
2673 2315 2774 2365 aut
2790 2311 3222 2379 scandalizatur,
3239 2311 3429 2366 autin-

1491 2459 2079 2516 COMMENTARIUS.

139 2587 323 2642 tione.
357 2586 514 2642 Dicit
537 2585 841 2660 Apostolus
873 2607 884 2641 :
920 2587 1028 2659 Qui
1047 2603 1159 2641 non
1176 2579 1753 2651 manducat,mandu-
1775 2586 1825 2644 A
1847 2592 1933 2641 ter
1960 2585 2100 2640 duos
2123 2585 2440 2655 superiores
2467 2586 2660 2640 dicens
2692 2605 2701 2638 :
2736 2588 2964 2642 Nullam
2993 2594 3309 2650 creaturam
3333 2603 3434 2666 per

139 2681 371 2731 cantem
431 2693 546 2732 non
573 2678 810 2748 judicet,
845 2675 898 2730 id
929 2681 1030 2742 est,
1065 2692 1178 2732 non
1207 2675 1276 2731 de
1304 2671 1402 2729 illo
1449 2673 1596 2735 male
1642 2671 1757 2726 exi-

140 2765 363 2830 stimet,
401 2769 458 2818 et
496 2765 770 2820 Dominus
801 2763 966 2821 dicit:
995 2764 1172 2821 Nolite
1189 2765 1471 2836 judicare,
1507 2777 1572 2816 ne
1598 2762 1757 2830 judi-

141 2859 305 2907 (λείω-
341 2855 408 2908 de
427 2854 601 2910 vobis.

212 2941 275 3000 4.
311 2941 524 2999 Lassa.
550 2945 786 3000 Domino
807 2959 904 2998 suo
932 2947 1060 3010 stat,
1093 2939 1150 2997 id
1180 2947 1282 3009 est,
1315 2942 1386 2996 ad
1413 2937 1640 2996 laudem
1671 2939 1759 2994 sui

144 3031 404 3098 Domini,
440 3037 498 3087 et
525 3031 830 3104 perfectam
861 3033 1027 3087 fidem
1057 3030 1279 3098 habeat,
1322 3036 1379 3088 et
1431 3031 1490 3084 in
1539 3029 1648 3084 ﬁde
1677 3029 1761 3084 in-

143 3123 420 3176 ﬁrmatur
444 3142 456 3187 ;
491 3122 640 3176 bona
667 3123 818 3176 enim
847 3121 1157 3177 intentione
1179 3119 1282 3178 hoc
1311 3120 1448 3192 agit.

213 3213 274 3266 5.
307 3210 536 3265 Judicat
565 3211 730 3280 diem,
777 3209 881 3266 hoc
919 3213 1021 3278 est,
1067 3209 1292 3284 quidam
1327 3208 1493 3266 certis
1511 3209 1707 3265 diebus
1739 3229 1751 3278 ;

137 3296 379 3370 quidam
412 3297 569 3354 omni
593 3299 684 3356 die
714 3308 916 3372 putant
939 3299 1352 3356 abstinendum.

207 3389 268 3444 ὁ.
310 3391 713 3459 Unusquisque.
744 3392 915 3457 Quasi
961 3391 1171 3446 diceret
1201 3409 1212 3444 :
1249 3390 1344 3461 qui
1373 3394 1537 3463 putat
1576 3387 1758 3444 omni-

143 3477 254 3532 bus
289 3475 590 3544 utendum,
622 3495 748 3533 cum
782 3477 1094 3550 gratiarum
1145 3477 1365 3533 actione
1419 3483 1630 3533 utatur.
1691 3479 1760 3532 Et

145 3565 244 3638 qui
310 3569 479 3638 putat
517 3565 930 3636 abstinendum,
959 3573 1188 3642 propter
1219 3567 1399 3624 Deum
1455 3569 1751 3623 abstineat.

213 3655 269 3712 7.
312 3658 425 3724 Qui
446 3659 610 3726 sapit,
666 3653 721 3711 id
754 3661 857 3722 est,
887 3657 1152 3729 intelligit
1179 3658 1238 3712 in
1268 3655 1609 3713 abstinentia
1657 3657 1755 3712 ob-

143 3737 496 3801 servandum
522 3741 691 3800 diem.

1841 2679 2126 2734 Christum
2158 2675 2361 2729 factam
2393 2689 2513 2730 esse
2544 2689 2922 2744 communem,
2963 2677 3020 2731 id
3049 2685 3155 2746 est,
3187 2679 3432 2734 immun-

1840 2767 1990 2822 dam.
2024 2766 2332 2820 Commune
2361 2765 2510 2822 enim
2540 2764 2895 2819 immundum
2925 2767 3193 2824 vocabant
3235 2753 3432 2829 Judaei.

1908 2851 1997 2909 13.
2025 2858 2271 2910 Αλωιῑοε.
2319 2855 2444 2907 Nisi
2464 2856 2514 2906 ei
2542 2857 2640 2924 qui
2668 2856 2966 2922 existimat,
3000 2853 3057 2909 id
3089 2859 3190 2923 est,
3219 2851 3302 2910 illi
3326 2857 3436 2916 im-

1839 2945 2114 2999 mundum
2145 2948 2246 3007 est,
2281 2943 2377 3012 qui
2405 2945 2567 3013 putat
2594 2957 2706 2997 non
2737 2935 3035 3000 edendum.
3064 2943 3134 3000 Et
3163 2947 3294 3020 quia
3322 2945 3437 3002 non

1841 3036 1948 3092 hoc
1977 3033 2375 3108 superstitione
2407 3031 2559 3095 facit,
2585 3032 2682 3086 sed
2711 3032 2915 3088 timore
2946 3047 3068 3102 suo,
3111 3033 3318 3100 iudicio
3351 3044 3436 3091 re.

1841 3122 2194 3180 servandum.

1919 3209 1998 3270 14.
2045 3211 2250 3268 Lupa.
2284 3211 2382 3286 Illi
2408 3225 2712 3266 commune.
2756 3210 2927 3275 Quasi
2957 3209 3168 3274 diceret
3197 3229 3212 3268 :
3243 3229 3439 3272 revera

1839 3301 1980 3359 nihil
2009 3304 2093 3355 est
2119 3297 2494 3366 immundum,
2519 3299 2617 3357 sed
2646 3299 2741 3372 qui
2769 3303 2931 3373 putat
2959 3301 3172 3378 aliquid
3201 3301 3442 3359 esseim-

1841 3391 2138 3459 mundum,
2169 3390 2228 3446 in
2253 3391 2372 3446 sola
2400 3392 2522 3462 ejus
2547 3391 2808 3463 opinione
2837 3395 2925 3448 est
2951 3391 3328 3451 immundum.

1913 3482 2002 3538 15.
2035 3482 2099 3536 Si
2126 3483 2276 3534 enim
2301 3485 2525 3550 propter
2548 3481 2883 3536 cibum.Non
2895 3481 3211 3554 contristes;
3230 3482 3276 3538 si
3288 3479 3441 3540 enim

1840 3571 2140 3629 contristas
2165 3573 2392 3645 propter
2429 3568 2635 3635 cibum,
2669 3569 2854 3641 perdis
2902 3569 3024 3628 cibo
3065 3573 3164 3627 tuo
3228 3570 3389 3632 illum
3421 3592 3436 3642 ;

1839 3662 1936 3718 sed
1967 3657 2199 3733 perdere
2229 3675 2342 3714 non
2393 3656 2579 3727 debes,
2613 3675 2744 3713 nam
2776 3657 3030 3715 Christus
3059 3677 3163 3736 pro
3191 3679 3258 3716 eo
3296 3669 3442 3716 mor-

1837 3748 1973 3810 tuus
2004 3755 2109 3806 est.
2135 3749 2278 3822 Ergo
2308 3764 2419 3802 non
2461 3747 2756 3804 contristes
2790 3769 2802 3818 ;
2845 3749 2994 3822 quod
3047 3754 3133 3804 est
3170 3767 3282 3805 non
3309 3769 3443 3826 ergo

217 3834 275 3888 8.
312 3831 558 3889 Aunus'r.
586 3833 675 3901 (De
689 3851 861 3906 cmpos.
883 3840 1042 3907 inps.
1067 3833 1265 3905 cxuv).
1293 3833 1414 3890 Sive
1444 3837 1593 3891 enim
1623 3839 1758 3890 uivi—
1777 3860 1823 3918 B
1842 3839 2266 3914 blasphemetur
2308 3835 2519 3892 bonum
2547 3843 2831 3895 nostrum.
2892 3838 2960 3894 Et
2988 3838 3148 3912 ponit
3177 3837 3326 3912 quod
3355 3846 3443 3895 est

149 3945 301 3982 mus.
338 3927 496 3982 Sicut
524 3922 928 3999 magnitudinis
959 3925 1183 3985 Domini
1228 3946 1341 3984 non
1381 3935 1466 3984 est
1503 3928 1651 3992 ﬁnis,
1684 3925 1762 3982 slc

148 4025 266 4072 tua:
317 4015 504 4071 laudis
542 4033 654 4071 non
685 4019 793 4071 erit
820 4019 946 4072 finis
998 4021 1122 4074 Non
1149 4020 1298 4076 enim
1329 4036 1458 4073 cum
1505 4025 1762 4076 mortuus

149 4107 334 4162 fueris
366 4107 427 4160 in
467 4107 573 4161 hac
609 4123 796 4172 carne,
828 4109 1048 4165 desines
1092 4110 1324 4164 laudare
1361 4110 1560 4164 Deum.
1603 4108 1762 4164 Unde

152 4185 374 4249 factum
395 4200 481 4249 est
506 4200 570 4249 ut
599 4195 719 4264 ejus
749 4197 826 4250 sis
869 4203 924 4251 et
952 4197 1251 4253 mortuus?
1281 4197 1412 4267 quia
1441 4195 1620 4267 pretio
1673 4197 1761 4251 sui

155 4283 458 4353 sanguinis
487 4289 542 4338 te
571 4278 811 4341 redemit
841 4291 898 4342 et
927 4293 1213 4351 mortuus;
1260 4285 1538 4360 quomodo
1576 4285 1762 4357 perdit

158 4386 392 4423 servum
442 4378 751 4441 mortuum,
781 4377 943 4446 cujus
977 4393 1129 4431 mors
1157 4381 1243 4430 est
1285 4375 1525 4447 pretium
1554 4382 1716 4430 tuum
1736 4373 1762 4426 ?

159 4458 298 4512 Ideo
327 4475 458 4514 cum
488 4459 736 4527 dixisset,
768 4465 876 4516 sive
900 4467 1156 4531 vivimus,
1179 4467 1285 4520 sive
1305 4468 1584 4519 morimur
1608 4483 1623 4527 ;
1666 4465 1764 4516 Do-

163 4549 316 4602 mini
340 4559 557 4615 sumus,
590 4557 654 4605 ut
681 4549 998 4606 ostenderet
1029 4553 1211 4625 ipsum
1241 4552 1504 4622 pretium.
1545 4549 1631 4608 Ad
1663 4553 1763 4605 hoc

162 4639 338 4701 enim,
361 4631 569 4707 inquit,
587 4639 836 4694 Christus
853 4645 1106 4694 mortuus
1126 4646 1218 4694 est.
1243 4640 1294 4695 9.
1313 4639 1520 4695 LANFR.
1548 4639 1763 4700 (Omnes

161 4728 317 4778 enim
341 4729 635 4795 stabimus)
663 4728 747 4781 Ne
767 4744 1014 4798 spernas,
1053 4729 1152 4783 sed
1173 4729 1242 4783 de
1270 4736 1327 4783 te
1354 4729 1430 4784 sis
1459 4727 1758 4795 sollicitus;

163 4811 560 4885 unusquisque
609 4813 760 4870 enim
825 4834 925 4888 pro
964 4835 1024 4871 se
1073 4819 1353 4873 rationem
1383 4815 1598 4886 reddet,
1632 4818 1764 4890 quia

166 4918 364 4956 omnes
387 4901 664 4959 stabimus
683 4911 814 4960 ante
842 4906 1088 4961 tribunal
1120 4908 1344 4962 Christi.

242 4992 326 5051 10-
370 4995 471 5063 (Nc
514 4998 732 5064 ponatis
760 4998 1171 5066 oﬂ‘endiculum)
1203 4999 1287 5052 Ne
1317 5014 1493 5069 ponas
1529 4993 1762 5052 offendi-

167 5083 358 5138 culum
383 5077 567 5151 fratri,
591 5081 648 5139 id
694 5089 796 5148 est,
848 5101 918 5139 ne
949 5085 1243 5141 contristes
1276 5105 1289 5143 :
1324 5103 1454 5141 nam
1481 5083 1530 5142 si
1558 5086 1766 5142 contri-

168 5179 304 5242 stas,
344 5189 462 5228 non
490 5167 749 5229 ambulas
773 5162 1074 5229 secundum
1098 5174 1448 5231 charitatem.

246 5253 326 5312 ll.
353 5259 604 5311 AMBROS.
637 5253 758 5310 Scio
788 5263 835 5311 et
856 5259 1081 5325 conﬁdo.
1107 5255 1464 5314 Manifestum
1485 5255 1768 5314 estSalva-

169 5347 304 5401 toris
336 5343 613 5402 beneﬁcio
635 5343 825 5402 omnia
849 5345 1061 5402 munda
1100 5365 1251 5416 esse;
1286 5349 1382 5422 qui
1409 5349 1478 5402 de
1506 5347 1610 5402 sub
1632 5349 1768 5420 jugo

172 5433 306 5507 legis
327 5451 536 5492 eruens
563 5431 838 5503 homines,
871 5433 1114 5492 reddidit
1139 5444 1350 5494 statum
1380 5434 1678 5510 pristinum
1710 5439 1769 5492 li~

174 5519 427 5582 bertatis.

251 5607 567 5672 1?.Lmrn.
593 5607 718 5671 Scio
757 5620 805 5668 et
833 5617 1059 5683 conﬁdo.
1122 5609 1472 5672 Seutentiam
1529 5617 1636 5672 fert
1684 5609 1771 5674 in-

1845 3946 2190 4002 consequens
2218 3924 2569 3992 contristare,
2604 3927 2736 4000 quia
2777 3944 2842 3980 ex
2871 3926 3205 3984 contristare
3251 3944 3441 3984 conse-

1846 4021 2039 4092 quitur
2067 4015 2216 4089 quod
2245 4013 2667 4086 blasphematur
2681 4015 3092 4071 Christianitas.

1919 4108 2002 4165 16.
2037 4110 2284 4175 Regnum
2314 4107 2411 4158 Dei
2431 4120 2546 4161 esea
2592 4105 2747 4169 Esca,
2766 4105 2851 4158 vel
2872 4110 3038 4179 potus
3049 4105 3165 4160 sive
3184 4108 3442 4178 sumptus

1845 4215 1958 4254 non
1979 4194 2114 4252 facit
2134 4193 2422 4250 hominem
2450 4189 2655 4248 habere
2673 4207 2909 4266 regnum
2936 4191 3059 4266 Dei,
3083 4192 3181 4250 sed
3196 4193 3438 4270 justitia,

1845 4292 1902 4339 et
1918 4291 2138 4340 cetera.

1920 4371 1999 4430 17.
2030 4374 2274 4427 AMBROS.
2307 4371 2439 4427 Noli
2472 4375 2698 4445 propter
2725 4389 2921 4434 escam.
2957 4371 3139 4430 Homo
3172 4380 3312 4453 Opus
3339 4371 3443 4430 Dei

1845 4471 1929 4518 est
1960 4482 1973 4530 ;
2015 4469 2070 4516 et
2098 4460 2307 4541 iterum
2337 4478 2476 4533 opus
2505 4460 2607 4517 Dei
2636 4457 2739 4530 est,
2795 4461 2932 4522 dum
2960 4462 3299 4522 reformatur
3335 4481 3438 4542 per

1844 4553 2347 4623 regenerationem.

1915 4637 2003 4696 18.
2041 4640 2240 4696 Omnia
2265 4637 2508 4710 quidem.
2541 4641 2683 4694 Cum
2732 4657 2834 4713 per
2874 4645 3138 4700 naturam
3181 4641 3445 4702 animalia

1845 4725 2058 4783 munda
2085 4726 2218 4794 sint,
2244 4725 2632 4782 dubitantibus
2653 4735 2844 4784 tamen
2875 4729 3020 4784 fiunt
3047 4729 3359 4799 immunda,
3387 4737 3445 4785 et

1847 4820 1951 4873 erit
1979 4818 2062 4872 illi
2090 4814 2506 4883 offendiculum,
2539 4815 2636 4890 qui
2656 4833 2781 4871 cum
2813 4813 3052 4887 dubitat,
3084 4817 3328 4876 cemedit
3354 4822 3442 4874 ta-

1848 4924 1997 4962 men.

1915 4991 2005 5050 19.
2037 4995 2245 5051 ΙλΑΝετιι.
2277 4993 2380 5048 Per
2405 4992 2815 5062 o/I'endiculum,
2840 4995 2946 5050 hoc
2973 4997 3076 5064 est,
3111 4995 3209 5068 qui
3235 5013 3341 5052 sua
3358 5012 3446 5051 co-

1849 5084 2122 5142 mestione
2150 5099 2263 5138 non
2301 5081 2733 5137 manducantem
2761 5082 3119 5140 scandalizat.

1786 5178 1829 5238 C
1928 5170 2011 5229 10.
2036 5173 2160 5227 Νοη
2189 5171 2547 5226 manducare.
2597 5171 2716 5227 Hoc
2762 5177 2846 5226 est
2897 5171 3044 5244 quod
3082 5171 3236 5236 dicit,
3267 5172 3316 5226 si
3343 5170 3447 5232 im-

1850 5261 2274 5338 pmsentiarum
2321 5261 2396 5316 sit
2423 5259 2517 5316 ille
2557 5262 2652 5332 qui
2693 5260 2957 5329 abstinet,
2990 5267 3047 5318 et
3074 5261 3153 5317 ita
3188 5260 3448 5321 infirmus

1851 5351 1925 5406 sit
1964 5358 2026 5406 ut
2053 5349 2332 5424 patienter
2368 5367 2480 5405 non
2519 5350 2695 5426 possit
2723 5368 2952 5406 cernere
2981 5357 3232 5406 utentem
3288 5369 3447 5410 crea-

1851 5439 1995 5494 turis
2023 5437 2142 5506 Dei,
2162 5455 2289 5495 eum
2320 5441 2414 5511 qui
2439 5439 2606 5494 fidem
2632 5437 2799 5494 habet
2818 5437 3079 5494 omnibus
3091 5437 3311 5512 utendi,
3327 5459 3448 5496 me-

1853 5531 1961 5584 lius
1996 5535 2082 5583 est
2110 5527 2278 5583 fidem
2309 5527 2538 5584 habenti
2563 5524 2632 5583 ab
2661 5529 2742 5584 eis
2765 5526 3047 5584 abstinere
3073 5546 3244 5608 quam
3272 5527 3448 5587 absti-

1855 5619 2025 5675 nendi
2057 5619 2372 5674 molestiam
2406 5635 2507 5672 sua
2535 5617 2892 5692 perceptione
2920 5617 3194 5692 ingerere.
