3912 6364
500 315 599 373 151
1481 320 1544 374 B.
1586 321 2000 377 LANFRANCI
2039 322 2397 378 CANTUAR.
2437 322 2776 379 ARCHIEP.
3667 325 3813 383 l5?

471 430 478 437 ’
508 437 792 494 ﬁrmatur.
821 435 907 492 Tu
934 436 1104 491 ﬁdem
1131 438 1345 493 habes?
1372 443 1575 495 scilicet
1622 445 1876 496 omnibus
1904 445 2116 508 utendi,
2147 460 2320 515 penes
2347 446 2709 516 temetipsum
2740 444 2885 499 habe
2917 460 3102 500 coram
3138 446 3273 500 Deo.
3304 444 3395 502 2l.
3428 445 3634 501 Beatus
3658 445 3798 501 22.

511 525 607 596 qui
638 541 751 581 non
764 526 981 596 judicat
1008 528 1391 599 semetipsum,
1422 532 1481 583 id
1512 536 1606 597 est,
1637 533 1966 600 culpabilem
2011 534 2149 599 facit
2173 533 2229 586 in
2260 549 2326 588 eo
2348 533 2498 605 quod
2536 532 2757 605 probat.
2789 533 2879 588 23.
2914 535 3022 600 Qui
3049 539 3240 589 autem
3270 533 3556 601 discernit,
3587 534 3680 591 24.
3725 536 3807 589 si

507 615 946 683 manducaverit,
976 616 1277 674 damnatus
1306 622 1409 685 est,
1443 618 1575 689 quia
1591 634 1704 675 non
1734 635 1803 674 ex
1832 620 1959 673 ﬁde.
1989 618 2079 675 25.
2120 636 2285 674 omne
2315 626 2525 688 autem,
2567 622 2716 692 quod
2735 637 2848 677 non
2868 628 2955 678 est
2988 638 3054 678 ex
3074 622 3203 689 ﬁde,
3226 628 3518 695 peccatum
3545 627 3650 679 est.

1868 747 1997 810 39
2024 744 2256 800 CAPUT
2283 746 2402 800 XV.

583 863 865 920 Debemus
884 870 1094 933 autem,
1117 883 1231 922 non
1246 868 1966 933 ﬁrmiores,imhecillitates
1984 869 2338 923 inﬁrmorum
2357 871 2636 925 sustinere
2651 875 2707 925 et
2721 886 2833 925 non
2847 871 3007 927 nobis
3017 870 3257 942 placere.
3281 870 3330 928 1.
3362 871 3805 944 Unusquisque

510 959 761 1008 vestrum
777 955 1031 1026 proximo
1052 972 1154 1009 suo
1172 957 1392 1027 placeat
1415 957 1475 1010 in
1493 957 1722 1023 bonum,
1747 959 1819 1013 ad
1845 957 2288 1012 azdiﬁcationem.
2304 958 2523 1011 Etenim
2535 959 2791 1013 Christus
2810 976 2925 1014 non
2944 958 3049 1013 sibi
3061 959 3291 1030 placuit,
3316 960 3434 1026 sed,
3460 961 3606 1015 sicut
3621 962 3801 1014 scri-

506 1047 671 1113 ptum
685 1048 770 1097 est
790 1062 803 1096 :
820 1044 1165 1115 Improperia
1186 1045 1689 1116 improperantium
1714 1046 1818 1101 tibi
1838 1046 2161 1101 ceciderunt
2178 1063 2347 1117 super
2363 1063 2473 1101 me.
2494 1048 2550 1101 2.
2574 1047 2933 1119 Quaecunque
2963 1048 3115 1102 enim
3145 1049 3355 1119 scripta
3382 1054 3533 1116 sunt,
3560 1049 3633 1103 ad
3662 1066 3802 1103 no-

509 1136 690 1185 stram
718 1130 1029 1185 doctrinam
1058 1132 1268 1202 scripta
1295 1138 1448 1196 sunt,
1480 1137 1544 1186 ut
1572 1149 1673 1203 per
1700 1134 2032 1203 patientiam
2061 1139 2118 1188 et
2144 1136 2585 1191 consolationem
2610 1138 3042 1208 Scripturarum,
3069 1154 3227 1207 spem
3243 1137 3573 1192 habeamus.
3608 1138 3798 1192 Deus

509 1223 699 1273 autem
714 1219 999 1290 patientiae
1013 1220 1266 1275 etsolatii
1283 1220 1379 1275 det
1396 1221 1550 1274 vobis
1565 1221 1805 1291 idipsum
1820 1239 2015 1293 sapere
2045 1224 2103 1277 in
2126 1224 2481 1285 alterutrum,
2507 1225 2811 1279 secundum
2834 1226 2863 1279 J
2868 1241 3023 1279 esum
3041 1224 3350 1285 Christum,
3375 1230 3440 1279 ut
3460 1225 3799 1279 unanimes

506 1323 624 1361 uno
653 1323 750 1361 ore
769 1308 1150 1364 honoriﬁcetis
1162 1310 1340 1364 Deum
1357 1316 1414 1364 et
1431 1311 1657 1365 Patrem
1676 1310 1899 1364 Domini
1920 1311 2101 1364 nostri
2124 1312 2153 1365 J
2159 1328 2258 1365 esu
2281 1312 2754 1383 Christi.Propter
2771 1314 2920 1383 quod
2949 1313 3213 1384 suscipite
3242 1313 3499 1379 invicem,
3541 1311 3592 1371 3.
3617 1313 3796 1369 sicut

511 1401 571 1450 et
593 1396 854 1451 Christus
876 1398 1124 1469 suscepit
1144 1413 1242 1453 vos
1269 1398 1327 1453 in
1357 1399 1627 1453 honorem
1654 1398 1774 1453 Dei.
1807 1396 1860 1454 4.
1903 1399 2038 1453 Dico
2062 1399 2212 1454 enim
2236 1401 2523 1455 Christum
2553 1402 2745 1455 Jesum
2774 1402 3094 1456 ministrum
3122 1402 3294 1456 fuisse
3323 1401 3796 1456 circumcisionis

508 1492 745 1557 propter
776 1486 1071 1541 veritatem
1100 1488 1222 1551 Dei,
1244 1489 1315 1542 ad
1343 1487 1757 1543 conﬁrmandae
1785 1488 2183 1558 promissiones
2221 1489 2473 1543 Patrum.
2509 1487 2561 1555 5,
2588 1486 2641 1555 6,
2671 1487 2724 1544 7.
2748 1491 2955 1544 Gentes
2974 1491 3193 1558 (probat
3215 1492 3349 1558 quia
3377 1492 3609 1558 suscepit
3632 1506 3795 1557 gen-

516 1579 610 1641 tes,
641 1577 723 1628 vel
753 1576 1028 1629 honorare
1053 1577 1227 1630 Deum
1253 1582 1452 1643 gentes,
1483 1577 1552 1630 ab
1582 1580 1910 1630 auctoritate
1931 1576 2357 1645 prophetarum)
2384 1593 2554 1647 super
2573 1577 2973 1642 misericordia,
2992 1579 3193 1631 scilicet
3213 1579 3332 1631 dico
3359 1579 3562 1643 debere,
3585 1577 3793 1632 hono-

509 1679 642 1718 rare
660 1664 860 1730 Deum,
892 1664 1037 1718 sic‘ut
1068 1664 1337 1735 scriptum
1372 1670 1458 1719 est
1489 1683 1501 1717 :
1532 1662 1586 1720 8.
1619 1665 1925 1735 Propterea
1954 1664 2259 1720 conﬁtebor
2272 1664 2374 1718 tibi
2402 1664 2459 1718 in
2487 1664 2768 1735 gentibus,
2785 1665 3044 1732 Domine,
3064 1671 3120 1719 et
3147 1665 3362 1719 nomini
3381 1670 3479 1719 tuo
3497 1664 3786 1719 cantabo.

512 1751 586 1806 Et
608 1752 816 1805 iterum
839 1751 975 1805 dicit
994 1756 1077 1805 :9.
1102 1753 1415 1819 Laetamini,
1446 1758 1664 1822 gentes,
1701 1769 1827 1807 cum
1854 1752 2016 1824 plebe
2044 1755 2184 1823 ejus.
2214 1754 2283 1807 Et
2304 1753 2511 1807 iterum
2546 1772 2557 1807 :
2607 1754 2857 1808 Laudate
2886 1770 3080 1807 omnes
3114 1759 3310 1823 gentes
3338 1754 3661 1819 Dominum,
3709 1765 3792 1809 et

511 1838 873 1910 magniﬁcate
892 1857 1041 1908 eum,
1060 1857 1255 1896 omnes
1269 1843 1558 1913 populi.Et
1573 1858 1770 1896 rursus
1798 1842 1974 1897 Isaias
1999 1843 2110 1896 ait:
2140 1842 2223 1899 10.
2241 1843 2361 1897 Erit
2376 1842 2532 1895 radix
2556 1843 2585 1896 J
2590 1859 2731 1909 esse,
2767 1849 2825 1896 et
2846 1843 2941 1913 qui
2966 1848 3227 1912 exsurget
3253 1857 3451 1912 regere
3469 1846 3688 1912 gentes,
3706 1841 3791 1896 in

514 1944 646 1984 eum
678 1935 875 1999 gentes
902 1931 1228 2000 sperabunt.
1258 1931 1407 1985 Deus
1431 1937 1621 1985 autem
1651 1933 1771 2003 spei
1807 1933 2025 2002 repleat
2040 1948 2137 1985 vos
2166 1931 2320 1985 omni
2355 1931 2564 2001 gaudio
2594 1937 2651 1985 et
2688 1948 2822 2003 pace
2850 1932 2908 1985 in
2935 1932 3231 1990 credendo,
3264 1937 3329 1985 ut
3374 1930 3673 1985 abundetis
3706 1932 3789 1986 in

515 2035 615 2090 spe
641 2023 700 2072 et
724 2018 933 2073 virtute
954 2018 1197 2090 Spiritus
1220 2020 1416 2073 sancti.
1440 2018 1525 2076 11.
1560 2020 1758 2075 Certus
1776 2025 1964 2074 autem
1984 2035 2127 2085 sum,
2154 2019 2356 2073 fratres
2368 2020 2496 2081 mei,
2519 2024 2577 2072 et
2602 2035 2705 2089 ego
2734 2020 2854 2091 ipse
2882 2020 2951 2073 de
2972 2019 3144 2085 vobis,
3158 2019 3423 2090 quoniam
3438 2024 3566 2085 40
3584 2024 3641 2072 et
3652 2019 3789 2090 ipsi

514 2108 667 2180 pleni
682 2107 815 2162 estis
826 2108 1143 2175 dilectione,
1165 2107 1250 2164 12.
1269 2109 1471 2181 repleti
1491 2109 1647 2163 omni
1660 2110 1915 2175 scientia,
1935 2110 2089 2163 itaut
2108 2108 2334 2179 possitis
2348 2108 2682 2162 alterutrum
2694 2125 2942 2163 monere.
2956 2108 3045 2165 13.
3064 2108 3344 2163 Audacius
3360 2113 3550 2162 autem
3566 2106 3788 2178 scripsi

1858 2226 2447 2282 COMMENTARIUS.

575 2340 666 2395 21.
697 2341 941 2396 Ausnos.
982 2343 1178 2396 Beatus
1206 2345 1307 2412 qui
1346 2360 1458 2398 non
1472 2346 1716 2412 judicat.
1756 2345 1918 2398 Hunc
1960 2344 2093 2397 bea-
2113 2350 2161 2405 Α
2180 2348 2331 2397 stum
2362 2343 2669 2398 ministrari
2688 2344 2883 2398 fecisse
2903 2342 3009 2397 sibi
3025 2343 3519 2409 circumcisionem,
3542 2350 3805 2414 propter

503 2436 630 2485 tum
658 2429 795 2485 dicit
822 2430 919 2501 qui
946 2446 1061 2485 non
1098 2429 1250 2485 aliud
1286 2431 1423 2486 facit
1470 2448 1640 2503 quam
1670 2431 1777 2486 sibi
1806 2432 1944 2486 utile
1972 2449 2099 2503 pro-
2178 2433 2471 2487 veritatem
2504 2432 2603 2486 Dei
2626 2433 3036 2504 complendam,
3068 2438 3125 2487 et
3143 2433 3542 2504 promissiones
3570 2432 3641 2485 ad
3671 2449 3805 2502 pa-

501 2519 621 2576 bat.

574 2607 664 2665 22.
694 2608 900 2664 Lassa.
958 2610 1067 2676 Qui
1119 2624 1232 2663 non
1279 2610 1602 2663 manducet.
1636 2610 1762 2664 Non
1795 2610 2099 2665 manduces

503 2713 694 2753 coram
714 2697 1004 2764 fratribus,
1036 2697 1169 2767 quia
1196 2697 1243 2751 si
1281 2713 1394 2751 non
1432 2697 1756 2765 manducas,
1790 2697 1987 2753 beatus
2017 2716 2094 2753 es.

500 2786 576 2841 Et
596 2786 703 2841 hoc
728 2785 968 2858 probat;
1001 2802 1134 2840 nam
1165 2785 1347 2839 omnis
1378 2791 1463 2839 est
1489 2785 1707 2852 beatus,
1753 2788 1848 2858 qui
1878 2803 1992 2842 non
2011 2789 2101 2858 ju-

499 2874 654 2947 dicat
672 2891 753 2941 se,
784 2874 844 2928 id
866 2878 969 2940 est,
1002 2873 1338 2945 culpabilem
1360 2874 1512 2928 facit.
1553 2875 1702 2946 quod
1729 2882 1816 2930 est
1834 2876 1970 2930 dum
1985 2893 2099 2931 non

502 2963 811 3019 manducet
836 2979 908 3017 ne
922 2963 1186 3018 offendat.

572 3051 663 3110 23.
693 3054 802 3119 Qui
828 3058 1014 3105 autem
1043 3053 1326 3105 discernit.
1369 3051 1477 3115 Qui
1505 3056 1694 3106 autem
1725 3052 1993 3108 discernit
2019 3055 2100 3108 ci-

501 3140 604 3195 bos
629 3159 644 3207 ;
674 3139 734 3193 id
764 3143 868 3206 est,
897 3140 994 3210 qui
1023 3142 1187 3209 putat
1222 3138 1361 3192 alios
1389 3140 1648 3206 mundos,
1697 3145 1754 3193 et
1783 3141 1923 3194 alios
1978 3159 2100 3196 esse

475 3227 849 3305 immundos,
871 3228 1173 3281 damnatus
1202 3230 1289 3280 est
1320 3248 1333 3294 ς
1376 3228 1511 3297 quia
1537 3244 1650 3282 non
1681 3245 1747 3282 ex
1774 3229 1903 3284 ﬁde.
1935 3229 2098 3284 Fides

501 3317 653 3372 enim
681 3320 876 3371 nostra
900 3317 1021 3370 vult
1070 3322 1134 3371 ut
1170 3316 1339 3373 homo
1367 3317 1426 3371 id
1455 3321 1588 3387 agat
1635 3318 1784 3387 quod
1836 3318 2100 3389 intelligit

497 3405 646 3460 bene
668 3421 791 3459 esse
817 3405 1121 3475 agendum.
1202 3424 1215 3433 -

568 3493 663 3548 24.
692 3494 757 3550 Si
794 3495 1236 3559 manducauerit,
1265 3501 1371 3549 etc.
1418 3494 1629 3549 Probat
1674 3496 1822 3565 quod
1851 3496 1948 3566 qui
1984 3512 2097 3550 non

495 3583 715 3654 judicat
740 3599 823 3648 se,
853 3581 910 3638 id
940 3587 1027 3637 est
1051 3599 1165 3637 non
1195 3585 1520 3650 manducat,
1560 3583 1759 3639 beatus
1813 3590 1918 3651 est,
1965 3601 2096 3639 nam

2180 2527 2296 2575 tres
2333 2521 2524 2576 factas.
2557 2522 2903 2577 Promissum
2926 2521 3076 2575 enim
3104 2522 3288 2577 fuerat
3306 2521 3455 2593 quod
3474 2537 3541 2575 ex
3558 2521 3806 2575 Iudaeo-

2185 2627 2310 2664 rum
2341 2610 2553 2664 semine
2572 2616 2800 2664 orturus
2831 2617 2979 2665 esset
3012 2630 3024 2665 :
3058 2612 3117 2665 in
3162 2628 3272 2683 quo
3310 2610 3806 2665 benedicerentur

2184 2716 2398 2754 omnes.
2425 2699 2621 2753 Aliter.
2672 2699 3047 2755 Ministerium
3076 2699 3530 2764 circumcisionis,
3563 2698 3620 2752 id
3667 2704 3798 2765 est,

2182 2787 2251 2840 ad
2280 2787 2549 2858 populum
2577 2788 2920 2853 Judaeorum,
2941 2795 3006 2842 ut
3022 2789 3228 2843 veritas
3249 2788 3348 2843 Dei
3379 2793 3437 2842 et
3454 2786 3803 2859 promissio-

2181 2892 2281 2929 nes
2310 2877 2433 2945 ejus
2455 2876 2525 2929 ad
2547 2882 2735 2947 patres
2765 2877 2940 2931 factas
2960 2876 3605 2949 complerentur.Qua1es
3616 2882 3794 2931 sunt:

2180 2966 2328 3018 Dabo
2351 2966 2496 3019 vobis
2515 2982 2739 3032 germen
2769 2966 2875 3031 (vel
2902 2965 3182 3034 decorem)
3208 2968 3460 3034 justitize,
3505 2970 3563 3017 et
3593 2982 3603 3016 :
3636 2966 3800 3019 Pro-

2175 3055 2399 3122 phetam
2427 3055 2572 3106 vobis
2594 3057 2879 3108 suscitabit
2901 3055 3061 3120 Deus,
3094 3059 3199 3109 etc.

2252 3139 2303 3194 5.
2337 3139 2524 3195 Gentes
2548 3145 2754 3195 autem.
2784 3139 2993 3194 Probat
3020 3141 3153 3211 quia
3180 3140 3421 3211 suscepit
3439 3145 3658 3209 gentes,
3692 3143 3800 3196 vel

2182 3228 2459 3282 honorare
2513 3229 2694 3284 Deum
2747 3234 2964 3299 gentes,
3027 3227 3098 3282 ab
3149 3229 3482 3283 auctoritate
3551 3228 3796 3284 Judeeo-

2179 3333 2325 3372 rum.

2250 3404 2304 3462 6.
2326 3409 2575 3462 AMBROS.
2618 3409 2807 3463 Gentes
2834 3411 3040 3459 autem.
3074 3405 3219 3470 Quia
3249 3406 3399 3459 enim
3423 3405 3511 3459 his
3528 3407 3792 3477 promis-

2179 3496 2261 3549 sio
2282 3496 2437 3550 nulla
2464 3501 2604 3561 erat,
2639 3495 2798 3567 quasi
2818 3494 3053 3564 indigni,
3106 3499 3209 3566 per
3239 3496 3417 3549 solam
3459 3495 3792 3551 misericor-

2178 3584 2330 3638 diam
2358 3585 2480 3651 Dei,
2509 3584 2580 3638 ad
2599 3585 2839 3638 salutem
2868 3583 3143 3655 assumpti
3165 3588 3317 3642 sunt.

503 3672 686 3727 omnis
735 3671 1081 3726 manducans
1123 3672 1455 3739 damnatus;
1496 3672 1645 3743 quod
1667 3672 1749 3727 ita
1777 3673 1955 3727 dicit:
1997 3663 2161 3743 quiB
2249 3673 2301 3727 7.
2350 3674 2556 3728 LANFR.
2605 3673 2792 3727 Gentes
2842 3677 3049 3725 autem.
3094 3671 3243 3727 Laus
3297 3673 3572 3743 gentium.
3624 3672 3790 3729 Dicit

500 3767 689 3817 autem
718 3762 986 3815 discernit
1012 3764 1064 3815 si
1081 3763 1524 3828 manducauerit,
1542 3768 1648 3815 etc.
1676 3762 1745 3815 Et
1766 3768 1900 3816 sunt
1918 3763 2100 3816 multa

500 3851 802 3919 contraria,
833 3866 948 3905 non
964 3850 1200 3921 judicat,
1231 3855 1288 3903 et
1319 3851 1666 3905 manducans
1694 3851 1893 3922 probat
1924 3856 1982 3906 et
2009 3852 2096 3905 di-

499 3940 727 4008 scernit,
762 3940 821 3995 id
841 3945 946 4007 est,
978 3955 1093 3994 non
1115 3937 1316 4009 probat
1344 3939 1748 3995 comedendum
1777 3940 1998 4008 beatus,
2040 3946 2099 3995 et

503 4030 825 4084 damnatus.

572 4116 662 4173 25.
688 4117 858 4172 Omne
876 4120 1063 4169 autem
1093 4116 1238 4184 quod
1262 4132 1377 4170 non
1404 4121 1480 4171 est
1507 4133 1571 4171 ea:
1599 4118 1719 4184 ﬁde.
1760 4117 2091 4171 Damnatus.

502 4207 638 4279 quia
659 4210 951 4277 peccatum
972 4209 1058 4259 est
1086 4203 1235 4275 quod
1279 4205 1431 4271 facit,
1484 4211 1540 4260 et
1566 4207 1671 4260 hoc
1720 4206 1921 4277 probat
1967 4206 2047 4259 ita
2078 4223 2089 4257 :

502 4297 673 4351 Omne
723 4295 869 4363 quod
891 4309 1005 4348 non
1033 4298 1114 4347 est
1140 4309 1204 4347 es:
1232 4294 1334 4360 ﬁde
1356 4300 1639 4363 peccatum
1668 4300 1771 4359 est;
1831 4294 1941 4349 Sed
1991 4294 2097 4347 hoc

497 4400 617 4453 non
642 4400 710 4438 ex
731 4382 843 4437 ﬁde
868 4399 882 4450 ;
914 4380 1014 4436 sed
1040 4381 1158 4436 haec
1205 4383 1513 4453 assumptio
1540 4383 1830 4455 praemissa
1861 4388 1964 4448 est,
1997 4380 2095 4435 ubi

494 4473 634 4528 dicit
658 4473 792 4542 quia
823 4487 937 4526 non
956 4487 1021 4525 es:
1045 4472 1169 4539 ﬁde.

571 4561 729 4616 CAP.
761 4559 880 4614 XV.
926 4586 991 4602 -—
1022 4559 1077 4613 1.
1117 4560 1364 4616 Αωιιιοε.
1410 4562 1790 4630 Unusquisque
1827 4566 2089 4613 vestrum.

500 4651 836 4706 Commonet
860 4653 927 4703 ut
955 4647 1216 4703 charitati
1230 4649 1538 4715 studentes,
1553 4649 1822 4720 proximis
1836 4649 2095 4719 placeant

500 4738 573 4793 ad
592 4738 649 4792 id
679 4738 829 4809 quod
855 4737 995 4792 utile
1016 4742 1119 4791 est.
1149 4738 1278 4792 Haec
1307 4738 1456 4792 enim
1496 4737 1807 4791 aediﬁcatio.

571 4825 626 4884 2.
660 4827 865 4882 LANFR.
894 4827 1235 4896 Quaecunque
1271 4830 1478 4896 scripta
1502 4832 1655 4880 sunt.
1685 4826 1856 4889 Quasi
1885 4825 2097 4880 diceret

499 4915 705 4988 aliquis
737 4933 749 4969 :
784 4914 917 4987 quid
934 4915 1050 4969 vita
1080 4915 1291 4969 Christi
1313 4914 1623 4969 ministrari
1642 4914 1839 5001 fecisse
1863 4913 1969 4967 sibi
1993 4915 2095 4968 cir—
2110 4940 2154 5001 ρ

500 5003 921 5070 cumcisionem,
952 5015 1182 5075 prOpter
1197 5002 1527 5057 veritatem?
1558 5000 1691 5072 quid
1717 5001 2009 5072 prophetia
2026 5001 2096 5055 de

499 5094 617 5151 Deo
632 5092 659 5148 ‘?
675 5092 811 5165 quid
830 5092 900 5146 ad
929 5092 1340 5147 institutionem
1365 5106 1584 5146 morum
1632 5095 1952 5144 nostrorum
1968 5091 1993 5144 ?
2009 5090 2096 5146 Ad

499 5184 607 5238 hoc
641 5181 984 5255 respondet:
1018 5183 1357 5249 Quaecunque
1386 5183 1594 5248 scripta
1621 5184 1772 5244 sunt,
1810 5187 1916 5233 etc.

567 5271 623 5326 3.
665 5272 820 5328 Sicut
853 5275 903 5324 et
923 5270 1193 5334 Christus,
1226 5275 1331 5323 etc.
1364 5267 1618 5338 Suscepit
1644 5284 1759 5332 vos,
1793 5274 1850 5322 et
1876 5267 2099 5323 Judaeos

500 5365 560 5413 et
583 5366 781 5430 gentes
810 5358 1128 5430 probando;
1163 5358 1261 5412 sed
1290 5360 1569 5410 monstrat
1612 5357 1890 5425 quomodo
1938 5357 2094 5411 Chri-

497 5453 620 5502 stus
655 5448 1112 5505 condescenderit
1133 5446 1311 5511 nobis,
1345 5446 1480 5517 quia
1508 5444 1867 5500 circumcisus
1882 5445 2006 5511 fuit,
2039 5451 2095 5499 et

495 5553 600 5591 nos
617 5537 1126 5593 condescendamus
1155 5534 1413 5589 inﬁrmis.

568 5624 621 5678 4.
655 5626 784 5680 Dico
811 5630 981 5681 enim.
1003 5627 1151 5681 Laus
1180 5624 1521 5679 Judzeorum.
1561 5622 1709 5677 Dicit
1739 5623 1889 5677 enim
1931 5622 2093 5677 Chri-

2179 3761 2329 3815 enim
2357 3765 2528 3814 tanta:
2556 3775 2703 3814 cura:
2745 3759 2919 3813 fuisse
2962 3759 3099 3825 Deo,
3155 3765 3220 3814 ut
3255 3760 3326 3814 ad
3355 3760 3650 3813 salvandas
3682 3777 3787 3817 eas

2177 3848 2480 3918 prophetas
2516 3863 2648 3901 suos
2692 3847 3041 3917 praediceret.
3083 3847 3184 3902 His
3232 3847 3493 3902 laudibus
3531 3847 3785 3917 aequales

2178 3954 2273 3991 eos
2300 3936 2451 3990 inter
2477 3952 2537 3989 se
2556 3952 2676 3991 esse
2705 3936 2971 4003 ostendit,
2996 3941 3060 3991 ut
3089 3937 3233 3991 alter
3250 3938 3511 4008 praeferre
3529 3953 3590 3990 se
3610 3936 3784 3992 alteri

2176 4041 2288 4079 non
2318 4030 2638 4096 praesumat.

2245 4112 2299 4167 8.
2330 4115 2621 4182 Propterea
2648 4116 2954 4181 conﬁtebor.
2986 4114 3107 4169 Vox
3154 4114 3365 4169 Christi
3387 4113 3482 4185 qui
3504 4113 3563 4167 in
3590 4115 3782 4183 genti-

2177 4202 2282 4257 bus
2309 4203 2611 4257 conﬁtetur
2637 4203 2795 4257 Patri
2851 4203 2984 4273 quia
3029 4220 3132 4275 per
3176 4204 3300 4274 ejus
3353 4198 3780 4258 conversionem

2182 4291 2283 4357 (vel
2303 4291 2772 4363 praedicationem)
2796 4308 3075 4347 conversa
3087 4292 3299 4347 suntad
3313 4291 3589 4346 culturam
3600 4292 3774 4347 unius

2176 4378 2299 4432 Dei.

2250 4468 2304 4523 9.
2331 4470 2625 4523 Laztamini
2650 4477 2851 4538 gentes.
2909 4471 2975 4525 In
3019 4470 3169 4525 Isaia
3213 4469 3291 4523 sic
3335 4469 3607 4540 scriptum
3635 4474 3726 4523 est
3756 4487 3768 4522 :

2175 4559 2467 4611 Laetamini
2496 4575 2621 4612 cum
2649 4560 2954 4613 Jerusalem
2973 4578 2990 4624 ;
3045 4563 3094 4612 et
3119 4559 3382 4613 ersultate
3402 4560 3465 4612 in
3494 4574 3556 4613 ea
3585 4574 3774 4613 omnes

2174 4650 2274 4715 qui
2300 4648 2538 4715 diligitis
2552 4664 2692 4702 eam.

2249 4732 2332 4791 10.
2374 4737 2497 4790 Erit
2519 4738 2688 4790 radis:
2704 4740 2863 4791 Jesse.
2894 4736 3044 4792 Ordo
3076 4754 3088 4789 :
3130 4738 3286 4792 Jesse
3313 4736 3421 4790 erit
3457 4735 3633 4802 radix,
3662 4741 3771 4791 etc.

2178 4824 2455 4879 Subaudis
2484 4842 2547 4879 ea:
2576 4826 2677 4879 hac
2705 4826 2891 4879 radice
2920 4828 3026 4879 erit
3046 4827 3146 4894 qui
3163 4831 3414 4894 exsurget
3438 4840 3620 4893 regere
3645 4840 3776 4890 gen-

2179 4918 2269 4967 tes.

2247 5001 2336 5058 11.
2368 5004 2558 5058 Certus
2581 5018 2706 5056 sum
2725 5008 2937 5069 autem,
2960 5008 3071 5060 etc.
3097 5002 3401 5057 Benevolos
3416 5002 3540 5056 illos
3566 5001 3770 5069 reddit.

2178 5090 2339 5161 quasi
2387 5106 2490 5159 ego
2545 5090 2790 5161 corripui
2835 5107 2952 5157 vos,
2994 5091 3129 5162 quin
3184 5091 3358 5144 sciam
3401 5106 3497 5145 vos
3534 5090 3773 5145 invicem

2177 5179 2436 5249 diligere;
2464 5195 2566 5233 nec
2580 5179 2705 5233 ideo
2728 5179 2993 5234 admonui
3019 5179 3155 5251 quin
3176 5180 3350 5233 sciam
3369 5195 3467 5233 vos
3491 5177 3772 5249 sapientes

2178 5284 2320 5333 esse,
2352 5268 2449 5321 sed
2475 5267 2719 5321 ofﬁcium
2740 5285 2929 5322 meum
2950 5274 3037 5323 est
3056 5284 3284 5322 monere
3313 5284 3427 5323 vos.

2251 5355 2337 5410 12.
2373 5358 2571 5426 Repleti
2589 5360 2745 5411 omni
2764 5360 3013 5412 scientia.
3048 5357 3348 5411 Humilitas
3376 5356 3646 5429 Apostoli.
3671 5357 3772 5412 Di-

2175 5445 2251 5498 cit
2277 5445 2428 5499 enim
2457 5445 2745 5516 scripsisse
2792 5446 2892 5513 eis,
2930 5463 3044 5500 non
3089 5447 3239 5517 quod
3278 5444 3388 5516 ipsi
3425 5444 3763 5515 indigerent.

2174 5533 2391 5605 Repleti
2421 5534 2590 5601 enim,
2624 5539 2688 5588 ut
2735 5535 2855 5606 ipse
2901 5534 3128 5601 fatetur,
3171 5534 3323 5588 omni
3353 5534 3590 5588 scientia
3618 5553 3630 5601 ;
3672 5536 3768 5591 sed

2175 5622 2343 5677 ofﬁcii
2372 5623 2460 5677 sui
2486 5623 2819 5677 necessitate
2839 5630 3094 5678 coactum
3112 5642 3125 5692 ;
3146 5622 3295 5694 quod
3310 5623 3610 5694 Apostolus
3629 5639 3766 5692 gen-
