3912 6388
137 338 240 398 153
350 384 357 387 -
860 343 938 400 ΙΝ
974 346 1042 400 D.
1085 346 1299 404 PAULI
1341 349 1565 407 EPIST.
1605 351 1741 407 COM

1845 352 1978 407 BNT.
2022 381 2087 396 --
2129 351 2352 408 EPIST.
2391 351 2489 405 AD
2526 350 2701 405 ROM.
3293 346 3400 406 154

126 464 308 533 vobis,
337 465 565 534 fratres,
597 482 664 521 ex
686 471 865 539 parte,
891 473 1162 540 tanquam
1191 472 1251 526 in
1279 476 1609 530 memoriam
1635 493 1730 531 vos
1757 478 2052 544 reducens,
2080 482 2309 549 propter
2329 476 2593 546 gratiam,
2617 487 2740 542 quae
2768 470 2899 524 data
2928 473 3015 523 est
3038 469 3173 523 mihi
3203 485 3238 522 a
3259 469 3393 537 Deo,

130 561 194 606 ut
223 553 335 607 sim
360 555 626 609 minister
649 555 855 610 Christi
882 556 1013 611 Jesu
1041 557 1101 612 in
1124 560 1407 630 gentibus,
1439 564 1792 619 sanctiﬁcans
1814 566 2179 637 Evangelium
2198 565 2321 631 Dei,
2354 569 2420 619 ut
2446 564 2548 617 ﬁat
2574 559 2783 615 oblatio
2811 557 3065 628 gentium
3091 563 3315 630 accepta
3345 564 3402 613 et

126 644 481 699 sanctiﬁcata
505 644 566 698 in
594 645 807 717 Spiritu
837 651 1056 703 sancto.
1087 647 1170 713 14,
1198 647 1284 704 15.
1307 649 1501 705 Habeo
1520 652 1695 722 igitur
1725 654 1960 723 gloriam
1986 655 2043 709 in
2070 654 2293 710 Christo
2318 654 2452 707 Jesu
2470 651 2542 705 ad
2561 651 2761 705 Deum.
2792 647 2876 706 16.
2894 647 3020 702 Non
3044 645 3194 700 enim
3221 646 3400 701 audeo

130 730 347 803 aliquid
375 732 535 803 loqui
564 749 760 787 eorum
790 750 913 804 quae
939 750 1041 804 per
1070 750 1163 788 me
1190 751 1304 790 non
1332 738 1503 792 efﬁcit
1530 740 1784 795 Christus
1812 743 1873 796 in
1902 743 2278 798 obedientiam
2306 741 2581 812 gentium,
2615 737 2780 792 verbo
2809 740 2866 790 et
2895 735 3075 798 factis,
3108 734 3165 788 in
3195 734 3403 790 virtute

126 821 420 892 signorum
445 827 505 875 et
530 822 935 893 prodigiorum,
967 823 1027 877 in
1055 824 1259 880 virtute
1288 827 1529 898 Spiritus
1558 831 1755 896 sancti,
1789 831 1870 886 ita
1898 836 1963 886 ut
1989 831 2060 885 ab
2079 830 2434 885 Hierusalem
2461 845 2563 900 per
2590 827 2889 881 circuitum
2918 840 3098 894 usque
3126 823 3199 877 ad
3222 824 3403 895 Illyri-

130 925 255 962 cum
285 910 645 981 repleverim,
676 913 738 965 id
754 917 847 977 est,
867 914 1023 981 plene
1034 915 1454 981 pradicaverim
1474 919 1837 989 Evangelium
1858 919 2085 974 Christi.
2107 920 2198 975 Sic
2226 924 2417 973 autem
2444 915 2742 988 praedicavi
2763 913 3125 984 Evangelium
3139 914 3262 977 hoc,
3288 929 3402 968 non

123 995 216 1049 ubi
247 998 583 1052 nominatus
610 1005 697 1053 est
724 1000 999 1066 Christus,
1031 1018 1103 1055 ne
1130 1019 1301 1073 super
1321 1004 1569 1061 alienum
1595 1008 2024 1062 fundamentum
2045 1008 2410 1073 aediﬁcarem;
2441 1005 2539 1059 sed
2565 1003 2711 1058 sicut
2735 1003 3006 1073 scriptum
3030 1006 3116 1055 est
3135 1005 3202 1055 in
3228 1005 3398 1068 Isaia,

120 1101 239 1156 cap.
276 1085 348 1141 5‘2
380 1107 394 1141 :
432 1088 651 1152 Quibus
688 1105 801 1144 non
830 1095 916 1144 est
943 1092 1339 1147 annuntiatum
1366 1095 1435 1149 de
1463 1111 1549 1163 eo,
1576 1096 1846 1152 videbunt
1871 1116 1883 1161 ;
1905 1104 1962 1151 et
1990 1098 2081 1167 qui
2112 1113 2223 1150 non
2254 1094 2558 1150 audierunt
2574 1094 2643 1146 de
2677 1108 2763 1157 eo,
2791 1091 3128 1161 intelligent.
3162 1091 3402 1162 Propter

122 1176 271 1244 quod
304 1182 365 1230 et
400 1177 755 1249 impediebar
776 1180 1080 1250 plurimum
1098 1182 1285 1237 venire
1306 1185 1377 1238 ad
1406 1201 1520 1252 vos,
1555 1190 1612 1240 et
1638 1187 1953 1258 prohibitus
1986 1203 2111 1240 sum
2141 1201 2320 1256 usque
2364 1184 2567 1240 adhuc.
2598 1183 2762 1236 Nunc
2784 1196 2915 1234 vero
2944 1181 3184 1234 ulterius
3211 1180 3399 1234 locum

119 1280 233 1318 non
262 1264 486 1319 habens
506 1266 567 1320 in
595 1267 683 1321 his
712 1268 1051 1338 regionibus,
1087 1271 1449 1342 cupiditatem
1479 1279 1669 1329 autem
1694 1275 1902 1330 habens
1933 1275 2190 1329 veniendi
2230 1274 2301 1328 ad
2348 1289 2443 1326 vos
2488 1288 2553 1325 ex
2583 1270 2776 1324 multis
2800 1271 2920 1339 jam
2950 1269 3396 1339 praecedentibus

121 1353 306 1419 annis,
341 1369 473 1408 cum
504 1354 565 1408 in
593 1355 919 1427 Hispaniam
947 1359 1221 1428 proﬁcisci
1248 1377 1486 1432 coepero,
1528 1380 1692 1434 spero
1723 1365 1871 1436 quod
1898 1365 2225 1435 prieteriens
2256 1363 2473 1416 videam
2500 1377 2617 1425 vos,
2650 1366 2705 1414 et
2730 1376 2765 1412 a
2784 1357 2939 1412 vobis
2968 1358 3210 1413 deducar
3240 1358 3392 1423 illuc,

118 1440 343 1495 sivobis
372 1441 626 1512 primum
651 1450 887 1514 exparte
914 1446 1118 1501 fruitus
1146 1448 1324 1504 fuero.
1357 1451 1519 1505 Nunc
1534 1452 1707 1522 igitur
1729 1453 2049 1524 proﬁciscar
2074 1453 2133 1506 in
2157 1451 2509 1506 Hierusalem
2527 1448 2865 1511 ministrare,
2889 1449 2949 1500 id
2973 1452 3066 1512 est,
3092 1450 3397 1501 necessaria

118 1530 371 1597 corporis
398 1532 604 1595 afferre
631 1531 858 1586 sanctis.
891 1533 1275 1590 Probaverunt
1296 1537 1447 1592 enim
1476 1539 1803 1599 Macedonia
1826 1545 1884 1594 et
1909 1540 2119 1595 Achaia
2140 1539 2502 1594 collationem
2534 1536 2782 1607 aliquam
2825 1536 3008 1590 facere
3037 1535 3097 1589 in
3119 1552 3395 1606 pauperes

120 1623 478 1685 sanctorum,
508 1619 607 1690 qui
634 1626 769 1674 sunt
792 1620 853 1674 in
877 1622 1206 1677 Jerusalem.
1239 1625 1456 1680 Placuit
1470 1628 1620 1681 enim
1635 1629 1733 1693 eis,
1756 1633 1814 1682 et
1844 1627 2131 1683 debitores
2150 1633 2283 1682 sunt
2294 1628 2806 1691 eorum.(Debitores
2819 1630 2952 1679 sunt
2972 1627 3035 1678 in
3054 1627 3394 1692 carnalibus,
3418 1666 3429 1675 .

123 1711 170 1759 et
195 1707 299 1760 hoc
317 1709 586 1775 probata
619 1712 838 1777 majori,
854 1712 986 1778 quia
1015 1712 1083 1764 ab
1102 1713 1177 1765 eis
1193 1715 1892 1784 spiritualia'acceperunt,
1914 1717 2059 1785 quod
2078 1721 2154 1770 est
2170 1718 2393 1784 majus.)
2424 1715 2572 1768 Nam
2596 1713 2643 1767 si
2663 1712 3042 1783 spiritualium
3059 1728 3255 1766 eorum
3274 1728 3401 1783 par-

121 1794 321 1866 ticipes
355 1795 497 1849 facti
525 1802 660 1850 sunt
685 1797 941 1866 gentiles,
969 1800 1030 1852 id
1065 1805 1158 1865 est,
1210 1802 1279 1853 ab
1306 1802 1651 1857 Hierusalem
1691 1806 1947 1859 doctrina
1976 1807 2119 1872 ﬁdei,
2152 1810 2203 1858 et
2228 1806 2354 1859 bene
2373 1805 2613 1869 vivendi,
2642 1817 2742 1871 per
2770 1805 3037 1870 apostolos
3065 1804 3183 1855 lata
3224 1806 3300 1855 est
3326 1803 3400 1856 ad

120 1889 305 1950 gentes
326 1904 347 1949 ;
381 1884 598 1939 debent
626 1891 683 1940 et
708 1886 767 1940 in
791 1888 1105 1943 carnalibus
1124 1888 1444 1945 ministrare
1468 1891 1598 1945 illis.
1624 1893 1742 1947 Hoc
1755 1892 1931 1963 igitur
1951 1909 2079 1947 cum
2103 1908 2582 1957 consummavero,
2607 1896 2662 1945 et
2675 1890 3031 1960 assignavero
3051 1889 3134 1943 eis
3153 1888 3399 1943 fructum

123 1972 271 2027 hunc
292 1991 308 2041 ;
351 1989 459 2044 per
486 1990 584 2027 vos
613 1975 928 2045 proﬁciscar
948 1977 1007 2030 in
1038 1976 1385 2048 Hispaniam.
1406 1979 1532 2032 Scio
1562 1985 1753 2035 autem
1776 1982 2041 2052 quoniam
2055 1980 2282 2035 veniens
2308 1981 2380 2035 ad
2398 1997 2513 2045 vos,
2541 1980 2600 2033 in
2624 1979 2970 2033 abundantia
2990 1976 3398 2032 benedictionis

123 2062 421 2132 Evangelii
450 2062 664 2117 Christi
693 2064 933 2118 veniam.
966 2064 1207 2120 Obsecro
1237 2082 1368 2136 ergo
1397 2084 1513 2131 vos,
1546 2069 1766 2135 fratres,
1799 2087 1900 2140 per
1931 2071 2232 2125 Dominum
2263 2075 2519 2124 nostrum
2547 2070 2740 2123 Jesum
2772 2068 3057 2122 Christum
3082 2072 3138 2121 et
3163 2066 3402 2138 percha—

122 2151 356 2205 ritatem
387 2152 572 2206 sancti
602 2153 844 2224 Spiritus
870 2159 934 2208 ut
959 2148 1232 2223 adjuvetis
1260 2173 1351 2211 me.
1374 2156 1435 2212 in
1462 2158 1811 2213 orationibus
1834 2160 2034 2213 vestris
2065 2176 2166 2231 pro
2197 2175 2287 2213 me
2318 2159 2390 2213 ad
2417 2157 2623 2223 Deum,
2655 2161 2721 2211 ut
2745 2156 2948 2211 liberer
2978 2156 3048 2211 ab
3076 2154 3395 2209 inﬁdelibus

124 2239 216 2309 qui
244 2245 389 2294 sunt
422 2241 486 2295 in
513 2242 729 2303 Judaaa,
758 2248 815 2296 et
840 2242 1092 2315 obsequii
1118 2245 1231 2299 mei
1258 2245 1467 2300 oblatio
1485 2253 1713 2318 accepta
1742 2249 1842 2302 ﬁat
1869 2248 1929 2302 in
1962 2247 2313 2302 Hierusalem
2343 2246 2569 2312 sanctis,
2609 2252 2674 2299 ut
2695 2245 2920 2299 veniam
2944 2244 3016 2299 ad
3043 2259 3141 2297 vos
3168 2243 3228 2297 in
3251 2258 3394 2311 gau—

123 2327 231 2394 dio,
264 2346 377 2403 per
403 2330 757 2385 voluntatem
778 2332 899 2399 Dei,
933 2338 990 2387 et
1006 2333 1306 2404 refrigerer
1328 2334 1631 2390 vobiscum.
1661 2337 1809 2391 Deus
1837 2341 2029 2392 autem
2057 2339 2209 2409 pacis
2235 2336 2312 2390 sit
2337 2352 2463 2389 cum
2485 2334 2746 2391 omnibus
2777 2332 2953 2388 vobis.
2985 2333 3186 2388 Amen.

1480 2483 1594 2544 ιιι
1637 2479 1871 2534 CAPUT
1907 2479 2052 2533 XVI.

196 2604 254 2661 1.
282 2603 638 2659 Commendo
667 2611 858 2659 autem
883 2606 1037 2661 vobis
1065 2607 1310 2663 Phoeben
1340 2624 1590 2663 sororem
1618 2615 1890 2676 nostram,
1921 2628 2044 2683 quae
2073 2617 2160 2666 est
2188 2612 2246 2666 in
2270 2611 2584 2666 ministerio
2613 2612 2887 2675 Ecclesiae,
2912 2626 3035 2681 quae
3062 2615 3149 2663 est
3175 2608 3233 2662 in
3256 2608 3402 2663 Cen-

125 2694 297 2761 chris,
322 2700 394 2749 ut
427 2710 553 2748 eam
580 2694 898 2765 suscipiatis
922 2696 981 2750 in
1008 2698 1245 2752 Domino
1278 2698 1446 2769 digne
1476 2700 1702 2765 sanctis,
1725 2705 1783 2753 et
1818 2700 2093 2755 assistatis
2109 2701 2159 2755 ei
2177 2702 2237 2756 in
2262 2718 2592 2772 quocunque
2617 2700 2842 2771 negotio
2866 2699 3036 2753 vestri
3056 2695 3399 2768 indiguerit;

127 2783 342 2837 etenim
371 2783 503 2854 ipsa
530 2800 755 2855 quoque
784 2785 961 2839 astitit
987 2787 1199 2853 multis,
1233 2792 1292 2840 et
1310 2787 1448 2841 mihi
1478 2787 1605 2857 ipsi.
1640 2788 1893 2842 Salutate
1921 2790 2170 2844 Priscam
2195 2794 2252 2844 et
2286 2791 2569 2860 Aquilam.
2596 2790 2879 2859 adjutores
2907 2804 3061 2842 meos
3089 2787 3149 2841 in
3179 2785 3403 2840 Christo

125 2872 283 2938 Jesu,
321 2872 440 2943 (qui
463 2888 567 2943 pro
595 2873 788 2927 anima
814 2890 940 2929 mea
967 2892 1098 2930 suas
1120 2877 1358 2931 cervices
1388 2882 1829 2948 supposuerunt;
1864 2876 2065 2947 quibus
2092 2894 2205 2932 non
2238 2879 2390 2932 solus
2418 2894 2520 2948 ego
2551 2878 2764 2947 gratias
2798 2893 2924 2946 ago,
2956 2876 3056 2929 sed
3084 2880 3142 2928 et
3188 2877 3402 2927 cunctae

124 2960 391 3016 Ecclesiae
415 2963 695 3032 gentium)
727 2968 786 3017 et
809 2964 1172 3020 domesticam
1194 2964 1501 3020 Ecclesiam
1530 2982 1744 3019 eorum.
1777 2965 2030 3019 Salutate
2051 2966 2375 3036 Epaenetum
2404 2966 2669 3020 dilectum
2691 2964 2847 3031 mihi,
2881 2964 2977 3033 qui
3006 2967 3064 3016 et
3082 2961 3398 3033 primitivus

126 3050 278 3105 Asiae
296 3050 357 3105 in
372 3050 619 3105 Christo.
649 3052 901 3107 Salutate
919 3054 1305 3125 Mariam,quae
1324 3056 1566 3110 multum
1582 3053 1855 3108 laboravit
1873 3055 1931 3107 in
1943 3053 2375 3109 vobis.Salutate
2392 3054 2771 3108 Andronicum
2794 3058 2850 3107 et
2865 3050 3111 3116 Juniam,
3134 3052 3403 3119 cognatos

126 3143 182 3191 et
195 3138 565 3210 concaptivos
592 3155 748 3193 meos
782 3159 795 3193 :
829 3140 924 3211 qui
945 3147 1077 3196 sunt
1102 3143 1314 3197 nobiles
1344 3143 1403 3197 in
1430 3142 1715 3214 apostolis,
1748 3141 1841 3213 qui
1863 3147 1920 3195 et
1932 3147 2061 3195 ante
2084 3158 2173 3195 me
2192 3141 2421 3196 fuerunt
2434 3143 2494 3195 in
2510 3141 2750 3196 Christo.
2781 3140 3033 3195 Salutate
3053 3138 3402 3208 Ampliatum

126 3226 568 3281 dilectissimum
581 3227 720 3281 mihi
739 3227 798 3282 in
824 3229 1341 3286 Domino.Salutate
1360 3232 1671 3288 Urbanum.
1686 3230 2004 3301 adjutorem
2024 3236 2282 3286 nostrum
2299 3231 2355 3284 in
2379 3230 2601 3285 Christo
2618 3231 2771 3295 Jesu,
2792 3234 2849 3284 et
2863 3228 3112 3298 Stachyn
3133 3227 3400 3281 dilectum

124 3315 610 3370 meum.Salutate
623 3318 887 3388 Appellen
907 3318 1144 3389 probum
1158 3320 1216 3374 in
1236 3320 1479 3375 Christo.
1503 3321 1755 3375 Salutate
1776 3336 1870 3374 eos
1887 3320 1982 3391 qui
2000 3327 2133 3374 sunt
2143 3337 2209 3374 ex
2221 3318 2525 3374 Aristobuli
2538 3320 2726 3373 domo.
2751 3319 3004 3373 Salutate
3019 3315 3394 3371 Herodionem

126 3408 437 3474 cognatum
467 3419 681 3458 meum.
716 3404 967 3460 Salutate
989 3423 1083 3460 eos
1113 3407 1209 3478 qui
1238 3413 1372 3462 sunt
1400 3425 1466 3462 ex
1487 3408 1734 3463 Narcissi
1762 3408 1928 3463 domo
1953 3428 1966 3476 ;
1995 3409 2091 3480 qui
2128 3415 2262 3463 sunt
2287 3410 2347 3464 in
2369 3409 2628 3465 Domino.
2662 3408 2914 3463 Salutate
2941 3407 3316 3477 Tryphaenam
3342 3408 3400 3458 et

128 3492 511 3564 Tryphosam,
542 3510 665 3564 quae
692 3492 953 3550 laborant
970 3496 1028 3550 in
1047 3496 1304 3552 Domino.
1339 3498 1592 3553 Salutate
1621 3497 1907 3552 Persidem
1935 3497 2340 3562 charissimam,
2362 3514 2484 3567 quae
2506 3497 2747 3551 multum
2765 3494 3041 3549 laboravit
3056 3495 3115 3547 in
3141 3492 3400 3548 Domino.

129 3580 389 3636 Salutate
414 3582 627 3636 Rufum
650 3583 889 3637 electum
916 3584 976 3639 in
1003 3585 1327 3651 Domino,2.
1352 3592 1409 3640 et
1438 3592 1676 3641 matrem
1704 3589 1843 3657 ejus,
1867 3591 1926 3640 et
1947 3603 2150 3641 meam.
2169 3587 2421 3640 Salutate
2441 3589 2849 3657 Assyncrltum,
2866 3581 3396 3652 Phlegontem,Her-

128 3686 307 3734 mam,
327 3670 656 3734 Patrobam,
684 3672 947 3738 Ilermen,
974 3680 1031 3727 et
1048 3676 1281 3745 quicum
1294 3676 1372 3729 eis
1396 3681 1548 3737 sunt,
1581 3676 1825 3730 Fratres.
1860 3675 2111 3731 Salutate
2126 3676 2483 3744 Philologum
2505 3680 2562 3729 et
2578 3674 3059 3739 Juliam,Nereum
3078 3676 3135 3724 et
3152 3686 3403 3724 sororem

130 3760 272 3829 ejus,
304 3766 364 3814 et
386 3760 802 3832 Olympiadem,
825 3768 883 3817 et
901 3780 1095 3818 omnes
1108 3764 1203 3835 qui
1221 3782 1350 3819 cum
1378 3766 1458 3820 eis
1479 3770 1610 3819 sunt
1633 3770 1873 3819 sanctos.
1908 3764 2161 3818 Salutate
2186 3763 2423 3818 invicem
2457 3763 2516 3817 in
2547 3763 2737 3816 osculo
2766 3764 2981 3815 sancto.
3016 3758 3277 3813 Salutant
3303 3773 3401 3810 vos

130 3864 330 3903 omnes
353 3850 613 3904 Ecclesiae
642 3851 1041 3923 Christi.Rogo
1070 3860 1261 3908 autem
1278 3872 1392 3921 vos,
1415 3855 1638 3919 fratres,
1662 3859 1727 3908 ut
1753 3853 2055 3908 observetis
2073 3870 2166 3907 eos
2197 3852 2293 3923 qui
2322 3852 2698 3906 dissensiones
2727 3855 2784 3904 et
2811 3847 3162 3911 offendicula,
3196 3851 3400 3916 praeter

131 3936 454 3992 doctrinam
484 3954 654 4010 quam
673 3956 769 3994 vos
794 3940 1085 4009 didicistis,
1118 3943 1351 4010 faciunt,
1385 3949 1443 3998 et
1485 3944 1763 3998 declinate
1808 3943 1880 3997 ab
1919 3942 2046 3995 illis.
2080 3940 2478 4011 Hujuscemodi
2507 3940 2658 3993 enim
2684 3937 2906 3993 Christo
2935 3935 3176 3990 Domino
3205 3939 3398 3988 nostro

131 4040 245 4080 non
268 4027 546 4094 serviunt,
580 4028 676 4082 sed
700 4045 803 4083 suo
832 4031 1012 4084 ventri
1040 4049 1053 4085 :
1082 4036 1140 4086 et
1157 4049 1260 4103 per
1283 4032 1474 4088 dulces
1511 4047 1819 4097 sermones,
1866 4035 1922 4084 et
1968 4030 2404 4097 benedictiones,
2456 4029 2732 4083 seducunt
2771 4023 2971 4081 corda'
2989 4023 3399 4079 innocentium.

1505 4171 2089 4228 COMMENTARIUS.

143 4313 292 4368 tium
318 4329 355 4367 a
380 4312 501 4368 Deo
530 4313 866 4368 constitutus
891 4317 1032 4369 erat.
1757 4320 2092 4394 Aoperatur
2135 4314 2392 4369 Christus
2436 4314 2497 4368 in
2536 4330 2621 4381 eo,
2677 4319 2734 4369 et
2765 4329 2867 4385 per
2909 4329 3039 4368 eum
3079 4311 3329 4383 loquitur
3356 4315 3413 4363 et

210 4402 308 4461 13.
346 4401 637 4460 Audacius
664 4409 872 4457 autem.
904 4401 1163 4458 Audaciaa
1185 4402 1477 4458 videbatur
1502 4419 1625 4458 esse
1653 4419 1743 4457 re-

144 4491 316 4563 pletis
342 4492 502 4546 omni
528 4492 763 4548 scientia
789 4491 1047 4547 scribere.

218 4580 310 4637 14.
339 4582 593 4639 Ausnos.
617 4583 794 4636 Habeo
830 4584 1009 4650 igitur
1036 4585 1298 4649 gloriam.
1332 4580 1582 4635 Gloriam
1608 4580 1745 4634 dicit

144 4685 200 4724 se
232 4668 451 4724 habere
474 4669 621 4741 apud
647 4670 827 4724 Deum
854 4686 954 4741 per
968 4670 1274 4724 Christum.
1291 4669 1599 4724 Credentes
1612 4671 1739 4739 (aL,

144 4758 400 4827 credens)
423 4758 578 4812 enim
595 4758 655 4812 in
681 4758 988 4826 Christum,
1016 4760 1282 4813 meritum
1308 4757 1414 4812 sibi
1439 4759 1570 4812 fecit
1592 4758 1741 4828 apud

142 4848 436 4920 populum,
467 4847 529 4901 in
557 4851 778 4901 tantum
811 4852 873 4901 ut
899 4848 968 4901 de
1010 4864 1070 4902 se
1100 4864 1221 4902 esse
1250 4846 1391 4901 nihil
1421 4847 1570 4901 dicat
1592 4847 1741 4916 quod

144 4951 251 4991 non
280 4941 554 5008 apemtus
582 4935 660 4989 sit
683 4934 939 4995 Christus
976 4952 1077 5006 per
1104 4936 1284 5001 illum,
1312 4941 1378 4989 ut
1405 4934 1742 4989 exhortatio-

145 5040 268 5079 nem
297 5025 423 5094 ejus
451 5024 630 5078 virtus
658 5024 1097 5079 commendaret.

213 5112 303 5171 15.
324 5112 548 5169 ῙΛΝΡΒ.
569 5114 748 5167 Habeo
760 5115 942 5180 igitur
959 5111 1740 5183 gloriam.Quidquid,inquit,

150 5208 344 5271 putent
371 5219 467 5256 me
495 5200 786 5255 hominem
820 5199 906 5274 [/.,
937 5200 1216 5271 homines]
1241 5216 1384 5265 esse,
1416 5218 1519 5271 ego
1552 5206 1738 5254 tamen

151 5292 257 5345 scio
283 5309 377 5346 me
405 5290 619 5346 habere
633 5290 875 5361 gloriam
900 5290 1242 5361 apud/Deum
1262 5289 1321 5343 in
1349 5289 1743 5360 praedicatione

152 5379 275 5435 Jesu
299 5381 543 5447 Christi;
567 5379 703 5451 quia
730 5385 962 5450 propter
989 5379 1262 5433 honorem
1289 5378 1390 5432 Dei
1422 5383 1478 5432 et
1504 5378 1745 5433 salutem

152 5471 396 5538 gentium
427 5486 537 5541 ago
568 5469 718 5541 quod
752 5484 880 5538 ago.

212 5558 300 5615 16.
338 5562 470 5614 Non
492 5561 649 5613 enim
677 5559 871 5612 audeo.
913 5557 1040 5611 Alia
1076 5572 1246 5612 causa
1272 5571 1374 5610 cur
1392 5554 1600 5610 habeat
1620 5556 1743 5625 glo-

156 5646 283 5702 riam
303 5648 454 5720 apud
470 5648 692 5718 Deum;
723 5645 994 5717 quidquid
1003 5645 1154 5700 enim
1171 5645 1444 5715 loquitur,
1468 5643 1741 5715 quidquid

1826 4410 2111 4478 operatur,
2141 4408 2207 4457 ut
2230 4405 2527 4475 Evangelia
2555 4403 2837 4459 obediant.

1896 4495 2054 4550 CAP.
2083 4490 2233 4546 XVI.
2261 4519 2323 4531 -—
2361 4491 2407 4548 1.
2441 4493 2653 4551 Lara.
2684 4494 3011 4548 Commendo
3040 4498 3228 4548 autem
3262 4491 3413 4545 vobis

1824 4585 2074 4640 Phaben.
2109 4580 2401 4636 Ditissima
2429 4587 2486 4635 et
2511 4582 2863 4637 nobilissima
2907 4583 3109 4637 mulier
3133 4581 3256 4645 fuit,
3291 4596 3415 4651 quae

1824 4671 2124 4729 Ecclesiam
2142 4670 2267 4734 Dei,
2284 4687 2406 4741 quae
2419 4671 2568 4741 apud
2587 4670 2767 4725 locum
2787 4671 2882 4743 qui
2903 4671 3167 4726 Cenchris
3186 4669 3412 4731 dicitur,

1824 4766 1966 4827 erat,
2000 4775 2103 4813 sua
2122 4759 2439 4813 substantia
2463 4759 2834 4814 sustentabat.
2869 4760 2948 4814 Ea
2980 4766 3116 4814 tunc
3142 4758 3413 4829 temporis

1823 4866 1926 4921 pro
1956 4848 2200 4919 quodam
2229 4847 2455 4917 negotio
2474 4849 2709 4902 Romam
2730 4848 2978 4920 profecta
3004 4854 3108 4902 est.
3134 4849 3242 4903 Per
3269 4847 3414 4900 hanc

1822 4938 2077 5002 fortasse,
2099 4936 2263 4990 istam
2287 4936 2446 4990 misit
2470 4936 2783 5007 epistolam.

1893 5025 1948 5083 2.
1982 5026 2049 5080 Et
2080 5031 2317 5078 matrem
2350 5028 2466 5093 ejus
2514 5031 2564 5079 et
2600 5042 2802 5079 meam.
2841 5027 2943 5080 Vel
2981 5030 3220 5080 matrem
3250 5039 3413 5078 suam

1826 5132 1955 5170 cum
1996 5119 2177 5167 matre
2209 5112 2360 5167 illius
2394 5114 2651 5184 praecipit
2689 5116 3064 5169 salutandam.
3098 5113 3201 5167 Vel
3239 5128 3413 5166 unam

1822 5202 2078 5258 eamdem
2110 5200 2377 5255 feminam
2406 5208 2645 5256 matrem
2681 5203 2833 5257 illius
2872 5203 3026 5268 dicit,
3059 5207 3115 5256 et
3154 5216 3313 5254 suam
3342 5199 3414 5253 il-

1822 5292 1934 5346 lius
1961 5290 2269 5346 secundum
2300 5307 2546 5357 carnem,
2578 5308 2738 5346 suam
2770 5291 3057 5345 beneﬁcio.

1895 5379 1949 5435 3.
1994 5382 2173 5434 Vestra
2199 5382 2349 5434 enim
2378 5382 2700 5435 obedientia.
2736 5381 2920 5434 Causa
2945 5395 3046 5433 cur
3081 5380 3242 5447 roget
3286 5392 3414 5444 eos;

1830 5468 2153 5523 obedientes
2182 5467 2331 5522 enim
2363 5468 2597 5539 rogandi
2644 5473 2794 5534 sunt,
2825 5465 3208 5521 inobedientes
3236 5465 3420 5520 incre-

1826 5556 2017 5628 pandi.
