3912 6378
558 306 657 363 155
1531 314 1594 368 Β.
1636 313 2052 371 LANFRANCI
2090 313 2452 371 GANTUAR.
2492 313 2829 371 ARCHIEP.
3714 312 3825 371 1.56

542 434 597 491 3.
628 434 830 494 Vestra
851 437 1004 493 enim
1031 437 1354 496 obedientia
1379 440 1439 496 in
1468 456 1693 497 onmem
1722 442 1908 496 locum
1940 442 2226 513 divulgata
2252 446 2356 499 est.
2381 441 2610 498 Gaudeo
2635 441 2809 512 igitur
2829 440 2890 498 in
2917 437 3211 497 vobis.Sed
3239 437 3363 496 volo
3391 453 3487 497 vos
3521 437 3823 510 sapientes

543 540 665 579 esse
695 525 753 581 in
780 524 950 588 bono,
982 532 1036 581 et
1066 526 1350 597 simplices
1377 529 1435 584 in
1464 530 1634 584 malo.
1667 529 1816 585 Deus
1844 537 2035 588 autem
2068 532 2218 603 pacis
2248 529 2560 588 4.conterat
2591 532 2859 586 Satanam
2887 526 2991 583 sub
3020 516 3255 601 pedibus
3280 525 3483 583 vestris
3506 516 3813 588 velociter.

548 614 747 671 Gratia
770 614 994 672 Domini
1023 616 1203 671 nostri
1228 617 1363 685 Iesu
1391 617 1599 674 Christi
1627 617 1930 677 vobiscum.
1950 614 2173 675 Salutat
2191 636 2288 674 vos
2311 619 2639 676 Timotheus
2668 617 2892 691 adjutor
2923 632 3101 677 meus.
3134 620 3190 674 et
3209 614 3435 681 Lucius,
3469 620 3528 673 et
3549 615 3729 673 Jason
3764 621 3823 671 et

552 702 857 774 Sosipater,
889 705 1115 775 cognati
1145 705 1276 761 mei.
1303 705 1355 762 5.
1384 707 1580 763 Saluto
1604 724 1701 763 vos
1731 724 1835 781 ego
1859 709 2102 777 Tertius,
2131 709 2229 779 qui
2259 708 2456 781 scripsi
2499 707 2824 782 Epistolam,
2873 705 2933 762 in
2972 703 3226 761 Domino.
3264 696 3485 761 Salutat
3511 720 3611 758 vos
3644 697 3822 762 Caius

551 792 754 865 hospes
783 808 968 862 meus,
996 800 1054 849 et
1077 793 1338 848 universa
1365 795 1630 853 Ecclesia.
1665 796 1887 853 Salutat
1912 814 2010 852 vos
2038 798 2271 853 Erastus
2297 796 2560 856 Arcarius
2587 795 2845 862 civitatis,
2870 799 2928 849 et
2954 793 3199 858 Quartus
3229 792 3418 847 frater.
3454 792 3578 861 42
3614 790 3823 849 Gratia

550 880 778 938 Domini
802 882 981 937 nostri
1005 883 1140 939 Jesu
1170 883 1379 939 Christi
1408 899 1532 939 cum
1564 884 1823 940 omnibus
1846 885 2021 950 vobis,
2054 886 2253 942 Amen.
2276 881 2330 951 6,
2351 883 2403 941 7.
2421 886 2483 941 Ei
2508 890 2697 941 autem
2724 884 2821 957 qui
2846 889 3043 954 potens
3066 889 3153 961 est
3178 896 3275 937 vos
3299 880 3636 937 conﬁrmare
3652 881 3822 954 juxta

546 968 914 1040 Evangelium
946 986 1155 1035 meum,
1189 977 1247 1027 et
1277 972 1731 1042 pmdicationem
1770 975 1904 1029 Iesu
1946 973 2180 1040 Christi,
2224 970 2278 1029 8.
2332 974 2640 1029 secundum
2669 972 3071 1029 revelationem
3096 969 3148 1028 9.
3177 969 3434 1041 mysterii
3455 964 3818 1042 temporibus

544 1058 771 1116 alternis
798 1059 975 1122 taciti,
1012 1060 1183 1130 (quod
1214 1076 1363 1115 nunc
1388 1062 1726 1131 patefactum
1758 1069 1844 1117 est
1880 1060 1960 1118 10.
1995 1080 2097 1133 per
2124 1063 2443 1136 Scripturas
2469 1062 2892 1135 prophetarum,
2916 1059 3223 1117 secundum
3241 1064 3579 1130 praeceptum
3611 1058 3816 1115 aeterni

543 1146 663 1211 Dei,
697 1146 770 1199 ad
798 1146 1177 1204 obeditionem
1207 1148 1367 1219 ﬁdei)
1390 1149 1450 1205 in
1479 1151 1696 1206 cunctis
1734 1151 1997 1224 gentibus
2028 1151 2258 1223 cogniti,
2298 1150 2401 1209 soli
2439 1150 2685 1224 sapienti
2715 1148 2831 1207 Deo
2877 1149 2970 1204 ii.
3015 1149 3122 1205 Per
3148 1138 3340 1205 Jesum
3370 1138 3687 1214 Christum,
3722 1144 3818 1205 '12.

547 1233 636 1288 cui
664 1234 846 1289 honor
869 1240 928 1290 et
953 1235 1136 1305 gloria
1158 1236 1218 1292 in
1251 1237 1458 1292 saecula
1485 1239 1840 1295 saiculorum.
1868 1241 2068 1297 Amen.

1862 1374 2454 1437 COMMENTARIUS.

621 1519 675 1570 s.
728 1516 987 1574 Oontsrat
1014 1518 1306 1574 Satanam.
1339 1520 1608 1577 Satanam
1637 1520 1741 1577 sub
1764 1520 1999 1592 pedibus
2029 1522 2412 1584 Ec-Atacita.
2454 1526 2721 1589 Quamvis
2765 1527 2919 1583 enim
2955 1542 3024 1584 ex
3064 1524 3309 1595 quadam
3351 1527 3513 1594 parte
3563 1519 3823 1599 antiquis

549 1605 733 1665 cissis
754 1606 1027 1661 Domin'ut
1049 1606 1330 1672 contrivit,
1352 1608 1485 1678 quia
1499 1608 1752 1665 membra
1774 1610 1915 1680 ejus,
1938 1608 2137 1681 quibus
2220 1612 2482 1670 Pati-ibus
2512 1620 2700 1672 essent
2724 1615 2963 1685 cognita,
2998 1614 3161 1686 plene
3197 1618 3390 1670 tamen
3417 1628 3453 1667 s
3491 1609 3653 1667 nullo
3699 1608 3823 1664 fue-

549 1694 855 1751 Ecclesiam
885 1695 1345 1765 persequebatur,
1374 1697 1447 1751 ad
1491 1697 1660 1753 ﬁdem
1697 1714 1984 1765 conversa,
2029 1697 2137 1768 ipsi
2219 1704 2355 1754 runt
2397 1699 2553 1765 scita,
2604 1700 2789 1770 quoad
2825 1713 3004 1770 usque
3047 1714 3149 1754 suo
3179 1703 3448 1768 ,tempore
3492 1712 3594 1766 per
3619 1695 3821 1749 Iesum

544 1778 803 1837 Ecclesia:
832 1784 1173 1853 subjugavit.
2220 1786 2507 1845 Christum
2538 1788 2769 1847 fuerunt
2794 1790 3057 1845 revelata.

621 1872 673 1925 5.
706 1869 901 1927 Saluio
938 1888 1046 1927 vos.
1079 1872 1266 1928 Ordo:
1297 1874 1480 1929 saluto
1505 1891 1601 1930 vos
1624 1875 1684 1931 in
1708 1874 1967 1932 Domino.
1998 1877 2137 1933 Ter~
2291 1874 2377 1933 lO.
2405 1880 2509 1932 Per
2534 1878 2855 1946 Scripturas
2882 1877 3298 1946 prophetarum.
3336 1875 3660 1944 Scripturas
3692 1886 3823 1943 pro-

545 1960 663 2015 tius
705 1958 813 2016 iste
842 1962 1095 2017 notarius
1129 1962 1237 2016 fuit
1265 1964 1538 2034 ApoStoli,
1588 1964 1686 2035 qui
1731 1965 1875 2021 hanc
1914 1965 2137 2036 scripsit
2162 1980 2167 1985 ‘
2216 1967 2514 2038 phetsrum
2540 1966 2805 2023 revelsvit
2830 1964 3085 2021 Christus
3111 1963 3381 2034 apostolis
3408 1962 3548 2029 suis,
3580 1960 3817 2016 sicutin

542 2043 871 2121 Εριιωιιω.
2214 2056 2514 2127 Evangelia
2541 2056 2749 2127 legitur
2774 2074 2788 2111 :
2817 2057 2969 2111 Tunc
2991 2056 3212 2124 aperuit
3235 2055 3353 2111 illis
3371 2067 3616 2119 sensum,
3643 2056 3712 2105 ut
3732 2053 3820 2104 in-

612 2133 670 2190 ο.
702 2139 948 2195 Annos.
996 2141 1065 2195 Si
1091 2143 1299 2195 autem.
1330 2141 1395 2196 Ei
1424 2142 1520 2212 qui
1542 2146 1739 2213 potens
1766 2147 1853 2199 est
1875 2152 1972 2197 vos
1999 2157 2133 2198 con-
2216 2148 2519 2212 teiligorent
2548 2145 2886 2213 Scripturas,
2909 2147 3018 2201 etc.

542 2227 771 2283 ﬁrmare
791 2228 895 2284 soli
914 2228 1152 2300 sapienti
1170 2230 1287 2284 Deo
1299 2230 1548 2300 gloriain
1560 2231 1764 2287 saecula
1778 2231 2129 2288 seculorum.
2284 2234 2313 2291 1
2332 2232 2376 2292 i.
2406 2234 2657 2291 Ausaos.
2689 2235 2793 2288 Per
2821 2234 3029 2300 Jasum,
3060 2231 3120 2287 id
3148 2230 3254 2297 est,
3286 2245 3388 2301 per
3416 2230 3613 2285 Jesum
3646 2227 3818 2284 Chri-

616 2315 668 2370 Ἰ.
704 2319 909 2372 Lmen.
930 2318 1000 2372 Ei
1020 2323 1226 2380 autem,
1252 2317 1311 2372 id
1334 2324 1438 2386 est,
1472 2319 1567 2389 qui
1597 2324 1782 2390 potest
1808 2336 1905 2375 vos
1922 2319 1993 2375 ad
2020 2326 2145 2377 tan-
2222 2326 2411 2386 stum;
2444 2321 2597 2391 quia,
2628 2325 2693 2379 ut
2719 2320 2830 2374 alia
2863 2325 3102 2385 meum,
3133 2318 3254 2389 ipse
3297 2316 3561 2388 praecepit
3612 2321 3818 2386 gentes

545 2409 664 2459 tam
715 2406 1113 2476 perfectionem
1158 2407 1381 2472 ducere,
1434 2415 1703 2477 quantam
1758 2409 2021 2479 praedico,
2082 2414 2141 2462 et
2219 2408 2490 2480 baptizari
2527 2408 2586 2462 in
2636 2408 2862 2462 nomine
2904 2407 3107 2473 Patris,
3155 2412 3213 2461 et
3265 2406 3414 2470 Filii,
3449 2410 3507 2459 et
3563 2397 3817 2477 Spiritus

547 2499 816 2563 quantam
846 2494 1102 2550 Christus
1142 2495 1481 2566 praedicavit,
1516 2502 1575 2550 et
1608 2492 2022 2567 praedicandam
2045 2496 2134 2550 in-
2217 2496 2417 2558 sancti,
2438 2497 2534 2551 ubi
2563 2497 2839 2567 praecipue
2878 2495 3270 2550 commendata
3304 2500 3391 2549 est
3416 2494 3587 2565 hujus
3612 2492 3816 2548 indivi-

538 2582 743 2638 stituit.
2213 2585 2337 2640 duae
2362 2585 2545 2655 gloria
2558 2584 2868 2641 Trinitatis.

612 2669 669 2727 Β.
697 2670 1016 2727 Secundum
1045 2673 1524 2737 rerelationem,id
1545 2677 1649 2735 est,
1677 2677 1743 2727 ut
1769 2673 1850 2727 ita
1871 2672 2130 2739 credatis,
2291 2674 2374 2730 12.
2400 2675 2504 2729 Cui
2526 2675 2721 2729 honor.
2754 2673 2913 2737 Quod
2935 2688 3066 2728 vero
3085 2672 3340 2728 additum
3367 2675 3478 2736 cui,
3508 2676 3574 2727 ut
3596 2671 3817 2727 diceret

541 2760 686 2814 sicut
710 2760 1045 2831 mysterium
1072 2760 1176 2817 Dei
1201 2761 1513 2816 revelatum
1534 2767 1642 2825 est,
1671 2766 1730 2815 et
1756 2760 1916 2831 ponit
1938 2761 2134 2831 singu-
2213 2762 2322 2828 cui,
2345 2778 2474 2817 cum
2502 2760 2783 2817 sufficeret
2805 2762 2853 2817 si
2886 2761 3095 2817 dictum
3122 2768 3287 2829 esset,
3311 2765 3362 2816 ei
3381 2766 3567 2815 autem
3597 2763 3809 2828 gloria,

538 2849 657 2904 iure
685 2866 786 2922 pro
816 2849 1039 2921 plurali.
2146 2837 2194 2899 Β
2214 2851 2542 2907 inusitatam
2582 2855 2786 2907 nostras
2819 2850 3026 2923 lingua:
3064 2850 3277 2905 indicat
3316 2849 3663 2905 locutionem
3699 2864 3814 2903 non

610 2935 664 2994 Θ.
698 2940 974 3008 Mysterii.
1007 2937 1339 3008 Mysmrium
1358 2942 1519 2993 vocat
1545 2937 1985 2995 incarnationem
2001 2940 2130 2996 Jesu
2214 2956 2442 2997 sensum
2472 2956 2641 3012 quem
2667 2940 3026 3013 requiramus
3067 2939 3151 2995 vel
3196 2939 3267 2995 de
3316 2953 3426 3012 quo
3454 2932 3815 3010 ambigamus

526 3027 773 3093 Christi,
805 3033 861 3083 et
906 3032 1111 3083 autem
1146 3043 1270 3096 quas
1312 3026 1537 3081 aeternis
1584 3026 1934 3098 temporibus
1972 3032 2135 3083 erant
2212 3029 2483 3085 insinuat.

542 3379 1094 3476 EPISTULA
1158 3380 1256 3472 B.
1326 3381 1675 3473 PAULI
1764 3372 2309 3472 APOSTOLI
2392 3379 2544 3470 AD
2620 3362 3321 3470 CORWTHIOS
3401 3364 3789 3468 PRIMA

1160 3550 1358 3620 CUM
1386 3546 1835 3619 GLOSSULA
1884 3549 2425 3622 INTERJEC’TA
2479 3551 2555 3615 B.
2605 3534 2947 3618 LANFBA
2959 3540 3139 3617 N01.

2030 3712 2300 3732 w—

613 3834 1027 3889 secesserint.
1073 3854 1129 3876 -
1159 3832 1437 3888 Corinthii
1458 3836 1593 3889 sunt
1617 3834 1865 3902 Achaici,
1898 3840 1954 3890 et
1981 3836 2040 3891 hi
2060 3834 2377 3897 si-Cdaicss
2404 3834 2617 3891 inducti
2644 3840 2796 3891 sunt.
2821 3834 2936 3889 Hos
2955 3838 3181 3889 revocat
3203 3833 3508 3906 Apostolus
3525 3832 3802 3889 adversm

541 3921 755 3977 utiliter
780 3921 852 3977 ab
884 3920 1152 3993 Apestolo
1180 3921 1483 3977 audierunt
1497 3922 1728 3978 verbum
1759 3925 2044 3992 veritatis;
2076 3928 2135 3981 et
2212 3924 2384 3981 ﬁdem
2429 3930 2485 3979 et
2529 3924 2906 3995 evangelicam
2955 3922 3310 3994 sapientiam,
3346 3921 3595 3977 scribens
3624 3922 3709 3977 eis
3736 3919 3805 3975 ab

540 4012 793 4066 subversi
817 4016 949 4065 sunt
971 4010 1277 4065 multifaria
1299 4028 1334 4064 a
1359 4011 1514 4066 falsis
1533 4013 1821 4083 apostolis,
1852 4013 2079 4084 quidam
2099 4030 2136 4069 a
2214 4013 2432 4085 Epheso
2462 4029 2562 4084 per
2581 4012 2977 4069 Thimotheum
3005 4011 3347 4086 discipulum
3366 4026 3550 4068 suum.

537 4099 903 4170 philosophiae
931 4098 1167 4154 verbosa
1186 4100 1529 4172 eloquentia,
1563 4101 1659 4156 alii
1688 4107 1841 4156 secta
1868 4102 2009 4173 legis
2040 4102 2134 4157 Ju-

1887 4202 2121 4272 CAPUT
2158 4206 2459 4272 PRIMUM.

607 4322 817 4384 Paulus
845 4330 1071 4384 vocatus
1096 4320 1382 4401 apostolus
1411 4322 1544 4386 Jesu
1574 4324 1783 4387 Christi
1808 4344 1910 4403 per
1935 4326 2282 4386 voluntatem
2309 4332 2431 4397 Dei,
2463 4335 2521 4386 et
2549 4331 2852 4385 Sosthenes
2880 4330 3074 4397 frater,
3106 4326 3365 4385 Ecclesié
3394 4330 3516 4397 Dei,
3547 4334 3675 4401 quas
3703 4328 3789 4382 est

538 4417 813 4484 Corinthi,
846 4418 894 4471 i.
919 4410 1295 4483 sanctiﬁcati‘s,
1330 4412 1612 4484 habitatis,
1640 4419 1699 4475 in
1725 4410 1850 4488 43
1878 4414 2100 4474 Christo
2128 4418 2287 4488 Jesu,
2318 4413 2524 4473 vocatis
2542 4416 2770 4485 sanctis,
2804 4422 2867 4474 ut
2897 4422 3077 4474 sancti
3102 4421 3234 4473 sint.
3276 4417 3330 4475 2.
3361 4426 3489 4474 cum
3526 4408 3785 4474 omnibus

538 4505 635 4581 qui
654 4507 918 4562 im’rocant
943 4516 1151 4562 nomen
1178 4500 1405 4562 Domini
1431 4508 1607 4562 nostri
1628 4508 1758 4563 Jesu
1788 4508 2017 4573 Christi,
2054 4507 2104 4564 3.
2131 4509 2190 4563 in
2217 4507 2369 4561 omni
2394 4506 2516 4560 loco
2543 4506 2814 4578 ipsorum,
2843 4513 2901 4561 et
2921 4510 3134 4573 nostro,
3163 4508 3223 4561 id
3253 4512 3328 4562 est
3348 4512 3411 4563 in
3440 4509 3697 4573 Ecclesta,
3724 4509 3785 4559 in

539 4610 652 4667 qua
682 4600 815 4649 sunt
843 4598 1035 4649 omnia
1065 4596 1401 4651 communia.
1427 4594 1642 4660 Gratia,
1676 4599 1925 4650 remissio
1943 4603 2311 4665 peccatorum,
2337 4592 2417 4650 vel
2436 4592 2781 4650 observantia
2803 4596 3071 4651 bonarum
3092 4602 3340 4665 operum,
3368 4596 3541 4663 vobis,
3573 4603 3633 4654 et
3658 4610 3781 4669 pax,

537 4680 598 4740 id
624 4687 718 4749 est,
752 4682 1125 4740 reconciliatio
1158 4676 1311 4755 apud
1345 4684 1522 4740 Deum
1548 4694 1583 4740 a
1610 4676 1725 4741 Deo
1764 4684 1932 4741 Patre
1960 4686 2173 4752 nostro,
2207 4691 2264 4741 et
2295 4682 2534 4741 Domino
2576 4678 2710 4742 Jesu
2750 4682 2993 4742 Christo.
3025 4685 3085 4745 4.
3127 4687 3353 4743 Gratias
3383 4694 3489 4758 ego
3513 4688 3631 4743 Deo
3663 4692 3786 4741 meo

1873 4794 2461 4859 COMMENTARIUS.

613 4913 840 5003 CAP.I.
860 4944 935 5003 -ν
1028 4915 1291 5003 Annos.
1316 4912 1709 4982 Sanctiﬁcatis.
1742 4915 1895 4983 Ideo,
1927 4916 2026 4986 qui
2047 4928 2131 4971 η·
2152 4918 2554 4983 Dearnatibnis
2581 4918 2702 4989 ejus
2747 4924 2806 4974 et
2841 4919 3114 4991 passionis
3142 4924 3201 4976 et
3236 4925 3566 4976 ceterorum
3584 4918 3796 5003 conﬁr—

539 5002 794 5074 ενιπεηῆ
821 5002 881 5057 in
906 5002 1149 5069 Christo,
1177 5003 1510 5059 sanctiﬁcati
1537 5008 1687 5059 sunt.
2212 5011 2437 5061 metum
2468 5013 2571 5071 est,
2617 5013 2675 5061 et
2722 5024 2758 5061 a
2795 5007 2950 5063 vobis
2980 5008 3130 5064 inter
3166 5025 3263 5065 vos
3308 5009 3540 5064 diversis
3583 5002 3797 5063 Veteris

609 5093 665 5149 κ.
694 5092 942 5148 Αυαυπ.
970 5094 1053 5156 (in
1072 5092 1262 5160 Expos.
1292 5096 1434 5160 psai.
1468 5106 1545 5157 LI,
1566 5099 1705 5149 tom.
1735 5092 1906 5162 VIII).
1942 5093 2130 5148 Omni-
2209 5096 2555 5153 Testamenti
2583 5097 3029 5153 auctoritatibus.

541 5180 640 5236 bus
655 5184 757 5251 qui
780 5184 1056 5236 invocant.
1089 5181 1191 5237 Isti
1231 5180 1327 5252 qui
1373 5186 1604 5252 propter
1654 5181 1943 5237 mentiaris
1976 5198 2129 5236 com-
2278 5184 2336 5239 4.
2392 5186 2637 5241 Alanos.
2699 5186 2919 5241 Gratia:
2972 5203 3074 5255 ago
3125 5203 3241 5241 meo
3291 5189 3417 5242 Deo.
3467 5188 3796 5256 Quanquam

544 5269 729 5335 moda,
764 5270 860 5340 qui
890 5275 1121 5341 propter
1145 5275 1373 5324 terrena
1397 5269 1561 5335 bona,
1584 5270 1681 5341 qui
1709 5275 1940 5341 propter
1959 5271 2130 5325 vitam
2212 5272 2474 5328 omnibus
2492 5274 2551 5329 in
2582 5274 2824 5330 Ecclesia
2852 5274 3075 5341 scribat,
3105 5274 3185 5331 ita
3210 5275 3504 5347 signiﬁcat,
3541 5291 3669 5331 cum
3695 5266 3795 5326 ali-

543 5365 875 5426 praesentem
899 5365 956 5413 et
983 5366 1265 5413 terrenam
1294 5358 1615 5412 felicitatem
1643 5358 1908 5414 invocant
1940 5358 2133 5416 Domi-
2214 5362 2438 5432 quando
2466 5363 2714 5435 corripit,
2748 5363 3049 5434 aliquando
3077 5364 3289 5430 laudat,
3321 5371 3387 5420 ut
3415 5364 3795 5436 unusquisque

544 5456 681 5499 num
708 5446 832 5515 [ai..
863 5446 1086 5521 Deum],
1114 5462 1227 5502 non
1252 5446 1517 5502 invocant
1541 5447 1741 5502 Deum.
2214 5466 2340 5506 cum
2369 5451 2526 5523 legit,
2557 5452 2838 5521 intelligat
2863 5452 2998 5523 quid
3020 5468 3123 5523 pro
3147 5469 3230 5522 se,
3255 5453 3390 5525 quid
3418 5454 3713 5509 adversum
3739 5461 3795 5501 se

616 5530 667 5588 3.
690 5533 899 5590 Laut-'3.
929 5537 999 5590 In
1024 5539 1181 5591 omni
1211 5539 1341 5592 loco.
1376 5534 1577 5603 Verba,
1609 5536 1812 5606 inquit,
1847 5542 1905 5593 et
1951 5538 2134 5594 soien-
2214 5539 2452 5597 dicatur.

565 5621 681 5676 iam
709 5622 932 5692 tenetis,
984 5624 1128 5680 sicut
1154 5623 1541 5681 testimonium
1577 5624 1806 5692 Christi,
1845 5625 1902 5680 id
1934 5632 2021 5680 est
2042 5626 2132 5681 in-
