3912 6352
190 345 280 404 157
905 351 982 404 1N
1019 350 1086 404 1).
1126 327 1342 404 PAULl
1381 331 1606 404 EPIST.
1651 327 2026 405 conititur.
2066 373 2135 390 -
2175 328 2400 400 EPIST.
2441 347 2537 401 AD
2576 347 2750 402 non.
3337 325 3437 402 158

183 483 395 544 semper
421 482 530 546 pro
557 471 711 528 vobis
740 475 818 539 in,
845 487 948 542 pro
972 471 1156 544 gratia
1181 471 1301 538 Dei,
1336 473 1457 544 qua!
1479 473 1611 527 data
1640 477 1724 526 est
1749 470 1897 525 vobis
1920 473 1976 526 in
2000 469 2222 528 Christo
2253 469 2282 525 Ι
2288 487 2405 534 esu,
2438 474 2502 524 in
2533 467 2636 538 ﬁde
2654 466 2889 538 Christi;
2926 466 2979 528 5.
3013 467 3161 544 quod
3179 471 3238 526 in
3259 463 3438 526 omnl-

181 560 273 616 bus
297 561 501 616 divites
526 561 654 617 facti
675 562 807 617 estis
855 559 913 616 in
930 557 1045 626 illo,
1089 562 1146 616 in
1180 559 1332 616 omni
1363 560 1548 629 verbo,
1577 568 1637 614 ut
1657 560 1876 629 possitis
1909 561 2230 630 medicare,
2259 563 2315 614 et
2336 560 2395 615 in
2424 560 2579 615 omni
2611 557 2873 628 scientia;
2916 565 2967 615 et
2985 554 3172 614 sciatis
3202 557 3337 629 quid
3367 561 3440 614 sit

178 649 592 719 praedicandum
620 670 634 704 :
670 650 815 704 sicut
842 647 1226 705 testimonium
1266 649 1475 704 Christi
1528 651 1920 704 confirmatum
1967 654 2052 703 est
2076 648 2130 703 in
2171 649 2358 703 vobis:
2395 663 2513 717 quae
2536 647 2680 704 vobis
2710 650 2772 703 de
2803 643 3014 705 Christo
3039 650 3220 702 testati
3247 661 3440 701 sumus

183 740 252 792 ita
279 745 341 792 ut
370 737 523 792 nihil
548 733 699 793 vobis
720 739 865 793 desit
883 739 1102 806 (divites
1131 740 1271 806 facti
1297 742 1440 807 estis)
1476 738 1533 792 in
1555 739 1672 793 ulla
1698 739 1901 807 gratia,
1930 743 1994 811 in
2025 741 2211 808 aliqua
2240 741 2473 807 spiritus
2501 743 2679 793 sancti
2695 804 2698 806 τ
2720 737 2879 803 dono,
2913 736 3363 811 eXSpectantibus
3385 736 3438 791 6.

182 827 598 893 revelationem,
624 829 682 881 id
706 835 798 892 est,
825 832 1089 882 visionem
1113 845 1232 896 quae
1256 831 1318 894 ﬁt
1340 833 1460 896 post
1484 835 1735 890 mortem,
1755 831 1915 882 retin
1943 810 2030 881 die
2051 827 2264 896 judicii
2286 825 2508 881 Domini
2524 825 2700 881 nostri
2726 828 2856 882 Jesu
2872 810 3098 893 Christi,
3123 827 3220 897 qui
3241 818 3296 880 et
3316 838 3443 879 con-

182 914 417 970 firmabit
448 931 551 970 vos
580 929 758 986 usque
788 913 847 970 in
877 917 1046 970 ﬁnem
1071 923 1316 970 vestrum
1344 919 1426 970 vet
1455 919 1660 978 saeculi,
1684 915 1803 969 sine
1832 915 2086 980 crimine,
2118 914 2177 968 in
2207 913 2298 968 die
2327 917 2598 969 adventus
2618 914 2843 986 (scilicet
2863 918 2961 980 vet,
2988 918 3050 968 in
3080 916 3230 968 obitu
3253 915 3441 981 cujus-

179 1005 372 1074 que,cm
388 1008 454 1058 in
467 1002 677 1072 iudicii
688 1004 799 1076 die)
811 997 1030 1059 Domini
1047 1005 1228 1059 nbstri
1249 1001 1380 1059 Jesu
1404 1003 1629 1060 Christi.
1655 1005 1860 1058 Fidelis
1877 1002 2044 1069 Deus,
2075 1007 2444 1071 conﬁrmabit,
2482 1020 2614 1058 nam
2651 1003 2713 1058 de
2725 1005 3013 1073 promissis
3043 1021 3154 1058 non
3184 1007 3260 1057 est
3286 994 3444 1055 dubi-

181 1095 538 1164 tandum,per
558 1108 849 1164 quem,per
871 1098 1030 1163 cujus
1046 1093 1313 1161 gratiam,
1351 1095 1530 1148 vocati
1561 1093 1692 1147 estis
1716 1094 1770 1146 in
1801 1093 2146 1158 societatem,
2177 1099 2242 1146 ut
2271 1093 2392 1146 sitis
2433 1094 2723 1146 coheredes
2765 1093 2990 1156 Christi,
3023 1092 3121 1147 ﬁlii
3154 1093 3272 1162 ejus
3311 1087 3444 1145 Jesu

180 1182 373 1236 Christi
397 1182 634 1236 Domini
656 1181 852 1236 nostri.
888 1181 1129 1236 Obsecro
1162 1188 1350 1237 autem
1377 1199 1491 1247 vos,
1532 1183 1751 1245 fratres,
1782 1199 1880 1252 per
1907 1197 2112 1235 nomen
2141 1182 2364 1236 Domini
2390 1180 2566 1236 nostri
2597 1183 2728 1237 Jesu
2755 1181 2982 1247 Christi,
3013 1187 3077 1236 ut
3097 1181 3340 1253 idipsum
3363 1179 3448 1235 di-

179 1271 304 1324 catis
334 1285 557 1336 omnes,
593 1277 648 1324 et
668 1287 780 1324 non
812 1269 925 1324 sint
947 1271 1006 1325 in
1034 1269 1189 1325 vobis
1218 1269 1519 1326 schismata
1545 1291 1555 1336 ;
1597 1270 1719 1324 sitis
1750 1277 1939 1325 autem
1964 1269 2195 1342 perfecti
2225 1271 2282 1324 in
2313 1270 2504 1324 eodem
2522 1285 2711 1324 sensu.
2746 1272 2927 1324 eadem
2958 1273 3259 1333 voluntate,
3296 1274 3352 1322 et
3383 1268 3445 1323 in

179 1361 360 1414 eadem
385 1360 676 1414 sententia
707 1363 856 1427 (rogo
884 1377 950 1413 ne
995 1365 1111 1414 sint
1135 1364 1197 1414 in
1220 1363 1368 1414 vobis
1405 1358 1742 1427 schismata).
1775 1356 2164 1429 Significatum
2207 1364 2293 1412 est
2329 1359 2476 1412 enim
2512 1359 2650 1412 mihi
2674 1359 2742 1412 de
2771 1358 2942 1421 vobis,
2971 1357 3173 1410 fratres
3201 1357 3331 1422 mei,
3373 1350 3444 1411 ab

179 1447 238 1501 iis
272 1445 366 1518 qui
389 1453 532 1501 sunt
562 1447 783 1514 Chloes,
809 1447 942 1520 quia
968 1449 1356 1502 contentiones
1408 1451 1540 1501 sunt
1580 1447 1730 1500 inter
1777 1465 1892 1501 vos.
1942 1445 2058 1501 Hoc
2105 1453 2294 1501 autem
2345 1447 2487 1513 dico,
2523 1447 2670 1518 quod
2701 1441 2752 1501 7.
2786 1446 3170 1516 unusquisque
3198 1449 3447 1499 vestrum

179 1538 463 1602 (atiushoc,
498 1539 830 1606 atiusittud)
851 1534 1005 1601 dicit,
1037 1532 1150 1607 Ego
1177 1541 1305 1599 [ecce
1331 1534 1719 1606 contentiones)
1753 1536 1978 1607 quidem
2011 1552 2136 1591 sum
2167 1537 2471 1605 disc-mutus
2497 1536 2656 1590 Pauli
2683 1553 2694 1602 ;
2730 1551 2832 1606 ego
2862 1541 3051 1588 autem
3077 1533 3305 1604 Apollo;
3343 1548 3445 1604 ego

179 1640 294 1678 vero
313 1623 368 1678 8.
393 1625 603 1696 Cephze
632 1641 643 1679 :
673 1625 858 1680 Petri:
888 1625 1128 1696 (cephas,
1175 1629 1337 1693 caput
1353 1644 1368 1688 ;
1397 1625 1541 1678 unde
1562 1624 1831 1696 acephali,
1855 1623 1909 1678 id
1941 1631 2046 1689 est,
2073 1627 2192 1679 sine
2209 1627 2423 1692 capite,)
2452 1641 2554 1695 ego
2578 1629 2767 1677 autem
2799 1622 3022 1678 Christi.
3047 1619 3099 1677 9.
3126 1622 3342 1676 Divisus
3364 1628 3450 1676 est

179 1729 208 1764 α
237 1717 404 1767 servis
433 1717 558 1767 suis
579 1713 875 1768 Christus?
904 1713 1169 1784 Nunquid
1200 1712 1408 1767 Paulus
1452 1712 1748 1768 cruciﬁXus
1786 1718 1870 1766 est
1907 1729 2004 1783 pro
2027 1711 2229 1766 vobis?
2276 1718 2375 1766 aut
2416 1712 2474 1766 in
2512 1711 2738 1766 nomine
2768 1708 2924 1765 Pauli
2967 1708 3233 1781 baptizati
3259 1708 3394 1764 estis
3420 1710 3447 1763 ’ἶ

179 1802 390 1855 Gratias
421 1818 535 1871 ago
566 1803 699 1868 Deo,
733 1803 880 1872 quod
900 1802 1183 1855 neminem
1216 1808 1457 1855 vestrum
1488 1802 1782 1872 baptizari,
1811 1803 1919 1856 nisi
1944 1803 2202 1872 Crispum
2237 1807 2292 1854 et
2322 1802 2538 1867 Caium,
2562 1817 2631 1854 ne
2650 1799 2773 1870 quis
2802 1799 2952 1853 dicat
2971 1799 3194 1869 quodin
3222 1799 3448 1851 nomine

178 1909 290 1945 meo
323 1891 601 1961 baptizati
621 1890 774 1946 estis.
799 1891 1079 1962 Baptizavi
1108 1895 1299 1944 autem
1332 1894 1511 1959 (quasi
1540 1893 1892 1953 remetlt'attcs)
1925 1897 1982 1945 et
2017 1892 2312 1960 Stephanus
2345 1891 2598 1943 domum.
2633 1890 2932 1953 Caeterum,
2983 1887 3171 1942 nescio
3203 1887 3251 1940 si
3283 1902 3450 1956 quem

178 1979 333 2034 alium
369 1979 797 2049 baptizaverim.
821 1981 944 2033 Non
972 1979 1121 2032 enim
1161 1979 1312 2033 misit
1347 1995 1434 2033 me
1453 1980 1706 2034 Christus
1737 1977 2042 2048 baptizare,
2066 1980 2162 2034 sed
2180 1979 2559 2049 evangelizare
2586 1997 2597 2030 :
2625 1977 2714 2042 10,
2735 1978 2819 2032 '11.
2843 1993 2955 2030 non
2988 1975 3142 2032 l2.in
3172 1974 3450 2045 sapientia

179 2068 336 2132 verbi,
368 2068 454 2125 i3.
493 2074 561 2124 ut
591 2084 704 2121 non
733 2074 1030 2122 evacuetur
1057 2085 1188 2122 crux
1214 2067 1442 2122 Christi.
1474 2069 1562 2122 14.
1596 2067 1865 2134 Verbum,
1901 2070 1957 2121 id
1983 2075 2056 2121 est
2075 2070 2414 2137 praedicatio,
2448 2067 2598 2120 enim
2630 2063 3450 2135 crucis,pereuntibusquidem

178 2157 403 2212 stultitia
435 2164 559 2225 est;
591 2158 663 2212 iis
686 2162 873 2212 autem
903 2158 997 2226 qui
1020 2157 1154 2210 salvi
1184 2158 1346 2220 ﬁunt,
1376 2157 1431 2210 id
1455 2163 1557 2222 est,
1592 2156 1770 2219 nobis,
1796 2155 1880 2210 15.
1929 2157 2031 2210 Dei
2055 2157 2228 2211 virtus
2249 2161 2353 2220 est,
2403 2157 2463 2208 id
2502 2160 2575 2207 est
2605 2156 2744 2206 dans
2772 2157 3034 2206 virtutem
3065 2153 3325 2215 credenti,
3352 2165 3450 2220 per

176 2263 353 2313 quam,
386 2264 519 2301 cum
561 2264 646 2301 res
675 2249 864 2313 exigit,
893 2249 1168 2299 mirae-uta
1191 2247 1350 2312 ﬁunt.
1391 2244 1675 2315 Scriptum
1703 2250 1788 2298 est
1809 2247 1978 2312 enim,
2017 2248 2149 2310 (non
2173 2250 2235 2298 in
2258 2246 2531 2312 sapientia
2565 2245 2736 2307 verbi,
2758 2245 2892 2310 quia
2913 2243 3054 2295 Deus
3081 2241 3334 2308 reprobat
3354 2254 3446 2291 sa-

174 2337 434 2402 pientiam
465 2335 623 2389 verbi
661 2337 877 2400 mundi,
912 2339 959 2387 et
989 2335 1085 2388 hoc
1113 2336 1325 2402 probat,
1361 2336 1493 2402 quia
1523 2336 1795 2400 scriptum
1827 2339 1961 2402 est):
2010 2331 2092 2390 16.
2126 2335 2366 2388 Perdam
2387 2332 2724 2402 sapientiam
2746 2330 3108 2400 sapientium,
3143 2331 3330 2396 (causa
3347 2342 3448 2381 cur

181 2428 233 2476 in
245 2427 523 2492 sapientia
555 2425 705 2478 verbi
735 2439 844 2477 non
871 2422 1270 2491 praedicauerit)
1290 2428 1344 2476 et
1374 2421 1729 2494 prudentiam
1754 2422 2117 2492 prudentium
2144 2421 2471 2493 reprobabo.
2507 2419 2614 2474 Ubi
2641 2418 2905 2490 sapiens?
2949 2418 3197 2486 perditus
3226 2419 3319 2468 est.
3346 2411 3451 2471 Ubi

181 2511 384 2566 scriba?
407 2510 498 2566 '17.
520 2513 628 2567 Ubi
650 2512 1013 2582 conquisitor,
1029 2513 1341 2579 disputator
1365 2513 1666 2566 mundana
1693 2514 1976 2579 sapientiae
1996 2509 2164 2580 huius
2191 2511 2628 2566 saculi?.~'otuit
2648 2511 2790 2563 Deus
2814 2524 2915 2579 per
2944 2510 3218 2575 sapientes
3249 2506 3453 2558 mundi

1505 2659 2101 2717 COMMENTARIUS.

247 2820 294 2871 5.
334 2816 547 2871 Lmen.
592 2817 745 2883 Quod
786 2818 849 2870 in
891 2779 1146 2868 omnibus
1172 2815 1384 2868 divites.
1419 2815 1622 2867 Totum
1674 2830 1775 2884 pro
1794 2816 1842 2873 Α
1862 2811 2096 2867 convicti
2125 2818 2182 2866 et
2204 2813 2512 2879 crederent,
2549 2829 2662 2867 non
2693 2813 2982 2884 prodesset
3011 2811 3112 2864 eis.

184 2905 328 2974 parte
356 2906 545 2976 ponit.
598 2903 726 2958 Non
755 2904 904 2956 enim
931 2918 1126 2957 omnes
1155 2903 1214 2956 in
1244 2902 1504 2957 omnibus
1546 2902 1774 2955 virtuti-

186 2993 274 3047 bus
300 2995 501 3048 divites
524 2999 705 3048 erant.
739 2989 1020 3056 Quosdam
1061 2992 1211 3046 enim
1259 2992 1314 3045 in
1371 2989 1774 3062 posterioribus

186 3082 482 3153 redarguit.

248 3169 296 3226 6.
327 3173 750 3235 Revelationem,
807 3169 866 3224 id
919 3177 1005 3224 est
1045 3169 1317 3224 visionem
1392 3185 1517 3240 quae
1562 3171 1626 3223 ﬁt
1652 3174 1779 3240 post

187 3261 433 3326 martem,
467 3251 560 3313 vel
589 3260 646 3313 in
673 3259 764 3312 die
788 3259 1004 3329 judicii.

246 3347 297 3404 7.
332 3350 716 3417 Unusquisque
735 3354 994 3402 oestrum.
1018 3348 1141 3400 Non
1154 3347 1540 3417 unusquisque
1560 3347 1778 3400 dicebat

188 3437 290 3491 haec
316 3429 592 3508 quatuor;
639 3437 734 3490 sed
764 3436 1209 3490 subaudiendum
1245 3441 1331 3489 est
1364 3454 1374 3488 ε
1407 3436 1565 3489 Alius
1593 3436 1728 3488 dicit
1761 3457 1771 3490 :

190 3526 290 3595 Ego
304 3527 533 3596 quidem
547 3543 674 3579 sum
700 3525 857 3579 Pauli
874 3545 885 3592 ;
902 3525 1046 3579 alius
1065 3530 1251 3578 autem
1272 3543 1282 3577 :
1310 3525 1423 3594 Ego
1441 3526 1771 3595 Apollo,etc.

191 3613 268 3667 Sic
295 3617 441 3668 enim
484 3615 730 3685 ipsemet
756 3614 813 3667 in
843 3614 1208 3684 sequentibus
1239 3614 1495 3684 exposuit
1541 3614 1732 3668 dicens
1762 3633 1774 3668 :

192 3703 314 3757 Cum
341 3708 496 3759 enim
521 3707 648 3773 quis
669 3705 824 3769 dicit,
878 3719 970 3771 ego
998 3703 1222 3772 quidem
1249 3719 1373 3757 sum
1413 3704 1597 3757 Pauli:
1629 3706 1778 3756 alius

191 3799 380 3856 autem,
413 3811 508 3861 ego
533 3796 743 3860 Apollo,
777 3798 882 3848 etc.

251 3878 574 3937 8.Ac~cus'r.
618 3881 727 3948 Ego
758 3879 956 3949 capita.
1018 3880 1088 3933 Hi
1135 3879 1391 3934 dividunt
1439 3881 1546 3934 sibi
1588 3880 1780 3934 Eccle-

195 3967 350 4025 siam:
385 3977 442 4023 et
464 3974 657 4040 partes
686 3968 865 4023 facere
897 3970 965 4023 de
991 3969 1211 4024 unitate
1233 3975 1531 4023 conantur.

255 4057 304 4115 9.
333 4059 583 4114 AMBROS.
638 4061 856 4112 Divisus
908 4061 987 4112 est
1042 4060 1308 4114 Christus.
1358 4059 1608 4113 Divisum
1652 4057 1822 4117 dicit,

1935 2900 2016 2955 13.
2041 2903 2286 2955 AUGUST.
2315 2906 2394 2962 (ea
2423 2903 2517 2954 tib.
2551 2904 2623 2954 De
2679 2907 2795 2954 nat.
2853 2906 2903 2953 et
2937 2894 3081 2965 grat.
3117 2902 3311 2950 contra
3340 2897 3452 2951 Pet.

1861 3005 1981 3059 cap.
2024 2988 2076 3055 7,
2101 2994 2237 3042 tom.
2272 2989 2418 3058 VII).
2457 2990 2520 3042 Ut
2542 3004 2651 3041 non
2681 2991 2991 3041 ecaeueta-r.
3026 2986 3340 3039 Evacuatur
3360 3000 3457 3037 au-

1859 3084 1974 3132 tem
1996 3078 2043 3131 si
2065 3093 2174 3148 quo
2204 3076 2368 3130 modo
2398 3082 2601 3147 prater
2628 3077 2777 3130 illius
2813 3079 3245 3138 sacramentum,
3278 3073 3349 3125 ad
3365 3069 3455 3141 ju-

1859 3167 2090 3231 stitiam,
2123 3167 2407 3236 vitamque
2459 3172 2728 3220 aeternam
2771 3163 3048 3236 perveniri
3085 3172 3249 3234 posse
3301 3160 3455 3214 dica-

1858 3261 1977 3312 tur.

1933 3344 2024 3402 14.
2054 3345 2262 3398 Lassa.
2308 3343 2533 3398 Verbum
2563 3345 2732 3395 enim.
2756 3337 2919 3394 Ratio
2940 3355 3038 3393 cur
3065 3351 3176 3392 non
3198 3339 3461 3410 praedicet

1862 3433 1920 3486 in
1941 3432 2216 3504 sapientia
2233 3431 2402 3485 verbi.
2439 3431 2684 3485 Studiosi
2705 3431 2916 3484 etenim
2963 3429 3140 3500 ipsius
3170 3429 3326 3492 artis,
3364 3427 3461 3498 qui

1861 3527 2048 3577 tamen
2071 3521 2404 3575 Christiana;
2432 3520 2720 3590 religionis
2741 3524 2994 3590 expertes
3022 3524 3173 3583 sunt,
3201 3516 3349 3587 quod
3370 3527 3466 3586 pe-

1860 3617 2086 3663 reuntes
2105 3615 2281 3672 vocat,
2313 3608 2540 3679 velquia
2554 3609 2808 3662 doctrina
2821 3620 3015 3662 eorum
3043 3606 3103 3661 in
3125 3606 3462 3678 quibusdam

1861 3699 2024 3768 perit,
2052 3699 2138 3751 vel
2168 3698 2300 3766 quia
2345 3698 2402 3750 in
2459 3701 2732 3752 aeternum
2782 3697 3018 3768 perituri
3063 3700 3239 3763 sunt;
3282 3693 3464 3749 stulti-

1863 3787 1998 3840 tiam
2035 3788 2310 3857 deputant
2335 3792 2572 3840 mortem
2605 3787 2834 3840 Christi.

1932 3877 2020 3929 15.
2063 3877 2243 3929 Virtus
2289 3877 2388 3929 Dei
2424 3881 2518 3940 est,
2574 3876 2630 3928 id
2689 3881 2792 3940 est,
2851 3876 2989 3927 dans
3041 3873 3306 3926 virtutem
3363 3873 3465 3927 Dei

1865 3965 2130 4030 credenti,
2189 3981 2288 4035 per
2345 3980 2514 4034 quam
2579 3965 2870 4029 miracula,
2941 3970 3068 4016 cum
3121 3977 3212 4015 res
3269 3962 3460 4031 exigit,

1866 4055 2029 4108 ﬁunt.

197 4144 506 4216 Christum;
573 4145 704 4218 quia
758 4147 994 4216 gloriam
1047 4146 1170 4217 ejus
1224 4148 1542 4202 hominibus
1588 4129 1849 4219 partitiB
1940 4138 2025 4197 16.
2060 4143 2293 4195 Perdam
2322 4144 2670 4209 sapientiam.
2703 4133 2827 4193 Alia
2854 4139 2998 4192 ratio
3028 4151 3127 4194 cur
3173 4146 3287 4193 non
3324 4144 3470 4208 prte-

199 4243 335 4288 sunt.

263 4324 340 4378 10.
376 4326 499 4379 Non
526 4327 591 4377 in
619 4327 909 4393 sapientia.
944 4323 1194 4394 Imperiti
1231 4324 1391 4378 electi
1416 4327 1563 4391 sunt,
1598 4331 1662 4380 ut
1689 4327 1788 4379 do-

198 4411 371 4466 ctrina:
400 4413 608 4466 veritas
636 4423 696 4465 se
740 4413 1175 4478 commendaret,
1233 4417 1374 4467 teste
1404 4415 1609 4468 virtute
1636 4433 1650 4481 ;
1707 4432 1775 4468 ne

199 4499 488 4556 calliditate
544 4501 803 4555 humanae
840 4502 1146 4574 sapientiae,
1180 4503 1536 4572 acceptabilis
1565 4505 1778 4557 videre-

199 4590 296 4653 tur,
331 4595 440 4644 non
471 4590 733 4644 veritate;

267 4675 342 4733 li.
387 4679 600 4734 Lmen.
658 4676 780 4732 Non
817 4680 880 4731 in
925 4679 1223 4744 sapientia.
1284 4679 1649 4748 Sapientiam,
1695 4679 1791 4733 ubi

202 4763 530 4821 dialecticam
554 4767 708 4833 dicit,
743 4781 843 4836 per
875 4781 1044 4836 quam
1071 4781 1226 4832 crux,
1259 4769 1380 4832 44
1413 4768 1470 4821 id
1500 4776 1601 4835 est,
1635 4786 1786 4823 mors

205 4851 393 4932 Christi
421 4864 546 4909 eam
577 4855 904 4926 simpliciter
930 4853 1369 4924 intelligentibus
1421 4859 1675 4911 evacuari
1704 4842 1787 4911 vi-

207 4939 368 5008 detur,
391 4945 524 5015 quia
547 4945 698 4998 Deus
729 4943 1088 5002 immortalis.
1115 4944 1370 4998 Christus
1397 4952 1584 4999 autem
1608 4949 1784 5014 Deus;

208 5029 441 5088 Christus
472 5034 646 5104 igitur
674 5032 1030 5088 immortalis.
1080 5032 1138 5086 Si
1172 5038 1360 5086 autem
1407 5035 1739 5089 immortalis
1773 5056 1785 5102 ;

211 5119 332 5172 mori
360 5132 470 5175 non
499 5122 702 5192 potuit.
750 5121 840 5175 Sic
868 5121 937 5174 de
967 5126 1131 5190 partu
1173 5121 1440 5190 Virginis,
1471 5130 1528 5177 et
1557 5124 1789 5194 quibus—

213 5206 323 5260 da'm
348 5210 468 5264 aliis
497 5211 887 5275 sacramentis,
917 5209 1310 5280 perspicaciter
1352 5218 1546 5266 tamen
1574 5213 1793 5267 intuen-

215 5293 361 5362 tibus,
391 5299 682 5353 dialectica
728 5299 1080 5353 sacramenta
1134 5299 1235 5352 Dei
1290 5316 1402 5354 non
1449 5301 1790 5372 impugnat;

1869 4231 2015 4284 dicet
2039 4230 2094 4283 in
2117 4230 2394 4300 sapientia
2420 4227 2574 4282 Verbi
2608 4244 2622 4284 :
2654 4229 2950 4300 prephetin
2967 4229 3116 4284 enim
3138 4227 3470 4283 auctoritate

1869 4319 2168 4389 reprobate
2193 4323 2295 4371 est.
2329 4319 2519 4372 Potest
2567 4319 2734 4372 etiam
2785 4318 3072 4389 responsio
3120 4323 3260 4380 esse,
3310 4316 3470 4386 quasi

1873 4407 2074 4477 aliquis
2095 4407 2305 4461 diceret
2332 4423 2346 4459 :
2377 4423 2477 4460 cur
2493 4408 2630 4461 dicis
2646 4406 3052 4478 pereuntibus?
3074 4398 3138 4460 In
3167 4396 3347 4459 Abdia'
3365 4406 3471 4458 hoc

1859 4497 2066 4565 legitur
2098 4515 2109 4548 :
2140 4497 2411 4564 Nunquid
2439 4511 2550 4550 non
2595 4499 2656 4551 in
2697 4498 2783 4551 die
2833 4498 2956 4562 illa,
2988 4497 3121 4549 dicit
3177 4497 3465 4558 Dominus,

1865 4587 2097 4654 perdam
2121 4587 2386 4653 sapientes
2408 4587 2474 4638 de
2492 4587 2754 4653 Idumen,
2779 4592 2827 4639 et
2844 4587 3207 4654 prudentiam
3219 4579 3281 4637 de
3295 4590 3475 4636 monte

1873 4673 2020 4727 Esau
2039 4680 2062 4726 ?

1946 4761 2026 4818 l7.
2066 4757 2160 4817 Ubi
2187 4765 2390 4815 scriba.
2428 4761 2611 4815 Verba
2638 4763 2890 4833 Apostoli
2911 4768 3062 4816 sunt.
3104 4762 3308 4816 Scriba;
3341 4767 3472 4815 sunt

1870 4851 2164 4905 moralium
2231 4856 2287 4904 et
2341 4852 2686 4909 naturalium
2746 4852 3018 4905 librorum
3088 4857 3365 4919 auctores,
3417 4856 3474 4904 et

1871 4948 2097 4996 actuum
2127 4940 2479 4996 saeuularium
2511 4941 2828 5010 scriptores,
2853 4942 2908 4994 id
2940 4947 3026 4995 est
3055 4942 3123 4994 de
3160 4941 3295 5011 ipsis
3333 4939 3474 4992 arti-

1873 5029 1976 5082 bus
2009 5035 2286 5098 przecepta
2316 5028 2531 5081 dantes.
2558 5029 2978 5099 Conquisitores
3005 5035 3136 5083 sunt
3173 5031 3476 5097 argumen-

1873 5119 2084 5172 tatores
2112 5131 2177 5170 ex
2202 5117 2492 5187 praeceptis
2523 5117 2768 5188 ipsarum
2802 5119 3007 5174 artium
3038 5117 3248 5186 aliquid
3270 5131 3477 5186 appro-

1874 5207 2092 5260 bantes.
2126 5205 2360 5276 Sapiens
2378 5207 2640 5276 generale
2668 5207 2958 5277 utriusque
2997 5205 3324 5259 vocabulum
3355 5210 3467 5262 est.

1878 5297 1992 5348 Hos
2022 5295 2358 5350 adnihilatos
2386 5312 2508 5349 esse
2554 5296 2828 5366 perhibet,
2879 5311 2990 5348 non
3031 5294 3161 5364 quia
3191 5293 3475 5348 doctrinas

215 5384 297 5436 sed
323 5394 440 5440 cum
470 5398 559 5442 res
590 5387 783 5457 exigit,
827 5388 873 5441 si
926 5386 1235 5441 rectissime
1265 5394 1546 5457 teneatur,
1593 5393 1798 5444 astruit
1877 5390 2073 5438 eorum
2104 5384 2459 5437 omnifariam
2490 5385 2784 5464 improbet,
2815 5384 2870 5435 in
2901 5383 3092 5436 multis
3121 5382 3270 5436 enim
3304 5383 3479 5436 sacris

218 5478 265 5524 et
285 5483 376 5528 con
384 5478 586 5531 ﬁrmat.

281 5559 354 5615 12.
385 5565 448 5616 In
473 5567 747 5634 sapientia
772 5565 940 5617 verbi.
981 5564 1106 5618 Non
1128 5561 1466 5632 syllogistice
1487 5562 1790 5632 probando,

221 5648 336 5716 quia
356 5651 430 5706 sic
458 5653 643 5724 potius
671 5658 861 5724 posset
886 5651 1211 5724 improbari.
1245 5651 1346 5705 Vel
1380 5651 1426 5704 si
1450 5652 1791 5722 syllogistice

1810 5484 1856 5546 ο
1876 5474 2078 5528 litteris
2117 5475 2476 5539 concordant,
2509 5471 2606 5526 sed
2636 5473 2888 5541 quaedam
2932 5477 3232 5526 senserunt
3264 5477 3321 5526 et
3347 5472 3481 5525 sel-i-

1879 5566 2114 5634 pseru'nt
2141 5562 2423 5614 contraria
2472 5561 2800 5616 Christianae
2827 5557 3104 5630 religioni,
3139 5561 3378 5616 maxime
3407 5561 3476 5614 de

1878 5653 2098 5705 cultura
2127 5652 2291 5705 unius
2324 5651 2447 5703 Dei.
