3912 6360
461 306 563 367 159
1441 317 1505 371 Β.
1546 317 1959 375 LANFRANCI
1998 316 2357 373 CANTUAR.
2398 316 2733 371 ARCHIEP.
3605 298 3734 357 460

459 436 675 489 salvare
702 437 974 491 credentes
995 455 1013 504 ;
1056 454 1191 493 nam
1207 456 1309 509 per
1334 442 1527 495 stultos
1546 444 1944 511 pradicatores,
1969 444 2325 496 sacularium
2338 442 2661 495 litterarum
2684 440 2987 509 imperitos.
3015 434 3097 494 18.
3115 435 3313 490 Nonne
3333 428 3565 484 stultam
3582 424 3733 479 fecit

459 521 611 577 Deus
639 526 973 595 sapientiam
1005 528 1176 598 hujus
1204 530 1436 584 mundi?
1462 532 1607 585 Nam
1628 531 1761 601 quia
1787 532 1847 585 in
1867 531 1969 585 Dei
1998 530 2295 601 sapientia,
2315 531 2506 583 divino
2535 532 2783 595 consilio,
2799 544 2912 582 non
2927 525 3202 597 cognovit,
3224 538 3337 576 non
3357 524 3431 574 est
3444 518 3733 588 placitum

459 617 524 665 ut
548 620 878 679 cognosceret
924 617 1169 670 mundus
1198 635 1299 687 per
1327 619 1659 689 sapientiam
1688 620 2043 673 mundanam
2071 620 2251 673 Deum
2275 635 2285 669 :
2329 615 2412 672 19.
2443 616 2657 687 placuit
2679 617 2794 671 Deo
2824 632 2925 687 per
2955 613 3257 669 stultitiam
3283 603 3728 680 praedicationis,

458 704 655 755 stultos
671 704 1073 770 praedicatores,
1106 706 1167 759 id
1191 711 1287 769 est,
1300 722 1401 774 per
1420 710 1702 774 imperitos
1729 710 2085 762 saecularium
2112 711 2434 762 litterarum
2450 708 2834 774 pradicatores
2849 705 3028 758 salvos
3038 704 3221 757 facere
3236 699 3545 753 credentes.
3566 694 3737 757 Quo-

460 788 615 843 niam
647 795 704 843 et
734 788 821 857 20,
843 790 931 847 21.
951 792 1128 847 Judaei
1154 793 1315 864 signa
1342 800 1559 865 petunt,
1584 801 1647 848 ut
1670 799 2052 864 przdz'catores
2080 799 2361 850 miracula
2389 797 2602 863 faciant
2629 794 2719 851 ‘22.
2738 786 2808 849 aet
2828 794 3026 857 Graeci,
3048 793 3431 861 praedicatores
3450 790 3513 839 ut
3531 785 3734 837 dicant
3784 814 3789 818 -

459 878 791 948 sapientiam
818 884 1179 947 syllogisticas
1201 884 1567 951 probationes,
1605 890 1892 955 quaerunt,
1920 901 2021 939 nos
2050 890 2239 939 autem
2270 884 2636 955 praedicamus
2685 884 2973 939 Christum
3003 881 3349 941 cruciﬁxum,
3392 874 3481 930 23.
3514 871 3739 928 Iudaeis

461 966 688 1036 quidem
703 972 829 1032 45
842 967 1326 1038 scandalum,quia
1343 988 1521 1037 regem
1549 989 1714 1026 suum
1745 976 2080 1040 cruciﬁan'sse
2108 976 2398 1038 dicuntur,
2426 971 2516 1027 94.
2531 972 2809 1043 gentibus»
2818 978 3008 1026 autem
3024 967 3323 1023 stultitiam
3343 984 3356 1031 ;
3379 963 3515 1034 ipsis
3531 964 3739 1014 autem

458 1056 1173 1124 vocatis,pr.edestinatisad
1182 1063 1353 1113 vitam
1368 1062 1398 1114 J
1402 1061 1572 1115 udaeis
1597 1067 1764 1132 atque
1778 1063 2003 1125 Graecis,
2036 1061 2318 1115 Christum
2341 1060 2443 1115 Dei
2459 1060 2547 1126 23,
2580 1060 2667 1116 26.
2704 1062 2988 1125 virtutem,
3019 1064 3076 1112 et
3120 1056 3221 1112 Dei
3249 1051 3604 1125 sapientiam,
3629 1045 3730 1107 27.

458 1142 958 1215 28.Quia29.quod
970 1147 1573 1217 stultum(incarnatio,
1600 1154 1798 1221 passio)
1828 1153 2141 1218 inﬁdelibus
2163 1154 2248 1202 est
2276 1149 2377 1202 Dei
2403 1166 2471 1203 ea:
2495 1151 2600 1205 Deo
2628 1151 2936 1221 sapientius
2982 1153 3066 1202 est
3117 1143 3435 1200 hominibus
3470 1161 3481 1195 :
3540 1143 3598 1192 et
3635 1134 3739 1195 3ον

461 1230 547 1287 31.
569 1232 715 1303 quod
734 1232 1022 1288 inﬁrmum
1052 1240 1137 1288 est
1166 1236 1286 1299 Dei,
1321 1239 1442 1305 (per
1458 1240 1618 1305 ﬁdem
1646 1243 1795 1293 enim
1824 1257 2015 1293 eorum
2040 1244 2258 1307 peccata
2276 1241 2664 1305 remittuntur,
2696 1246 2745 1293 et
2773 1241 3035 1293 daemones
3052 1237 3428 1303 expelluntur,
3460 1229 3601 1298 quod
3629 1226 3742 1279 ho—

458 1324 636 1374 mines
666 1325 966 1393 nequeunt)
984 1322 1185 1377 fortius
1205 1330 1291 1378 est
1307 1326 1845 1382 hominibusNidete
1866 1328 2016 1381 enim
2038 1327 2388 1381 vocationem
2404 1334 2666 1390 vestram,
2690 1331 2749 1383 id
2768 1332 2862 1391 est,
2887 1343 2983 1393 per
3004 1341 3135 1393 quos
3151 1323 3327 1376 vocati
3346 1317 3737 1385 sitis,fratres,

460 1408 595 1478 quia
623 1424 737 1462 non
766 1410 930 1464 multi
958 1411 1244 1482 sapientes
1272 1415 1583 1470 secundum
1612 1418 2299 1485 carnem,pradicaverunt
2315 1418 2457 1469 vobis
2480 1432 2713 1484 regnum
2738 1417 2851 1483 Dei,
2874 1413 2961 1471 32.
2983 1429 3096 1467 non
3123 1409 3285 1464 multi
3311 1411 3588 1480 potentes,
3618 1405 3742 1456 sci-

462 1500 587 1551 licet
599 1499 1043 1565 przedicaverunt
1063 1505 1289 1557 verbum
1318 1507 1432 1568 Dei,
1466 1521 1577 1559 non
1606 1506 1769 1560 multi
1799 1505 2012 1561 nobiles
2048 1523 2060 1558 :
2092 1505 2190 1558 sed
2220 1521 2343 1575 quae
2373 1504 2545 1557 stulta
2574 1510 2705 1557 sunt
2727 1502 2922 1557 mundi
2943 1502 3131 1570 elegit,
3158 1498 3351 1567 probat
3374 1496 3509 1564 quia
3529 1493 3745 1545 stultos

462 1587 511 1634 et
527 1584 780 1648 inﬁrmos
797 1586 953 1651 elegit
974 1585 1213 1646 Deus,ut
1227 1588 1858 1653 confundat,erubescere
1876 1595 2067 1660 faciat,
2091 1594 2405 1665 sapientes;
2431 1598 2486 1646 et
2504 1593 2732 1646 inﬁrma
2758 1592 2953 1646 mundi
2972 1589 3142 1659 elegit
3157 1589 3325 1647 Deus,
3344 1590 3409 1638 ut
3419 1579 3742 1637 confundat

461 1668 665 1736 fortia;
699 1673 755 1725 et
787 1669 1058 1741 ignobilia
1085 1675 1296 1743 mundi,
1320 1681 1377 1732 et
1405 1675 1491 1733 33.
1523 1679 1962 1750 contemptibilia
1990 1681 2160 1751 elegit
2178 1683 2346 1748 Deus,
2381 1687 2439 1736 et
2469 1699 2537 1736 ea
2565 1699 2687 1752 quae
2708 1698 2821 1735 non
2848 1686 2998 1745 sunt,
3024 1694 3137 1732 non
3158 1692 3265 1730 csse
3292 1675 3646 1735 videbantur,
3666 1673 3753 1722 ut

1809 1797 2395 1852 COMMENTARIUS.

531 1901 621 1959 18.
652 1905 893 1959 AUGUST.
923 1906 1010 1975 (ea:
1039 1908 1133 1961 lib.
1168 1909 1239 1961 De
1267 1915 1428 1977 past,
1470 1926 1591 1981 cap,
1641 1912 1730 1977 12,
1758 1918 1896 1966 tom.
1934 1913 2050 1983 IX.)
2070 1915 2121 1972 A
2208 1910 2296 1968 28.
2321 1914 2524 1967 LANFR.
2551 1914 2703 1981 Quod
2730 1916 2967 1967 stultum
2986 1916 3087 1968 est.
3127 1904 3444 1963 Incarnatio
3463 1907 3521 1957 et
3548 1900 3750 1972 passio

432 1992 658 2055 ,Nonne
672 1996 923 2050 stultam.
954 1995 1170 2050 Dicitur
1194 1997 1492 2067 aliquando
1540 2001 1599 2054 in
1630 2002 1931 2072 Scripturis
1959 2018 2051 2055 sa-

2132 2001 2235 2055 Dei
2265 2007 2321 2055 et
2348 2002 2591 2055 hominis
2614 2003 2744 2056 Jesu
2776 1999 3003 2065 Christi,
3028 2015 3150 2069 quae
3162 1992 3485 2067 hujusmodi
3513 1989 3751 2060 sapien-

460 2079 676 2149 pientia
718 2097 818 2151 pro
868 2084 1093 2149 astutia,
1127 2084 1394 2140 abusione
1444 2088 1614 2156 verbi,
1646 2107 1759 2144 non
1807 2091 2054 2161 proprie-
2133 2089 2285 2143 tibus
2314 2090 2554 2144 stultitia
2575 2090 2925 2153 videbantur,
2952 2089 3225 2157 majorem
3255 2080 3588 2154 sapientiam
3611 2093 3756 2131 con-

459 2172 598 2222 tate.

530 2253 620 2311 19.
644 2257 849 2311 LANFR.
881 2261 1097 2314 Placuit
1118 2263 1221 2315 Deo
1237 2279 1336 2331 per
1353 2267 1678 2332 stultitiam,
1714 2271 1819 2320 etc.
1853 2268 1979 2321 Non
1999 2267 2057 2320 in

460 2344 740 2414 sapientia
760 2347 911 2401 verbi
940 2349 1200 2419 praedico,
1231 2354 1379 2422 quod
1418 2355 1633 2425 probat,
1659 2356 1791 2426 quia
1809 2372 1909 2427 per
1924 2356 2059 2409 stul-

461 2431 647 2487 titiam
700 2436 912 2505 placuit
938 2437 1052 2492 Deo
1080 2440 1259 2494 salvos
1285 2442 1467 2497 facere
1496 2445 1805 2510 credentes,
1857 2449 1914 2497 et
1953 2444 2058 2496 hoc

461 2523 680 2593 probat,
722 2525 854 2595 quia
882 2527 1159 2597 sapientia
1187 2531 1382 2585 mundi
1411 2549 1523 2586 non
1552 2534 1782 2604 placuit,
1802 2531 1949 2603 quod
1973 2536 2058 2585 est

461 2611 523 2665 in
552 2612 653 2666 Dei
680 2614 971 2685 sapientia,
996 2632 1107 2670 non
1137 2620 1399 2689 cognovit
1436 2622 1678 2675 mundus
1706 2638 1807 2692 per
1842 2620 2058 2691 sapien-

465 2701 608 2755 tiam
639 2700 837 2756 Deum.

534 2787 631 2846 20.
688 2793 883 2846 Judai.
929 2794 1106 2847 Judaei
1153 2795 1675 2850 scandalizabantur
1711 2795 1843 2866 quia
1870 2812 2060 2866 regem

464 2893 630 2932 suum
650 2880 989 2936 cruciﬁxisse
1018 2883 1371 2938 dicebantur.

434 3006 438 3010 Α
534 2963 623 3021 21.
656 2968 901 3026 AMBROS.
931 2972 1111 3024 Judaei
1155 2975 1319 3039 signa
1370 2978 1584 3041 petunt.
1631 2973 1791 3028 Unde
1821 2974 2057 3028 dicunt:

462 3053 579 3107 Nos
605 3055 814 3109 scimus
833 3058 966 3128 quia
992 3059 1170 3130 Moysi
1189 3061 1405 3115 locutus
1431 3067 1517 3116 est
1545 3063 1714 3129 Deus,
1736 3079 1862 3116 cum
1883 3063 2062 3132 majus

463 3141 538 3195 sit
565 3142 836 3198 Lazarum
856 3146 926 3199 de
942 3156 1307 3203 monumento
1334 3150 1517 3203 vivum
1540 3150 1759 3206 exiisse.

2138 2176 2323 2231 tinent
2343 2190 2510 2248 quam
2526 2179 2781 2232 homines
2806 2177 3023 2249 possint
3039 2175 3344 2246 inquirere,
3383 2176 3441 2225 et
3468 2169 3755 2237 majorem

2139 2266 2524 2320 fortitudinem
2544 2267 2751 2321 habent
2769 2282 2938 2337 quam
2966 2264 3223 2319 homines
3253 2263 3482 2333 possent
3510 2255 3751 2310 habere.

2140 2355 2248 2409 Per
2266 2356 2433 2436 ﬁdem
2472 2356 2621 2410 enim
2665 2374 2861 2411 eorum
2907 2360 2965 2409 et
3015 2358 3243 2425 peccata
3287 2348 3658 2404 remittuntur
3686 2352 3755 2398 et

2139 2433 2419 2499 dmmones
2447 2446 2819 2517 expelluntur,
2849 2449 2906 2499 et
2933 2443 3062 2510 alia,
3093 2456 3222 2495 cum
3253 2437 3516 2508 resurgit,
3565 2433 3756 2488 mira-

2140 2534 2266 2587 cula
2283 2534 2445 2589 ﬁunt.

2213 2621 2301 2681 29.
2335 2625 2487 2690 Quod
2513 2626 2750 2677 stultum
2766 2626 2860 2675 est.
2880 2620 3089 2675 Probat
3108 2618 3394 2674 Christum
3407 2610 3757 2683 sapientiam

2144 2730 2282 2777 esse,
2308 2713 2439 2783 quia
2468 2712 2641 2766 etiam
2672 2710 2731 2765 in
2758 2712 2863 2764 hoc
2896 2708 3172 2780 sapientia
3200 2710 3303 2771 est,
3335 2702 3485 2775 quod
3524 2700 3761 2754 videtur

2142 2803 2381 2856 stultum
2427 2801 2497 2854 de
2539 2816 2622 2866 eo,
2680 2804 2739 2853 et
2785 2803 2943 2852 tanta
2970 2795 3265 2867 sapientia,
3324 2790 3474 2863 quod
3500 2794 3759 2858 nequeat

2143 2889 2541 2961 comprehendi
2563 2888 2633 2943 ab
2660 2888 2918 2943 omnibus
2941 2886 3088 2957 quod
3118 2888 3203 2938 est
3230 2879 3539 2953 sapientius
3563 2876 3763 2931 homi-

2144 2980 2327 3034 nibus.
2358 2980 2493 3033 Post
2537 2972 2667 3032 vero
2716 2976 2918 3049 probat
2950 2974 3238 3030 Christum
3281 2970 3545 3023 virtutem
3601 2980 3755 3031 esse,

2147 3069 2278 3140 quia
2298 3069 2356 3122 in
2381 3070 2486 3122 hoc
2514 3067 2662 3138 quod
2682 3067 2968 3121 inﬁrmum
2998 3063 3216 3117 videtur
3229 3060 3298 3114 de
3322 3076 3409 3123 eo,
3437 3057 3497 3110 in
3518 3056 3624 3109 hoc
3641 3054 3763 3108 vir-

2144 3165 2236 3213 tus
2267 3163 2371 3223 est,
2405 3162 2463 3211 et
2479 3162 2639 3211 tanta
2662 3155 2840 3209 virtus
2869 3153 3015 3225 quod
3047 3152 3248 3206 fortius
3276 3153 3363 3203 est
3397 3142 3759 3207 hominibus,

532 3228 621 3286 22.
650 3232 717 3285 Et
742 3233 914 3288 Graeci
940 3238 1295 3304 sapientiam.
1318 3238 1463 3301 Quia
1490 3240 1691 3292 nolunt
1709 3239 1904 3293 audire
1931 3236 2129 3310 prte-B
2148 3248 2204 3301 id
2233 3252 2336 3313 est,
2366 3250 2611 3316 nequeat
2638 3243 2707 3297 ab
2726 3243 2838 3296 illis
2858 3239 3286 3312 comprehendi;
3318 3238 3423 3291 hoc
3441 3233 3681 3288 stultum
3696 3238 3763 3284 et

462 3323 720 3389 terquam
753 3338 874 3392 quae
905 3324 1100 3378 mundi
1126 3326 1344 3379 ratione
1372 3327 1657 3397 possibilia
1681 3332 1832 3381 sunt.

530 3405 620 3462 23.
646 3411 848 3464 .Iudzeis
866 3415 1089 3481 quidem.
1109 3416 1459 3469 scandalum.
1493 3416 1828 3470 Scandalum
1861 3422 1947 3470 est
1973 3417 2067 3471 Ju-

461 3494 598 3549 daeis
623 3496 758 3552 dum
787 3500 1026 3556 audiunt
1064 3502 1349 3557 Christum
1386 3504 1592 3559 Filium
1630 3505 1731 3560 Dei
1783 3522 1841 3558 se
1887 3505 2059 3576 proﬁ-

462 3588 696 3654 tentem,
721 3593 778 3642 et
806 3589 1108 3644 Sabbatum
1140 3597 1523 3647 evacuantem.

532 3673 620 3730 24-.
654 3676 912 3731 Gentibus
961 3684 1145 3732 autem
1188 3684 1508 3736 stultitiam.
1562 3682 1669 3746 Qui
1715 3699 1783 3736 ea
1827 3681 2064 3735 audiunt

462 3762 786 3832 praedicare,
810 3766 1081 3835 quaedum
1100 3768 1302 3822 rationi
1316 3770 1573 3825 humanae
1589 3788 1702 3825 non
1723 3775 2058 3841 congruunt,

462 3849 750 3907 insensata
767 3854 1044 3920 videntur,
1076 3860 1140 3909 ut
1161 3863 1357 3927 partus
1388 3859 1650 3930 Virginis,
1702 3865 1759 3914 et
1788 3860 2061 3913 'resurre-

464 3939 574 3994 ctio
603 3948 970 3996 mortuorum.

537 4026 627 4117 25.
691 4032 955 4084 Virtutem
1013 4036 1063 4085 et
1092 4033 1192 4085 Dei
1215 4032 1567 4099 sapientiam.
1595 4031 1788 4086 Virtus
1833 4033 1934 4088 Dei
1964 4038 2068 4117 est,

466 4116 600 4186 quia
627 4133 729 4187 per
757 4119 941 4188 ipsum
961 4119 1149 4174 omnia
1176 4119 1307 4173 fecit
1333 4119 1483 4173 Deus
1518 4120 1717 4188 Pater;
1768 4116 2065 4193 sapientia,

468 4204 601 4274 quia
623 4222 723 4276 per
749 4207 934 4277 ipsum
958 4209 1215 4278 cognitus
1249 4214 1335 4262 est
1353 4208 1522 4264 Deus.

537 4290 626 4350 26.
652 4297 894 4351 AUGUST.
939 4298 1019 4365 (ea:
1041 4299 1136 4351 tib.
1169 4312 1191 4352 ι
1221 4298 1420 4365 Quaest.
1480 4313 1696 4366 evang,
1752 4303 1951 4369 quaest.
1978 4298 2064 4366 14,

2148 3336 2456 3401 inﬁrmum,
2489 3331 2799 3387 incarnatio
2830 3336 2887 3384 et
2918 3330 3104 3401 passio
3129 3327 3356 3391 Christi,
3373 3322 3762 3394 quibustanta

2149 3423 2424 3495 sapientia
2453 3428 2511 3475 et
2539 3422 2714 3474 virtus
2736 3424 2841 3484 est,
2867 3423 2931 3472 ut
2956 3417 3243 3471 evincatur
3270 3412 3523 3467 diabolus
3554 3415 3611 3463 et
3655 3425 3757 3462 re-

2147 3514 2396 3568 dimatur
2424 3511 2734 3564 humanum
2754 3524 2952 3579 genus.

2216 3602 2309 3657 30.
2337 3603 2579 3655 Antaeus.
2613 3599 2764 3665 Quod
2790 3600 3083 3664 infirmum
3112 3597 3184 3647 est
3206 3594 3322 3646 Dei.
3350 3589 3496 3654 Quia
3514 3586 3762 3641 inﬁrmi-

2146 3697 2233 3746 tas
2262 3689 2489 3755 Christi,
2530 3704 2737 3758 magna
2757 3685 2988 3740 victoria
3017 3705 3030 3749 ;
3062 3682 3211 3748 vicit,
3235 3696 3363 3735 cum
3388 3678 3567 3731 victus
3591 3675 3756 3729 vide-

2146 3785 2321 3835 retur.

2226 3870 2315 3924 31.
2348 3869 2594 3923 AUGUST.
2631 3868 2713 3935 (ex
2740 3866 2924 3919 Tract.
2957 3864 3030 3917 15
3058 3865 3122 3916 in
3147 3863 3377 3921 Joann.,
3433 3861 3569 3909 tom.
3625 3853 3755 3922 IX).

2155 3960 2222 4012 Et
2243 3959 2385 4027 quod
2412 3960 2707 4024 inﬁrmum
2723 3961 2817 4008 est.
2842 3952 2987 4016 Quid
3005 3951 3179 4021 igitur
3196 3949 3343 4002 facta
3361 3949 3447 3999 est
3465 3941 3669 3996 mulier
3689 3941 3755 3994 in

2155 4053 2327 4114 costa,
2363 4052 2628 4117 tanquam
2653 4043 2843 4097 fortis:
2896 4041 3073 4095 factus
3128 4043 3215 4092 est
3262 4035 3443 4089 Adam
3486 4032 3546 4085 in
3581 4045 3756 4084 carne

2152 4142 2421 4208 tanquam
2450 4133 2744 4188 inﬁrmus?
2773 4129 3025 4185 Christus
3062 4133 3149 4183 est
3176 4131 3234 4180 et
3262 4121 3508 4179 Ecclesia
3537 4139 3550 4188 ;
3596 4118 3755 4173 illius

2148 4225 2466 4289 inﬁrmitas,
2495 4228 2690 4277 nostra
2713 4226 2799 4275 est
2826 4218 3112 4274 fortitudo.

2221 4313 2310 4370 32.
2333 4314 2548 4369 LANFR.
2587 4312 2711 4365 Non
2731 4312 2899 4364 multi
2927 4307 3213 4376 sapientes.
3231 4304 3490 4358 Fortasse
3521 4302 3755 4370 propter

464 4388 600 4437 tom.
628 4383 745 4452 IV)-
793 4386 1053 4439 νίνευίωη
1071 4388 1170 4440 Dei
1196 4391 1246 4439 ει
1264 4386 1711 4454 sapientiam-De
1722 4387 1958 4442 Domino
1974 4405 2071 4443 n0-
2153 4420 2212 4457 se
2237 4402 2372 4455 dicit
2388 4402 2512 4467 hoc,
2546 4400 2678 4470 quia
2697 4396 2848 4453 solus
2867 4397 3017 4450 inter
3043 4395 3183 4449 alios
3199 4391 3496 4463 apostolos,
3529 4387 3753 4442 schola-

464 4477 582 4525 stro
610 4472 872 4527 dixerunt
892 4474 1076 4544 gudaai
1112 4493 1122 4528 :
1155 4477 1301 4529 Unde
1338 4477 1611 4543 sapientia
1641 4475 1767 4535 haec,
1800 4481 1848 4530 et
1886 4480 2069 4532 virtu-
2150 4492 2300 4545 rium
2337 4490 2652 4543 litterarum
2690 4487 2925 4558 peritus,
2963 4491 3317 4538 terrenarum
3363 4494 3533 4550 opum
3572 4476 3751 4541 dives,

468 4566 542 4613 τθδ
561 4566 585 4613 Ῡ
607 4560 894 4632 sapientia
922 4562 980 4616 ίη
1004 4563 1091 4616 his
1110 4579 1234 4634 qua3
1257 4563 1608 4633 loquebatur-
1632 4563 1882 4618 Ἦνίαῖθδ
1903 4565 1963 4619 in
1982 4565 2070 4620 his
2087 4584 2128 4642 C
2150 4581 2413 4634 Romanae
2442 4577 2732 4648 dignitatis
2761 4574 3050 4646 parentela
3081 4570 3411 4642 conspicuus
3449 4567 3573 4632 fuit,
3604 4565 3756 4619 sicut

468 4666 593 4720 quae
623 4650 977 4720 operabatur.
1004 4651 1137 4706 Ideo
1155 4653 1453 4722 Apostolus
1483 4652 1613 4706 dicit
1648 4653 1933 4707 Christum
1963 4655 2061 4709 Dei

2158 4673 2389 4722 testatur
2432 4668 2551 4738 ipse
2580 4667 2635 4720 in
2664 4664 2898 4719 Actibus
2923 4661 3306 4733 apostolorum
3339 4673 3353 4712 :
3389 4658 3497 4725 Ego
3526 4657 3754 4723 quidem

464 4738 730 4793 Virtutem
759 4745 816 4793 et
834 4740 936 4794 Dei
966 4741 1320 4811 Sapientia"!-
1359 4741 1638 4796 Virtumm
1667 4742 1862 4796 Υθίιιίίῐ
1887 4744 1958 4796 ad
1988 4744 2065 4797 εί·-
2148 4758 2306 4809 homo
2325 4772 2450 4809 sum
2478 4756 2718 4814 Judaus,
2753 4768 2788 4805 a
2823 4753 3024 4805 Tharso
3054 4750 3258 4804 Ciciliae
3288 4762 3401 4801 non
3434 4747 3632 4812 ignota:
3668 4746 3752 4796 ci-

465 4843 580 4895 gna
606 4832 836 4898 Propter
856 4829 1097 4884 ιῙυάδθοεο
1128 4830 1474 4901 Sapientiam
1502 4836 1712 4895 autem,
1735 4835 1835 4885 aut
1863 4831 2066 4885 doctri'
2147 4846 2335 4897 vitatis
2366 4844 2668 4909 municeps.
2692 4839 2903 4894 Etalibi
2914 4835 3287 4906 interroganti
3306 4834 3531 4888 tribuno
3556 4836 3754 4886 utrum

466 4930 599 4968 nam
627 4916 698 4970 ad
723 4916 960 4983 Graecos,
993 4917 1050 4970 id
1082 4924 1185 4982 est,
1215 4924 1412 4987 gentes
1469 4916 1572 4988 Lat.
1600 4917 1935 4988 sapientiam
1962 4933 2065 4971 au-

466 5010 584 5058 tem
605 5005 677 5058 ad
697 5005 1009 5059 doctrinam
1037 5012 1265 5077 prepter
1281 5007 1544 5075 Graecos].

536 5092 624 5150 27.
651 5097 895 5151 Auees'r.
924 5095 1125 5166 (Enar.
1148 5099 1211 5149 in
1230 5097 1575 5165 psal.vam,
1604 5095 1834 5147 concion
1864 5092 1911 5158 l,
1929 5099 2067 5147 tom.

465 5183 635 5250 VIII).
670 5186 813 5252 Quia
843 5185 988 5253 quod
1013 5187 1249 5238 stultum
1276 5189 1370 5237 est.
1395 5182 1541 5245 Quid
1557 5182 1707 5235 enim
1735 5187 1851 5234 tam
1879 5181 2062 5236 simile

465 5271 855 5343 imprudentiae
885 5289 1074 5344 quam,
1125 5288 1253 5326 cum
1298 5270 1533 5325 haberet
1559 5271 1616 5324 in
1645 5275 1920 5345 potestate
1948 5287 2063 5326 una

462 5376 592 5414 voce
620 5378 750 5416 suos
776 5369 1160 5434 persecutores
1189 5366 1562 5431 prosternere,
1579 5363 1866 5429 pateretur
1892 5374 1952 5412 se
1980 5363 2062 5414 te-

412 5496 415 5499 .
461 5449 602 5513 neri,
636 5440 1569 5521 ﬂagellari,conspui,colaphizari,
1593 5447 2056 5519 spiniscoronari,

462 5538 615 5607 ligno
628 5538 780 5609 afﬁgi
805 5539 828 5591 Τ
857 5538 1258 5613 Ιωρνιιάεηῐὶερ
1289 5536 1471 5590 simile
1493 5543 1596 5603 est,
1636 5542 1690 5591 et
1729 5537 1964 5591 stultum
1992 5537 2067 5589 vi-

471 5626 656 5683 detur.

2150 4934 2436 4986 Romanus
2462 4935 2628 4993 esset,
2658 4928 2949 5000 respondit
2974 4944 2986 4978 :
3014 4927 3219 4980 Etiam.
3239 4925 3304 4978 Et
3323 4924 3615 4976 tribunus:
3637 4920 3750 4986 Ego

2153 5022 2390 5074 multam
2410 5034 2689 5072 summam
2717 5034 2752 5071 a
2784 5019 3002 5071 civitate
3038 5016 3140 5067 hac
3176 5014 3490 5066 consecutus
3508 5023 3652 5061 sum.
3679 5008 3747 5061 Et

2153 5110 2361 5163 Paulus
2379 5110 2460 5162 ait
2494 5127 2510 5161 :
2550 5108 2658 5175 Ego
2704 5110 2891 5160 autem
2920 5109 2968 5158 ct
2999 5107 3162 5157 natus
3191 5117 3336 5154 sum.
3382 5099 3453 5152 Et
3487 5096 3627 5150 alias
3678 5112 3747 5150 eo

2141 5197 2422 5250 rationem
2451 5195 2770 5261 'reddente,
2830 5191 3157 5247 exclamavit
3213 5189 3410 5243 Festus
3461 5205 3472 5240 :
3523 5188 3747 5240 Insanis

2142 5289 2345 5350 Paule;
2389 5288 2577 5340 multae
2595 5288 2789 5339 litterae
2819 5288 2866 5336 te
2895 5284 2967 5335 ad
2985 5281 3271 5334 insaniam
3290 5279 3634 5331 convertunt.

2214 5372 2561 5431 33.AUGUs'r.
2588 5373 2784 5442 (Serm.
2814 5374 2852 5426 9
2893 5372 2967 5425 De
2989 5372 3166 5423 tribus
3193 5369 3388 5434 virgis,
3420 5368 3569 5418 inter
3616 5366 3744 5432 fra-

2139 5468 2366 5531 gment.,
2398 5469 2537 5517 tom.
2565 5462 2658 5529 X).
2690 5460 3150 5527 Contemptibilia.
3181 5456 3314 5518 Quae
3363 5470 3477 5508 non
3517 5469 3744 5523 compu-

2148 5556 2358 5604 tantur.
