3912 6428
164 338 252 394 un
856 331 933 386 1N
970 332 1037 386 D.
1077 329 1293 387 PAULI
1331 331 1555 389 EPIST.
1600 334 1970 393 COMMENT.
2009 368 2081 379 —
2119 337 2341 394 EPIST.
2382 337 2479 392 AD
2518 339 2694 395 ROM.
3304 344 3413 405 οδε

160 479 220 517 ea
236 478 357 534 quae
376 464 529 525 sunt,
562 474 668 513 esse
693 459 972 523 videntur,
1004 458 1340 524 destrueret,
1366 463 1431 512 ut
1456 473 1571 512 non
1595 459 1888 529 glorietur,
1912 463 2094 517 omnis
2116 479 2246 517 caro
2273 463 2333 517 in
2368 470 2668 535 conspectu
2695 466 2835 535 ejus.
2868 467 2945 520 Ex
2974 468 3095 539 ipso
3117 475 3324 536 autem.
3346 491 3416 528 ea:

162 556 321 621 Ipsius
351 552 543 617 gratia
570 565 667 602 vos
698 547 834 602 estis
870 547 930 601 in
959 547 1180 601 Christo
1201 548 1229 601 J
1235 564 1352 613 esu,
1383 550 1449 601 in
1476 550 1577 615 ﬁde
1604 550 1812 604 Christi
1827 554 1973 617 Jesu,
2007 551 2097 608 34.
2136 552 2233 623 qui
2262 553 2461 619 factus,
2494 556 2843 619 incarnatus,
2872 561 3001 621 46
3029 564 3116 612 est
3150 558 3307 614 nobis
3331 579 3418 617 sa-

158 640 381 712 pientia,
406 638 550 692 dans
575 638 929 706 sapientiam,
956 652 990 689 a
1018 636 1154 690 Deo.
1182 635 1271 690 35.
1306 642 1362 690 et
1376 636 1616 706 justitia.
1636 641 1947 706 justitiam,
1981 645 2039 694 et
2065 641 2453 708 sanctiﬁcatio,
2483 645 2971 709 sanctiﬁcationem
2999 649 3056 699 et
3082 647 3415 720 redemptio,

161 731 598 798 redemptionem,
616 731 700 793 ut,
731 724 1205 796 quemadmodum
1232 725 1502 796 scriptum
1534 731 1621 780 est
1648 744 1659 778 :
1693 725 1782 794 36,
1803 726 1892 781 37.
1925 728 2032 791 Qui
2055 729 2349 799 gloriatur,
2372 729 2432 783 in
2458 730 2697 784 Domino
2721 731 3020 800 glorietur.

1615 842 1848 897 CAPUT
1879 842 1959 900 II.

218 959 286 1014 Et
304 976 432 1030 ego,
464 976 595 1014 cum
620 959 898 1014 venissem
920 960 991 1013 ad
1018 976 1132 1026 vos,
1158 959 1379 1027 fratres,
1399 960 1528 1014 veni
1555 976 1670 1014 non
1702 958 1750 1015 1.
1771 959 1832 1011 in
1861 957 2205 1012 sublimitate
2234 960 2530 1027 sermonis,
2551 978 2678 1016 cum
2707 964 3056 1032 syllogisticis
3079 970 3422 1035 probationi-

156 1051 265 1114 bus,
305 1053 407 1102 aut
446 1047 758 1119 sapientiae,
784 1048 1125 1102 annuntians
1152 1047 1305 1102 vobis
1343 1048 1736 1102 testimonium
1773 1046 2001 1101 Christi.
2035 1046 2087 1100 2.
2112 1047 2241 1101 Non
2270 1047 2420 1101 enim
2446 1051 2642 1117 probat
2679 1055 2815 1119 quia
2839 1057 3034 1107 stultos
3062 1058 3251 1123 elegit;
3285 1073 3423 1111 nam.

152 1153 228 1190 se:
260 1138 410 1205 quod
438 1141 516 1190 est
544 1136 618 1208 (et
645 1153 736 1204 ego
765 1153 890 1190 cum
918 1139 1199 1201 venissem,
1240 1132 1365 1208 etc.)
1386 1136 1633 1206 judicavi
1661 1153 1753 1190 me
1780 1136 1924 1190 scire
1947 1137 2161 1208 aliquid
2185 1138 2334 1192 inter
2360 1156 2457 1193 vos
2485 1140 2595 1195 nisi
2622 1142 2652 1195 J
2657 1157 2813 1195 esum
2865 1143 3171 1211 Christum,
3198 1152 3252 1200 et
3272 1146 3423 1202 hunc

148 1226 492 1279 cruciﬁxum.
517 1226 588 1279 Et
600 1241 705 1295 ego
737 1227 887 1292 (item
907 1227 1102 1294 probat
1124 1228 1257 1294 quia
1287 1228 1623 1293 inﬁrmiores
1641 1229 1816 1293 elegit,
1840 1230 1974 1296 quia
1995 1244 2063 1292 se,
2092 1230 2237 1296 quod
2255 1234 2329 1281 est
2360 1234 2409 1281 et
2436 1246 2527 1297 ego
2556 1232 2620 1283 in
2644 1234 2996 1299 inﬁrmitate,
3021 1238 3152 1303 etc.)
3174 1234 3234 1289 in
3261 1236 3419 1290 inﬁr-

147 1314 338 1368 unitate
360 1320 421 1367 et
444 1313 650 1368 timore
672 1317 892 1379 anima,
928 1319 986 1367 et
1005 1320 1248 1368 tremore
1278 1318 1521 1382 corporis
1545 1314 1722 1367 multo
1749 1317 1830 1371 fui
1858 1317 2006 1387 apud
2036 1334 2132 1371 vos
2156 1336 2169 1384 ;
2198 1322 2256 1370 et
2284 1334 2466 1371 sermo
2490 1335 2668 1386 meus,
2697 1325 2755 1373 et
2781 1321 3103 1391 praedicatio
3122 1340 3268 1388 mea,
3304 1342 3419 1381 non

145 1406 247 1469 fuit
267 1402 330 1456 in
353 1402 407 1460 3.
427 1401 891 1474 persuasibilibus
910 1402 1171 1456 humanae
1189 1403 1477 1473 sapientiae
1493 1402 1692 1468 verbis,
1710 1404 2010 1459 dialecticis
2020 1407 2457 1474 probationibus,
2483 1407 2580 1460 sed
2600 1406 2658 1460 in
2680 1409 2995 1463 ostensione
3016 1410 3266 1481 spiritus,
3281 1414 3420 1481 (non

138 1492 267 1558 dixi,
298 1494 422 1546 nisi
449 1493 598 1561 quod
624 1494 858 1560 spiritus
875 1493 1185 1545 ostendebat
1206 1491 1374 1560 mihi)
1401 1496 1458 1545 et
1485 1491 1727 1557 virtutis,
1751 1496 2116 1558 miraculum,
2149 1498 2214 1547 ut
2230 1495 2367 1547 ﬁdes
2399 1500 2581 1548 vestra
2613 1511 2722 1549 non
2754 1497 2825 1550 sit
2855 1497 2914 1550 in
2940 1498 3217 1568 sapientia
3239 1500 3421 1554 homi-

141 1596 288 1647 num,
322 1581 427 1635 sed
458 1580 520 1635 in
556 1581 767 1635 virtute
795 1580 914 1634 Dei.
941 1582 1024 1649 (Et
1053 1597 1119 1634 ne
1146 1582 1389 1634 dicerent
1414 1597 1539 1635 cum
1561 1585 1787 1648 nescire,
1819 1580 2024 1643 subdit)
2051 1583 2398 1653 Sapientiam
2420 1589 2607 1637 autem
2634 1584 2918 1654 loquimur
2942 1586 3093 1641 inter
3108 1588 3416 1658 perfectos;

141 1670 481 1740 sapientiam
508 1687 642 1724 vero
660 1686 776 1725 non
801 1670 966 1740 hujus
994 1669 1200 1735 saeculi,
1222 1670 1274 1731 4,
1296 1686 1480 1741 neque
1512 1670 1847 1741 principum,
1880 1675 1960 1725 vel
1982 1673 2293 1724 dannonum
2319 1672 2490 1741 hujus
2510 1673 2717 1739 saeculi,
2743 1674 2838 1744 qui
2861 1674 3257 1743 destruuntur;
3286 1679 3336 1745 5,
3363 1675 3419 1736 6.

140 1759 231 1812 sed
260 1760 561 1830 loquimur
589 1760 900 1828 exponendo
924 1758 1026 1812 Dei
1044 1758 1383 1829 sapientiam
1404 1758 1455 1812 7.
1486 1760 1546 1813 in
1567 1760 1835 1830 mysterio
1854 1777 1976 1831 quae
1996 1759 2321 1814 abscondita
2348 1766 2450 1827 est,
2485 1779 2654 1832 quam
2674 1763 3092 1833 praedestinavit
3122 1765 3272 1821 Deus
3293 1773 3424 1822 ante

141 1850 343 1903 saecula
363 1851 572 1917 futura
592 1848 650 1901 in
666 1847 902 1918 gloriam
920 1851 1191 1925 nostram,
1210 1849 1270 1901 id
1291 1853 1384 1913 est,
1396 1865 1498 1917 per
1514 1865 1633 1901 eam
1648 1854 1770 1913 47
1791 1852 2169 1918 glorificemur
2183 1871 2200 1917 ;
2216 1855 2268 1908 ὃ.
2285 1869 2453 1922 quam
2470 1852 2522 1906 9.
2545 1869 2709 1907 nemo
2723 1853 3032 1925 principum
3053 1855 3221 1925 hujus
3235 1856 3424 1911 saeculi

143 1938 420 2009 cognovit.
455 1937 518 1991 Si
546 1937 699 1991 enim
720 1936 1123 2007 cognovissent,
1155 1935 1245 1991 ’10.
1277 1953 1568 2007 nunquam
1606 1937 1908 1992 Dominum
1935 1939 2129 2009 gloriae
2157 1941 2580 2007 cruciﬁxissent,
2613 1945 2868 2010 cruci/igi
2894 1945 3273 2011 instigassent.
3314 1944 3425 1999 Sed

142 2026 279 2081 sicut
305 2025 592 2097 scriptum
619 2029 706 2079 est
734 2040 746 2073 :
778 2026 875 2079 hoc
902 2026 1105 2080 scilicet
1134 2028 1285 2094 quia,
1316 2024 1405 2082 11.
1437 2026 1597 2090 Quod
1627 2027 1821 2081 oculus
1849 2032 2038 2083 carnis
2066 2046 2180 2084 non
2200 2029 2358 2095 vidit,
2389 2046 2492 2084 nec
2513 2030 2666 2084 auris
2694 2034 2942 2086 carnalis
2973 2032 3206 2100 audivit,
3236 2050 3340 2088 nec
3363 2034 3423 2088 in

1482 2142 2073 2199 COMMENTARIUS.

205 2256 296 2316 34.
351 2260 464 2326 Qui
500 2258 682 2325 factus
724 2261 799 2310 est
839 2258 1012 2311 nobis.
1044 2258 1226 2328 Elegit
1270 2257 1421 2312 Deus
1460 2273 1581 2327 qua:
1626 2257 2108 2318 nonAviderunt.
2149 2258 2441 2330 Sapientes
2464 2259 2547 2313 illi
2573 2260 2783 2331 magni,
2809 2261 2997 2332 arguti
3038 2261 3419 2333 disputatores

143 2354 291 2413 sunt,
319 2347 382 2401 id
412 2350 503 2401 est
530 2362 658 2417 quae
687 2361 800 2399 non
828 2351 1246 2417 computantur.
1830 2347 2058 2401 omnino
2086 2348 2523 2417 ignoraverunt;
2551 2349 2657 2403 hoc
2672 2354 2757 2403 est
2781 2350 3112 2420 mysterium
3132 2352 3282 2422 quod
3302 2353 3425 2408 abs-

206 2436 310 2493 35.
349 2437 601 2490 Ancus'r.
628 2433 813 2505 (epist.
844 2432 944 2490 221
977 2436 1051 2489 ad
1079 2436 1311 2491 Consen.
1350 2439 1487 2489 tom.
1519 2432 1610 2507 II).
1644 2438 1749 2490 Fa-
1830 2434 2117 2488 conditum
2138 2435 2248 2489 fuit
2274 2453 2309 2489 a
2335 2436 2550 2490 saeculis
2568 2436 2628 2490 in
2648 2437 2783 2491 Deo.

144 2532 264 2579 ctus
292 2530 372 2578 est
396 2525 555 2578 nobis
570 2525 801 2591 juslilia
820 2539 856 2576 a
879 2523 1005 2577 Deo.
1033 2523 1188 2578 Sicut
1217 2528 1406 2578 autem
1434 2540 1562 2578 cum
1596 2524 1671 2579 sit
1688 2525 1748 2578 in

145 2631 201 2669 se
232 2615 357 2685 ipso
388 2613 522 2677 vita,
544 2612 715 2666 etiam
746 2612 812 2665 ﬁt
830 2611 990 2665 nobis
1015 2612 1146 2679 vita,
1180 2628 1310 2666 cum
1334 2613 1455 2683 ejus
1476 2612 1751 2667 efﬁcimur

145 2702 485 2774 participes;
519 2701 602 2755 ita
622 2716 752 2755 cum
777 2699 836 2754 in
866 2717 925 2754 se
952 2701 1074 2772 ipso
1092 2702 1166 2755 sit
1189 2701 1429 2771 justitia,
1454 2701 1624 2756 etiam
1653 2719 1751 2755 no-

147 2791 229 2846 bis
259 2792 324 2845 ﬁt
346 2790 591 2861 justitia.
633 2805 763 2843 cum
798 2789 852 2843 ei
881 2790 1210 2844 cohaerendo
1241 2790 1380 2844 bene
1417 2790 1674 2844 vivimus.

212 2878 307 2936 36.
355 2881 605 2933 Ancus'r.
654 2879 749 2950 (ex
789 2885 973 2937 Genes.
1007 2880 1082 2932 ad
1120 2879 1230 2945 lit.,
1276 2878 1374 2933 lib.
1415 2893 1491 2945 XI,
1526 2896 1654 2949 cap.
1692 2879 1747 2943 8,

146 2976 286 3024 tom.
310 2969 445 3036 III).
474 2969 585 3034 Qui
609 2969 910 3035 gloriatur.
945 2967 1037 3022 Sic
1065 2967 1161 3039 qui
1189 2967 1483 3038 gloriatur,
1514 2984 1627 3021 non
1643 2968 1751 3022 nisi

144 3059 201 3113 in
226 3057 475 3113 Domino
498 3054 804 3126 glorietur:
837 3072 965 3110 cum
993 3056 1279 3126 cognoscit
1305 3073 1418 3111 non
1446 3073 1634 3119 suum,
1654 3057 1752 3110 sed

147 3148 303 3202 illius
350 3161 477 3200 esse
506 3160 622 3198 non
665 3144 846 3198 solum
875 3149 938 3199 ut
968 3145 1059 3211 sit,
1110 3162 1307 3200 verum
1336 3145 1506 3199 etiam
1535 3151 1599 3199 ut
1640 3162 1754 3199 non

147 3236 259 3291 nisi
291 3234 363 3289 ab
390 3233 489 3288 illo
516 3232 659 3287 bene
687 3232 794 3287 sibi
822 3233 912 3299 sit,
945 3250 978 3287 a
1006 3250 1117 3304 quo
1146 3232 1318 3288 habet
1353 3234 1539 3288 utrsit.

216 3323 320 3383 37.
357 3324 574 3377 Lassa.
606 3324 713 3389 Qui
746 3322 1049 3390 gloriatur,
1090 3324 1153 3377 in
1192 3324 1423 3377 Domino
1448 3326 1746 3391 glorietur.

152 3414 275 3469 Hoc
323 3409 717 3465 testimonium
764 3409 823 3463 in
869 3409 1115 3464 Jeremia
1164 3410 1246 3464 ita
1283 3410 1531 3480 legitur:
1566 3413 1634 3465 In
1662 3411 1758 3464 hoc

153 3502 453 3571 glorietur,
495 3500 596 3567 qui
620 3500 922 3567 gloriatur,
951 3502 1091 3553 scire
1117 3504 1167 3553 et
1196 3514 1347 3553 nosse
1374 3515 1478 3565 me,
1506 3501 1639 3567 quia
1665 3514 1757 3567 ego

154 3608 283 3646 sum
310 3590 605 3643 Dominus.

228 3678 400 3733 CAP.
432 3676 506 3730 ΙΙ.
535 3704 599 3715 -
636 3674 659 3731 1
693 3676 900 3730 Lmen.
933 3677 1058 3731 Non
1086 3678 1152 3729 in
1180 3676 1540 3733 sublimitate.
1573 3674 1760 3729 Subli-

157 3767 425 3821 mitatem
452 3763 727 3819 sermonis
755 3768 916 3818 vocat
938 3764 1197 3835 logicam,
1231 3763 1365 3835 quia
1393 3764 1517 3835 ipsa
1542 3768 1664 3818 tota
1691 3763 1761 3817 de

159 3854 473 3911 artiﬁciosa
497 3852 750 3907 oratione
795 3858 904 3910 est.
943 3852 1288 3924 Sapientiam
1328 3845 1488 3906 vocat
1512 3852 1761 3923 quadru-

159 3946 319 4000 vium
363 3940 787 4013 [quadrivium],
820 3947 877 3994 et
922 3941 1164 3995 maxime
1211 3940 1385 3994 libros
1422 3940 1757 4007 Platonicos,

161 4033 432 4105 speciem,
462 4030 691 4084 nomine
716 4029 941 4100 generis
979 4029 1305 4100 designans.

230 4122 296 4180 2.
334 4123 580 4176 Acovs'r.
611 4120 706 4188 (De
744 4120 969 4186 Trinit.,
1004 4118 1102 4173 lib.
1135 4133 1174 4183 Ι,
1207 4136 1327 4190 cap.
1356 4117 1442 4185 12,
1464 4124 1602 4172 tom.
1636 4119 1760 4186 III).

168 4213 291 4268 Non
322 4212 477 4269 enim
502 4209 761 4277 judicavi
782 4223 869 4261 me
889 4209 1048 4262 scire.
1076 4207 1169 4261 Eis
1195 4207 1529 4278 loquebatur
1557 4206 1654 4277 qui
1680 4222 1768 4260 ca-

169 4316 304 4372 pere
329 4298 534 4353 altiora
558 4297 628 4350 de
656 4295 866 4351 Christi
884 4296 1092 4350 deitate
1119 4311 1233 4350 non
1259 4300 1538 4367 poterant.
1567 4296 1638 4349 Et
1661 4295 1768 4348 hoc

171 4389 355 4443 solum
373 4402 437 4441 se
455 4385 596 4440 scire
611 4384 830 4439 dicebat
849 4385 996 4456 quod
1020 4401 1115 4440 eos
1133 4402 1236 4456 per
1260 4384 1419 4438 illum
1448 4384 1590 4438 scire
1609 4400 1770 4454 opor-

172 4477 350 4533 tebat.
381 4474 665 4531 Hocinter
688 4473 813 4527 illos
839 4474 1126 4529 nesciebat
1153 4474 1301 4545 quod
1319 4490 1420 4544 per
1438 4474 1598 4527 illum
1626 4472 1769 4527 scire

176 4583 287 4621 non
325 4568 612 4636 poterant.

249 4653 302 4712 3.
335 4654 545 4709 Lmn.
581 4652 1058 4707 Persuasibilibus.
1095 4651 1451 4707 Rhetoricam
1479 4653 1684 4722 tangit,
1715 4651 1774 4706 in

182 4760 290 4817 qua
317 4743 531 4798 dantur
560 4746 840 4813 praecepta
874 4740 1130 4813 apposite
1166 4742 1323 4813 loqui
1353 4741 1425 4795 ad
1452 4740 1771 4813 persuasio-

178 4851 304 4889 nem
312 4876 327 4888 .

232 4926 290 4978 4.
320 4923 508 4991 Neque
530 4921 878 4989 principum.
910 4918 1196 4990 Principes
1218 4918 1310 4973 hic
1331 4924 1492 4974 vocat
1519 4918 1772 4990 egregios

181 5010 562 5082 philosophos,
593 5024 630 5062 a
656 5006 859 5078 quibus
887 5012 944 5061 et
986 5024 1087 5078 per
1125 5024 1265 5079 quos
1294 5007 1648 5079 philosophia
1693 5007 1776 5062 in-

182 5106 343 5156 venta
362 5105 479 5156 est.
513 5098 639 5161 Quo
667 5096 895 5151 nomine
918 5096 977 5150 in
1004 5096 1362 5152 saecularibus
1382 5096 1553 5151 etiam
1572 5097 1775 5151 litteris

185 5193 502 5254 censentur,
534 5192 600 5241 ut
629 5185 823 5240 Cicero
868 5185 929 5239 in
955 5184 1172 5256 topicis.
1217 5186 1529 5255 Utriusque,
1571 5185 1771 5257 inquit,

184 5281 452 5348 princeps,
481 5280 545 5330 ut
576 5274 723 5329 mihi
745 5274 987 5342 videtur,
1014 5275 1323 5329 Aristoteles
1358 5275 1490 5342 fuit.

253 5367 310 5425 5.
344 5368 604 5423 Anaus'r.
640 5366 725 5431 (ea:
762 5378 927 5417 serm.
956 5363 1020 5416 de
1057 5366 1174 5419 lect.
1202 5365 1267 5417 in
1295 5364 1392 5418 Ευ.
1435 5365 1597 5417 Joan.
1629 5364 1779 5431 apud

192 5454 393 5527 Bedam)
426 5454 536 5510 Sed
566 5453 876 5522 loquimur.
908 5449 1105 5506 Gratia
1132 5451 1244 5506 ista
1271 5450 1594 5507 Christiana
1616 5451 1781 5522 (quia

190 5544 367 5600 omnia
406 5542 641 5601 Christo
671 5538 889 5594 tradita
919 5545 1053 5595 sunt
1085 5556 1120 5595 a
1162 5540 1356 5611 Patre)
1380 5556 1576 5595 omnes
1611 5540 1780 5594 latuit

191 5633 459 5705 sapientes
480 5632 657 5703 hujus
683 5628 899 5685 mundi.
919 5628 1076 5685 Hanc
1089 5629 1309 5702 Moyses
1324 5630 1480 5698 vidit,
1494 5630 1778 5701 prophetae

1899 2521 1960 2579 6.
1984 2524 2229 2578 AMBROS.
2246 2524 2351 2579 Sed
2371 2528 2655 2593 loquimur
2674 2527 2774 2580 Dei
2799 2530 3150 2595 sapientiam.
3176 2528 3427 2584 Abscon-

1830 2611 1951 2665 dita
1974 2616 2061 2665 est
2085 2628 2216 2681 ergo
2253 2612 2530 2683 sapientia
2554 2613 2675 2677 Dei,
2709 2614 2841 2668 dum
2867 2632 2979 2669 non
3008 2616 3067 2670 in
3098 2616 3300 2685 verbis,
3328 2620 3427 2673 sed

1831 2699 1892 2752 in
1935 2698 2141 2753 virtute
2171 2706 2271 2765 est,
2308 2718 2422 2755 non
2470 2702 2716 2757 humana
2752 2703 2970 2758 ratione
2997 2704 3293 2776 possibilis,
3327 2706 3427 2760 sed

1832 2788 2064 2860 spiritus
2084 2790 2338 2844 efﬁcacia
2365 2790 2663 2844 credibilis.

1906 2879 1958 2932 7.
1987 2878 2191 2932 Lassa.
2218 2881 2287 2933 In
2306 2883 2583 2947 mysterio.
2612 2880 2948 2949 Exponendo
2975 2882 3245 2952 mysteria
3267 2883 3429 2938 Vete-

1833 2966 1909 3020 ris
1927 2966 2289 3033 Testamenti,
2315 2967 2375 3023 in
2395 2966 2596 3037 quibus
2617 2968 2899 3022 Christum
2923 2970 3228 3038 ﬁguratum
3254 2971 3427 3027 fuisse

1835 3055 2156 3111 asserimus.

1907 3140 1959 3199 8.
2018 3144 2261 3197 AMBROS.
2311 3146 2488 3211 Quam
2537 3158 2695 3198 nemo
2736 3147 3081 3213 principum.
3139 3146 3429 3219 Principes

1837 3231 2006 3302 hujus
2034 3231 2239 3296 saeculi,
2272 3247 2387 3285 non
2411 3231 2595 3285 solum
2637 3231 2893 3285 homines
2940 3231 3246 3302 accipiendi
3273 3239 3425 3301 sunt,

1838 3320 1935 3374 sed
1982 3325 2040 3373 et
2080 3320 2121 3373 ii
2170 3319 2434 3374 adversus
2490 3336 2629 3390 quos
2656 3319 2818 3374 nobis
2861 3321 3177 3376 colluctatio
3208 3327 3295 3377 est
3333 3322 3431 3393 qui

1838 3408 2090 3463 sciebant
2116 3425 2238 3463 esse
2262 3407 2552 3463 Christum
2580 3408 2640 3462 in
2665 3409 2787 3478 lege
2809 3409 3183 3479 promissum;
3218 3417 3434 3482 myste-

1839 3497 1988 3551 rium
2017 3502 2209 3551 tamen
2237 3498 2374 3567 ejus,
2410 3514 2520 3568 quo
2548 3497 2722 3551 Filius
2747 3497 2848 3551 Dei
2877 3502 2980 3564 est,
3014 3498 3358 3555 nesciebant.

1912 3586 1964 3641 9.
2020 3586 2224 3639 LANFR.
2285 3588 2454 3640 Nemo
2505 3589 2849 3654 principum,
2884 3591 2989 3640 etc.
3042 3586 3251 3642 Probat
3300 3589 3436 3659 quia

1840 3691 2007 3729 nemo
2027 3674 2363 3746 principum,
2389 3674 2521 3744 quia
2543 3674 2813 3744 scriptum
2843 3683 2945 3728 est.
2977 3675 3139 3742 Item,
3164 3677 3292 3747 quia
3319 3694 3434 3732 non

1842 3768 2235 3835 cognoverunt,
2263 3763 2395 3834 quia
2422 3762 2481 3816 hi
2505 3762 2600 3832 qui
2630 3762 2872 3832 diligunt
2890 3778 3022 3815 eum
3039 3766 3435 3820 tantum.Nam

1842 3870 1961 3917 nos,
1997 3853 2144 3923 quod
2181 3858 2267 3906 est
2300 3850 2459 3905 nobis
2515 3856 2701 3904 autem
2736 3850 3016 3904 revelavit.
3050 3850 3258 3905 Probat
3301 3854 3436 3923 quia

1843 3937 2124 4003 revelavit,
2164 3954 2296 3990 nam
2326 3952 2427 4006 per
2468 3935 2756 4005 Spiritum,
2808 3940 2913 3988 etc.
2956 3935 3025 3987 Et
3069 3935 3174 3987 hoc
3210 3936 3428 4005 probat,

1846 4027 1978 4098 quia
2008 4043 2110 4080 nos
2155 4025 2468 4095 accepimus
2516 4023 2806 4094 Spiritum,
2842 4028 2946 4075 etc.
2992 4023 3138 4092 quod
3189 4028 3291 4090 est,
3336 4026 3436 4080 sed

1847 4115 2118 4186 Spiritum
2139 4114 2235 4185 qui
2261 4130 2328 4167 ex
2355 4113 2476 4166 Deo
2503 4117 2604 4168 est.
2636 4117 2742 4165 etc.
2778 4111 2849 4165 Et
2874 4109 3075 4181 probat
3101 4111 3236 4187 quia
3264 4113 3439 4183 Spiri-

1846 4209 1970 4258 tum
2008 4203 2109 4258 Dei
2139 4201 2454 4273 acceperit:
2496 4199 2629 4270 quia
2655 4214 2769 4253 non
2811 4198 3127 4269 accepimus
3180 4199 3439 4270 spiritum

1847 4293 2018 4363 hujus
2048 4291 2264 4345 mundi.
3173 4353 3178 4358 _

1918 4380 2002 4437 10.
2032 4382 2270 4435 AUGUST.
2306 4379 2386 4447 (ea:
2406 4380 2503 4433 lib.
2536 4392 2555 4431 Ι
2582 4379 2654 4432 De
2689 4379 2871 4444 Trin.,
2913 4395 2961 4431 c.
2991 4374 3100 4450 43).
3132 4381 3440 4449 Nunquam

1849 4472 2150 4525 Dominum
2182 4471 2389 4537 gloria.
2449 4467 2528 4520 Ex
2576 4467 2761 4520 forma
2809 4465 2954 4520 servi
3003 4465 3297 4522 cruciﬁxus
3334 4475 3437 4535 est,

1793 4550 1983 4612 Ctalis
2012 4558 2164 4612 enim
2205 4561 2328 4611 erat
2368 4555 2468 4609 illa
2490 4554 2769 4625 susceptio
2800 4572 2924 4626 quae
2948 4556 3124 4610 Deum
3155 4556 3442 4612 hominem

1853 4648 2080 4712 faceret,
2111 4651 2169 4700 et
2197 4645 2481 4700 hominem
2527 4644 2729 4698 Deum.
2786 4643 2931 4706 Quid
2973 4649 3182 4711 tamen,
3215 4650 3446 4716 propter

1856 4736 2009 4807 quid,
2041 4740 2097 4789 et
2125 4734 2304 4807 [quid]
2343 4733 2651 4787 secundum
2696 4730 2831 4802 quid
2877 4730 3097 4787 dicatur
3145 4734 3446 4804 adjuvante

1854 4824 2112 4892 Domino,
2145 4824 2391 4895 prudens
2437 4826 2495 4875 et
2520 4820 2760 4891 diligens
2803 4826 2861 4874 et
2887 4820 3013 4891 pius
3056 4821 3234 4876 lector
3276 4822 3446 4877 intel-

1854 4914 2016 4985 liget.

1927 5004 2024 5060 11.
2062 5004 2253 5057 LAXFR
2307 5002 2456 5068 Quod
2484 5004 2672 5056 oculus
2719 5015 2835 5053 non
2876 5001 3035 5054 vidit.
3063 4999 3272 5055 Probat
3296 4990 3445 5071 quod

1856 5092 2114 5163 superius
2142 5091 2312 5146 dixit:
2348 5092 2517 5145 Nemo
2553 5091 2879 5158 principum
2909 5089 3076 5157 hujus
3105 5092 3291 5144 surculi
3318 5106 3449 5155 cog-

1858 5185 2030 5238 novit.
2062 5179 2406 5251 Sapientiam
2427 5178 2579 5233 enim
2600 5177 2722 5243 Dei,
2749 5176 2806 5231 id
2827 5181 2930 5243 est,
2960 5177 3263 5230 Dominum
3288 5175 3447 5231 Chri-

1858 5277 2026 5338 stum,
2056 5286 2178 5341 quae
2196 5267 2557 5339 diligentibus
2584 5282 2714 5320 eum
2734 5265 2793 5319 in
2820 5264 3111 5336 praamium
3132 5270 3448 5335 praeparata

1858 5367 1961 5426 est,
1995 5376 2098 5414 nec
2124 5358 2317 5413 oculus
2340 5356 2497 5422 vidit,
2533 5361 2635 5410 etc.
2663 5353 2846 5408 Habet
2870 5358 3061 5407 autem
3095 5352 3365 5425 scriptum
3386 5354 3448 5410 in

1859 5450 2007 5505 Isaia
2028 5449 2109 5503 sic
2139 5465 2152 5499 :
2190 5448 2380 5503 Oculos
2420 5461 2534 5501 non
2583 5444 2742 5509 vidit,
2774 5444 2934 5511 Deus,
2975 5442 3178 5510 absque
3226 5446 3293 5510 te,
3327 5459 3448 5514 qua;

1854 5541 2185 5610 praeparasti
2205 5536 2559 5604 diligentibus
2589 5538 2653 5585 te.
