3912 6430
458 307 565 368 163
1435 312 1496 378 Β.
1540 311 1956 380 LANFBANCI
1991 312 2034 365 e

2148 309 2355 377 I'UAR.
2396 310 2744 375 ARCHIEP.
3422 318 3425 322 '
3618 310 3726 382 164

454 447 550 487 cor
581 434 806 486 carnale
835 431 1079 492 hominis
1105 432 1376 498 ascendit,
1412 449 1536 502 qua:
1565 432 1899 504 praeparavit
1926 433 2076 502 Deus
2105 431 2175 499 iis
2203 431 2300 501 qui
2341 431 2587 501 diligunt
2614 433 2773 498 illum
2802 451 2815 499 ;
2861 432 3022 498 nobis
3059 437 3250 499 autem
3281 434 3548 503 revelavit
3574 433 3727 504 Deus

455 535 558 589 per
584 519 855 595 Spiritum
888 535 1073 574 suum.
1104 518 1194 577 1‘2.
1227 519 1473 591 Spiritus
1501 521 1650 574 enim
1683 525 1868 589 (potest
1905 521 2000 574 hoc
2029 522 2274 588 Spiritus
2297 522 2391 574 Dei
2413 527 2436 574 ?
2465 524 2801 589 Respondet),
2825 522 3016 589 omnia
3045 528 3349 590 scrutatur.
3381 526 3442 576 id
3469 527 3563 585 est,
3597 524 3723 579 scit.

456 612 507 668 et
534 611 673 662 scire
701 609 854 673 facit,
883 607 1051 661 etiam
1080 607 1357 680 profunda
1382 607 1501 662 Dei.
1527 609 1664 672 Quis
1694 609 1844 676 enim
1875 611 1927 677 (ᾳ
1947 612 2145 662 simili.
2173 611 2314 675 Quia
2332 612 2568 677 spiritus
2585 612 2827 664 hominis
2843 615 2946 677 scit
2966 629 3084 679 qua:
3111 614 3357 677 hominis
3374 615 3527 680 sunt)
3551 609 3731 665 homi-

454 710 590 748 num
611 694 850 763 scitqua:
880 700 1013 767 sunt
1030 694 1292 759 hominis,
1317 698 1450 765 quia
1473 698 1664 749 nullus
1684 700 1852 754 alius.
1876 697 1986 750 nisi
2013 697 2242 767 spiritus
2271 698 2512 767 hominis
2540 702 2634 770 qui
2661 702 2718 764 in
2738 703 2858 770 ipso
2881 703 3000 756 est?
3025 703 3106 767 ita
3136 705 3191 768 (a
3216 705 3399 768 simili
3437 702 3646 771 ittatio)
3674 706 3733 756 et

458 802 581 855 quae
609 785 711 838 Dei
749 790 882 841 sunt
909 801 1072 837 nemo
1101 784 1376 854 cognovit,
1402 785 1508 837 nisi
1530 786 1771 854 Spiritus
1801 786 1920 838 Dei.
1954 785 2036 848 13,
2070 786 2149 842 14.
2178 787 2292 840 Nos
2319 795 2506 841 autem
2535 806 2646 842 non
2676 790 2939 860 spiritum
2970 791 3139 860 hujus
3171 791 3364 844 mundi
3387 791 3729 860 accepimus,

455 875 555 927 sed
587 873 856 944 Spiritum
888 873 982 943 qui
1015 890 1076 926 ex
1105 874 1220 926 Deo
1249 878 1428 934 est,ut
1447 873 1688 926 sciamus
1720 877 2012 938 (conclusio
2029 877 2541 944 principatis.Ergo
2564 879 2717 930 nobis
2734 882 3011 942 reuelauit)
3041 896 3162 948 quae
3183 895 3217 930 a
3238 879 3352 933 Deo
3375 879 3582 932 donata
3602 884 3737 931 sunt

456 963 646 1022 nobis;
672 978 796 1032 quae
816 967 871 1015 et
900 957 1184 1031 loquimur
1222 962 1298 1024 t5,
1324 977 1436 1014 non
1457 961 1512 1014 in
1541 961 1718 1014 doctis
1735 963 1995 1014 humanae
2027 962 2314 1031 sapientiae
2336 965 2536 1028 verbis,
2567 965 2664 1018 sed
2693 966 2752 1018 in
2782 966 3038 1019 doctrina
3063 966 3326 1037 Spiritus,
3352 984 3521 1035 quam
3557 967 3738 1034 Spiri-

457 1057 546 1105 tus
573 1055 952 1110 administrat,
995 1048 1072 1104 16.
1112 1049 1514 1119 spiritualibus,
1547 1055 1712 1116 prout
1751 1053 1980 1116 possunt
2029 1066 2240 1116 capere,
2283 1051 2577 1120 spritualia
2605 1067 2706 1119 pro
2748 1068 3012 1105 mensura
3053 1059 3462 1122 comparantes.
3504 1053 3594 1117 47,
3647 1050 3732 1115 18,

456 1141 547 1195 49.
571 1140 844 1194 Animalis
861 1144 1054 1192 autem
1078 1139 1244 1192 homo
1269 1144 1390 1202 4Q
1414 1154 1526 1192 non
1552 1138 1788 1208 percipit
1806 1154 1873 1192 ea
1895 1154 2019 1206 quae
2043 1143 2175 1191 sunt
2195 1138 2438 1208 Spiritus
2459 1140 2588 1207 Dei;
2613 1140 2827 1209 [causa]
2849 1140 3088 1194 stultitia
3110 1142 3257 1194 enim
3283 1141 3481 1207 estilli,
3504 1146 3561 1194 et
3580 1157 3732 1208 ergo,

455 1247 569 1284 non
596 1235 784 1300 potest
808 1212 1140 1296 intelligere,
1172 1227 1305 1296 quia
1330 1227 1719 1297 spiritualiter,
1753 1229 2052 1280 secundum
2087 1231 2410 1280 interiorem
2445 1229 2742 1290 hominem,
2776 1229 3144 1292 examinatur,
3176 1231 3234 1283 id
3265 1236 3360 1291 est,
3397 1231 3733 1282 damnatur.

454 1317 544 1383 20,
574 1318 665 1374 ‘21.
695 1316 1010 1388 Spiritualis
1041 1321 1228 1370 autem
1255 1316 1472 1384 judicat
1503 1319 1786 1383 intettigit,
1819 1322 1865 1369 et
1893 1316 2234 1382 reprehendit
2280 1316 2490 1378 omnia,
2522 1315 2609 1370 2'2.
2647 1320 2705 1368 et
2732 1315 2852 1385 ipse
2881 1333 2913 1369 a
2944 1317 3169 1371 nemine
3196 1317 3508 1386 judicatur,
3542 1332 3734 1384 reprc-

455 1407 741 1462 Iwnditur.
761 1405 850 1462 23.
870 1405 1007 1468 Quis
1022 1405 1169 1458 enim
1183 1406 1265 1474 {sp
1273 1408 1350 1457 iri
1353 1409 1471 1458 tua!
1477 1409 1541 1468 is,
1562 1408 1766 1473 inquit,
1783 1406 1938 1457 homo
1950 1420 1984 1456 a
1999 1406 2216 1456 nemine
2232 1406 2675 1471 reprehenditur,
2691 1407 2825 1472 quia
2841 1421 2876 1458 a
2891 1409 3108 1458 nemine
3125 1408 3338 1459 instrui
3343 1411 3401 1459 tu
3409 1403 3736 1477 r]cognovit

455 1511 704 1560 sensum,
730 1495 1028 1562 Spiritum,
1050 1494 1295 1558 Domini,
1323 1491 1411 1548 24.
1449 1493 1545 1562 qui
1578 1493 1822 1546 instruat
1842 1494 2014 1546 eum?
2048 1494 2160 1546 Nos
2189 1498 2376 1546 autem
2407 1510 2653 1558 sensum,
2674 1493 2972 1562 Spiritum,
3007 1495 3213 1548 Christi
3239 1494 3538 1550 habemus.

1896 1601 2129 1654 CAPUT
2167 1602 2266 1655 III.

528 1694 598 1747 Et
619 1709 742 1763 ego,
764 1691 987 1757 fratres,
1020 1706 1133 1743 non
1160 1690 1314 1760 potui
1341 1689 1493 1743 vobis
1521 1690 1672 1761 loqui
1699 1691 1859 1760 quasi
1887 1689 2291 1760 spiritualibus,
2321 1687 2418 1740 sed
2449 1685 2608 1759 quasi
2637 1684 2955 1739 carnalibus
2978 1687 3144 1750 (ratio
3164 1702 3265 1739 cur
3285 1702 3395 1740 non
3413 1686 3624 1738 locutus
3650 1688 3732 1738 sit

457 1784 532 1835 eis
551 1779 1232 1851 spiritualia.)Tanquam
1266 1780 1511 1849 parvulis
1541 1780 1596 1833 in
1629 1779 1869 1844 Christo,
1895 1781 1997 1841 lac,
2039 1782 2258 1832 minora
2285 1782 2566 1845 prarcepta,
2606 1775 2754 1828 vobis
2785 1780 2980 1844 potum
3011 1775 3158 1840 dedi,
3199 1792 3311 1828 non
3343 1791 3526 1829 escam
3563 1792 3573 1825 :
3608 1791 3728 1828 non

455 1873 662 1924 altiora
696 1889 709 1922 :
745 1869 992 1922 nondum
1021 1868 1168 1920 enim
1199 1867 1486 1936 poteratis,
1520 1867 1615 1920 sed
1647 1885 1748 1921 nec
1775 1885 1923 1922 nunc
1965 1867 2188 1937 quidem
2219 1866 2484 1937 potestis;
2519 1864 2701 1917 adhuc
2731 1864 2879 1917 enim
2917 1863 3167 1917 carnales
3198 1865 3353 1917 estis.
3389 1864 3531 1917 Cum
3564 1863 3723 1916 enim

453 1955 530 2010 sit
555 1958 705 2010 inter
727 1972 822 2010 vos
842 1955 990 2008 zelus
1019 1960 1075 2007 et
1095 1954 1404 2019 contentio;
1431 1970 1612 2007 nonne
1635 1957 1886 2009 carnales
1912 1956 2064 2020 estis,
2089 1962 2145 2008 et
2165 1954 2469 2008 secundum
2495 1951 2797 2013 hominem,
2825 1968 2936 2005 non
2962 1952 3266 2005 secundum
3287 1951 3565 2019 Spiritum
3593 1953 3719 2017 Dei,

453 2044 752 2099 ambulatis
775 2044 798 2096 ?
822 2046 1151 2098 humanitus
1177 2046 1380 2095 vivitis.
1413 2045 1650 2111 Erponit
1670 2047 1934 2112 quomodo
1963 2046 2263 2098 secundum
2286 2045 2565 2095 hominem
2602 2043 2904 2094 ambulent.
2945 2040 2989 2096 1.
3023 2042 3164 2095 Cum
3186 2042 3336 2094 enim
3364 2042 3488 2111 quis
3519 2041 3673 2095 dicat
3699 2061 3711 2094 :

452 2135 568 2204 Ego
590 2133 815 2203 quidem
847 2148 971 2185 sum
1010 2133 1279 2198 Dicipulis
1311 2131 1496 2197 Pauli;
1532 2133 1674 2184 alius
1707 2137 1896 2185 autem
1925 2151 1939 2186 :
1971 2131 2022 2187 2.
2051 2133 2166 2201 Ego
2197 2130 2414 2202 Apollo,
2448 2146 2632 2184 nonne
2673 2129 2926 2183 homines
2956 2129 3132 2183 estis?
3160 2131 3489 2183 humanitus
3517 2133 3694 2196 agitis
3713 2138 3736 2182 ?

451 2221 502 2278 3.
529 2221 672 2286 Quid
695 2220 873 2292 igitur
884 2224 973 2274 est
990 2219 1224 2296 Apollo?
1247 2218 1392 2282 Quid
1413 2236 1541 2273 vero
1567 2220 1774 2274 Paulus
1795 2221 1805 2271 !
1829 2220 2071 2276 Ministri
2094 2223 2145 2290 ej
2155 2238 2217 2278 us
2243 2220 2332 2275 cui
2357 2220 2690 2284 credidistis,
2709 2225 2764 2273 et
2783 2220 3089 2290 unicuique
3107 2225 3363 2275 nostrum
3382 2219 3736 2276 sicutDomi-

1793 2328 2383 2384 COMMENTARIUS.

523 2416 611 2473 12.
646 2417 896 2470 Auecs'r.
933 2415 1016 2480 (ea:
1049 2418 1208 2468 tract.
1260 2416 1324 2467 in
1362 2417 1503 2481 psat.
1554 2429 1643 2479 LII,
1680 2420 1817 2469 tom.
1865 2416 2038 2484 VIII).
2062 2423 2109 2477 Α
2130 2432 2244 2470 sua:
2261 2419 2482 2482 animae,
2503 2434 2671 2488 quam
2698 2434 2811 2474 non
2832 2418 2976 2487 regit
3003 2417 3252 2487 spiritus,
3278 2433 3461 2487 neque
3489 2417 3747 2477 cohaeret

448 2506 697 2574 Spiritus
718 2506 862 2560 enim
879 2505 1068 2557 omnia
1084 2503 1481 2556 scrutatur.De
1496 2503 1819 2572 SpirituDei
1835 2503 2046 2559 dictum
2129 2504 2280 2562 intra
2334 2512 2513 2561 metas
2549 2507 2823 2562 naturalis
2866 2507 3096 2562 ordinis.
3142 2507 3250 2569 Qui
3297 2513 3486 2563 autem
3523 2507 3738 2576 spiritu

452 2599 540 2652 est
569 2593 716 2665 quod
758 2592 949 2648 omnia
990 2596 1288 2656 scrutetur,
1324 2591 1492 2646 etiam
1522 2592 1877 2648 altitudinem
1922 2593 2041 2657 Dei,

450 2699 564 2741 non
588 2683 720 2754 quia
755 2683 850 2738 ille
881 2686 1182 2741 scrutatur.
1215 2680 1310 2750 qui
1336 2683 1490 2736 novit
1525 2683 1754 2751 omnia;
1782 2685 1880 2737 sed
1915 2683 2046 2753 quia

451 2773 553 2826 tibi
573 2773 812 2826 donatus
843 2777 928 2824 est
957 2769 1219 2839 Spiritus,
1259 2773 1314 2822 te
1335 2772 1573 2826 scrutari
1599 2773 1731 2826 fecit
1760 2791 1776 2836 ;
1812 2778 1870 2826 et
1897 2772 2046 2842 quod

447 2862 598 2918 dono
617 2861 768 2916 illius
781 2859 936 2922 facis,
968 2858 1060 2913 ille
1087 2857 1268 2910 facere
1298 2857 1520 2914 dicitur.

522 2949 610 3006 13.
642 2951 893 3004 Auensr.
945 2948 1028 3014 (ex
1061 2947 1238 3000 Tract.
1266 2947 1328 3000 de
1364 2954 1479 3002 nat.
1518 2950 1685 3003 Mart.
1715 2949 2040 3017 Massylita;

447 3055 613 3094 serm.
645 3037 715 3090 42
746 3039 818 3090 De
846 3038 1049 3089 div-crs.
1080 3050 1200 3103 cap.
1231 3033 1281 3097 ‘3,
1313 3039 1449 3087 tom.
1485 3037 1573 3106 X).
1599 3038 1704 3091 Nos
1723 3044 1908 3092 autem
1931 3055 2044 3093 non

446 3129 731 3195 spiritum.
783 3124 1024 3194 Spiritus
1054 3124 1225 3195 hujus
1274 3128 1494 3191 mundi,
1541 3123 1771 3197 spiritus
1814 3135 1899 3181 est
1927 3129 2043 3182 ela-

447 3215 648 3280 tionis;
697 3230 865 3283 quem
895 3214 990 3283 qui
1035 3214 1263 3277 habent,
1297 3215 1523 3286 superbi
1570 3220 1703 3269 sunt
1751 3221 1808 3269 et
1833 3217 2043 3285 ingrati

448 3303 588 3358 Deo.

519 3393 606 3449 14.
646 3395 893 3448 Annos.
930 3396 1035 3447 Nos
1082 3401 1266 3448 autem
1307 3411 1416 3448 non
1462 3396 1749 3462 spiritum.
1799 3393 2043 3462 Spiritus

446 3483 643 3538 mundi
672 3488 775 3548 est,
808 3499 910 3552 per
944 3499 1111 3552 quem
1140 3482 1490 3553 arripiuntur
1516 3482 1762 3544 fanatici,
1797 3482 1891 3552 qui
1921 3481 2042 3534 sine

441 3573 562 3628 Deo
592 3576 764 3636 sunt;
801 3587 968 3640 quem
1001 3572 1312 3640 Pythonem
1342 3572 1644 3641 appellant.
1689 3571 1794 3623 Hic
1822 3576 1909 3623 est
1946 3569 2039 3638 qui

443 3678 546 3732 per
574 3661 844 3732 Sybillam
870 3660 1089 3712 locutus
1109 3665 1214 3712 est.

517 3749 606 3803 15.
635 3751 840 3802 Laure.
897 3748 1019 3801 Non
1067 3751 1128 3801 in
1171 3750 1356 3800 doctis.
1421 3749 1483 3801 In
1545 3747 1723 3800 doctis
1777 3748 2037 3801 humanae

441 3837 690 3894 scientiae
739 3836 922 3890 verbis
979 3852 1038 3889 se
1088 3836 1241 3904 loqui
1291 3835 1549 3903 abnegat.
1603 3836 1670 3887 Et
1725 3840 1914 3889 tamen
1979 3837 2035 3889 in

443 3926 745 3997 Scripturis
773 3927 897 3994 ejus
922 3929 1082 3977 tanta
1111 3925 1358 3978 locorum
1383 3923 1825 3992 disputationum
1865 3923 2037 3977 subti-

437 4015 589 4076 litas,
633 4020 796 4067 tanta
833 4019 889 4066 et
919 4019 1031 4066 tam
1080 4012 1300 4065 subtilis
1329 4011 1729 4066 benevolentiae
1767 4013 2032 4082 captatio,

437 4118 568 4155 eum
599 4118 689 4154 res
723 4101 915 4169 exigit,
946 4100 1247 4163 invenitur,
1281 4105 1345 4152 ut
1375 4105 1531 4152 tanta
1559 4100 1647 4153 vel
1677 4116 1740 4152 ea
1769 4102 1950 4170 major
1976 4101 2034 4155 in

435 4190 594 4243 nullo
622 4189 1028 4259 scripturarum
1057 4205 1266 4258 genere
1292 4187 1623 4258 reperiatur.
1657 4189 1815 4242 Unde
1844 4191 2036 4260 procul

442 4278 612 4331 dubio
635 4277 973 4330 credendum
1005 4285 1091 4330 est
1118 4294 1229 4330 non
1260 4294 1387 4330 eum
1417 4278 1640 4346 regulas
1683 4279 1889 4332 artium
1931 4297 2034 4333 sae-

437 4366 716 4420 cularium
745 4365 803 4418 in
832 4365 1124 4418 scribendo
1152 4367 1235 4418 vel
1277 4366 1557 4436 loquendo
1598 4367 1890 4437 cogitasse.
1926 4369 2035 4422 Sed

440 4472 542 4526 per
567 4455 875 4509 doctrinam
909 4455 1087 4508 sancti
1132 4455 1395 4524 Spiritus,
1439 4473 1474 4508 a
1513 4472 1623 4526 quo
1653 4463 1710 4511 et
1736 4474 1837 4527 per
1865 4474 2030 4527 quem

439 4549 526 4598 est
551 4544 735 4598 omnis
764 4543 919 4596 utilis
945 4543 1164 4613 peritia,
1193 4543 1329 4597 talia
1353 4549 1411 4597 et
1437 4544 1626 4597 taliter
1653 4545 1879 4609 dixisse,
1909 4562 2032 4616 quae

433 4648 538 4703 per
583 4633 808 4702 singula
843 4649 1197 4702 exponerem.
1247 4632 1358 4686 nisi
1398 4632 1788 4703 imperitorum
1831 4634 2030 4687 talium

433 4720 817 4774 doctrinarum
857 4736 1116 4775 murmur
1144 4721 1458 4775 timeretur.

502 4807 574 4862 16
588 4853 600 4866 .
628 4808 967 4877 Spiritualia
991 4816 1386 4879 comparantes,
1411 4809 1467 4863 id
1488 4816 1577 4863 est
1599 4816 2025 4881 compensantes

433 4900 785 4971 spiritualem
825 4902 1155 4967 doctrinam,
1192 4903 1498 4956 secundum
1539 4901 1685 4971 quod
1715 4918 1887 4970 capax
1938 4907 2024 4956 est

426 4990 739 5061 spiritualis
770 4990 1022 5057 auditor;
1054 5008 1178 5062 quae
1207 4989 1575 5061 spiritualiter
1603 4989 1828 5048 auditis.
1850 4990 2019 5060 spiri-

427 5080 675 5136 tualibus
705 5080 990 5150 probatur.

498 5170 588 5224 47.
632 5171 881 5224 Ακθιξοε.
913 5171 1194 5225 Animalis
1226 5169 1405 5222 homo.
1442 5167 1740 5221 Pecm'ibus
1769 5167 1918 5221 enim
1943 5169 2021 5222 si-

423 5259 594 5324 milis,
627 5259 684 5312 in
711 5263 923 5313 terr-am
956 5274 1188 5314 sensum
1218 5256 1499 5327 deprimit.

494 5347 585 5404 18.
614 5350 866 5405 Αυςυετ.
889 5349 1084 5410 (emtas.
1109 5347 1377 5408 LXXXIII,
1401 5346 1617 5411 ραωδιη
1641 5361 1696 5415 q.
1723 5345 1816 5409 67.,
1845 5350 1890 5400 t.
1919 5347 2016 5414 Π)

2128 2595 2374 2651 animam
2401 2595 2564 2664 regit,
2597 2600 2826 2650 vocatur
2863 2594 3190 2664 spiritualis.

2206 2681 2288 2740 19.
2341 2685 2546 2740 Lmen.
2591 2685 2872 2740 Am'matis
2914 2684 3091 2738 homo.
3134 2683 3282 2746 Quia
3324 2684 3589 2742 animalis
3619 2691 3738 2750 est,

2130 2772 2261 2841 quia
2290 2772 2411 2842 ipsa
2437 2771 2754 2842 spiritualia
2781 2771 3082 2842 improbat,
3103 2777 3160 2826 et
3177 2771 3302 2830 ideo
3329 2772 3585 2832 laborare
3613 2761 3740 2832 non

2128 2867 2312 2932 potest
2333 2869 2396 2916 ut
2415 2862 2717 2931 intelligat.

2198 2950 2284 3006 20.
2310 2952 2663 3018 Amoenus:
2684 2953 2779 3006 lib.
2795 2953 2866 3006 De
2878 2966 3006 3007 vera
3025 2953 3210 3018 retig.,
3231 2967 3351 3020 cap.
3373 2948 3735 3019 3l.tom.lI).

2126 3037 2453 3105 Spirituatis
2495 3045 2700 3094 autem.
2743 3039 2945 3096 Omnia
2969 3055 3102 3108 ergo
3126 3039 3360 3107 judicat,
3389 3038 3521 3108 quia
3550 3055 3738 3108 super

2126 3127 2315 3182 omnia
2344 3133 2447 3190 est,
2483 3129 2705 3198 quando
2733 3145 2858 3184 cum
2907 3129 3022 3183 Deo
3062 3133 3164 3184 est.
3198 3128 3340 3185 Cum
3389 3127 3485 3185 illo
3531 3131 3739 3189 autem

2127 3222 2228 3281 est,
2263 3217 2484 3286 quando
2533 3217 2831 3287 purissime
2867 3216 3148 3286 intelligit,
3198 3222 3255 3270 et
3300 3220 3420 3273 tota
3446 3215 3738 3280 obesitate

2126 3305 2272 3374 quod
2302 3305 2564 3375 intelligit
2591 3306 2794 3375 diligit.

2201 3393 2293 3447 21.
2334 3394 2541 3448 LAnra.
2568 3393 2902 3461 Spirituatis
2922 3398 3128 3447 autem.
3151 3393 3491 3463 Spiritualis,
3511 3393 3731 3463 inquit,

2123 3481 2392 3550 intelligit
2427 3487 2483 3535 et
2511 3481 2871 3552 reprehendit
2897 3481 3085 3534 omnia
3115 3498 3236 3550 quae
3268 3481 3634 3551 intelligenda
3665 3489 3736 3537 et

2124 3570 2583 3640 reprehendenda
2613 3575 2745 3623 sunt
2769 3588 2780 3630 ;
2814 3577 2870 3622 et
2899 3569 3019 3639 ipse
3048 3586 3083 3622 a
3109 3570 3262 3622 nullo
3290 3570 3604 3629 carnalium
3634 3574 3733 3632 vel

2051 3648 2097 3706 B
2119 3659 2550 3728 reprehenditur
2578 3659 2664 3711 vel
2683 3658 3034 3728 intelligitur.
3068 3657 3136 3712 In
3167 3662 3407 3728 utraque
3441 3659 3733 3728 signiﬁca-

2118 3748 2272 3801 tione
2297 3748 2406 3800 .hoc
2435 3747 2662 3802 verbum
2695 3747 2991 3816 reperitur.

2208 3836 2298 3890 ‘22.
2331 3837 2396 3890 Et
2443 3839 2555 3904 ipse
2583 3852 2617 3889 a
2644 3840 2881 3889 nemine.
2917 3839 2955 3890 Α
2998 3835 3222 3890 nemine
3251 3835 3517 3905 spiritalis
3547 3837 3724 3898 homo

2117 3923 2471 3993 intelligitur,
2491 3922 2623 3992 quia
2646 3938 2810 3976 nemo
2833 3921 3122 3991 intelligit;
3147 3938 3258 3976 non
3286 3922 3434 3981 enim
3454 3926 3727 3992 cognovit

2119 4012 2241 4082 quis
2285 4027 2512 4065 sensum
2570 4011 2814 4070 Domini.
2848 4013 2898 4066 Α
2942 4027 3111 4068 causa
3158 4010 3357 4081 probat
3401 4012 3649 4079 iterum;
3684 4033 3724 4075 ῃ

2115 4101 2343 4155 nemine
2381 4100 2828 4169 reprehenditur,
2863 4098 2997 4166 quia
3037 4115 3201 4156 nemo
3227 4099 3625 4169 reprehendit;
3659 4107 3723 4155 et

2117 4190 2224 4244 hoc
2243 4188 2460 4258 probat,
2495 4188 2628 4258 quia
2657 4203 2769 4243 non
2797 4187 3046 4242 instruit.

2187 4277 2275 4332 ‘23.
2301 4278 2435 4342 Quis
2449 4280 2598 4331 enim
2617 4279 2881 4344 cognovit.
2901 4277 3270 4335 Hocrefertur
3283 4277 3352 4332 ad
3362 4277 3716 4347 superiorem

2117 4365 2269 4420 verbi
2297 4365 2788 4435 signiﬁcationem.

2188 4454 2281 4510 24.
2314 4457 2420 4521 Qui
2465 4457 2714 4509 instruat
2761 4469 2910 4509 eum.
2938 4455 3058 4509 Hoc
3085 4453 3156 4512 ad
3183 4453 3569 4524 posteriorem.
3603 4455 3712 4517 Qui

2115 4543 2263 4598 enim
2316 4543 2698 4612 reprehendit,
2766 4543 3058 4596 scientiam
3125 4542 3438 4603 instruendi
3501 4541 3713 4605 habere

2103 4633 2295 4688 debet.

2185 4723 2342 4776 CAP.
2373 4722 2478 4777 III.
2523 4749 2587 4760 —
2641 4719 2689 4776 l.
2743 4721 2946 4778 Laure.
2999 4723 3134 4776 Cum
3172 4723 3324 4774 enim
3367 4723 3491 4787 quis
3519 4722 3705 4785 dicat.

2111 4810 2390 4881 Expositio
2417 4809 2520 4863 zeli
2549 4814 2605 4863 et
2635 4808 3024 4862 contentionis.

2185 4900 2220 4959 2
2273 4903 2526 4955 ΑιΒιιοε.
2559 4899 2667 4965 Ego
2703 4899 2980 4966 plantam.
3013 4897 3280 4952 Plantare
3306 4901 3394 4952 est
3417 4899 3706 4966 evangeli-

2104 5005 2228 5044 zare
2279 4995 2337 5044 et
2385 4988 2451 5042 ad
2490 4987 2660 5045 ﬁdem
2715 4987 2958 5044 trahere.
3001 4985 3207 5056 Rigare
3242 5002 3371 5043 vero
3419 4985 3707 5064 baptizare

2098 5076 2446 5132 solemnibus
2473 5075 2676 5135 verbis.

2185 5164 2236 5222 3.
2270 5167 2416 5233 Quid
2443 5168 2624 5232 igitur
2661 5169 2736 5217 est
2782 5164 3013 5234 Apollo?
3041 5165 3166 5220 Non
3203 5163 3418 5223 debetis
3465 5163 3652 5225 dicere
3687 5183 3699 5216 :

2101 5256 2220 5324 Ego
2247 5272 2370 5309 sum
2394 5254 2554 5308 Pauli
2583 5254 2670 5308 vel
2696 5254 2914 5324 Apollo,
2947 5253 3046 5310 sed
3078 5252 3215 5319 Dei;
3245 5253 3379 5322 quia
3409 5253 3604 5322 Apollo
3637 5259 3703 5310 et

2098 5345 2309 5399 Paulus
2337 5344 2477 5399 nihil
2503 5349 2640 5399 sunt
2684 5344 2797 5400 Deo
2843 5342 3189 5412 comparati:
3233 5347 3367 5396 sunt
3407 5342 3556 5403 enim
3597 5344 3705 5396 mi-

424 5439 704 5490 Animalis
730 5439 905 5491 homo.
933 5436 1040 5500 Qui
1069 5435 1204 5488 vivit
1223 5449 1288 5487 ex
1318 5449 1566 5504 corpore,
1588 5435 1830 5487 carnalis
1849 5435 2017 5489 homo
2093 5434 2262 5488 nistri
2292 5435 2435 5504 ejus,
2456 5433 2605 5488 sicut
2631 5432 2933 5501 unicuique
2951 5431 3224 5488 Dominus
3247 5430 3438 5496 dedit;
3469 5445 3705 5494 enume-

424 5524 513 5578 vel
546 5524 807 5578 animalis
835 5530 1082 5580 vocatur.
1110 5522 1383 5587 Carnalis,
1412 5522 1544 5592 quia
1568 5523 1818 5577 carnalia
1838 5530 2018 5579 secta-
2092 5533 2189 5578 rat
2215 5530 2408 5578 autem
2441 5528 2630 5595 partes
2669 5519 2988 5588 ministerii,
3023 5519 3365 5592 praedicandi
3398 5519 3614 5581 scilicet
3637 5529 3702 5584 et

425 5619 552 5682 tur;
580 5611 836 5668 animalis
875 5619 1085 5684 autem,
1115 5613 1247 5684 quia
1281 5613 1463 5666 fertur
1490 5611 1758 5668 dissoluta
1795 5613 2018 5670 lascivia
