  <div class='ocr_page' id='page_1' title='image "/cluster/home/n/w/nwhite01/storage/ocr_20150623/150/umn.31951002477443u/116.png"; bbox 0 0 3912 6366; ppageno 0'>
   <div class='ocr_carea' id='block_1_1' title="bbox 151 317 3388 391">
    <p class='ocr_par' dir='ltr' id='par_1_1' title="bbox 151 317 3388 391">
     <span class='ocr_line' id='line_1_1' title="bbox 151 317 3388 391; baseline 0.003 -11"><span class='ocrx_word' id='word_1_1' title='bbox 151 317 238 381; x_wconf 77' lang='grc'>165</span> <span class='ocrx_word' id='word_1_2' title='bbox 834 323 911 378; x_wconf 85' lang='grc' dir='ltr'><strong>ΙΝ</strong></span> <span class='ocrx_word' id='word_1_3' title='bbox 948 324 1014 378; x_wconf 94' lang='lat' dir='ltr'>D.</span> <span class='ocrx_word' id='word_1_4' title='bbox 1057 319 1273 378; x_wconf 82' lang='lat' dir='ltr'><strong>PAULI</strong></span> <span class='ocrx_word' id='word_1_5' title='bbox 1310 318 1534 378; x_wconf 78' lang='lat' dir='ltr'>EPIST.</span> <span class='ocrx_word' id='word_1_6' title='bbox 1573 317 1946 378; x_wconf 78' lang='lat' dir='ltr'>GOMMENT.</span> <span class='ocrx_word' id='word_1_7' title='bbox 1989 351 2054 365; x_wconf 88' lang='lat'><strong><em>—</em></strong></span> <span class='ocrx_word' id='word_1_8' title='bbox 2098 321 2327 382; x_wconf 78' lang='lat' dir='ltr'>EPIST.</span> <span class='ocrx_word' id='word_1_9' title='bbox 2366 324 2462 382; x_wconf 76' lang='lat' dir='ltr'>AD</span> <span class='ocrx_word' id='word_1_10' title='bbox 2501 327 2675 384; x_wconf 88' lang='lat' dir='ltr'>ROM.</span> <span class='ocrx_word' id='word_1_11' title='bbox 3282 332 3388 391; x_wconf 81' lang='grc'>166</span> 
     </span>
    </p>
   </div>
   <div class='ocr_carea' id='block_1_2' title="bbox 145 444 3383 525">
    <p class='ocr_par' dir='ltr' id='par_1_2' title="bbox 145 444 3383 525">
     <span class='ocr_line' id='line_1_2' title="bbox 145 444 3383 525; baseline 0.003 -21"><span class='ocrx_word' id='word_1_12' title='bbox 145 462 238 523; x_wconf 81' lang='lat' dir='ltr'>nus</span> <span class='ocrx_word' id='word_1_13' title='bbox 257 449 386 515; x_wconf 79' lang='lat' dir='ltr'>(alii</span> <span class='ocrx_word' id='word_1_14' title='bbox 395 449 531 522; x_wconf 80' lang='lat' dir='ltr'>plus</span> <span class='ocrx_word' id='word_1_15' title='bbox 547 447 650 502; x_wconf 74' lang='lat' dir='ltr'>alii</span> <span class='ocrx_word' id='word_1_16' title='bbox 669 444 880 508; x_wconf 74' lang='lat' dir='ltr'>minus)</span> <span class='ocrx_word' id='word_1_17' title='bbox 901 446 1072 505; x_wconf 83' lang='lat' dir='ltr'>dedit.</span> <span class='ocrx_word' id='word_1_18' title='bbox 1095 446 1210 516; x_wconf 82' lang='lat' dir='ltr'>Ego</span> <span class='ocrx_word' id='word_1_19' title='bbox 1227 447 1575 516; x_wconf 68' lang='lat' dir='ltr'>praedicando</span> <span class='ocrx_word' id='word_1_20' title='bbox 1591 448 1654 498; x_wconf 80' lang='lat' dir='ltr'>in</span> <span class='ocrx_word' id='word_1_21' title='bbox 1675 448 1779 512; x_wconf 73' lang='lat' dir='ltr'>Me</span> <span class='ocrx_word' id='word_1_22' title='bbox 1793 447 2060 517; x_wconf 85' lang='lat' dir='ltr'>plantavi,</span> <span class='ocrx_word' id='word_1_23' title='bbox 2078 449 2275 520; x_wconf 81' lang='lat' dir='ltr'>Apollo</span> <span class='ocrx_word' id='word_1_24' title='bbox 2294 449 2498 520; x_wconf 84' lang='lat' dir='ltr'>rigavit</span> <span class='ocrx_word' id='word_1_25' title='bbox 2511 453 2968 519; x_wconf 75' lang='lat' dir='ltr'>baptisando,sed</span> <span class='ocrx_word' id='word_1_26' title='bbox 2990 454 3383 525; x_wconf 81' lang='lat' dir='ltr'>Dous(Paulus,</span> 
     </span>
    </p>
   </div>
   <div class='ocr_carea' id='block_1_3' title="bbox 145 536 3386 613">
    <p class='ocr_par' dir='ltr' id='par_1_3' title="bbox 145 536 3386 613">
     <span class='ocr_line' id='line_1_3' title="bbox 145 536 3386 613; baseline 0.003 -22"><span class='ocrx_word' id='word_1_27' title='bbox 145 539 331 606; x_wconf 80' lang='lat' dir='ltr'>inquit,</span> <span class='ocrx_word' id='word_1_28' title='bbox 346 541 393 590; x_wconf 88' lang='lat' dir='ltr'>et</span> <span class='ocrx_word' id='word_1_29' title='bbox 420 537 611 604; x_wconf 81' lang='lat' dir='ltr'>Apollo</span> <span class='ocrx_word' id='word_1_30' title='bbox 639 537 785 590; x_wconf 83' lang='lat' dir='ltr'>nihil</span> <span class='ocrx_word' id='word_1_31' title='bbox 813 539 1104 604; x_wconf 81' lang='lat' dir='ltr'>sunt,quia</span> <span class='ocrx_word' id='word_1_32' title='bbox 1130 536 1268 589; x_wconf 80' lang='lat' dir='ltr'>Deus</span> <span class='ocrx_word' id='word_1_33' title='bbox 1291 541 1511 589; x_wconf 80' lang='lat' dir='ltr'>tantum</span> <span class='ocrx_word' id='word_1_34' title='bbox 1557 537 1658 601; x_wconf 85' lang='lat' dir='ltr'>qui</span> <span class='ocrx_word' id='word_1_35' title='bbox 1675 536 2202 597; x_wconf 70' lang='lat' dir='ltr'>datincrementuml</span> <span class='ocrx_word' id='word_1_36' title='bbox 2220 537 2628 594; x_wconf 83' lang='lat' dir='ltr'>incrementum</span> <span class='ocrx_word' id='word_1_37' title='bbox 2648 542 2820 595; x_wconf 87' lang='lat' dir='ltr'>dedit.</span> <span class='ocrx_word' id='word_1_38' title='bbox 2852 544 3066 613; x_wconf 78' lang='lat' dir='ltr'>Itaque,</span> <span class='ocrx_word' id='word_1_39' title='bbox 3087 548 3222 612; x_wconf 79' lang='lat' dir='ltr'>quia</span> <span class='ocrx_word' id='word_1_40' title='bbox 3248 549 3386 600; x_wconf 81' lang='lat' dir='ltr'>Deus</span> 
     </span>
    </p>
   </div>
   <div class='ocr_carea' id='block_1_4' title="bbox 147 619 3389 704">
    <p class='ocr_par' dir='ltr' id='par_1_4' title="bbox 147 619 3389 704">
     <span class='ocr_line' id='line_1_4' title="bbox 147 619 3389 704; baseline 0.004 -28"><span class='ocrx_word' id='word_1_41' title='bbox 147 628 366 687; x_wconf 80' lang='lat' dir='ltr'>tantum,</span> <span class='ocrx_word' id='word_1_42' title='bbox 399 636 582 692; x_wconf 85' lang='lat' dir='ltr'>neque</span> <span class='ocrx_word' id='word_1_43' title='bbox 603 623 700 693; x_wconf 87' lang='lat' dir='ltr'>qui</span> <span class='ocrx_word' id='word_1_44' title='bbox 720 622 938 692; x_wconf 88' lang='lat' dir='ltr'>plantat</span> <span class='ocrx_word' id='word_1_45' title='bbox 961 627 1048 674; x_wconf 87' lang='lat' dir='ltr'>est</span> <span class='ocrx_word' id='word_1_46' title='bbox 1068 619 1297 692; x_wconf 86' lang='lat' dir='ltr'>aliquid,</span> <span class='ocrx_word' id='word_1_47' title='bbox 1327 635 1509 690; x_wconf 86' lang='lat' dir='ltr'>neque</span> <span class='ocrx_word' id='word_1_48' title='bbox 1539 623 1634 691; x_wconf 88' lang='lat' dir='ltr'>qui</span> <span class='ocrx_word' id='word_1_49' title='bbox 1664 623 1812 692; x_wconf 85' lang='lat' dir='ltr'>rigat</span> <span class='ocrx_word' id='word_1_50' title='bbox 1842 641 1852 674; x_wconf 93' lang='lat'>:</span> <span class='ocrx_word' id='word_1_51' title='bbox 1878 624 1995 690; x_wconf 86' lang='lat' dir='ltr'>sed,</span> <span class='ocrx_word' id='word_1_52' title='bbox 2021 625 2118 694; x_wconf 87' lang='lat' dir='ltr'>qui</span> <span class='ocrx_word' id='word_1_53' title='bbox 2147 626 2554 682; x_wconf 84' lang='lat' dir='ltr'>incrementum</span> <span class='ocrx_word' id='word_1_54' title='bbox 2571 629 2669 682; x_wconf 87' lang='lat' dir='ltr'>dat</span> <span class='ocrx_word' id='word_1_55' title='bbox 2689 631 2856 684; x_wconf 92' lang='lat' dir='ltr'>Deus.</span> <span class='ocrx_word' id='word_1_56' title='bbox 2880 632 2987 694; x_wconf 82' lang='lat' dir='ltr'>Qui</span> <span class='ocrx_word' id='word_1_57' title='bbox 3014 637 3206 686; x_wconf 84' lang='lat' dir='ltr'>autem</span> <span class='ocrx_word' id='word_1_58' title='bbox 3227 634 3389 704; x_wconf 85' lang='lat' dir='ltr'>plan-</span> 
     </span>
    </p>
   </div>
   <div class='ocr_carea' id='block_1_5' title="bbox 144 711 3388 787">
    <p class='ocr_par' dir='ltr' id='par_1_5' title="bbox 144 711 3388 787">
     <span class='ocr_line' id='line_1_5' title="bbox 144 711 3388 787; baseline 0.004 -22"><span class='ocrx_word' id='word_1_59' title='bbox 144 717 216 766; x_wconf 81' lang='lat' dir='ltr'>tat</span> <span class='ocrx_word' id='word_1_60' title='bbox 241 718 292 764; x_wconf 89' lang='lat' dir='ltr'>et</span> <span class='ocrx_word' id='word_1_61' title='bbox 319 711 413 782; x_wconf 91' lang='lat' dir='ltr'>qui</span> <span class='ocrx_word' id='word_1_62' title='bbox 443 712 610 781; x_wconf 87' lang='lat' dir='ltr'>rigat,</span> <span class='ocrx_word' id='word_1_63' title='bbox 644 726 821 764; x_wconf 89' lang='lat' dir='ltr'>unum</span> <span class='ocrx_word' id='word_1_64' title='bbox 847 717 979 764; x_wconf 89' lang='lat' dir='ltr'>sunt</span> <span class='ocrx_word' id='word_1_65' title='bbox 997 713 1060 763; x_wconf 87' lang='lat' dir='ltr'>in</span> <span class='ocrx_word' id='word_1_66' title='bbox 1089 711 1209 777; x_wconf 80' lang='lat' dir='ltr'>ﬁde.</span> <span class='ocrx_word' id='word_1_67' title='bbox 1247 711 1642 780; x_wconf 82' lang='lat' dir='ltr'>Unusquisque</span> <span class='ocrx_word' id='word_1_68' title='bbox 1660 716 1847 763; x_wconf 88' lang='lat' dir='ltr'>autem</span> <span class='ocrx_word' id='word_1_69' title='bbox 1868 713 2150 782; x_wconf 85' lang='lat' dir='ltr'>propriam</span> <span class='ocrx_word' id='word_1_70' title='bbox 2181 716 2492 769; x_wconf 84' lang='lat' dir='ltr'>mercedem</span> <span class='ocrx_word' id='word_1_71' title='bbox 2516 718 2768 787; x_wconf 84' lang='lat' dir='ltr'>accipiet,</span> <span class='ocrx_word' id='word_1_72' title='bbox 2787 721 3061 772; x_wconf 69' lang='lat' dir='ltr'>diuersam</span> <span class='ocrx_word' id='word_1_73' title='bbox 3083 726 3265 774; x_wconf 84' lang='lat' dir='ltr'>tamen</span> <span class='ocrx_word' id='word_1_74' title='bbox 3286 724 3388 777; x_wconf 81' lang='lat' dir='ltr'>ha-</span> 
     </span>
    </p>
   </div>
   <div class='ocr_carea' id='block_1_6' title="bbox 147 796 3389 879">
    <p class='ocr_par' dir='ltr' id='par_1_6' title="bbox 147 796 3389 879">
     <span class='ocr_line' id='line_1_6' title="bbox 147 796 3389 879; baseline 0.003 -27"><span class='ocrx_word' id='word_1_75' title='bbox 147 803 322 854; x_wconf 84' lang='lat' dir='ltr'>bebunt</span> <span class='ocrx_word' id='word_1_76' title='bbox 337 801 638 853; x_wconf 75' lang='lat' dir='ltr'>mercedem</span> <span class='ocrx_word' id='word_1_77' title='bbox 653 800 959 853; x_wconf 89' lang='lat' dir='ltr'>secundum</span> <span class='ocrx_word' id='word_1_78' title='bbox 982 815 1145 852; x_wconf 87' lang='lat' dir='ltr'>suum</span> <span class='ocrx_word' id='word_1_79' title='bbox 1171 796 1438 862; x_wconf 90' lang='lat' dir='ltr'>laborem,</span> <span class='ocrx_word' id='word_1_80' title='bbox 1445 814 1544 865; x_wconf 84' lang='lat' dir='ltr'>pro</span> <span class='ocrx_word' id='word_1_81' title='bbox 1563 801 1893 853; x_wconf 81' lang='lat' dir='ltr'>meritorum</span> <span class='ocrx_word' id='word_1_82' title='bbox 1903 817 2136 854; x_wconf 81' lang='lat' dir='ltr'>suorum</span> <span class='ocrx_word' id='word_1_83' title='bbox 2156 803 2498 870; x_wconf 79' lang='lat' dir='ltr'>qualitate.4.</span> <span class='ocrx_word' id='word_1_84' title='bbox 2520 805 2623 858; x_wconf 89' lang='lat' dir='ltr'>Dei</span> <span class='ocrx_word' id='word_1_85' title='bbox 2636 811 2763 870; x_wconf 77' lang='lat'><strong>49</strong></span> <span class='ocrx_word' id='word_1_86' title='bbox 2782 807 2930 859; x_wconf 91' lang='lat' dir='ltr'>enim</span> <span class='ocrx_word' id='word_1_87' title='bbox 2949 824 3144 860; x_wconf 91' lang='lat' dir='ltr'>sumus</span> <span class='ocrx_word' id='word_1_88' title='bbox 3164 809 3229 861; x_wconf 90' lang='lat' dir='ltr'>ad</span> <span class='ocrx_word' id='word_1_89' title='bbox 3231 810 3253 879; x_wconf 91' lang='lat' dir='ltr'>j</span> <span class='ocrx_word' id='word_1_90' title='bbox 3263 815 3389 863; x_wconf 94' lang='lat' dir='ltr'>uto-</span> 
     </span>
    </p>
   </div>
   <div class='ocr_carea' id='block_1_7' title="bbox 141 884 3379 965">
    <p class='ocr_par' dir='ltr' id='par_1_7' title="bbox 141 884 3379 965">
     <span class='ocr_line' id='line_1_7' title="bbox 141 884 3379 965; baseline 0.003 -22"><span class='ocrx_word' id='word_1_91' title='bbox 141 905 236 956; x_wconf 81' lang='lat' dir='ltr'>res,</span> <span class='ocrx_word' id='word_1_92' title='bbox 247 888 629 957; x_wconf 67' lang='lat' dir='ltr'>pradicet-tores</span> <span class='ocrx_word' id='word_1_93' title='bbox 649 905 666 950; x_wconf 89' lang='lat'>;</span> <span class='ocrx_word' id='word_1_94' title='bbox 700 887 800 956; x_wconf 85' lang='lat' dir='ltr'>Dei</span> <span class='ocrx_word' id='word_1_95' title='bbox 829 886 1172 957; x_wconf 68' lang='lat' dir='ltr'>agricultura</span> <span class='ocrx_word' id='word_1_96' title='bbox 1199 901 1287 938; x_wconf 81' lang='lat' dir='ltr'>vos</span> <span class='ocrx_word' id='word_1_97' title='bbox 1318 884 1470 950; x_wconf 86' lang='lat' dir='ltr'>estis,</span> <span class='ocrx_word' id='word_1_98' title='bbox 1500 885 1602 940; x_wconf 86' lang='lat' dir='ltr'>Dei</span> <span class='ocrx_word' id='word_1_99' title='bbox 1629 886 1920 941; x_wconf 65' lang='lat' dir='ltr'>aediﬁcatio</span> <span class='ocrx_word' id='word_1_100' title='bbox 1943 890 2096 955; x_wconf 85' lang='lat' dir='ltr'>estis,</span> <span class='ocrx_word' id='word_1_101' title='bbox 2113 895 2161 944; x_wconf 86' lang='lat' dir='ltr'>et</span> <span class='ocrx_word' id='word_1_102' title='bbox 2181 908 2292 958; x_wconf 86' lang='lat' dir='ltr'>ego.</span> <span class='ocrx_word' id='word_1_103' title='bbox 2311 893 2628 952; x_wconf 85' lang='lat' dir='ltr'>Secundum</span> <span class='ocrx_word' id='word_1_104' title='bbox 2651 895 2891 964; x_wconf 78' lang='lat' dir='ltr'>gratiam</span> <span class='ocrx_word' id='word_1_105' title='bbox 2911 900 3242 964; x_wconf 83' lang='lat' dir='ltr'>apostolatus</span> <span class='ocrx_word' id='word_1_106' title='bbox 3258 899 3379 965; x_wconf 89' lang='lat' dir='ltr'>Dei,</span> 
     </span>
    </p>
   </div>
   <div class='ocr_carea' id='block_1_8' title="bbox 142 973 3388 1058">
    <p class='ocr_par' dir='ltr' id='par_1_8' title="bbox 142 973 3388 1058">
     <span class='ocr_line' id='line_1_8' title="bbox 142 973 3388 1058; baseline 0.004 -30"><span class='ocrx_word' id='word_1_107' title='bbox 142 993 249 1047; x_wconf 65' lang='lat' dir='ltr'>qua</span> <span class='ocrx_word' id='word_1_108' title='bbox 283 975 416 1043; x_wconf 78' lang='lat' dir='ltr'>data</span> <span class='ocrx_word' id='word_1_109' title='bbox 445 979 535 1043; x_wconf 80' lang='lat' dir='ltr'>est</span> <span class='ocrx_word' id='word_1_110' title='bbox 563 975 722 1044; x_wconf 84' lang='lat' dir='ltr'>mihi,</span> <span class='ocrx_word' id='word_1_111' title='bbox 757 979 823 1029; x_wconf 90' lang='lat' dir='ltr'>ut</span> <span class='ocrx_word' id='word_1_112' title='bbox 857 975 1080 1044; x_wconf 84' lang='lat' dir='ltr'>sapiens</span> <span class='ocrx_word' id='word_1_113' title='bbox 1111 973 1450 1030; x_wconf 88' lang='lat' dir='ltr'>architectus</span> <span class='ocrx_word' id='word_1_114' title='bbox 1475 973 1923 1041; x_wconf 85' lang='lat' dir='ltr'>fundamentum,</span> <span class='ocrx_word' id='word_1_115' title='bbox 1955 979 2116 1042; x_wconf 80' lang='lat' dir='ltr'>ﬁdem</span> <span class='ocrx_word' id='word_1_116' title='bbox 2146 978 2374 1045; x_wconf 78' lang='lat' dir='ltr'>Christi,</span> <span class='ocrx_word' id='word_1_117' title='bbox 2416 982 2604 1052; x_wconf 88' lang='lat' dir='ltr'>posui;</span> <span class='ocrx_word' id='word_1_118' title='bbox 2639 983 2782 1052; x_wconf 82' lang='lat' dir='ltr'>alius</span> <span class='ocrx_word' id='word_1_119' title='bbox 2812 989 3003 1053; x_wconf 76' lang='lat' dir='ltr'>autem</span> <span class='ocrx_word' id='word_1_120' title='bbox 3033 987 3388 1058; x_wconf 53' lang='lat' dir='ltr'>superadm-</span> 
     </span>
    </p>
   </div>
   <div class='ocr_carea' id='block_1_9' title="bbox 140 1062 3379 1136">
    <p class='ocr_par' dir='ltr' id='par_1_9' title="bbox 140 1062 3379 1136">
     <span class='ocr_line' id='line_1_9' title="bbox 140 1062 3379 1136; baseline 0.003 -18"><span class='ocrx_word' id='word_1_121' title='bbox 140 1070 237 1134; x_wconf 78' lang='lat' dir='ltr'>cat.</span> <span class='ocrx_word' id='word_1_122' title='bbox 268 1064 666 1136; x_wconf 78' lang='lat' dir='ltr'>Unusquisque</span> <span class='ocrx_word' id='word_1_123' title='bbox 694 1069 882 1118; x_wconf 85' lang='lat' dir='ltr'>autem</span> <span class='ocrx_word' id='word_1_124' title='bbox 906 1063 1095 1121; x_wconf 83' lang='lat' dir='ltr'>videat</span> <span class='ocrx_word' id='word_1_125' title='bbox 1122 1062 1400 1135; x_wconf 87' lang='lat' dir='ltr'>quomodo</span> <span class='ocrx_word' id='word_1_126' title='bbox 1428 1062 1852 1136; x_wconf 69' lang='lat' dir='ltr'>suPeraedificet,</span> <span class='ocrx_word' id='word_1_127' title='bbox 1875 1080 2038 1130; x_wconf 87' lang='lat' dir='ltr'>opera</span> <span class='ocrx_word' id='word_1_128' title='bbox 2057 1068 2247 1132; x_wconf 77' lang='lat' dir='ltr'>faciat.</span> <span class='ocrx_word' id='word_1_129' title='bbox 2282 1066 2332 1133; x_wconf 82' lang='lat'>5,</span> <span class='ocrx_word' id='word_1_130' title='bbox 2368 1066 2420 1125; x_wconf 83' lang='lat'>6.</span> <span class='ocrx_word' id='word_1_131' title='bbox 2448 1068 2902 1128; x_wconf 82' lang='lat' dir='ltr'>Fundamentum</span> <span class='ocrx_word' id='word_1_132' title='bbox 2919 1072 3068 1130; x_wconf 88' lang='lat' dir='ltr'>enim</span> <span class='ocrx_word' id='word_1_133' title='bbox 3099 1071 3253 1128; x_wconf 80' lang='lat' dir='ltr'>aliud</span> <span class='ocrx_word' id='word_1_134' title='bbox 3284 1093 3379 1130; x_wconf 89' lang='lat' dir='ltr'>ne-</span> 
     </span>
    </p>
   </div>
   <div class='ocr_carea' id='block_1_10' title="bbox 141 1149 3382 1234">
    <p class='ocr_par' dir='ltr' id='par_1_10' title="bbox 141 1149 3382 1234">
     <span class='ocr_line' id='line_1_10' title="bbox 141 1149 3382 1234; baseline 0.004 -28"><span class='ocrx_word' id='word_1_135' title='bbox 141 1170 220 1208; x_wconf 88' lang='lat' dir='ltr'>mo</span> <span class='ocrx_word' id='word_1_136' title='bbox 239 1157 424 1224; x_wconf 78' lang='lat' dir='ltr'>potest</span> <span class='ocrx_word' id='word_1_137' title='bbox 451 1169 664 1224; x_wconf 80' lang='lat' dir='ltr'>ponere</span> <span class='ocrx_word' id='word_1_138' title='bbox 689 1159 891 1223; x_wconf 81' lang='lat' dir='ltr'>praeter</span> <span class='ocrx_word' id='word_1_139' title='bbox 906 1153 961 1206; x_wconf 90' lang='lat' dir='ltr'>id</span> <span class='ocrx_word' id='word_1_140' title='bbox 993 1152 1140 1222; x_wconf 87' lang='lat' dir='ltr'>quod</span> <span class='ocrx_word' id='word_1_141' title='bbox 1169 1168 1204 1205; x_wconf 91' lang='lat' dir='ltr'>a</span> <span class='ocrx_word' id='word_1_142' title='bbox 1234 1167 1316 1204; x_wconf 88' lang='lat' dir='ltr'>me</span> <span class='ocrx_word' id='word_1_143' title='bbox 1342 1149 1585 1220; x_wconf 86' lang='lat' dir='ltr'>positum</span> <span class='ocrx_word' id='word_1_144' title='bbox 1625 1156 1727 1216; x_wconf 91' lang='lat' dir='ltr'>est,</span> <span class='ocrx_word' id='word_1_145' title='bbox 1762 1152 1910 1222; x_wconf 90' lang='lat' dir='ltr'>quod</span> <span class='ocrx_word' id='word_1_146' title='bbox 1938 1159 2024 1208; x_wconf 89' lang='lat' dir='ltr'>est</span> <span class='ocrx_word' id='word_1_147' title='bbox 2046 1156 2303 1212; x_wconf 83' lang='lat' dir='ltr'>Christus</span> <span class='ocrx_word' id='word_1_148' title='bbox 2331 1159 2512 1224; x_wconf 85' lang='lat' dir='ltr'>Jesus,</span> <span class='ocrx_word' id='word_1_149' title='bbox 2547 1160 2755 1218; x_wconf 82' lang='lat' dir='ltr'>Christi</span> <span class='ocrx_word' id='word_1_150' title='bbox 2769 1159 2922 1230; x_wconf 73' lang='lat' dir='ltr'>ﬁdes.</span> <span class='ocrx_word' id='word_1_151' title='bbox 2957 1161 3009 1215; x_wconf 92' lang='lat'><strong>7.</strong></span> <span class='ocrx_word' id='word_1_152' title='bbox 3044 1161 3102 1218; x_wconf 87' lang='lat' dir='ltr'>Si</span> <span class='ocrx_word' id='word_1_153' title='bbox 3126 1164 3250 1234; x_wconf 85' lang='lat' dir='ltr'>quis</span> <span class='ocrx_word' id='word_1_154' title='bbox 3278 1182 3382 1220; x_wconf 89' lang='lat' dir='ltr'>au-</span> 
     </span>
    </p>
   </div>
   <div class='ocr_carea' id='block_1_11' title="bbox 137 1240 3382 1322">
    <p class='ocr_par' dir='ltr' id='par_1_11' title="bbox 137 1240 3382 1322">
     <span class='ocr_line' id='line_1_11' title="bbox 137 1240 3382 1322; baseline 0.005 -27"><span class='ocrx_word' id='word_1_155' title='bbox 137 1249 236 1296; x_wconf 82' lang='lat' dir='ltr'>tem</span> <span class='ocrx_word' id='word_1_156' title='bbox 263 1242 674 1312; x_wconf 68' lang='lat' dir='ltr'>supermdiﬁcat</span> <span class='ocrx_word' id='word_1_157' title='bbox 704 1259 871 1313; x_wconf 87' lang='lat' dir='ltr'>super</span> <span class='ocrx_word' id='word_1_158' title='bbox 897 1243 1024 1310; x_wconf 75' lang='lat' dir='ltr'>ﬁdei</span> <span class='ocrx_word' id='word_1_159' title='bbox 1050 1240 1479 1311; x_wconf 80' lang='lat' dir='ltr'>fundamentum</span> <span class='ocrx_word' id='word_1_160' title='bbox 1505 1240 1605 1292; x_wconf 87' lang='lat' dir='ltr'>hoc</span> <span class='ocrx_word' id='word_1_161' title='bbox 1631 1256 1730 1307; x_wconf 86' lang='lat' dir='ltr'>per</span> <span class='ocrx_word' id='word_1_162' title='bbox 1755 1241 1863 1295; x_wconf 62' lang='lat' dir='ltr'>hac</span> <span class='ocrx_word' id='word_1_163' title='bbox 1887 1245 2000 1295; x_wconf 84' lang='lat' dir='ltr'>tria</span> <span class='ocrx_word' id='word_1_164' title='bbox 2027 1245 2166 1296; x_wconf 82' lang='lat' dir='ltr'>bona</span> <span class='ocrx_word' id='word_1_165' title='bbox 2190 1260 2350 1312; x_wconf 83' lang='lat' dir='ltr'>opera</span> <span class='ocrx_word' id='word_1_166' title='bbox 2379 1263 2602 1308; x_wconf 87' lang='lat' dir='ltr'>aurum,</span> <span class='ocrx_word' id='word_1_167' title='bbox 2652 1256 2969 1319; x_wconf 83' lang='lat' dir='ltr'>argentum,</span> <span class='ocrx_word' id='word_1_168' title='bbox 3005 1249 3216 1321; x_wconf 84' lang='lat' dir='ltr'>lapides</span> <span class='ocrx_word' id='word_1_169' title='bbox 3255 1270 3382 1322; x_wconf 82' lang='lat' dir='ltr'>pre-</span> 
     </span>
    </p>
   </div>
   <div class='ocr_carea' id='block_1_12' title="bbox 138 1327 3380 1409">
    <p class='ocr_par' dir='ltr' id='par_1_12' title="bbox 138 1327 3380 1409">
     <span class='ocr_line' id='line_1_12' title="bbox 138 1327 3380 1409; baseline 0.003 -25"><span class='ocrx_word' id='word_1_170' title='bbox 138 1331 310 1396; x_wconf 85' lang='lat' dir='ltr'>tiosos,</span> <span class='ocrx_word' id='word_1_171' title='bbox 336 1348 441 1400; x_wconf 83' lang='lat' dir='ltr'>per</span> <span class='ocrx_word' id='word_1_172' title='bbox 469 1335 578 1399; x_wconf 83' lang='lat' dir='ltr'>ista</span> <span class='ocrx_word' id='word_1_173' title='bbox 603 1335 828 1400; x_wconf 82' lang='lat' dir='ltr'>minora</span> <span class='ocrx_word' id='word_1_174' title='bbox 844 1336 1060 1400; x_wconf 85' lang='lat' dir='ltr'>peccata</span> <span class='ocrx_word' id='word_1_175' title='bbox 1086 1329 1257 1400; x_wconf 83' lang='lat' dir='ltr'>ligna,</span> <span class='ocrx_word' id='word_1_176' title='bbox 1293 1329 1501 1391; x_wconf 88' lang='lat' dir='ltr'>fenum,</span> <span class='ocrx_word' id='word_1_177' title='bbox 1542 1327 1840 1400; x_wconf 83' lang='lat' dir='ltr'>stipulam:</span> <span class='ocrx_word' id='word_1_178' title='bbox 1874 1328 2310 1401; x_wconf 82' lang='lat' dir='ltr'>uniuscujusque</span> <span class='ocrx_word' id='word_1_179' title='bbox 2333 1349 2472 1402; x_wconf 87' lang='lat' dir='ltr'>opus</span> <span class='ocrx_word' id='word_1_180' title='bbox 2507 1334 2865 1388; x_wconf 88' lang='lat' dir='ltr'>manifestum</span> <span class='ocrx_word' id='word_1_181' title='bbox 2897 1336 3040 1402; x_wconf 89' lang='lat' dir='ltr'>erit;</span> <span class='ocrx_word' id='word_1_182' title='bbox 3074 1337 3195 1393; x_wconf 89' lang='lat' dir='ltr'>dies</span> <span class='ocrx_word' id='word_1_183' title='bbox 3226 1341 3380 1409; x_wconf 87' lang='lat' dir='ltr'>enim</span> 
     </span>
    </p>
   </div>
   <div class='ocr_carea' id='block_1_13' title="bbox 136 1417 3381 1498">
    <p class='ocr_par' dir='ltr' id='par_1_13' title="bbox 136 1417 3381 1498">
     <span class='ocr_line' id='line_1_13' title="bbox 136 1417 3381 1498; baseline 0.003 -24"><span class='ocrx_word' id='word_1_184' title='bbox 136 1420 360 1488; x_wconf 86' lang='lat' dir='ltr'>Domini,</span> <span class='ocrx_word' id='word_1_185' title='bbox 383 1422 622 1489; x_wconf 81' lang='lat' dir='ltr'>judieii,</span> <span class='ocrx_word' id='word_1_186' title='bbox 639 1419 960 1485; x_wconf 80' lang='lat' dir='ltr'>declarabit,</span> <span class='ocrx_word' id='word_1_187' title='bbox 984 1419 1116 1488; x_wconf 87' lang='lat' dir='ltr'>quia</span> <span class='ocrx_word' id='word_1_188' title='bbox 1139 1418 1195 1471; x_wconf 90' lang='lat' dir='ltr'>in</span> <span class='ocrx_word' id='word_1_189' title='bbox 1226 1418 1376 1489; x_wconf 82' lang='lat' dir='ltr'>igne,</span> <span class='ocrx_word' id='word_1_190' title='bbox 1393 1433 1492 1486; x_wconf 81' lang='lat' dir='ltr'>per</span> <span class='ocrx_word' id='word_1_191' title='bbox 1507 1419 1706 1484; x_wconf 83' lang='lat' dir='ltr'>ignem,</span> <span class='ocrx_word' id='word_1_192' title='bbox 1733 1417 2068 1472; x_wconf 82' lang='lat' dir='ltr'>revelabitur</span> <span class='ocrx_word' id='word_1_193' title='bbox 2097 1426 2153 1474; x_wconf 88' lang='lat' dir='ltr'>et</span> <span class='ocrx_word' id='word_1_194' title='bbox 2177 1422 2431 1492; x_wconf 89' lang='lat' dir='ltr'>uniuscuj</span> <span class='ocrx_word' id='word_1_195' title='bbox 2443 1441 2616 1495; x_wconf 87' lang='lat' dir='ltr'>usque</span> <span class='ocrx_word' id='word_1_196' title='bbox 2636 1442 2774 1496; x_wconf 89' lang='lat' dir='ltr'>opus</span> <span class='ocrx_word' id='word_1_197' title='bbox 2796 1427 2960 1496; x_wconf 82' lang='lat' dir='ltr'>quale</span> <span class='ocrx_word' id='word_1_198' title='bbox 2977 1427 3229 1498; x_wconf 81' lang='lat' dir='ltr'>sit,ignis</span> <span class='ocrx_word' id='word_1_199' title='bbox 3247 1446 3381 1498; x_wconf 82' lang='lat' dir='ltr'>pur-</span> 
     </span>
    </p>
   </div>
   <div class='ocr_carea' id='block_1_14' title="bbox 132 1504 3378 1587">
    <p class='ocr_par' dir='ltr' id='par_1_14' title="bbox 132 1504 3378 1587">
     <span class='ocr_line' id='line_1_14' title="bbox 132 1504 3378 1587; baseline 0.002 -24"><span class='ocrx_word' id='word_1_200' title='bbox 132 1512 365 1575; x_wconf 73' lang='lat' dir='ltr'>gatorius</span> <span class='ocrx_word' id='word_1_201' title='bbox 389 1508 658 1579; x_wconf 81' lang='lat' dir='ltr'>probabit</span> <span class='ocrx_word' id='word_1_202' title='bbox 681 1510 779 1570; x_wconf 74' lang='lat' dir='ltr'>hoc</span> <span class='ocrx_word' id='word_1_203' title='bbox 810 1510 999 1562; x_wconf 86' lang='lat' dir='ltr'>modo:</span> <span class='ocrx_word' id='word_1_204' title='bbox 1033 1507 1081 1561; x_wconf 89' lang='lat' dir='ltr'>si</span> <span class='ocrx_word' id='word_1_205' title='bbox 1103 1507 1260 1575; x_wconf 85' lang='lat' dir='ltr'>cujus</span> <span class='ocrx_word' id='word_1_206' title='bbox 1281 1521 1420 1576; x_wconf 90' lang='lat' dir='ltr'>opus</span> <span class='ocrx_word' id='word_1_207' title='bbox 1451 1504 1739 1566; x_wconf 78' lang='lat' dir='ltr'>manserit,</span> <span class='ocrx_word' id='word_1_208' title='bbox 1772 1505 1920 1575; x_wconf 88' lang='lat' dir='ltr'>quod</span> <span class='ocrx_word' id='word_1_209' title='bbox 1950 1509 2112 1573; x_wconf 82' lang='lat' dir='ltr'>ﬁdem</span> <span class='ocrx_word' id='word_1_210' title='bbox 2154 1512 2621 1581; x_wconf 68' lang='lat' dir='ltr'>superaedificavit</span> <span class='ocrx_word' id='word_1_211' title='bbox 2668 1515 2978 1568; x_wconf 84' lang='lat' dir='ltr'>mercedem</span> <span class='ocrx_word' id='word_1_212' title='bbox 3025 1517 3296 1587; x_wconf 81' lang='lat' dir='ltr'>accipiet;</span> <span class='ocrx_word' id='word_1_213' title='bbox 3328 1519 3378 1573; x_wconf 83' lang='lat' dir='ltr'>si</span> 
     </span>
    </p>
   </div>
   <div class='ocr_carea' id='block_1_15' title="bbox 137 1594 3389 1674">
    <p class='ocr_par' dir='ltr' id='par_1_15' title="bbox 137 1594 3389 1674">
     <span class='ocr_line' id='line_1_15' title="bbox 137 1594 3389 1674; baseline 0.003 -23"><span class='ocrx_word' id='word_1_214' title='bbox 137 1598 279 1666; x_wconf 77' lang='lat' dir='ltr'>cujus</span> <span class='ocrx_word' id='word_1_215' title='bbox 304 1614 449 1668; x_wconf 85' lang='lat' dir='ltr'>opus</span> <span class='ocrx_word' id='word_1_216' title='bbox 471 1597 698 1660; x_wconf 85' lang='lat' dir='ltr'>arserit,</span> <span class='ocrx_word' id='word_1_217' title='bbox 729 1597 1126 1664; x_wconf 83' lang='lat' dir='ltr'>detrimentum</span> <span class='ocrx_word' id='word_1_218' title='bbox 1149 1594 1414 1666; x_wconf 84' lang='lat' dir='ltr'>patietur,</span> <span class='ocrx_word' id='word_1_219' title='bbox 1438 1595 1557 1666; x_wconf 89' lang='lat' dir='ltr'>ipse</span> <span class='ocrx_word' id='word_1_220' title='bbox 1576 1599 1764 1648; x_wconf 87' lang='lat' dir='ltr'>autem</span> <span class='ocrx_word' id='word_1_221' title='bbox 1778 1594 1962 1648; x_wconf 84' lang='lat' dir='ltr'>salvus</span> <span class='ocrx_word' id='word_1_222' title='bbox 1988 1597 2112 1662; x_wconf 87' lang='lat' dir='ltr'>erit,</span> <span class='ocrx_word' id='word_1_223' title='bbox 2128 1598 2208 1652; x_wconf 88' lang='lat' dir='ltr'>sic</span> <span class='ocrx_word' id='word_1_224' title='bbox 2240 1606 2429 1656; x_wconf 88' lang='lat' dir='ltr'>tamen</span> <span class='ocrx_word' id='word_1_225' title='bbox 2457 1605 2515 1658; x_wconf 90' lang='lat'>8.</span> <span class='ocrx_word' id='word_1_226' title='bbox 2553 1603 2714 1673; x_wconf 86' lang='lat' dir='ltr'>quasi</span> <span class='ocrx_word' id='word_1_227' title='bbox 2746 1605 3067 1674; x_wconf 79' lang='lat' dir='ltr'>perignem.</span> <span class='ocrx_word' id='word_1_228' title='bbox 3088 1605 3139 1671; x_wconf 91' lang='lat'>9,</span> <span class='ocrx_word' id='word_1_229' title='bbox 3173 1607 3256 1660; x_wconf 61' lang='lat'>&#39;10.</span> <span class='ocrx_word' id='word_1_230' title='bbox 3280 1608 3389 1661; x_wconf 86' lang='lat' dir='ltr'>Ne-</span> 
     </span>
    </p>
   </div>
   <div class='ocr_carea' id='block_1_16' title="bbox 135 1681 3380 1765">
    <p class='ocr_par' dir='ltr' id='par_1_16' title="bbox 135 1681 3380 1765">
     <span class='ocr_line' id='line_1_16' title="bbox 135 1681 3380 1765; baseline 0.002 -25"><span class='ocrx_word' id='word_1_231' title='bbox 135 1686 273 1751; x_wconf 77' lang='lat' dir='ltr'>scitis</span> <span class='ocrx_word' id='word_1_232' title='bbox 293 1688 384 1757; x_wconf 84' lang='lat' dir='ltr'>(ne</span> <span class='ocrx_word' id='word_1_233' title='bbox 401 1690 519 1748; x_wconf 77' lang='lat' dir='ltr'>sint</span> <span class='ocrx_word' id='word_1_234' title='bbox 536 1689 600 1740; x_wconf 82' lang='lat' dir='ltr'>in</span> <span class='ocrx_word' id='word_1_235' title='bbox 620 1688 774 1751; x_wconf 77' lang='lat' dir='ltr'>nobis</span> <span class='ocrx_word' id='word_1_236' title='bbox 799 1689 1113 1752; x_wconf 71' lang='lat' dir='ltr'>schismata)</span> <span class='ocrx_word' id='word_1_237' title='bbox 1130 1685 1263 1756; x_wconf 87' lang='lat' dir='ltr'>quia</span> <span class='ocrx_word' id='word_1_238' title='bbox 1284 1683 1650 1754; x_wconf 86' lang='lat' dir='ltr'>ll.templum</span> <span class='ocrx_word' id='word_1_239' title='bbox 1682 1681 1780 1736; x_wconf 87' lang='lat' dir='ltr'>Dei</span> <span class='ocrx_word' id='word_1_240' title='bbox 1807 1683 1958 1747; x_wconf 84' lang='lat' dir='ltr'>estis,</span> <span class='ocrx_word' id='word_1_241' title='bbox 1989 1692 2045 1738; x_wconf 88' lang='lat' dir='ltr'>et</span> <span class='ocrx_word' id='word_1_242' title='bbox 2067 1691 2198 1754; x_wconf 81' lang='lat' dir='ltr'>quia</span> <span class='ocrx_word' id='word_1_243' title='bbox 2230 1689 2472 1762; x_wconf 76' lang='lat' dir='ltr'>Spiritus</span> <span class='ocrx_word' id='word_1_244' title='bbox 2504 1691 2603 1746; x_wconf 88' lang='lat' dir='ltr'>Dei</span> <span class='ocrx_word' id='word_1_245' title='bbox 2622 1691 2840 1747; x_wconf 84' lang='lat' dir='ltr'>habitat</span> <span class='ocrx_word' id='word_1_246' title='bbox 2869 1693 2928 1747; x_wconf 89' lang='lat' dir='ltr'>in</span> <span class='ocrx_word' id='word_1_247' title='bbox 2958 1694 3114 1762; x_wconf 84' lang='lat' dir='ltr'>vobis</span> <span class='ocrx_word' id='word_1_248' title='bbox 3136 1694 3234 1749; x_wconf 80' lang='lat' dir='ltr'>?Si</span> <span class='ocrx_word' id='word_1_249' title='bbox 3253 1695 3380 1765; x_wconf 89' lang='lat' dir='ltr'>quis</span> 
     </span>
    </p>
   </div>
   <div class='ocr_carea' id='block_1_17' title="bbox 135 1771 3378 1850">
    <p class='ocr_par' dir='ltr' id='par_1_17' title="bbox 135 1771 3378 1850">
     <span class='ocr_line' id='line_1_17' title="bbox 135 1771 3378 1850; baseline 0.002 -22"><span class='ocrx_word' id='word_1_250' title='bbox 135 1781 305 1841; x_wconf 74' lang='lat' dir='ltr'>autem</span> <span class='ocrx_word' id='word_1_251' title='bbox 341 1777 625 1846; x_wconf 77' lang='lat' dir='ltr'>templum</span> <span class='ocrx_word' id='word_1_252' title='bbox 657 1777 758 1836; x_wconf 83' lang='lat' dir='ltr'>Dei</span> <span class='ocrx_word' id='word_1_253' title='bbox 789 1775 1091 1841; x_wconf 78' lang='lat' dir='ltr'>violaverit,</span> <span class='ocrx_word' id='word_1_254' title='bbox 1127 1775 1413 1845; x_wconf 86' lang='lat' dir='ltr'>disperdet</span> <span class='ocrx_word' id='word_1_255' title='bbox 1447 1773 1608 1828; x_wconf 89' lang='lat' dir='ltr'>illum</span> <span class='ocrx_word' id='word_1_256' title='bbox 1639 1771 1805 1826; x_wconf 88' lang='lat' dir='ltr'>Deus.</span> <span class='ocrx_word' id='word_1_257' title='bbox 1837 1773 2131 1842; x_wconf 87' lang='lat' dir='ltr'>Templum</span> <span class='ocrx_word' id='word_1_258' title='bbox 2176 1773 2327 1827; x_wconf 87' lang='lat' dir='ltr'>enim</span> <span class='ocrx_word' id='word_1_259' title='bbox 2366 1775 2462 1831; x_wconf 88' lang='lat' dir='ltr'>Dei</span> <span class='ocrx_word' id='word_1_260' title='bbox 2491 1783 2749 1837; x_wconf 87' lang='lat' dir='ltr'>sanctum</span> <span class='ocrx_word' id='word_1_261' title='bbox 2782 1785 2885 1849; x_wconf 85' lang='lat' dir='ltr'>est.</span> <span class='ocrx_word' id='word_1_262' title='bbox 2915 1781 3064 1850; x_wconf 91' lang='lat' dir='ltr'>quod</span> <span class='ocrx_word' id='word_1_263' title='bbox 3094 1781 3233 1848; x_wconf 83' lang='lat' dir='ltr'>estis</span> <span class='ocrx_word' id='word_1_264' title='bbox 3264 1799 3378 1836; x_wconf 84' lang='lat' dir='ltr'>vos.</span> 
     </span>
    </p>
   </div>
   <div class='ocr_carea' id='block_1_18' title="bbox 139 1862 3378 1940">
    <p class='ocr_par' dir='ltr' id='par_1_18' title="bbox 139 1862 3378 1940">
     <span class='ocr_line' id='line_1_18' title="bbox 139 1862 3378 1940; baseline 0.002 -21"><span class='ocrx_word' id='word_1_265' title='bbox 139 1864 211 1929; x_wconf 74' lang='grc'><strong>12.</strong></span> <span class='ocrx_word' id='word_1_266' title='bbox 235 1867 411 1928; x_wconf 76' lang='lat' dir='ltr'>Nemo</span> <span class='ocrx_word' id='word_1_267' title='bbox 443 1869 671 1934; x_wconf 70' lang='lat' dir='ltr'>(putans</span> <span class='ocrx_word' id='word_1_268' title='bbox 691 1868 787 1920; x_wconf 82' lang='lat' dir='ltr'>hoc</span> <span class='ocrx_word' id='word_1_269' title='bbox 814 1869 987 1920; x_wconf 82' lang='lat' dir='ltr'>Deum</span> <span class='ocrx_word' id='word_1_270' title='bbox 1017 1869 1305 1933; x_wconf 74' lang='lat' dir='ltr'>negligere,</span> <span class='ocrx_word' id='word_1_271' title='bbox 1340 1865 1421 1918; x_wconf 74' lang='lat' dir='ltr'>vel</span> <span class='ocrx_word' id='word_1_272' title='bbox 1459 1878 1571 1916; x_wconf 82' lang='lat' dir='ltr'>non</span> <span class='ocrx_word' id='word_1_273' title='bbox 1610 1862 1944 1928; x_wconf 86' lang='lat' dir='ltr'>acquiescere</span> <span class='ocrx_word' id='word_1_274' title='bbox 1991 1862 2185 1918; x_wconf 59' lang='lat' dir='ltr'>verbis;</span> <span class='ocrx_word' id='word_1_275' title='bbox 2219 1879 2280 1916; x_wconf 89' lang='lat' dir='ltr'>se</span> <span class='ocrx_word' id='word_1_276' title='bbox 2317 1864 2571 1918; x_wconf 85' lang='lat' dir='ltr'>seducat.</span> <span class='ocrx_word' id='word_1_277' title='bbox 2613 1865 2670 1920; x_wconf 89' lang='lat' dir='ltr'>Si</span> <span class='ocrx_word' id='word_1_278' title='bbox 2701 1867 2825 1937; x_wconf 91' lang='lat' dir='ltr'>quis</span> <span class='ocrx_word' id='word_1_279' title='bbox 2847 1865 3066 1928; x_wconf 85' lang='lat' dir='ltr'>videtur</span> <span class='ocrx_word' id='word_1_280' title='bbox 3096 1870 3247 1924; x_wconf 88' lang='lat' dir='ltr'>inter</span> <span class='ocrx_word' id='word_1_281' title='bbox 3283 1887 3378 1940; x_wconf 83' lang='lat' dir='ltr'>vos</span> 
     </span>
    </p>
   </div>
   <div class='ocr_carea' id='block_1_19' title="bbox 141 1949 3375 2028">
    <p class='ocr_par' dir='ltr' id='par_1_19' title="bbox 141 1949 3375 2028">
     <span class='ocr_line' id='line_1_19' title="bbox 141 1949 3375 2028; baseline 0.001 -19"><span class='ocrx_word' id='word_1_282' title='bbox 141 1953 212 2010; x_wconf 85' lang='lat' dir='ltr'>i3.</span> <span class='ocrx_word' id='word_1_283' title='bbox 240 1955 465 2025; x_wconf 75' lang='lat' dir='ltr'>sapiens</span> <span class='ocrx_word' id='word_1_284' title='bbox 489 1973 616 2020; x_wconf 74' lang='lat' dir='ltr'>esse</span> <span class='ocrx_word' id='word_1_285' title='bbox 634 1955 693 2018; x_wconf 79' lang='lat' dir='ltr'>in</span> <span class='ocrx_word' id='word_1_286' title='bbox 720 1956 825 2020; x_wconf 74' lang='lat' dir='ltr'>hoc</span> <span class='ocrx_word' id='word_1_287' title='bbox 840 1956 1042 2019; x_wconf 62' lang='lat' dir='ltr'>stimulo</span> <span class='ocrx_word' id='word_1_288' title='bbox 1074 1958 1136 2007; x_wconf 83' lang='lat' dir='ltr'>in</span> <span class='ocrx_word' id='word_1_289' title='bbox 1163 1957 1373 2020; x_wconf 82' lang='lat' dir='ltr'>astutia</span> <span class='ocrx_word' id='word_1_290' title='bbox 1395 1953 1562 2020; x_wconf 63' lang='lat' dir='ltr'>hujus</span> <span class='ocrx_word' id='word_1_291' title='bbox 1585 1951 1772 2003; x_wconf 59' lang='lat' dir='ltr'>saeculi</span> <span class='ocrx_word' id='word_1_292' title='bbox 1791 1949 1997 2004; x_wconf 86' lang='lat' dir='ltr'>stultus</span> <span class='ocrx_word' id='word_1_293' title='bbox 2017 1950 2134 2011; x_wconf 83' lang='lat' dir='ltr'>ﬁat,</span> <span class='ocrx_word' id='word_1_294' title='bbox 2156 1955 2392 2008; x_wconf 75' lang='lat' dir='ltr'>stultum</span> <span class='ocrx_word' id='word_1_295' title='bbox 2413 1969 2466 2005; x_wconf 84' lang='lat' dir='ltr'>se</span> <span class='ocrx_word' id='word_1_296' title='bbox 2489 1969 2593 2006; x_wconf 88' lang='lat' dir='ltr'>esse</span> <span class='ocrx_word' id='word_1_297' title='bbox 2615 1957 2912 2024; x_wconf 76' lang='lat' dir='ltr'>intelligat,</span> <span class='ocrx_word' id='word_1_298' title='bbox 2938 1963 3004 2027; x_wconf 89' lang='lat' dir='ltr'>ut</span> <span class='ocrx_word' id='word_1_299' title='bbox 3028 1957 3102 2012; x_wconf 89' lang='lat' dir='ltr'>sit</span> <span class='ocrx_word' id='word_1_300' title='bbox 3132 1958 3375 2028; x_wconf 85' lang='lat' dir='ltr'>sapiens.</span> 
     </span>
    </p>
   </div>
   <div class='ocr_carea' id='block_1_20' title="bbox 139 2039 3386 2116">
    <p class='ocr_par' dir='ltr' id='par_1_20' title="bbox 139 2039 3386 2116">
     <span class='ocr_line' id='line_1_20' title="bbox 139 2039 3386 2116; baseline 0.001 -19"><span class='ocrx_word' id='word_1_301' title='bbox 139 2044 406 2114; x_wconf 86' lang='lat' dir='ltr'>Sapientia</span> <span class='ocrx_word' id='word_1_302' title='bbox 432 2044 589 2097; x_wconf 89' lang='lat' dir='ltr'>enim</span> <span class='ocrx_word' id='word_1_303' title='bbox 609 2045 776 2113; x_wconf 88' lang='lat' dir='ltr'>hujus</span> <span class='ocrx_word' id='word_1_304' title='bbox 789 2044 999 2109; x_wconf 89' lang='lat' dir='ltr'>mundi,</span> <span class='ocrx_word' id='word_1_305' title='bbox 1025 2042 1264 2096; x_wconf 87' lang='lat' dir='ltr'>stultitia</span> <span class='ocrx_word' id='word_1_306' title='bbox 1293 2046 1378 2094; x_wconf 90' lang='lat' dir='ltr'>est</span> <span class='ocrx_word' id='word_1_307' title='bbox 1406 2040 1553 2110; x_wconf 88' lang='lat' dir='ltr'>apud</span> <span class='ocrx_word' id='word_1_308' title='bbox 1585 2039 1784 2100; x_wconf 89' lang='lat' dir='ltr'>Deum,</span> <span class='ocrx_word' id='word_1_309' title='bbox 1809 2040 1869 2090; x_wconf 83' lang='lat' dir='ltr'>id</span> <span class='ocrx_word' id='word_1_310' title='bbox 1888 2045 1979 2101; x_wconf 86' lang='lat' dir='ltr'>est,</span> <span class='ocrx_word' id='word_1_311' title='bbox 2003 2043 2335 2106; x_wconf 81' lang='lat' dir='ltr'>sapientiam.</span> <span class='ocrx_word' id='word_1_312' title='bbox 2363 2058 2523 2094; x_wconf 86' lang='lat' dir='ltr'>suam</span> <span class='ocrx_word' id='word_1_313' title='bbox 2553 2045 2817 2110; x_wconf 85' lang='lat' dir='ltr'>deponat;</span> <span class='ocrx_word' id='word_1_314' title='bbox 2854 2047 3001 2098; x_wconf 81' lang='lat' dir='ltr'>debet</span> <span class='ocrx_word' id='word_1_315' title='bbox 3028 2053 3212 2100; x_wconf 83' lang='lat' dir='ltr'>autem</span> <span class='ocrx_word' id='word_1_316' title='bbox 3233 2050 3386 2116; x_wconf 85' lang='lat' dir='ltr'>depo-</span> 
     </span>
    </p>
   </div>
   <div class='ocr_carea' id='block_1_21' title="bbox 140 2126 3382 2207">
    <p class='ocr_par' dir='ltr' id='par_1_21' title="bbox 140 2126 3382 2207">
     <span class='ocr_line' id='line_1_21' title="bbox 140 2126 3382 2207; baseline 0.002 -23"><span class='ocrx_word' id='word_1_317' title='bbox 140 2148 286 2195; x_wconf 84' lang='lat' dir='ltr'>nere;</span> <span class='ocrx_word' id='word_1_318' title='bbox 313 2149 476 2185; x_wconf 87' lang='lat' dir='ltr'>omne</span> <span class='ocrx_word' id='word_1_319' title='bbox 498 2137 627 2195; x_wconf 64' lang='lat'>.10</span> <span class='ocrx_word' id='word_1_320' title='bbox 646 2134 794 2184; x_wconf 88' lang='lat' dir='ltr'>enim</span> <span class='ocrx_word' id='word_1_321' title='bbox 823 2135 1058 2184; x_wconf 80' lang='lat' dir='ltr'>stultum</span> <span class='ocrx_word' id='word_1_322' title='bbox 1086 2126 1773 2198; x_wconf 82' lang='lat' dir='ltr'>deponcndum.Scriptum</span> <span class='ocrx_word' id='word_1_323' title='bbox 1803 2131 1890 2179; x_wconf 85' lang='lat' dir='ltr'>est</span> <span class='ocrx_word' id='word_1_324' title='bbox 1917 2129 2145 2182; x_wconf 87' lang='lat' dir='ltr'>enimin</span> <span class='ocrx_word' id='word_1_325' title='bbox 2166 2131 2279 2182; x_wconf 89' lang='lat' dir='ltr'>Job.</span> <span class='ocrx_word' id='word_1_326' title='bbox 2310 2147 2425 2198; x_wconf 87' lang='lat' dir='ltr'>cap.</span> <span class='ocrx_word' id='word_1_327' title='bbox 2446 2147 2481 2183; x_wconf 72' lang='grc' dir='ltr'>γ</span> <span class='ocrx_word' id='word_1_328' title='bbox 2504 2143 2516 2176; x_wconf 74' lang='grc' dir='ltr'>ε</span> <span class='ocrx_word' id='word_1_329' title='bbox 2545 2131 2626 2186; x_wconf 79' lang='lat' dir='ltr'>l-l.</span> <span class='ocrx_word' id='word_1_330' title='bbox 2648 2134 3133 2204; x_wconf 89' lang='lat' dir='ltr'>Comprehendam</span> <span class='ocrx_word' id='word_1_331' title='bbox 3163 2138 3382 2207; x_wconf 89' lang='lat' dir='ltr'>sapien-</span> 
     </span>
    </p>
   </div>
   <div class='ocr_carea' id='block_1_22' title="bbox 135 2215 3376 2291">
    <p class='ocr_par' dir='ltr' id='par_1_22' title="bbox 135 2215 3376 2291">
     <span class='ocr_line' id='line_1_22' title="bbox 135 2215 3376 2291; baseline 0.002 -18"><span class='ocrx_word' id='word_1_332' title='bbox 135 2225 211 2273; x_wconf 69' lang='lat' dir='ltr'>tes</span> <span class='ocrx_word' id='word_1_333' title='bbox 231 2219 290 2273; x_wconf 90' lang='lat' dir='ltr'>in</span> <span class='ocrx_word' id='word_1_334' title='bbox 314 2220 535 2274; x_wconf 80' lang='lat' dir='ltr'>astutia</span> <span class='ocrx_word' id='word_1_335' title='bbox 565 2233 776 2273; x_wconf 80' lang='lat' dir='ltr'>eorum.</span> <span class='ocrx_word' id='word_1_336' title='bbox 798 2220 867 2273; x_wconf 83' lang='lat' dir='ltr'>Et</span> <span class='ocrx_word' id='word_1_337' title='bbox 893 2219 1101 2273; x_wconf 82' lang='lat' dir='ltr'>iterum</span> <span class='ocrx_word' id='word_1_338' title='bbox 1135 2237 1146 2272; x_wconf 94' lang='lat'>:</span> <span class='ocrx_word' id='word_1_339' title='bbox 1174 2218 1446 2272; x_wconf 85' lang='lat' dir='ltr'>Dominus</span> <span class='ocrx_word' id='word_1_340' title='bbox 1473 2217 1630 2270; x_wconf 81' lang='lat' dir='ltr'>novit</span> <span class='ocrx_word' id='word_1_341' title='bbox 1657 2216 1744 2269; x_wconf 80' lang='lat'>15.</span> <span class='ocrx_word' id='word_1_342' title='bbox 1769 2215 2136 2283; x_wconf 84' lang='lat' dir='ltr'>cogitationes</span> <span class='ocrx_word' id='word_1_343' title='bbox 2165 2219 2522 2288; x_wconf 86' lang='lat' dir='ltr'>sapientium,</span> <span class='ocrx_word' id='word_1_344' title='bbox 2545 2222 2814 2291; x_wconf 85' lang='lat' dir='ltr'>quoniam</span> <span class='ocrx_word' id='word_1_345' title='bbox 2844 2239 3000 2279; x_wconf 71' lang='lat' dir='ltr'>mum</span> <span class='ocrx_word' id='word_1_346' title='bbox 3021 2231 3174 2280; x_wconf 84' lang='lat' dir='ltr'>sunt.</span> <span class='ocrx_word' id='word_1_347' title='bbox 3197 2227 3376 2281; x_wconf 86' lang='lat' dir='ltr'>Nemo</span> 
     </span>
    </p>
   </div>
   <div class='ocr_carea' id='block_1_23' title="bbox 134 2302 3387 2446">
    <p class='ocr_par' dir='ltr' id='par_1_23' title="bbox 134 2302 3387 2446">
     <span class='ocr_line' id='line_1_23' title="bbox 134 2302 3387 2446; baseline 0.002 -85"><span class='ocrx_word' id='word_1_348' title='bbox 134 2307 608 2379; x_wconf 73' lang='lat' dir='ltr'>itaqneglorietur</span> <span class='ocrx_word' id='word_1_349' title='bbox 631 2309 790 2376; x_wconf 71' lang='lat' dir='ltr'>(quia</span> <span class='ocrx_word' id='word_1_350' title='bbox 808 2311 1016 2363; x_wconf 80' lang='lat' dir='ltr'>Paulus</span> <span class='ocrx_word' id='word_1_351' title='bbox 1037 2313 1084 2361; x_wconf 85' lang='lat' dir='ltr'>et</span> <span class='ocrx_word' id='word_1_352' title='bbox 1105 2309 1293 2376; x_wconf 73' lang='lat' dir='ltr'>Apollo</span> <span class='ocrx_word' id='word_1_353' title='bbox 1312 2306 1483 2373; x_wconf 73' lang='lat' dir='ltr'>nihil)</span> <span class='ocrx_word' id='word_1_354' title='bbox 1510 2306 1569 2358; x_wconf 91' lang='lat' dir='ltr'>in</span> <span class='ocrx_word' id='word_1_355' title='bbox 1599 2302 2501 2446; x_wconf 48' lang='lat' dir='ltr'>hogilnli‘bigmradicatoribuswel</span> <span class='ocrx_word' id='word_1_356' title='bbox 2518 2310 2948 2378; x_wconf 78' lang='lat' dir='ltr'>baptizaloribus</span> <span class='ocrx_word' id='word_1_357' title='bbox 2970 2312 3158 2368; x_wconf 74' lang='lat'>16.17.</span> <span class='ocrx_word' id='word_1_358' title='bbox 3183 2315 3387 2370; x_wconf 86' lang='lat' dir='ltr'>Omnia</span> 
     </span>
     <span class='ocr_line' id='line_1_24' title="bbox 1462 2392 2618 2446; baseline 0 0"><span class='ocrx_word' id='word_1_359' title='bbox 1462 2392 1670 2446; x_wconf 74' lang='lat' dir='ltr'>COMM</span> <span class='ocrx_word' id='word_1_360' title='bbox 1720 2413 1739 2444; x_wconf 60' lang='grc' dir='ltr'>λ</span> <span class='ocrx_word' id='word_1_361' title='bbox 1817 2393 1863 2444; x_wconf 91' lang='grc' dir='ltr'><strong>Λ</strong></span> <span class='ocrx_word' id='word_1_362' title='bbox 1920 2393 2053 2446; x_wconf 92' lang='lat' dir='ltr'>lUS.</span> <span class='ocrx_word' id='word_1_363' title='bbox 2613 2418 2618 2420; x_wconf 88' lang='grc'><strong>-</strong></span> 
     </span>
    </p>
   </div>
   <div class='ocr_carea' id='block_1_24' title="bbox 1462 2392 2618 2448">
    <p class='ocr_par' dir='ltr' id='par_1_24' title="bbox 1462 2392 2618 2448">
     <span class='ocr_line' id='line_1_25' title="bbox 1462 2392 2618 2448; baseline 0 0"><span class='ocrx_word' id='word_1_364' title='bbox 1462 2392 2053 2448; x_wconf 74' lang='lat' dir='ltr'>COMMENTARIUS.</span> <span class='ocrx_word' id='word_1_365' title='bbox 2613 2418 2618 2420; x_wconf 86' lang='grc'>·</span> 
     </span>
    </p>
   </div>
   <div class='ocr_carea' id='block_1_25' title="bbox 192 2465 3390 2560">
    <p class='ocr_par' dir='ltr' id='par_1_25' title="bbox 192 2465 3390 2560">
     <span class='ocr_line' id='line_1_26' title="bbox 192 2465 3390 2560; baseline 0.003 -22"><span class='ocrx_word' id='word_1_366' title='bbox 192 2483 248 2538; x_wconf 74' lang='grc'><strong>4.</strong></span> <span class='ocrx_word' id='word_1_367' title='bbox 293 2485 512 2547; x_wconf 64' lang='lat' dir='ltr'>Lam.</span> <span class='ocrx_word' id='word_1_368' title='bbox 556 2487 658 2550; x_wconf 66' lang='lat' dir='ltr'>Dei</span> <span class='ocrx_word' id='word_1_369' title='bbox 697 2488 847 2538; x_wconf 74' lang='lat' dir='ltr'>enim</span> <span class='ocrx_word' id='word_1_370' title='bbox 895 2501 1106 2549; x_wconf 75' lang='lat' dir='ltr'>sumus.</span> <span class='ocrx_word' id='word_1_371' title='bbox 1158 2465 1322 2540; x_wconf 84' lang='lat' dir='ltr'>Ratio</span> <span class='ocrx_word' id='word_1_372' title='bbox 1363 2499 1462 2538; x_wconf 81' lang='lat' dir='ltr'>cur</span> <span class='ocrx_word' id='word_1_373' title='bbox 1509 2483 1710 2536; x_wconf 84' lang='lat' dir='ltr'>dixerit</span> <span class='ocrx_word' id='word_1_374' title='bbox 1727 2481 2099 2540; x_wconf 82' lang='lat' dir='ltr'>Asecundum</span> <span class='ocrx_word' id='word_1_375' title='bbox 2130 2500 2288 2553; x_wconf 85' lang='lat' dir='ltr'>spem</span> <span class='ocrx_word' id='word_1_376' title='bbox 2326 2483 2446 2557; x_wconf 84' lang='lat' dir='ltr'>{al.,</span> <span class='ocrx_word' id='word_1_377' title='bbox 2479 2487 2760 2560; x_wconf 67' lang='lat' dir='ltr'>speciem}.</span> <span class='ocrx_word' id='word_1_378' title='bbox 2796 2489 3057 2552; x_wconf 86' lang='lat' dir='ltr'>Quandiu</span> <span class='ocrx_word' id='word_1_379' title='bbox 3085 2497 3219 2546; x_wconf 86' lang='lat' dir='ltr'>sunt</span> <span class='ocrx_word' id='word_1_380' title='bbox 3245 2497 3390 2548; x_wconf 76' lang='lat' dir='ltr'>tem—</span> 
     </span>
    </p>
   </div>
   <div class='ocr_carea' id='block_1_26' title="bbox 143 2573 1720 2645">
    <p class='ocr_par' dir='ltr' id='par_1_26' title="bbox 143 2573 1720 2645">
     <span class='ocr_line' id='line_1_27' title="bbox 143 2573 1720 2645; baseline 0.002 -19"><span class='ocrx_word' id='word_1_381' title='bbox 143 2574 438 2627; x_wconf 89' lang='lat' dir='ltr'>mercedem</span> <span class='ocrx_word' id='word_1_382' title='bbox 475 2594 488 2628; x_wconf 93' lang='lat'><strong><em>:</em></strong></span> <span class='ocrx_word' id='word_1_383' title='bbox 536 2574 790 2645; x_wconf 81' lang='lat' dir='ltr'>Operarii</span> <span class='ocrx_word' id='word_1_384' title='bbox 819 2574 988 2632; x_wconf 83' lang='lat' dir='ltr'>enim,</span> <span class='ocrx_word' id='word_1_385' title='bbox 1023 2589 1164 2644; x_wconf 86' lang='lat' dir='ltr'>quos</span> <span class='ocrx_word' id='word_1_386' title='bbox 1189 2573 1482 2643; x_wconf 76' lang='lat' dir='ltr'>adjutores</span> <span class='ocrx_word' id='word_1_387' title='bbox 1505 2574 1596 2628; x_wconf 86' lang='lat' dir='ltr'>hic</span> <span class='ocrx_word' id='word_1_388' title='bbox 1623 2590 1720 2629; x_wconf 91' lang='lat' dir='ltr'>vo-</span> 
     </span>
    </p>
   </div>
   <div class='ocr_carea' id='block_1_27' title="bbox 137 2663 1085 2734">
    <p class='ocr_par' dir='ltr' id='par_1_27' title="bbox 137 2663 1085 2734">
     <span class='ocr_line' id='line_1_28' title="bbox 137 2663 1085 2734; baseline 0.001 -20"><span class='ocrx_word' id='word_1_389' title='bbox 137 2667 234 2727; x_wconf 70' lang='lat' dir='ltr'>cat,</span> <span class='ocrx_word' id='word_1_390' title='bbox 261 2663 584 2718; x_wconf 72' lang='lat' dir='ltr'>mercedem</span> <span class='ocrx_word' id='word_1_391' title='bbox 604 2665 791 2717; x_wconf 84' lang='lat' dir='ltr'>solent</span> <span class='ocrx_word' id='word_1_392' title='bbox 813 2663 1085 2734; x_wconf 78' lang='lat' dir='ltr'>accipere.</span> 
     </span>
    </p>
   </div>
   <div class='ocr_carea' id='block_1_28' title="bbox 198 2749 1715 2820">
    <p class='ocr_par' dir='ltr' id='par_1_28' title="bbox 198 2749 1715 2820">
     <span class='ocr_line' id='line_1_29' title="bbox 198 2749 1715 2820; baseline 0.001 -16"><span class='ocrx_word' id='word_1_393' title='bbox 198 2751 246 2804; x_wconf 75' lang='grc'>5.</span> <span class='ocrx_word' id='word_1_394' title='bbox 276 2753 528 2808; x_wconf 70' lang='lat' dir='ltr'>Auens-1&#39;.</span> <span class='ocrx_word' id='word_1_395' title='bbox 562 2759 644 2818; x_wconf 71' lang='lat' dir='ltr'>(ea</span> <span class='ocrx_word' id='word_1_396' title='bbox 659 2754 758 2808; x_wconf 70' lang='lat' dir='ltr'>lib.</span> <span class='ocrx_word' id='word_1_397' title='bbox 778 2754 852 2805; x_wconf 77' lang='lat' dir='ltr'>De</span> <span class='ocrx_word' id='word_1_398' title='bbox 871 2754 972 2818; x_wconf 80' lang='lat' dir='ltr'>ﬁde</span> <span class='ocrx_word' id='word_1_399' title='bbox 993 2758 1045 2805; x_wconf 79' lang='lat' dir='ltr'>et</span> <span class='ocrx_word' id='word_1_400' title='bbox 1068 2767 1237 2819; x_wconf 58' lang='lat' dir='ltr'>apem</span> <span class='ocrx_word' id='word_1_401' title='bbox 1259 2767 1308 2804; x_wconf 86' lang='lat' dir='ltr'>c.</span> <span class='ocrx_word' id='word_1_402' title='bbox 1333 2749 1416 2816; x_wconf 80' lang='lat'>18,</span> <span class='ocrx_word' id='word_1_403' title='bbox 1435 2758 1576 2806; x_wconf 82' lang='lat' dir='ltr'>tom.</span> <span class='ocrx_word' id='word_1_404' title='bbox 1600 2753 1715 2820; x_wconf 80' lang='lat' dir='ltr'>IV).</span> 
     </span>
    </p>
   </div>
   <div class='ocr_carea' id='block_1_29' title="bbox 137 2837 1722 2911">
    <p class='ocr_par' dir='ltr' id='par_1_29' title="bbox 137 2837 1722 2911">
     <span class='ocr_line' id='line_1_30' title="bbox 137 2837 1722 2911; baseline 0.003 -20"><span class='ocrx_word' id='word_1_405' title='bbox 137 2837 596 2896; x_wconf 67' lang='lat' dir='ltr'>hmimntmn.</span> <span class='ocrx_word' id='word_1_406' title='bbox 627 2841 790 2895; x_wconf 82' lang='lat' dir='ltr'>Fides</span> <span class='ocrx_word' id='word_1_407' title='bbox 818 2841 1013 2911; x_wconf 68' lang='lat' dir='ltr'>gratiae</span> <span class='ocrx_word' id='word_1_408' title='bbox 1042 2841 1390 2906; x_wconf 66' lang='lat' dir='ltr'>Christianae,</span> <span class='ocrx_word' id='word_1_409' title='bbox 1420 2841 1483 2895; x_wconf 84' lang='lat' dir='ltr'>id</span> <span class='ocrx_word' id='word_1_410' title='bbox 1511 2847 1616 2906; x_wconf 84' lang='lat' dir='ltr'>est,</span> <span class='ocrx_word' id='word_1_411' title='bbox 1655 2859 1722 2904; x_wconf 84' lang='lat' dir='ltr'>ea</span> 
     </span>
    </p>
   </div>
   <div class='ocr_carea' id='block_1_30' title="bbox 138 2929 1715 3000">
    <p class='ocr_par' dir='ltr' id='par_1_30' title="bbox 138 2929 1715 3000">
     <span class='ocr_line' id='line_1_31' title="bbox 138 2929 1715 3000; baseline 0.001 -17"><span class='ocrx_word' id='word_1_412' title='bbox 138 2930 737 2999; x_wconf 62' lang='lat' dir='ltr'>mpudile‘ctionem</span> <span class='ocrx_word' id='word_1_413' title='bbox 753 2930 1228 3000; x_wconf 81' lang='lat' dir='ltr'>cperatur,posita</span> <span class='ocrx_word' id='word_1_414' title='bbox 1247 2931 1305 2983; x_wconf 84' lang='lat' dir='ltr'>in</span> <span class='ocrx_word' id='word_1_415' title='bbox 1329 2929 1715 2996; x_wconf 85' lang='lat' dir='ltr'>fundamento,</span> 
     </span>
    </p>
   </div>
   <div class='ocr_carea' id='block_1_31' title="bbox 139 3012 1722 3089">
    <p class='ocr_par' dir='ltr' id='par_1_31' title="bbox 139 3012 1722 3089">
     <span class='ocr_line' id='line_1_32' title="bbox 139 3012 1722 3089; baseline 0.003 -19"><span class='ocrx_word' id='word_1_416' title='bbox 139 3012 405 3072; x_wconf 71' lang='lat' dir='ltr'>neminem</span> <span class='ocrx_word' id='word_1_417' title='bbox 438 3019 625 3089; x_wconf 58' lang='lat' dir='ltr'>periis</span> <span class='ocrx_word' id='word_1_418' title='bbox 653 3019 945 3089; x_wconf 78' lang='lat' dir='ltr'>permittit.</span> <span class='ocrx_word' id='word_1_419' title='bbox 966 3020 1148 3089; x_wconf 85' lang='lat' dir='ltr'>Super</span> <span class='ocrx_word' id='word_1_420' title='bbox 1164 3020 1270 3072; x_wconf 85' lang='lat' dir='ltr'>hoc</span> <span class='ocrx_word' id='word_1_421' title='bbox 1293 3019 1722 3075; x_wconf 83' lang='lat' dir='ltr'>fundamentum</span> 
     </span>
    </p>
   </div>
   <div class='ocr_carea' id='block_1_32' title="bbox 138 3105 1716 3178">
    <p class='ocr_par' dir='ltr' id='par_1_32' title="bbox 138 3105 1716 3178">
     <span class='ocr_line' id='line_1_33' title="bbox 138 3105 1716 3178; baseline 0.004 -20"><span class='ocrx_word' id='word_1_422' title='bbox 138 3105 268 3160; x_wconf 74' lang='lat' dir='ltr'>alius</span> <span class='ocrx_word' id='word_1_423' title='bbox 291 3108 541 3162; x_wconf 64' lang='lat' dir='ltr'>aediﬁcat</span> <span class='ocrx_word' id='word_1_424' title='bbox 577 3121 795 3171; x_wconf 67' lang='lat' dir='ltr'>aurum,</span> <span class='ocrx_word' id='word_1_425' title='bbox 831 3114 1143 3178; x_wconf 80' lang='lat' dir='ltr'>argentum.</span> <span class='ocrx_word' id='word_1_426' title='bbox 1179 3107 1394 3178; x_wconf 81' lang='lat' dir='ltr'>lapides</span> <span class='ocrx_word' id='word_1_427' title='bbox 1421 3109 1716 3178; x_wconf 86' lang='lat' dir='ltr'>pretiosos,</span> 
     </span>
    </p>
   </div>
   <div class='ocr_carea' id='block_1_33' title="bbox 142 3193 1720 3269">
    <p class='ocr_par' dir='ltr' id='par_1_33' title="bbox 142 3193 1720 3269">
     <span class='ocr_line' id='line_1_34' title="bbox 142 3193 1720 3269; baseline 0.005 -23"><span class='ocrx_word' id='word_1_428' title='bbox 142 3193 453 3252; x_wconf 79' lang='lat' dir='ltr'>isvi‘delioet</span> <span class='ocrx_word' id='word_1_429' title='bbox 484 3197 582 3267; x_wconf 84' lang='lat' dir='ltr'>qui</span> <span class='ocrx_word' id='word_1_430' title='bbox 611 3197 956 3267; x_wconf 65' lang='lat' dir='ltr'>cogitatque;</span> <span class='ocrx_word' id='word_1_431' title='bbox 986 3197 1086 3250; x_wconf 87' lang='lat' dir='ltr'>Dei</span> <span class='ocrx_word' id='word_1_432' title='bbox 1117 3202 1267 3260; x_wconf 85' lang='lat' dir='ltr'>sunt,</span> <span class='ocrx_word' id='word_1_433' title='bbox 1294 3198 1575 3267; x_wconf 88' lang='lat' dir='ltr'>quomodo</span> <span class='ocrx_word' id='word_1_434' title='bbox 1598 3200 1720 3269; x_wconf 85' lang='lat' dir='ltr'>pla-</span> 
     </span>
    </p>
   </div>
   <div class='ocr_carea' id='block_1_34' title="bbox 141 3281 1719 3355">
    <p class='ocr_par' dir='ltr' id='par_1_34' title="bbox 141 3281 1719 3355">
     <span class='ocr_line' id='line_1_35' title="bbox 141 3281 1719 3355; baseline 0.004 -19"><span class='ocrx_word' id='word_1_435' title='bbox 141 3288 252 3336; x_wconf 73' lang='lat' dir='ltr'>ceat</span> <span class='ocrx_word' id='word_1_436' title='bbox 277 3285 408 3339; x_wconf 80' lang='lat' dir='ltr'>Deo.</span> <span class='ocrx_word' id='word_1_437' title='bbox 438 3281 602 3344; x_wconf 72' lang='lat' dir='ltr'>Alius</span> <span class='ocrx_word' id='word_1_438' title='bbox 631 3285 870 3340; x_wconf 76' lang='lat' dir='ltr'>aediﬁcat</span> <span class='ocrx_word' id='word_1_439' title='bbox 891 3301 1064 3355; x_wconf 82' lang='lat' dir='ltr'>super</span> <span class='ocrx_word' id='word_1_440' title='bbox 1111 3285 1258 3339; x_wconf 83' lang='lat' dir='ltr'>idem</span> <span class='ocrx_word' id='word_1_441' title='bbox 1290 3285 1719 3342; x_wconf 80' lang='lat' dir='ltr'>fundamentum</span> 
     </span>
    </p>
   </div>
   <div class='ocr_carea' id='block_1_35' title="bbox 143 3368 1723 3447">
    <p class='ocr_par' dir='ltr' id='par_1_35' title="bbox 143 3368 1723 3447">
     <span class='ocr_line' id='line_1_36' title="bbox 143 3368 1723 3447; baseline 0.006 -26"><span class='ocrx_word' id='word_1_442' title='bbox 143 3368 298 3440; x_wconf 75' lang='lat' dir='ltr'>ligna,</span> <span class='ocrx_word' id='word_1_443' title='bbox 321 3374 544 3436; x_wconf 59' lang='lat' dir='ltr'>mnum,</span> <span class='ocrx_word' id='word_1_444' title='bbox 577 3373 864 3444; x_wconf 78' lang='lat' dir='ltr'>stipulam,</span> <span class='ocrx_word' id='word_1_445' title='bbox 893 3373 941 3427; x_wconf 88' lang='lat' dir='ltr'>is</span> <span class='ocrx_word' id='word_1_446' title='bbox 965 3373 1214 3428; x_wconf 83' lang='lat' dir='ltr'>videlicet</span> <span class='ocrx_word' id='word_1_447' title='bbox 1245 3375 1340 3444; x_wconf 87' lang='lat' dir='ltr'>qui</span> <span class='ocrx_word' id='word_1_448' title='bbox 1360 3375 1572 3444; x_wconf 82' lang='lat' dir='ltr'>cogitat</span> <span class='ocrx_word' id='word_1_449' title='bbox 1599 3393 1723 3447; x_wconf 75' lang='lat' dir='ltr'>quae</span> 
     </span>
    </p>
   </div>
   <div class='ocr_carea' id='block_1_36' title="bbox 147 3461 1720 3532">
    <p class='ocr_par' dir='ltr' id='par_1_36' title="bbox 147 3461 1720 3532">
     <span class='ocr_line' id='line_1_37' title="bbox 147 3461 1720 3532; baseline 0.005 -22"><span class='ocrx_word' id='word_1_450' title='bbox 147 3465 262 3512; x_wconf 89' lang='lat' dir='ltr'>sunt</span> <span class='ocrx_word' id='word_1_451' title='bbox 282 3461 502 3526; x_wconf 89' lang='lat' dir='ltr'>mundi,</span> <span class='ocrx_word' id='word_1_452' title='bbox 530 3462 806 3531; x_wconf 91' lang='lat' dir='ltr'>quomodo</span> <span class='ocrx_word' id='word_1_453' title='bbox 829 3461 1047 3532; x_wconf 85' lang='lat' dir='ltr'>placeat</span> <span class='ocrx_word' id='word_1_454' title='bbox 1067 3463 1243 3515; x_wconf 74' lang='lat' dir='ltr'>uxori.</span> <span class='ocrx_word' id='word_1_455' title='bbox 1263 3464 1438 3531; x_wconf 55' lang='lat' dir='ltr'>(ibid,</span> <span class='ocrx_word' id='word_1_456' title='bbox 1457 3480 1524 3517; x_wconf 72' lang='lat' dir='ltr'>es:</span> <span class='ocrx_word' id='word_1_457' title='bbox 1548 3466 1720 3518; x_wconf 74' lang='lat' dir='ltr'>Eneti.</span> 
     </span>
    </p>
   </div>
   <div class='ocr_carea' id='block_1_37' title="bbox 145 3549 1721 3621">
    <p class='ocr_par' dir='ltr' id='par_1_37' title="bbox 145 3549 1721 3621">
     <span class='ocr_line' id='line_1_38' title="bbox 145 3549 1721 3621; baseline 0.003 -21"><span class='ocrx_word' id='word_1_458' title='bbox 145 3549 209 3599; x_wconf 85' lang='lat' dir='ltr'>ad</span> <span class='ocrx_word' id='word_1_459' title='bbox 226 3550 567 3614; x_wconf 75' lang='lat' dir='ltr'>Laurent.,c.</span> <span class='ocrx_word' id='word_1_460' title='bbox 583 3550 680 3615; x_wconf 75' lang='lat'>68,</span> <span class='ocrx_word' id='word_1_461' title='bbox 705 3555 842 3604; x_wconf 83' lang='lat' dir='ltr'>tom.</span> <span class='ocrx_word' id='word_1_462' title='bbox 859 3549 1141 3616; x_wconf 76' lang='lat' dir='ltr'>IlI.)lllius</span> <span class='ocrx_word' id='word_1_463' title='bbox 1161 3567 1300 3621; x_wconf 88' lang='lat' dir='ltr'>opus</span> <span class='ocrx_word' id='word_1_464' title='bbox 1318 3567 1431 3605; x_wconf 90' lang='lat' dir='ltr'>non</span> <span class='ocrx_word' id='word_1_465' title='bbox 1449 3552 1721 3619; x_wconf 83' lang='lat' dir='ltr'>exuritur,</span> 
     </span>
    </p>
   </div>
   <div class='ocr_carea' id='block_1_38' title="bbox 145 3633 1722 3711">
    <p class='ocr_par' dir='ltr' id='par_1_38' title="bbox 145 3633 1722 3711">
     <span class='ocr_line' id='line_1_39' title="bbox 145 3633 1722 3711; baseline 0.004 -21"><span class='ocrx_word' id='word_1_466' title='bbox 145 3635 229 3703; x_wconf 80' lang='lat' dir='ltr'>qui</span> <span class='ocrx_word' id='word_1_467' title='bbox 268 3652 379 3692; x_wconf 85' lang='lat' dir='ltr'>non</span> <span class='ocrx_word' id='word_1_468' title='bbox 427 3654 500 3692; x_wconf 86' lang='lat' dir='ltr'>ea</span> <span class='ocrx_word' id='word_1_469' title='bbox 545 3633 738 3711; x_wconf 77' lang='lat' dir='ltr'>dilexit</span> <span class='ocrx_word' id='word_1_470' title='bbox 783 3655 1026 3709; x_wconf 88' lang='lat' dir='ltr'>quorum</span> <span class='ocrx_word' id='word_1_471' title='bbox 1071 3639 1372 3694; x_wconf 82' lang='lat' dir='ltr'>amissione</span> <span class='ocrx_word' id='word_1_472' title='bbox 1421 3641 1722 3696; x_wconf 82' lang='lat' dir='ltr'>crucietur.</span> 
     </span>
    </p>
   </div>
   <div class='ocr_carea' id='block_1_39' title="bbox 148 3723 1727 3801">
    <p class='ocr_par' dir='ltr' id='par_1_39' title="bbox 148 3723 1727 3801">
     <span class='ocr_line' id='line_1_40' title="bbox 148 3723 1727 3801; baseline 0.006 -25"><span class='ocrx_word' id='word_1_473' title='bbox 148 3723 395 3781; x_wconf 76' lang='lat' dir='ltr'>Exui&#39;itur</span> <span class='ocrx_word' id='word_1_474' title='bbox 419 3733 614 3788; x_wconf 80' lang='lat' dir='ltr'>autem</span> <span class='ocrx_word' id='word_1_475' title='bbox 644 3728 828 3796; x_wconf 82' lang='lat' dir='ltr'>hujus,</span> <span class='ocrx_word' id='word_1_476' title='bbox 848 3727 1108 3798; x_wconf 87' lang='lat' dir='ltr'>quoniam</span> <span class='ocrx_word' id='word_1_477' title='bbox 1129 3729 1249 3782; x_wconf 83' lang='lat' dir='ltr'>sine</span> <span class='ocrx_word' id='word_1_478' title='bbox 1271 3729 1463 3783; x_wconf 83' lang='lat' dir='ltr'>dolore</span> <span class='ocrx_word' id='word_1_479' title='bbox 1493 3745 1602 3784; x_wconf 86' lang='lat' dir='ltr'>non</span> <span class='ocrx_word' id='word_1_480' title='bbox 1635 3749 1727 3801; x_wconf 86' lang='lat' dir='ltr'>pe-</span> 
     </span>
    </p>
   </div>
   <div class='ocr_carea' id='block_1_40' title="bbox 1799 2572 3390 2649">
    <p class='ocr_par' dir='ltr' id='par_1_40' title="bbox 1799 2572 3390 2649">
     <span class='ocr_line' id='line_1_41' title="bbox 1799 2572 3390 2649; baseline 0.004 -25"><span class='ocrx_word' id='word_1_481' title='bbox 1799 2572 1957 2642; x_wconf 83' lang='lat' dir='ltr'>plum</span> <span class='ocrx_word' id='word_1_482' title='bbox 1985 2572 2293 2626; x_wconf 85' lang='lat' dir='ltr'>secundum</span> <span class='ocrx_word' id='word_1_483' title='bbox 2325 2575 2538 2628; x_wconf 75' lang='lat' dir='ltr'>ﬁdem?</span> <span class='ocrx_word' id='word_1_484' title='bbox 2580 2577 2840 2640; x_wconf 83' lang='lat' dir='ltr'>Quandin</span> <span class='ocrx_word' id='word_1_485' title='bbox 2869 2579 2929 2631; x_wconf 79' lang='lat' dir='ltr'>in</span> <span class='ocrx_word' id='word_1_486' title='bbox 2966 2577 3101 2649; x_wconf 85' lang='lat' dir='ltr'>ipsis</span> <span class='ocrx_word' id='word_1_487' title='bbox 3129 2579 3390 2634; x_wconf 78' lang='lat' dir='ltr'>Christus</span> 
     </span>
    </p>
   </div>
   <div class='ocr_carea' id='block_1_41' title="bbox 1801 2660 2359 2730">
    <p class='ocr_par' dir='ltr' id='par_1_41' title="bbox 1801 2660 2359 2730">
     <span class='ocr_line' id='line_1_42' title="bbox 1801 2660 2359 2730; baseline 0.004 -17"><span class='ocrx_word' id='word_1_488' title='bbox 1801 2675 1903 2730; x_wconf 85' lang='lat' dir='ltr'>per</span> <span class='ocrx_word' id='word_1_489' title='bbox 1923 2661 2094 2713; x_wconf 82' lang='lat' dir='ltr'>ﬁdem</span> <span class='ocrx_word' id='word_1_490' title='bbox 2121 2660 2359 2715; x_wconf 84' lang='lat' dir='ltr'>habitat.</span> 
     </span>
    </p>
   </div>
   <div class='ocr_carea' id='block_1_42' title="bbox 1875 2751 3394 2822">
    <p class='ocr_par' dir='ltr' id='par_1_42' title="bbox 1875 2751 3394 2822">
     <span class='ocr_line' id='line_1_43' title="bbox 1875 2751 3394 2822; baseline 0.005 -19"><span class='ocrx_word' id='word_1_491' title='bbox 1875 2751 1961 2805; x_wconf 82' lang='grc'><strong>10.</strong></span> <span class='ocrx_word' id='word_1_492' title='bbox 1997 2752 2247 2806; x_wconf 64' lang='grc' dir='ltr'>Αωειοε.</span> <span class='ocrx_word' id='word_1_493' title='bbox 2279 2753 2510 2806; x_wconf 74' lang='lat' dir='ltr'>Nescitis</span> <span class='ocrx_word' id='word_1_494' title='bbox 2539 2757 2672 2822; x_wconf 81' lang='lat' dir='ltr'>quia</span> <span class='ocrx_word' id='word_1_495' title='bbox 2705 2759 2969 2822; x_wconf 83' lang='lat' dir='ltr'>templum</span> <span class='ocrx_word' id='word_1_496' title='bbox 2997 2757 3115 2809; x_wconf 78' lang='lat' dir='ltr'>Dei.</span> <span class='ocrx_word' id='word_1_497' title='bbox 3148 2755 3281 2810; x_wconf 76' lang='lat' dir='ltr'>Haec</span> <span class='ocrx_word' id='word_1_498' title='bbox 3305 2756 3394 2810; x_wconf 85' lang='lat' dir='ltr'>id—</span> 
     </span>
    </p>
   </div>
   <div class='ocr_carea' id='block_1_43' title="bbox 1803 2838 3396 2914">
    <p class='ocr_par' dir='ltr' id='par_1_43' title="bbox 1803 2838 3396 2914">
     <span class='ocr_line' id='line_1_44' title="bbox 1803 2838 3396 2914; baseline 0.004 -23"><span class='ocrx_word' id='word_1_499' title='bbox 1803 2838 1946 2892; x_wconf 85' lang='lat' dir='ltr'>circo</span> <span class='ocrx_word' id='word_1_500' title='bbox 1971 2839 2244 2909; x_wconf 70' lang='lat' dir='ltr'>praemisit</span> <span class='ocrx_word' id='word_1_501' title='bbox 2268 2854 2333 2894; x_wconf 76' lang='lat' dir='ltr'>ut</span> <span class='ocrx_word' id='word_1_502' title='bbox 2359 2841 2485 2894; x_wconf 87' lang='lat' dir='ltr'>illos</span> <span class='ocrx_word' id='word_1_503' title='bbox 2503 2848 2864 2912; x_wconf 82' lang='lat' dir='ltr'>compungat,</span> <span class='ocrx_word' id='word_1_504' title='bbox 2889 2843 3022 2913; x_wconf 75' lang='lat' dir='ltr'>quia</span> <span class='ocrx_word' id='word_1_505' title='bbox 3048 2845 3292 2914; x_wconf 85' lang='lat' dir='ltr'>turpiter</span> <span class='ocrx_word' id='word_1_506' title='bbox 3319 2845 3396 2898; x_wconf 33' lang='lat' dir='ltr'>vis</span> 
     </span>
    </p>
   </div>
   <div class='ocr_carea' id='block_1_44' title="bbox 1801 2928 3121 3000">
    <p class='ocr_par' dir='ltr' id='par_1_44' title="bbox 1801 2928 3121 3000">
     <span class='ocr_line' id='line_1_45' title="bbox 1801 2928 3121 3000; baseline 0.004 -19"><span class='ocrx_word' id='word_1_507' title='bbox 1801 2928 1998 2994; x_wconf 79' lang='lat' dir='ltr'>vendo,</span> <span class='ocrx_word' id='word_1_508' title='bbox 2039 2945 2276 2998; x_wconf 88' lang='lat' dir='ltr'>corpora</span> <span class='ocrx_word' id='word_1_509' title='bbox 2303 2945 2406 2983; x_wconf 83' lang='lat' dir='ltr'>sua</span> <span class='ocrx_word' id='word_1_510' title='bbox 2441 2929 2699 2983; x_wconf 85' lang='lat' dir='ltr'>violando</span> <span class='ocrx_word' id='word_1_511' title='bbox 2729 2938 3121 3000; x_wconf 86' lang='lat' dir='ltr'>corruperunt.</span> 
     </span>
    </p>
   </div>
   <div class='ocr_carea' id='block_1_45' title="bbox 1881 3018 3395 3090">
    <p class='ocr_par' dir='ltr' id='par_1_45' title="bbox 1881 3018 3395 3090">
     <span class='ocr_line' id='line_1_46' title="bbox 1881 3018 3395 3090; baseline 0.001 -16"><span class='ocrx_word' id='word_1_512' title='bbox 1881 3018 1964 3074; x_wconf 85' lang='grc'>11.</span> <span class='ocrx_word' id='word_1_513' title='bbox 1994 3018 2206 3072; x_wconf 62' lang='lat' dir='ltr'>Lauta.</span> <span class='ocrx_word' id='word_1_514' title='bbox 2242 3020 2523 3086; x_wconf 80' lang='lat' dir='ltr'>Templum</span> <span class='ocrx_word' id='word_1_515' title='bbox 2551 3019 2650 3072; x_wconf 76' lang='lat' dir='ltr'>Dei</span> <span class='ocrx_word' id='word_1_516' title='bbox 2679 3023 2822 3072; x_wconf 80' lang='lat' dir='ltr'>estis.</span> <span class='ocrx_word' id='word_1_517' title='bbox 2852 3020 2999 3089; x_wconf 84' lang='lat' dir='ltr'>Ergo</span> <span class='ocrx_word' id='word_1_518' title='bbox 3041 3035 3112 3074; x_wconf 87' lang='lat' dir='ltr'>ne</span> <span class='ocrx_word' id='word_1_519' title='bbox 3145 3021 3395 3090; x_wconf 72' lang='lat' dir='ltr'>per-datis</span> 
     </span>
    </p>
   </div>
   <div class='ocr_carea' id='block_1_46' title="bbox 1803 3106 3400 3177">
    <p class='ocr_par' dir='ltr' id='par_1_46' title="bbox 1803 3106 3400 3177">
     <span class='ocr_line' id='line_1_47' title="bbox 1803 3106 3400 3177; baseline 0.003 -17"><span class='ocrx_word' id='word_1_520' title='bbox 1803 3106 2074 3177; x_wconf 84' lang='lat' dir='ltr'>templum</span> <span class='ocrx_word' id='word_1_521' title='bbox 2125 3106 2233 3160; x_wconf 89' lang='lat' dir='ltr'>Dei</span> <span class='ocrx_word' id='word_1_522' title='bbox 2279 3107 2576 3177; x_wconf 88' lang='lat' dir='ltr'>peccando,</span> <span class='ocrx_word' id='word_1_523' title='bbox 2633 3107 2839 3160; x_wconf 84' lang='lat' dir='ltr'>violare</span> <span class='ocrx_word' id='word_1_524' title='bbox 2904 3123 3018 3161; x_wconf 90' lang='lat' dir='ltr'>non</span> <span class='ocrx_word' id='word_1_525' title='bbox 3063 3108 3307 3177; x_wconf 76' lang='lat' dir='ltr'>debetis;</span> <span class='ocrx_word' id='word_1_526' title='bbox 3347 3110 3400 3165; x_wconf 89' lang='lat' dir='ltr'>si</span> 
     </span>
    </p>
   </div>
   <div class='ocr_carea' id='block_1_47' title="bbox 1801 3195 3398 3265">
    <p class='ocr_par' dir='ltr' id='par_1_47' title="bbox 1801 3195 3398 3265">
     <span class='ocr_line' id='line_1_48' title="bbox 1801 3195 3398 3265; baseline 0.003 -16"><span class='ocrx_word' id='word_1_527' title='bbox 1801 3196 1952 3249; x_wconf 84' lang='lat' dir='ltr'>enim</span> <span class='ocrx_word' id='word_1_528' title='bbox 1974 3196 2078 3248; x_wconf 87' lang='lat' dir='ltr'>hoc</span> <span class='ocrx_word' id='word_1_529' title='bbox 2105 3195 2306 3256; x_wconf 82' lang='lat' dir='ltr'>facitis,</span> <span class='ocrx_word' id='word_1_530' title='bbox 2330 3195 2615 3265; x_wconf 75' lang='lat' dir='ltr'>disperdat</span> <span class='ocrx_word' id='word_1_531' title='bbox 2641 3211 2740 3249; x_wconf 87' lang='lat' dir='ltr'>vos</span> <span class='ocrx_word' id='word_1_532' title='bbox 2767 3196 3037 3250; x_wconf 87' lang='lat' dir='ltr'>Dominus</span> <span class='ocrx_word' id='word_1_533' title='bbox 3069 3213 3079 3245; x_wconf 92' lang='lat'><strong>:</strong></span> <span class='ocrx_word' id='word_1_534' title='bbox 3107 3199 3253 3252; x_wconf 87' lang='lat' dir='ltr'>Nam</span> <span class='ocrx_word' id='word_1_535' title='bbox 3281 3215 3398 3252; x_wconf 91' lang='lat' dir='ltr'>om-</span> 
     </span>
    </p>
   </div>
   <div class='ocr_carea' id='block_1_48' title="bbox 1803 3283 3390 3356">
    <p class='ocr_par' dir='ltr' id='par_1_48' title="bbox 1803 3283 3390 3356">
     <span class='ocr_line' id='line_1_49' title="bbox 1803 3283 3390 3356; baseline 0.003 -19"><span class='ocrx_word' id='word_1_536' title='bbox 1803 3299 1933 3338; x_wconf 89' lang='lat' dir='ltr'>nem</span> <span class='ocrx_word' id='word_1_537' title='bbox 1963 3285 2058 3354; x_wconf 86' lang='lat' dir='ltr'>qui</span> <span class='ocrx_word' id='word_1_538' title='bbox 2091 3283 2260 3337; x_wconf 82' lang='lat' dir='ltr'>violat</span> <span class='ocrx_word' id='word_1_539' title='bbox 2282 3285 2558 3354; x_wconf 84' lang='lat' dir='ltr'>templum</span> <span class='ocrx_word' id='word_1_540' title='bbox 2598 3284 2718 3349; x_wconf 88' lang='lat' dir='ltr'>Dei,</span> <span class='ocrx_word' id='word_1_541' title='bbox 2772 3285 3058 3355; x_wconf 84' lang='lat' dir='ltr'>disperdet</span> <span class='ocrx_word' id='word_1_542' title='bbox 3087 3285 3390 3356; x_wconf 85' lang='lat' dir='ltr'>Dominus;</span> 
     </span>
    </p>
   </div>
   <div class='ocr_carea' id='block_1_49' title="bbox 1805 3373 3396 3445">
    <p class='ocr_par' dir='ltr' id='par_1_49' title="bbox 1805 3373 3396 3445">
     <span class='ocr_line' id='line_1_50' title="bbox 1805 3373 3396 3445; baseline 0.004 -21"><span class='ocrx_word' id='word_1_543' title='bbox 1805 3390 1901 3426; x_wconf 92' lang='lat' dir='ltr'>vos</span> <span class='ocrx_word' id='word_1_544' title='bbox 1933 3379 2122 3426; x_wconf 88' lang='lat' dir='ltr'>autem</span> <span class='ocrx_word' id='word_1_545' title='bbox 2153 3373 2432 3443; x_wconf 88' lang='lat' dir='ltr'>peccando</span> <span class='ocrx_word' id='word_1_546' title='bbox 2470 3373 2717 3439; x_wconf 88' lang='lat' dir='ltr'>violatis;</span> <span class='ocrx_word' id='word_1_547' title='bbox 2755 3375 2906 3443; x_wconf 88' lang='lat' dir='ltr'>quod</span> <span class='ocrx_word' id='word_1_548' title='bbox 2933 3374 3016 3428; x_wconf 87' lang='lat' dir='ltr'>sic</span> <span class='ocrx_word' id='word_1_549' title='bbox 3033 3374 3253 3445; x_wconf 82' lang='lat' dir='ltr'>probat.</span> <span class='ocrx_word' id='word_1_550' title='bbox 3283 3375 3396 3430; x_wconf 75' lang='lat' dir='ltr'>Vos</span> 
     </span>
    </p>
   </div>
   <div class='ocr_carea' id='block_1_50' title="bbox 1807 3461 3396 3532">
    <p class='ocr_par' dir='ltr' id='par_1_50' title="bbox 1807 3461 3396 3532">
     <span class='ocr_line' id='line_1_51' title="bbox 1807 3461 3396 3532; baseline 0.003 -18"><span class='ocrx_word' id='word_1_551' title='bbox 1807 3462 1940 3515; x_wconf 87' lang='lat' dir='ltr'>estis</span> <span class='ocrx_word' id='word_1_552' title='bbox 1984 3463 2260 3532; x_wconf 84' lang='lat' dir='ltr'>templum</span> <span class='ocrx_word' id='word_1_553' title='bbox 2305 3463 2425 3528; x_wconf 88' lang='lat' dir='ltr'>Dei,</span> <span class='ocrx_word' id='word_1_554' title='bbox 2469 3461 2596 3532; x_wconf 88' lang='lat' dir='ltr'>quia</span> <span class='ocrx_word' id='word_1_555' title='bbox 2634 3462 2879 3532; x_wconf 84' lang='lat' dir='ltr'>Spiritus</span> <span class='ocrx_word' id='word_1_556' title='bbox 2917 3462 3016 3516; x_wconf 88' lang='lat' dir='ltr'>Dei</span> <span class='ocrx_word' id='word_1_557' title='bbox 3065 3463 3284 3518; x_wconf 80' lang='lat' dir='ltr'>habitat</span> <span class='ocrx_word' id='word_1_558' title='bbox 3336 3467 3396 3518; x_wconf 91' lang='lat' dir='ltr'>in</span> 
     </span>
    </p>
   </div>
   <div class='ocr_carea' id='block_1_51' title="bbox 1806 3550 3390 3617">
    <p class='ocr_par' dir='ltr' id='par_1_51' title="bbox 1806 3550 3390 3617">
     <span class='ocr_line' id='line_1_52' title="bbox 1806 3550 3390 3617; baseline 0.003 -14"><span class='ocrx_word' id='word_1_559' title='bbox 1806 3550 1996 3617; x_wconf 86' lang='lat' dir='ltr'>vobis;</span> <span class='ocrx_word' id='word_1_560' title='bbox 2037 3552 2142 3605; x_wconf 90' lang='lat' dir='ltr'>hoc</span> <span class='ocrx_word' id='word_1_561' title='bbox 2169 3556 2254 3604; x_wconf 84' lang='lat' dir='ltr'>est</span> <span class='ocrx_word' id='word_1_562' title='bbox 2295 3551 2499 3615; x_wconf 79' lang='lat' dir='ltr'>dicere,</span> <span class='ocrx_word' id='word_1_563' title='bbox 2539 3567 2636 3604; x_wconf 87' lang='lat' dir='ltr'>vos</span> <span class='ocrx_word' id='word_1_564' title='bbox 2676 3551 2815 3604; x_wconf 86' lang='lat' dir='ltr'>estis</span> <span class='ocrx_word' id='word_1_565' title='bbox 2854 3551 3239 3606; x_wconf 81' lang='lat' dir='ltr'>habitaculum</span> <span class='ocrx_word' id='word_1_566' title='bbox 3267 3554 3390 3607; x_wconf 87' lang='lat' dir='ltr'>Dei.</span> 
     </span>
    </p>
   </div>
   <div class='ocr_carea' id='block_1_52' title="bbox 1810 3639 3399 3709">
    <p class='ocr_par' dir='ltr' id='par_1_52' title="bbox 1810 3639 3399 3709">
     <span class='ocr_line' id='line_1_53' title="bbox 1810 3639 3399 3709; baseline 0.003 -17"><span class='ocrx_word' id='word_1_567' title='bbox 1810 3640 1949 3693; x_wconf 90' lang='lat' dir='ltr'>Item</span> <span class='ocrx_word' id='word_1_568' title='bbox 1977 3656 2141 3692; x_wconf 90' lang='lat' dir='ltr'>omne</span> <span class='ocrx_word' id='word_1_569' title='bbox 2167 3645 2421 3692; x_wconf 85' lang='lat' dir='ltr'>sanctum</span> <span class='ocrx_word' id='word_1_570' title='bbox 2443 3645 2529 3692; x_wconf 86' lang='lat' dir='ltr'>est</span> <span class='ocrx_word' id='word_1_571' title='bbox 2548 3639 2822 3709; x_wconf 78' lang='lat' dir='ltr'>templum</span> <span class='ocrx_word' id='word_1_572' title='bbox 2846 3640 2964 3695; x_wconf 86' lang='lat' dir='ltr'>Dei.</span> <span class='ocrx_word' id='word_1_573' title='bbox 2988 3641 3091 3694; x_wconf 86' lang='lat' dir='ltr'>sed</span> <span class='ocrx_word' id='word_1_574' title='bbox 3119 3657 3215 3695; x_wconf 90' lang='lat' dir='ltr'>vos</span> <span class='ocrx_word' id='word_1_575' title='bbox 3262 3643 3399 3696; x_wconf 85' lang='lat' dir='ltr'>estis</span> 
     </span>
    </p>
   </div>
   <div class='ocr_carea' id='block_1_53' title="bbox 1808 3727 3399 3799">
    <p class='ocr_par' dir='ltr' id='par_1_53' title="bbox 1808 3727 3399 3799">
     <span class='ocr_line' id='line_1_54' title="bbox 1808 3727 3399 3799; baseline 0.003 -19"><span class='ocrx_word' id='word_1_576' title='bbox 1808 3732 2085 3789; x_wconf 82' lang='lat' dir='ltr'>sanctum,</span> <span class='ocrx_word' id='word_1_577' title='bbox 2107 3740 2242 3797; x_wconf 78' lang='lat' dir='ltr'>ergo</span> <span class='ocrx_word' id='word_1_578' title='bbox 2271 3727 2370 3781; x_wconf 87' lang='lat' dir='ltr'>Dei</span> <span class='ocrx_word' id='word_1_579' title='bbox 2392 3729 2666 3797; x_wconf 80' lang='lat' dir='ltr'>templum</span> <span class='ocrx_word' id='word_1_580' title='bbox 2695 3746 2706 3780; x_wconf 90' lang='lat'>:</span> <span class='ocrx_word' id='word_1_581' title='bbox 2739 3743 2836 3781; x_wconf 86' lang='lat' dir='ltr'>vos</span> <span class='ocrx_word' id='word_1_582' title='bbox 2865 3733 3055 3782; x_wconf 86' lang='lat' dir='ltr'>autem</span> <span class='ocrx_word' id='word_1_583' title='bbox 3075 3729 3399 3799; x_wconf 85' lang='lat' dir='ltr'>ipsos,dum</span> 
     </span>
    </p>
   </div>
   <div class='ocr_carea' id='block_1_54' title="bbox 149 3816 3215 3896">
    <p class='ocr_par' dir='ltr' id='par_1_54' title="bbox 149 3816 3215 3896">
     <span class='ocr_line' id='line_1_55' title="bbox 149 3816 3215 3896; baseline 0.002 -32"><span class='ocrx_word' id='word_1_584' title='bbox 149 3821 300 3869; x_wconf 83' lang='lat' dir='ltr'>reunt</span> <span class='ocrx_word' id='word_1_585' title='bbox 322 3831 448 3887; x_wconf 66' lang='lat' dir='ltr'>qum</span> <span class='ocrx_word' id='word_1_586' title='bbox 481 3829 608 3870; x_wconf 89' lang='lat' dir='ltr'>cum</span> <span class='ocrx_word' id='word_1_587' title='bbox 635 3831 826 3870; x_wconf 66' lang='lat' dir='ltr'>amore</span> <span class='ocrx_word' id='word_1_588' title='bbox 855 3833 1111 3886; x_wconf 78' lang='lat' dir='ltr'>possessa</span> <span class='ocrx_word' id='word_1_589' title='bbox 1138 3824 1286 3870; x_wconf 87' lang='lat' dir='ltr'>sunt.</span> <span class='ocrx_word' id='word_1_590' title='bbox 1323 3819 1431 3872; x_wconf 87' lang='lat' dir='ltr'>Sed</span> <span class='ocrx_word' id='word_1_591' title='bbox 1463 3820 1726 3888; x_wconf 82' lang='lat' dir='ltr'>quoniam</span> <span class='ocrx_word' id='word_1_592' title='bbox 1748 3817 2071 3896; x_wconf 82' lang='lat' dir='ltr'>Bpeccatis,</span> <span class='ocrx_word' id='word_1_593' title='bbox 2103 3816 2322 3869; x_wconf 85' lang='lat' dir='ltr'>violatis</span> <span class='ocrx_word' id='word_1_594' title='bbox 2345 3861 2356 3878; x_wconf 85' lang='grc'><em>,</em></span> <span class='ocrx_word' id='word_1_595' title='bbox 2381 3832 2514 3885; x_wconf 85' lang='lat' dir='ltr'>ergo</span> <span class='ocrx_word' id='word_1_596' title='bbox 2543 3817 2816 3886; x_wconf 86' lang='lat' dir='ltr'>templum</span> <span class='ocrx_word' id='word_1_597' title='bbox 2849 3817 2949 3869; x_wconf 88' lang='lat' dir='ltr'>Dei</span> <span class='ocrx_word' id='word_1_598' title='bbox 2979 3817 3215 3871; x_wconf 82' lang='lat' dir='ltr'>violatis.</span> 
     </span>
    </p>
   </div>
   <div class='ocr_carea' id='block_1_55' title="bbox 150 3902 1726 3978">
    <p class='ocr_par' dir='ltr' id='par_1_55' title="bbox 150 3902 1726 3978">
     <span class='ocr_line' id='line_1_56' title="bbox 150 3902 1726 3978; baseline 0.006 -25"><span class='ocrx_word' id='word_1_599' title='bbox 150 3902 472 3959; x_wconf 84' lang='lat' dir='ltr'>alterutrum</span> <span class='ocrx_word' id='word_1_600' title='bbox 499 3906 621 3975; x_wconf 88' lang='lat' dir='ltr'>[al.,</span> <span class='ocrx_word' id='word_1_601' title='bbox 649 3905 948 3975; x_wconf 77' lang='lat' dir='ltr'>alterutra]</span> <span class='ocrx_word' id='word_1_602' title='bbox 969 3905 1291 3960; x_wconf 84' lang='lat' dir='ltr'>conditione</span> <span class='ocrx_word' id='word_1_603' title='bbox 1313 3908 1614 3978; x_wconf 88' lang='lat' dir='ltr'>proposita,</span> <span class='ocrx_word' id='word_1_604' title='bbox 1646 3910 1726 3964; x_wconf 90' lang='lat' dir='ltr'>eis</span> 
     </span>
    </p>
   </div>
   <div class='ocr_carea' id='block_1_56' title="bbox 149 3992 1727 4065">
    <p class='ocr_par' dir='ltr' id='par_1_56' title="bbox 149 3992 1727 4065">
     <span class='ocr_line' id='line_1_57' title="bbox 149 3992 1727 4065; baseline 0.003 -18"><span class='ocrx_word' id='word_1_605' title='bbox 149 3992 320 4059; x_wconf 77' lang='lat' dir='ltr'>potius</span> <span class='ocrx_word' id='word_1_606' title='bbox 339 3995 741 4049; x_wconf 79' lang='lat' dir='ltr'>malletcarere</span> <span class='ocrx_word' id='word_1_607' title='bbox 763 4009 930 4065; x_wconf 85' lang='lat' dir='ltr'>quam</span> <span class='ocrx_word' id='word_1_608' title='bbox 955 3995 1194 4057; x_wconf 85' lang='lat' dir='ltr'>Christo,</span> <span class='ocrx_word' id='word_1_609' title='bbox 1213 4010 1316 4048; x_wconf 85' lang='lat' dir='ltr'>nec</span> <span class='ocrx_word' id='word_1_610' title='bbox 1335 3996 1538 4050; x_wconf 86' lang='lat' dir='ltr'>timore</span> <span class='ocrx_word' id='word_1_611' title='bbox 1559 3998 1727 4052; x_wconf 86' lang='lat' dir='ltr'>amit-</span> 
     </span>
    </p>
   </div>
   <div class='ocr_carea' id='block_1_57' title="bbox 150 4081 1727 4154">
    <p class='ocr_par' dir='ltr' id='par_1_57' title="bbox 150 4081 1727 4154">
     <span class='ocr_line' id='line_1_58' title="bbox 150 4081 1727 4154; baseline 0.004 -21"><span class='ocrx_word' id='word_1_612' title='bbox 150 4081 293 4134; x_wconf 74' lang='lat' dir='ltr'>teudi</span> <span class='ocrx_word' id='word_1_613' title='bbox 319 4083 477 4148; x_wconf 80' lang='lat' dir='ltr'>talia,</span> <span class='ocrx_word' id='word_1_614' title='bbox 509 4083 722 4136; x_wconf 79' lang='lat' dir='ltr'>deserit</span> <span class='ocrx_word' id='word_1_615' title='bbox 761 4083 1068 4142; x_wconf 85' lang='lat' dir='ltr'>Christum.</span> <span class='ocrx_word' id='word_1_616' title='bbox 1103 4084 1356 4154; x_wconf 78' lang='lat' dir='ltr'>quamvis</span> <span class='ocrx_word' id='word_1_617' title='bbox 1380 4085 1569 4139; x_wconf 85' lang='lat' dir='ltr'>doleat</span> <span class='ocrx_word' id='word_1_618' title='bbox 1595 4101 1727 4140; x_wconf 88' lang='lat' dir='ltr'>cum</span> 
     </span>
    </p>
   </div>
   <div class='ocr_carea' id='block_1_58' title="bbox 155 4170 1730 4248">
    <p class='ocr_par' dir='ltr' id='par_1_58' title="bbox 155 4170 1730 4248">
     <span class='ocr_line' id='line_1_59' title="bbox 155 4170 1730 4248; baseline 0.006 -27"><span class='ocrx_word' id='word_1_619' title='bbox 155 4170 368 4237; x_wconf 80' lang='lat' dir='ltr'>amittit,</span> <span class='ocrx_word' id='word_1_620' title='bbox 410 4172 602 4227; x_wconf 75' lang='lat' dir='ltr'>salvus</span> <span class='ocrx_word' id='word_1_621' title='bbox 647 4173 870 4244; x_wconf 84' lang='lat' dir='ltr'>quidem</span> <span class='ocrx_word' id='word_1_622' title='bbox 905 4178 1028 4236; x_wconf 82' lang='lat' dir='ltr'>est;</span> <span class='ocrx_word' id='word_1_623' title='bbox 1061 4173 1144 4226; x_wconf 87' lang='lat' dir='ltr'>sic</span> <span class='ocrx_word' id='word_1_624' title='bbox 1185 4178 1377 4228; x_wconf 79' lang='lat' dir='ltr'>tamen</span> <span class='ocrx_word' id='word_1_625' title='bbox 1425 4175 1587 4245; x_wconf 86' lang='lat' dir='ltr'>quasi</span> <span class='ocrx_word' id='word_1_626' title='bbox 1629 4193 1730 4248; x_wconf 88' lang='lat' dir='ltr'>per</span> 
     </span>
    </p>
   </div>
   <div class='ocr_carea' id='block_1_59' title="bbox 155 4254 1734 4332">
    <p class='ocr_par' dir='ltr' id='par_1_59' title="bbox 155 4254 1734 4332">
     <span class='ocr_line' id='line_1_60' title="bbox 155 4254 1734 4332; baseline 0.003 -19"><span class='ocrx_word' id='word_1_627' title='bbox 155 4254 348 4325; x_wconf 75' lang='lat' dir='ltr'>ignem.</span> <span class='ocrx_word' id='word_1_628' title='bbox 384 4262 544 4332; x_wconf 68' lang='lat' dir='ltr'>(ibid.</span> <span class='ocrx_word' id='word_1_629' title='bbox 564 4265 733 4330; x_wconf 69' lang='lat' dir='ltr'>paulo</span> <span class='ocrx_word' id='word_1_630' title='bbox 757 4264 907 4329; x_wconf 81' lang='lat' dir='ltr'>ante)</span> <span class='ocrx_word' id='word_1_631' title='bbox 939 4261 1034 4314; x_wconf 83' lang='lat' dir='ltr'>Est</span> <span class='ocrx_word' id='word_1_632' title='bbox 1062 4260 1209 4330; x_wconf 78' lang='lat' dir='ltr'>ignis</span> <span class='ocrx_word' id='word_1_633' title='bbox 1230 4262 1335 4316; x_wconf 86' lang='lat' dir='ltr'>iste</span> <span class='ocrx_word' id='word_1_634' title='bbox 1364 4264 1602 4317; x_wconf 79' lang='lat' dir='ltr'>tentatio</span> <span class='ocrx_word' id='word_1_635' title='bbox 1633 4266 1734 4318; x_wconf 80' lang='lat' dir='ltr'>tri-</span> 
     </span>
    </p>
   </div>
   <div class='ocr_carea' id='block_1_60' title="bbox 159 4343 1731 4421">
    <p class='ocr_par' dir='ltr' id='par_1_60' title="bbox 159 4343 1731 4421">
     <span class='ocr_line' id='line_1_61' title="bbox 159 4343 1731 4421; baseline 0.006 -22"><span class='ocrx_word' id='word_1_636' title='bbox 159 4343 465 4416; x_wconf 77' lang='lat' dir='ltr'>bulationis,</span> <span class='ocrx_word' id='word_1_637' title='bbox 498 4351 567 4404; x_wconf 83' lang='lat' dir='ltr'>de</span> <span class='ocrx_word' id='word_1_638' title='bbox 601 4365 715 4421; x_wconf 82' lang='lat' dir='ltr'>quo</span> <span class='ocrx_word' id='word_1_639' title='bbox 740 4350 1013 4421; x_wconf 79' lang='lat' dir='ltr'>scriptum</span> <span class='ocrx_word' id='word_1_640' title='bbox 1043 4356 1132 4404; x_wconf 82' lang='lat' dir='ltr'>est</span> <span class='ocrx_word' id='word_1_641' title='bbox 1163 4368 1174 4402; x_wconf 89' lang='lat'>:</span> <span class='ocrx_word' id='word_1_642' title='bbox 1219 4352 1316 4404; x_wconf 83' lang='lat' dir='ltr'>Vas</span> <span class='ocrx_word' id='word_1_643' title='bbox 1349 4355 1511 4420; x_wconf 71' lang='lat' dir='ltr'>ﬁguli</span> <span class='ocrx_word' id='word_1_644' title='bbox 1535 4355 1731 4421; x_wconf 79' lang='lat' dir='ltr'>probat</span> 
     </span>
    </p>
   </div>
   <div class='ocr_carea' id='block_1_61' title="bbox 161 4435 1621 4508">
    <p class='ocr_par' dir='ltr' id='par_1_61' title="bbox 161 4435 1621 4508">
     <span class='ocr_line' id='line_1_62' title="bbox 161 4435 1621 4508; baseline 0.007 -22"><span class='ocrx_word' id='word_1_645' title='bbox 161 4435 367 4505; x_wconf 72' lang='lat' dir='ltr'>form,</span> <span class='ocrx_word' id='word_1_646' title='bbox 406 4444 458 4494; x_wconf 85' lang='lat' dir='ltr'>et</span> <span class='ocrx_word' id='word_1_647' title='bbox 489 4440 738 4493; x_wconf 77' lang='lat' dir='ltr'>homines</span> <span class='ocrx_word' id='word_1_648' title='bbox 755 4443 934 4508; x_wconf 75' lang='lat' dir='ltr'>justas</span> <span class='ocrx_word' id='word_1_649' title='bbox 957 4442 1189 4497; x_wconf 76' lang='lat' dir='ltr'>tentatio</span> <span class='ocrx_word' id='word_1_650' title='bbox 1216 4442 1621 4496; x_wconf 74' lang='lat' dir='ltr'>tribulationis.</span> 
     </span>
    </p>
   </div>
   <div class='ocr_carea' id='block_1_62' title="bbox 223 4527 1732 4602">
    <p class='ocr_par' dir='ltr' id='par_1_62' title="bbox 223 4527 1732 4602">
     <span class='ocr_line' id='line_1_63' title="bbox 223 4527 1732 4602; baseline 0.005 -22"><span class='ocrx_word' id='word_1_651' title='bbox 223 4527 272 4582; x_wconf 75' lang='grc'>6.</span> <span class='ocrx_word' id='word_1_652' title='bbox 302 4527 514 4584; x_wconf 55' lang='lat' dir='ltr'>Luna.</span> <span class='ocrx_word' id='word_1_653' title='bbox 542 4529 988 4583; x_wconf 69' lang='lat' dir='ltr'>Fundamentum</span> <span class='ocrx_word' id='word_1_654' title='bbox 1023 4532 1194 4583; x_wconf 76' lang='lat' dir='ltr'>enim.</span> <span class='ocrx_word' id='word_1_655' title='bbox 1221 4530 1391 4594; x_wconf 79' lang='lat' dir='ltr'>Quasi</span> <span class='ocrx_word' id='word_1_656' title='bbox 1413 4531 1620 4602; x_wconf 85' lang='lat' dir='ltr'>aliquis</span> <span class='ocrx_word' id='word_1_657' title='bbox 1644 4533 1732 4587; x_wconf 88' lang='lat' dir='ltr'>di-</span> 
     </span>
    </p>
   </div>
   <div class='ocr_carea' id='block_1_63' title="bbox 161 4617 1735 4689">
    <p class='ocr_par' dir='ltr' id='par_1_63' title="bbox 161 4617 1735 4689">
     <span class='ocr_line' id='line_1_64' title="bbox 161 4617 1735 4689; baseline 0.006 -21"><span class='ocrx_word' id='word_1_658' title='bbox 161 4621 300 4670; x_wconf 82' lang='lat' dir='ltr'>ceret</span> <span class='ocrx_word' id='word_1_659' title='bbox 330 4635 341 4669; x_wconf 93' lang='lat'><strong>:</strong></span> <span class='ocrx_word' id='word_1_660' title='bbox 371 4633 475 4672; x_wconf 76' lang='lat' dir='ltr'>cur</span> <span class='ocrx_word' id='word_1_661' title='bbox 499 4617 689 4671; x_wconf 79' lang='lat' dir='ltr'>dixisti</span> <span class='ocrx_word' id='word_1_662' title='bbox 719 4635 729 4668; x_wconf 94' lang='lat'>:</span> <span class='ocrx_word' id='word_1_663' title='bbox 766 4619 1009 4672; x_wconf 73' lang='lat' dir='ltr'>Tantum</span> <span class='ocrx_word' id='word_1_664' title='bbox 1053 4619 1478 4689; x_wconf 62' lang='lat' dir='ltr'>superandiﬁcet.</span> <span class='ocrx_word' id='word_1_665' title='bbox 1519 4626 1580 4674; x_wconf 83' lang='lat' dir='ltr'>et</span> <span class='ocrx_word' id='word_1_666' title='bbox 1621 4638 1735 4677; x_wconf 87' lang='lat' dir='ltr'>non</span> 
     </span>
    </p>
   </div>
   <div class='ocr_carea' id='block_1_64' title="bbox 165 4701 1732 4792">
    <p class='ocr_par' dir='ltr' id='par_1_64' title="bbox 165 4701 1732 4792">
     <span class='ocr_line' id='line_1_65' title="bbox 165 4701 1732 4792; baseline 0.006 -36"><span class='ocrx_word' id='word_1_667' title='bbox 165 4701 338 4760; x_wconf 79' lang='lat' dir='ltr'>dixisti</span> <span class='ocrx_word' id='word_1_668' title='bbox 364 4721 375 4754; x_wconf 93' lang='lat'><strong>:</strong></span> <span class='ocrx_word' id='word_1_669' title='bbox 407 4707 859 4761; x_wconf 83' lang='lat' dir='ltr'>Fundamentum</span> <span class='ocrx_word' id='word_1_670' title='bbox 883 4707 1032 4762; x_wconf 82' lang='lat' dir='ltr'>enim</span> <span class='ocrx_word' id='word_1_671' title='bbox 1063 4707 1272 4778; x_wconf 84' lang='lat' dir='ltr'>ponat?</span> <span class='ocrx_word' id='word_1_672' title='bbox 1306 4708 1466 4792; x_wconf 72' lang='lat' dir='ltr'>Absit</span> <span class='ocrx_word' id='word_1_673' title='bbox 1491 4710 1503 4762; x_wconf 88' lang='lat'><strong>!</strong></span> <span class='ocrx_word' id='word_1_674' title='bbox 1528 4710 1732 4782; x_wconf 86' lang='lat' dir='ltr'>inquit,</span> 
     </span>
    </p>
   </div>
   <div class='ocr_carea' id='block_1_65' title="bbox 165 4791 1095 4862">
    <p class='ocr_par' dir='ltr' id='par_1_65' title="bbox 165 4791 1095 4862">
     <span class='ocr_line' id='line_1_66' title="bbox 165 4791 1095 4862; baseline 0.009 -19"><span class='ocrx_word' id='word_1_675' title='bbox 165 4791 577 4851; x_wconf 87' lang='lat' dir='ltr'>fundamentum</span> <span class='ocrx_word' id='word_1_676' title='bbox 607 4796 756 4850; x_wconf 88' lang='lat' dir='ltr'>enim</span> <span class='ocrx_word' id='word_1_677' title='bbox 781 4796 956 4862; x_wconf 79' lang='lat' dir='ltr'>aliud,</span> <span class='ocrx_word' id='word_1_678' title='bbox 991 4802 1095 4851; x_wconf 88' lang='lat' dir='ltr'>etc.</span> 
     </span>
    </p>
   </div>
   <div class='ocr_carea' id='block_1_66' title="bbox 227 4880 1735 4954">
    <p class='ocr_par' dir='ltr' id='par_1_66' title="bbox 227 4880 1735 4954">
     <span class='ocr_line' id='line_1_67' title="bbox 227 4880 1735 4954; baseline 0.004 -18"><span class='ocrx_word' id='word_1_679' title='bbox 227 4880 275 4936; x_wconf 81' lang='grc'><strong>7.</strong></span> <span class='ocrx_word' id='word_1_680' title='bbox 306 4887 550 4941; x_wconf 67' lang='grc' dir='ltr'>ΑΜθίιοε.</span> <span class='ocrx_word' id='word_1_681' title='bbox 575 4885 642 4940; x_wconf 86' lang='lat' dir='ltr'>Si</span> <span class='ocrx_word' id='word_1_682' title='bbox 667 4887 789 4954; x_wconf 75' lang='lat' dir='ltr'>quis</span> <span class='ocrx_word' id='word_1_683' title='bbox 811 4890 1002 4939; x_wconf 81' lang='lat' dir='ltr'>autem</span> <span class='ocrx_word' id='word_1_684' title='bbox 1028 4887 1433 4954; x_wconf 62' lang='lat' dir='ltr'>sumradiﬂeet,</span> <span class='ocrx_word' id='word_1_685' title='bbox 1467 4893 1577 4943; x_wconf 82' lang='lat' dir='ltr'>etc.</span> <span class='ocrx_word' id='word_1_686' title='bbox 1609 4888 1735 4942; x_wconf 85' lang='lat' dir='ltr'>Tri-</span> 
     </span>
    </p>
   </div>
   <div class='ocr_carea' id='block_1_67' title="bbox 163 4969 1738 5045">
    <p class='ocr_par' dir='ltr' id='par_1_67' title="bbox 163 4969 1738 5045">
     <span class='ocr_line' id='line_1_68' title="bbox 163 4969 1738 5045; baseline 0.003 -19"><span class='ocrx_word' id='word_1_687' title='bbox 163 4969 254 5025; x_wconf 80' lang='lat' dir='ltr'>bus</span> <span class='ocrx_word' id='word_1_688' title='bbox 279 4974 577 5043; x_wconf 71' lang='lat' dir='ltr'>prioribus,</span> <span class='ocrx_word' id='word_1_689' title='bbox 608 4973 784 5041; x_wconf 80' lang='lat' dir='ltr'>bona;</span> <span class='ocrx_word' id='word_1_690' title='bbox 835 4973 1015 5028; x_wconf 84' lang='lat' dir='ltr'>tribus</span> <span class='ocrx_word' id='word_1_691' title='bbox 1047 4974 1411 5045; x_wconf 78' lang='lat' dir='ltr'>sequentibus</span> <span class='ocrx_word' id='word_1_692' title='bbox 1440 4991 1585 5031; x_wconf 84' lang='lat' dir='ltr'>vana</span> <span class='ocrx_word' id='word_1_693' title='bbox 1609 4976 1738 5031; x_wconf 87' lang='lat' dir='ltr'>doc-</span> 
     </span>
    </p>
   </div>
   <div class='ocr_carea' id='block_1_68' title="bbox 168 5059 593 5134">
    <p class='ocr_par' dir='ltr' id='par_1_68' title="bbox 168 5059 593 5134">
     <span class='ocr_line' id='line_1_69' title="bbox 168 5059 593 5134; baseline 0.002 -22"><span class='ocrx_word' id='word_1_694' title='bbox 168 5059 302 5116; x_wconf 71' lang='lat' dir='ltr'>trina</span> <span class='ocrx_word' id='word_1_695' title='bbox 322 5063 593 5134; x_wconf 79' lang='lat' dir='ltr'>signatur.</span> 
     </span>
    </p>
   </div>
   <div class='ocr_carea' id='block_1_69' title="bbox 227 5148 1736 5223">
    <p class='ocr_par' dir='ltr' id='par_1_69' title="bbox 227 5148 1736 5223">
     <span class='ocr_line' id='line_1_70' title="bbox 227 5148 1736 5223; baseline 0.004 -20"><span class='ocrx_word' id='word_1_696' title='bbox 227 5148 278 5204; x_wconf 83' lang='lat'>8.</span> <span class='ocrx_word' id='word_1_697' title='bbox 313 5154 478 5219; x_wconf 81' lang='lat' dir='ltr'>Quasi</span> <span class='ocrx_word' id='word_1_698' title='bbox 500 5168 602 5222; x_wconf 85' lang='lat' dir='ltr'>per</span> <span class='ocrx_word' id='word_1_699' title='bbox 626 5153 829 5221; x_wconf 81' lang='lat' dir='ltr'>ignem.</span> <span class='ocrx_word' id='word_1_700' title='bbox 856 5152 1011 5223; x_wconf 79' lang='lat' dir='ltr'>Ignis</span> <span class='ocrx_word' id='word_1_701' title='bbox 1041 5153 1273 5207; x_wconf 85' lang='lat' dir='ltr'>extremi</span> <span class='ocrx_word' id='word_1_702' title='bbox 1306 5153 1507 5223; x_wconf 82' lang='lat' dir='ltr'>jud-icii</span> <span class='ocrx_word' id='word_1_703' title='bbox 1537 5155 1736 5209; x_wconf 87' lang='lat' dir='ltr'>tandiu</span> 
     </span>
    </p>
   </div>
   <div class='ocr_carea' id='block_1_70' title="bbox 1883 3904 3403 3974">
    <p class='ocr_par' dir='ltr' id='par_1_70' title="bbox 1883 3904 3403 3974">
     <span class='ocr_line' id='line_1_71' title="bbox 1883 3904 3403 3974; baseline 0.001 -16"><span class='ocrx_word' id='word_1_704' title='bbox 1883 3905 1968 3958; x_wconf 63' lang='lat'>&#39;1‘2.</span> <span class='ocrx_word' id='word_1_705' title='bbox 1995 3907 2161 3959; x_wconf 83' lang='lat' dir='ltr'>Nemo</span> <span class='ocrx_word' id='word_1_706' title='bbox 2182 3921 2235 3957; x_wconf 89' lang='lat' dir='ltr'>se</span> <span class='ocrx_word' id='word_1_707' title='bbox 2264 3907 2503 3969; x_wconf 76' lang='lat' dir='ltr'>seducet,</span> <span class='ocrx_word' id='word_1_708' title='bbox 2532 3905 2589 3957; x_wconf 83' lang='lat' dir='ltr'>id</span> <span class='ocrx_word' id='word_1_709' title='bbox 2611 3910 2716 3970; x_wconf 83' lang='lat' dir='ltr'>est,</span> <span class='ocrx_word' id='word_1_710' title='bbox 2742 3921 2909 3958; x_wconf 86' lang='lat' dir='ltr'>nemo</span> <span class='ocrx_word' id='word_1_711' title='bbox 2939 3904 3165 3974; x_wconf 84' lang='lat' dir='ltr'>proprio</span> <span class='ocrx_word' id='word_1_712' title='bbox 3194 3906 3280 3958; x_wconf 82' lang='lat' dir='ltr'>vel</span> <span class='ocrx_word' id='word_1_713' title='bbox 3301 3906 3403 3960; x_wconf 79' lang='lat' dir='ltr'>hu-</span> 
     </span>
    </p>
   </div>
   <div class='ocr_carea' id='block_1_71' title="bbox 1808 3992 3406 4065">
    <p class='ocr_par' dir='ltr' id='par_1_71' title="bbox 1808 3992 3406 4065">
     <span class='ocr_line' id='line_1_72' title="bbox 1808 3992 3406 4065; baseline 0.001 -17"><span class='ocrx_word' id='word_1_714' title='bbox 1808 4008 1977 4048; x_wconf 80' lang='lat' dir='ltr'>mano</span> <span class='ocrx_word' id='word_1_715' title='bbox 2003 3993 2237 4048; x_wconf 89' lang='lat' dir='ltr'>consilio</span> <span class='ocrx_word' id='word_1_716' title='bbox 2266 3998 2428 4064; x_wconf 85' lang='lat' dir='ltr'>putet</span> <span class='ocrx_word' id='word_1_717' title='bbox 2451 4010 2510 4047; x_wconf 83' lang='lat' dir='ltr'>se</span> <span class='ocrx_word' id='word_1_718' title='bbox 2539 3992 2647 4047; x_wconf 86' lang='lat' dir='ltr'>sibi</span> <span class='ocrx_word' id='word_1_719' title='bbox 2685 3994 2968 4064; x_wconf 79' lang='lat' dir='ltr'>prodesse.</span> <span class='ocrx_word' id='word_1_720' title='bbox 2999 3994 3085 4047; x_wconf 86' lang='lat' dir='ltr'>Ad</span> <span class='ocrx_word' id='word_1_721' title='bbox 3113 3993 3406 4065; x_wconf 85' lang='lat' dir='ltr'>superiora</span> 
     </span>
    </p>
   </div>
   <div class='ocr_carea' id='block_1_72' title="bbox 1809 4084 1980 4139">
    <p class='ocr_par' dir='ltr' id='par_1_72' title="bbox 1809 4084 1980 4139">
     <span class='ocr_line' id='line_1_73' title="bbox 1809 4084 1980 4139; baseline 0.018 -3"><span class='ocrx_word' id='word_1_722' title='bbox 1809 4084 1956 4136; x_wconf 84' lang='lat' dir='ltr'>redit</span> <span class='ocrx_word' id='word_1_723' title='bbox 1970 4127 1980 4139; x_wconf 94' lang='lat'>.</span> 
     </span>
    </p>
   </div>
   <div class='ocr_carea' id='block_1_73' title="bbox 1881 4170 3401 4238">
    <p class='ocr_par' dir='ltr' id='par_1_73' title="bbox 1881 4170 3401 4238">
     <span class='ocr_line' id='line_1_74' title="bbox 1881 4170 3401 4238; baseline -0.001 -12"><span class='ocrx_word' id='word_1_724' title='bbox 1881 4171 1976 4228; x_wconf 68' lang='lat'>13.</span> <span class='ocrx_word' id='word_1_725' title='bbox 2015 4171 2222 4225; x_wconf 70' lang='lat' dir='ltr'>LANra.</span> <span class='ocrx_word' id='word_1_726' title='bbox 2258 4170 2486 4238; x_wconf 84' lang='lat' dir='ltr'>Sapiens</span> <span class='ocrx_word' id='word_1_727' title='bbox 2513 4185 2624 4224; x_wconf 85' lang='lat' dir='ltr'>esse</span> <span class='ocrx_word' id='word_1_728' title='bbox 2654 4173 2719 4224; x_wconf 79' lang='lat' dir='ltr'>in</span> <span class='ocrx_word' id='word_1_729' title='bbox 2746 4172 2842 4226; x_wconf 80' lang='lat' dir='ltr'>hoc</span> <span class='ocrx_word' id='word_1_730' title='bbox 2861 4174 3072 4237; x_wconf 67' lang='lat' dir='ltr'>saeculo,</span> <span class='ocrx_word' id='word_1_731' title='bbox 3103 4171 3162 4225; x_wconf 90' lang='lat' dir='ltr'>id</span> <span class='ocrx_word' id='word_1_732' title='bbox 3198 4176 3302 4236; x_wconf 83' lang='lat' dir='ltr'>est,</span> <span class='ocrx_word' id='word_1_733' title='bbox 3343 4173 3401 4225; x_wconf 90' lang='lat' dir='ltr'>in</span> 
     </span>
    </p>
   </div>
   <div class='ocr_carea' id='block_1_74' title="bbox 1815 4261 3404 4331">
    <p class='ocr_par' dir='ltr' id='par_1_74' title="bbox 1815 4261 3404 4331">
     <span class='ocr_line' id='line_1_75' title="bbox 1815 4261 3404 4331; baseline -0.002 -14"><span class='ocrx_word' id='word_1_734' title='bbox 1815 4263 2022 4317; x_wconf 88' lang='lat' dir='ltr'>astutia</span> <span class='ocrx_word' id='word_1_735' title='bbox 2050 4263 2218 4331; x_wconf 87' lang='lat' dir='ltr'>hujus</span> <span class='ocrx_word' id='word_1_736' title='bbox 2237 4261 2423 4315; x_wconf 66' lang='grc' dir='ltr'>δέεαι]ιί</span> <span class='ocrx_word' id='word_1_737' title='bbox 2453 4262 2569 4324; x_wconf 81' lang='lat' dir='ltr'>fiat,</span> <span class='ocrx_word' id='word_1_738' title='bbox 2613 4261 2672 4314; x_wconf 94' lang='lat' dir='ltr'>id</span> <span class='ocrx_word' id='word_1_739' title='bbox 2701 4267 2806 4325; x_wconf 90' lang='lat' dir='ltr'>est,</span> <span class='ocrx_word' id='word_1_740' title='bbox 2839 4262 3074 4315; x_wconf 83' lang='lat' dir='ltr'>stultum</span> <span class='ocrx_word' id='word_1_741' title='bbox 3102 4277 3165 4314; x_wconf 84' lang='lat' dir='ltr'>se</span> <span class='ocrx_word' id='word_1_742' title='bbox 3193 4261 3404 4315; x_wconf 86' lang='lat' dir='ltr'>intelli-</span> 
     </span>
    </p>
   </div>
   <div class='ocr_carea' id='block_1_75' title="bbox 1813 4349 3152 4421">
    <p class='ocr_par' dir='ltr' id='par_1_75' title="bbox 1813 4349 3152 4421">
     <span class='ocr_line' id='line_1_76' title="bbox 1813 4349 3152 4421; baseline -0.001 -16"><span class='ocrx_word' id='word_1_743' title='bbox 1813 4352 1915 4421; x_wconf 85' lang='lat' dir='ltr'>git,</span> <span class='ocrx_word' id='word_1_744' title='bbox 1947 4357 2006 4404; x_wconf 86' lang='lat' dir='ltr'>et</span> <span class='ocrx_word' id='word_1_745' title='bbox 2024 4349 2355 4420; x_wconf 80' lang='lat' dir='ltr'>sapientiam</span> <span class='ocrx_word' id='word_1_746' title='bbox 2384 4365 2544 4403; x_wconf 84' lang='lat' dir='ltr'>suam</span> <span class='ocrx_word' id='word_1_747' title='bbox 2571 4349 2869 4404; x_wconf 81' lang='lat' dir='ltr'>stultitiam</span> <span class='ocrx_word' id='word_1_748' title='bbox 2900 4350 3152 4420; x_wconf 82' lang='lat' dir='ltr'>deputat.</span> 
     </span>
    </p>
   </div>
   <div class='ocr_carea' id='block_1_76' title="bbox 1856 4439 3397 4509">
    <p class='ocr_par' dir='ltr' id='par_1_76' title="bbox 1856 4439 3397 4509">
     <span class='ocr_line' id='line_1_77' title="bbox 1856 4439 3397 4509; baseline -0.001 -13"><span class='ocrx_word' id='word_1_749' title='bbox 1856 4439 2409 4508; x_wconf 57' lang='lat' dir='ltr'>Mﬂomprelwnda—m</span> <span class='ocrx_word' id='word_1_750' title='bbox 2423 4444 2686 4507; x_wconf 83' lang='lat' dir='ltr'>sapientes</span> <span class='ocrx_word' id='word_1_751' title='bbox 2713 4440 2776 4494; x_wconf 84' lang='lat' dir='ltr'>In</span> <span class='ocrx_word' id='word_1_752' title='bbox 2785 4439 2892 4493; x_wconf 78' lang='lat' dir='ltr'>Job</span> <span class='ocrx_word' id='word_1_753' title='bbox 2907 4440 3176 4509; x_wconf 83' lang='lat' dir='ltr'>scriptum</span> <span class='ocrx_word' id='word_1_754' title='bbox 3191 4439 3397 4494; x_wconf 83' lang='lat' dir='ltr'>estita:</span> 
     </span>
    </p>
   </div>
   <div class='ocr_carea' id='block_1_77' title="bbox 1815 4529 3406 4597">
    <p class='ocr_par' dir='ltr' id='par_1_77' title="bbox 1815 4529 3406 4597">
     <span class='ocr_line' id='line_1_78' title="bbox 1815 4529 3406 4597; baseline 0 -15"><span class='ocrx_word' id='word_1_755' title='bbox 1815 4532 1924 4597; x_wconf 79' lang='lat' dir='ltr'>Qui</span> <span class='ocrx_word' id='word_1_756' title='bbox 1949 4529 2355 4596; x_wconf 77' lang='lat' dir='ltr'>comprehcndit</span> <span class='ocrx_word' id='word_1_757' title='bbox 2374 4531 2642 4595; x_wconf 78' lang='lat' dir='ltr'>sapientes</span> <span class='ocrx_word' id='word_1_758' title='bbox 2663 4531 2726 4584; x_wconf 81' lang='lat' dir='ltr'>in</span> <span class='ocrx_word' id='word_1_759' title='bbox 2755 4531 2966 4582; x_wconf 69' lang='lat' dir='ltr'>astutia</span> <span class='ocrx_word' id='word_1_760' title='bbox 2989 4545 3200 4582; x_wconf 76' lang='lat' dir='ltr'>eorum.</span> <span class='ocrx_word' id='word_1_761' title='bbox 3223 4529 3406 4582; x_wconf 89' lang='lat' dir='ltr'>Omne</span> 
     </span>
    </p>
   </div>
   <div class='ocr_carea' id='block_1_78' title="bbox 1818 4616 3405 4689">
    <p class='ocr_par' dir='ltr' id='par_1_78' title="bbox 1818 4616 3405 4689">
     <span class='ocr_line' id='line_1_79' title="bbox 1818 4616 3405 4689; baseline 0 -17"><span class='ocrx_word' id='word_1_762' title='bbox 1818 4619 1964 4688; x_wconf 91' lang='lat' dir='ltr'>quod</span> <span class='ocrx_word' id='word_1_763' title='bbox 1981 4618 2249 4689; x_wconf 87' lang='lat' dir='ltr'>illaqueat</span> <span class='ocrx_word' id='word_1_764' title='bbox 2262 4616 2654 4686; x_wconf 80' lang='lat' dir='ltr'>deponendum</span> <span class='ocrx_word' id='word_1_765' title='bbox 2675 4617 2914 4684; x_wconf 79' lang='lat' dir='ltr'>;astutia</span> <span class='ocrx_word' id='word_1_766' title='bbox 2923 4623 3114 4672; x_wconf 79' lang='lat' dir='ltr'>autem</span> <span class='ocrx_word' id='word_1_767' title='bbox 3134 4617 3405 4688; x_wconf 81' lang='lat' dir='ltr'>illaqueat</span> 
     </span>
    </p>
   </div>
   <div class='ocr_carea' id='block_1_79' title="bbox 1813 4707 3401 4778">
    <p class='ocr_par' dir='ltr' id='par_1_79' title="bbox 1813 4707 3401 4778">
     <span class='ocr_line' id='line_1_80' title="bbox 1813 4707 3401 4778; baseline 0 -15"><span class='ocrx_word' id='word_1_768' title='bbox 1813 4711 2108 4778; x_wconf 76' lang='lat' dir='ltr'>(scriptum</span> <span class='ocrx_word' id='word_1_769' title='bbox 2138 4712 2224 4760; x_wconf 86' lang='lat' dir='ltr'>est</span> <span class='ocrx_word' id='word_1_770' title='bbox 2248 4707 2403 4761; x_wconf 87' lang='lat' dir='ltr'>enim</span> <span class='ocrx_word' id='word_1_771' title='bbox 2429 4707 2922 4777; x_wconf 69' lang='lat' dir='ltr'>comprehendam,</span> <span class='ocrx_word' id='word_1_772' title='bbox 2953 4711 3079 4774; x_wconf 88' lang='lat' dir='ltr'>etc.)</span> <span class='ocrx_word' id='word_1_773' title='bbox 3107 4724 3264 4778; x_wconf 83' lang='lat' dir='ltr'>ergo,</span> <span class='ocrx_word' id='word_1_774' title='bbox 3295 4715 3401 4763; x_wconf 89' lang='lat' dir='ltr'>etc.</span> 
     </span>
    </p>
   </div>
   <div class='ocr_carea' id='block_1_80' title="bbox 1890 4795 3408 4865">
    <p class='ocr_par' dir='ltr' id='par_1_80' title="bbox 1890 4795 3408 4865">
     <span class='ocr_line' id='line_1_81' title="bbox 1890 4795 3408 4865; baseline 0.001 -14"><span class='ocrx_word' id='word_1_775' title='bbox 1890 4798 1978 4852; x_wconf 80' lang='grc'><strong>15.</strong></span> <span class='ocrx_word' id='word_1_776' title='bbox 2027 4798 2389 4865; x_wconf 68' lang='lat' dir='ltr'>Cogitationes</span> <span class='ocrx_word' id='word_1_777' title='bbox 2435 4798 2792 4864; x_wconf 84' lang='lat' dir='ltr'>sapientium.</span> <span class='ocrx_word' id='word_1_778' title='bbox 2843 4795 3121 4852; x_wconf 75' lang='lat' dir='ltr'>Inusitata</span> <span class='ocrx_word' id='word_1_779' title='bbox 3164 4798 3408 4852; x_wconf 84' lang='lat' dir='ltr'>transla-</span> 
     </span>
    </p>
   </div>
   <div class='ocr_carea' id='block_1_81' title="bbox 1820 4886 2950 4956">
    <p class='ocr_par' dir='ltr' id='par_1_81' title="bbox 1820 4886 2950 4956">
     <span class='ocr_line' id='line_1_82' title="bbox 1820 4886 2950 4956; baseline -0.004 -13"><span class='ocrx_word' id='word_1_780' title='bbox 1820 4888 1972 4943; x_wconf 84' lang='lat' dir='ltr'>tione</span> <span class='ocrx_word' id='word_1_781' title='bbox 1999 4887 2225 4956; x_wconf 88' lang='lat' dir='ltr'>legitur,</span> <span class='ocrx_word' id='word_1_782' title='bbox 2259 4887 2609 4953; x_wconf 83' lang='lat' dir='ltr'>cogitationes</span> <span class='ocrx_word' id='word_1_783' title='bbox 2640 4886 2950 4939; x_wconf 74' lang='lat' dir='ltr'>hominum.</span> 
     </span>
    </p>
   </div>
   <div class='ocr_carea' id='block_1_82' title="bbox 1895 4973 3409 5046">
    <p class='ocr_par' dir='ltr' id='par_1_82' title="bbox 1895 4973 3409 5046">
     <span class='ocr_line' id='line_1_83' title="bbox 1895 4973 3409 5046; baseline -0.003 -14"><span class='ocrx_word' id='word_1_784' title='bbox 1895 4973 1978 5032; x_wconf 86' lang='lat' dir='ltr'>l6.</span> <span class='ocrx_word' id='word_1_785' title='bbox 2005 4978 2256 5030; x_wconf 78' lang='lat' dir='ltr'>AMBROS.</span> <span class='ocrx_word' id='word_1_786' title='bbox 2291 4974 2493 5028; x_wconf 85' lang='lat' dir='ltr'>Omnia</span> <span class='ocrx_word' id='word_1_787' title='bbox 2517 4976 2672 5028; x_wconf 80' lang='lat' dir='ltr'>enim</span> <span class='ocrx_word' id='word_1_788' title='bbox 2711 4980 2892 5029; x_wconf 76' lang='lat' dir='ltr'>uestra</span> <span class='ocrx_word' id='word_1_789' title='bbox 2927 4981 3076 5030; x_wconf 79' lang='lat' dir='ltr'>sunt.</span> <span class='ocrx_word' id='word_1_790' title='bbox 3115 4975 3246 5030; x_wconf 83' lang='lat' dir='ltr'>Vita</span> <span class='ocrx_word' id='word_1_791' title='bbox 3271 4992 3409 5046; x_wconf 66' lang='lat' dir='ltr'>pra:-</span> 
     </span>
    </p>
   </div>
   <div class='ocr_carea' id='block_1_83' title="bbox 1817 5063 3407 5134">
    <p class='ocr_par' dir='ltr' id='par_1_83' title="bbox 1817 5063 3407 5134">
     <span class='ocr_line' id='line_1_84' title="bbox 1817 5063 3407 5134; baseline -0.003 -14"><span class='ocrx_word' id='word_1_792' title='bbox 1817 5083 1946 5120; x_wconf 86' lang='lat' dir='ltr'>sens</span> <span class='ocrx_word' id='word_1_793' title='bbox 1997 5064 2158 5119; x_wconf 82' lang='lat' dir='ltr'>nobis</span> <span class='ocrx_word' id='word_1_794' title='bbox 2203 5079 2465 5118; x_wconf 88' lang='lat' dir='ltr'>concessa</span> <span class='ocrx_word' id='word_1_795' title='bbox 2502 5068 2606 5128; x_wconf 86' lang='lat' dir='ltr'>est,</span> <span class='ocrx_word' id='word_1_796' title='bbox 2638 5069 2704 5116; x_wconf 89' lang='lat' dir='ltr'>ut</span> <span class='ocrx_word' id='word_1_797' title='bbox 2745 5063 2814 5117; x_wconf 82' lang='lat' dir='ltr'>ad</span> <span class='ocrx_word' id='word_1_798' title='bbox 2857 5064 2959 5118; x_wconf 85' lang='lat' dir='ltr'>Dei</span> <span class='ocrx_word' id='word_1_799' title='bbox 2996 5065 3234 5134; x_wconf 79' lang='lat' dir='ltr'>gloriam</span> <span class='ocrx_word' id='word_1_800' title='bbox 3278 5080 3407 5117; x_wconf 86' lang='lat' dir='ltr'>eam</span> 
     </span>
    </p>
   </div>
   <div class='ocr_carea' id='block_1_84' title="bbox 1820 5152 3408 5224">
    <p class='ocr_par' dir='ltr' id='par_1_84' title="bbox 1820 5152 3408 5224">
     <span class='ocr_line' id='line_1_85' title="bbox 1820 5152 3408 5224; baseline -0.001 -16"><span class='ocrx_word' id='word_1_801' title='bbox 1820 5155 2239 5224; x_wconf 85' lang='lat' dir='ltr'>transigamus;</span> <span class='ocrx_word' id='word_1_802' title='bbox 2285 5169 2457 5218; x_wconf 87' lang='lat' dir='ltr'>mors,</span> <span class='ocrx_word' id='word_1_803' title='bbox 2490 5158 2553 5206; x_wconf 91' lang='lat' dir='ltr'>ut</span> <span class='ocrx_word' id='word_1_804' title='bbox 2583 5169 2683 5224; x_wconf 90' lang='lat' dir='ltr'>pro</span> <span class='ocrx_word' id='word_1_805' title='bbox 2725 5153 2946 5207; x_wconf 88' lang='lat' dir='ltr'>Christo</span> <span class='ocrx_word' id='word_1_806' title='bbox 2991 5153 3133 5206; x_wconf 89' lang='lat' dir='ltr'>mori</span> <span class='ocrx_word' id='word_1_807' title='bbox 3173 5152 3408 5206; x_wconf 83' lang='lat' dir='ltr'>velimus</span> 
     </span>
    </p>
   </div>
   <div class='ocr_carea' id='block_1_85' title="bbox 169 5233 3410 5314">
    <p class='ocr_par' dir='ltr' id='par_1_85' title="bbox 169 5233 3410 5314">
     <span class='ocr_line' id='line_1_86' title="bbox 169 5233 3410 5314; baseline 0.002 -24"><span class='ocrx_word' id='word_1_808' title='bbox 169 5235 392 5306; x_wconf 77' lang='lat' dir='ltr'>durabit,</span> <span class='ocrx_word' id='word_1_809' title='bbox 421 5255 716 5313; x_wconf 82' lang='lat' dir='ltr'>quousque</span> <span class='ocrx_word' id='word_1_810' title='bbox 744 5241 968 5313; x_wconf 83' lang='lat' dir='ltr'>purgati</span> <span class='ocrx_word' id='word_1_811' title='bbox 993 5241 1110 5295; x_wconf 83' lang='lat' dir='ltr'>sint</span> <span class='ocrx_word' id='word_1_812' title='bbox 1141 5242 1238 5312; x_wconf 87' lang='lat' dir='ltr'>qui</span> <span class='ocrx_word' id='word_1_813' title='bbox 1269 5243 1518 5297; x_wconf 80' lang='lat' dir='ltr'>salvandi</span> <span class='ocrx_word' id='word_1_814' title='bbox 1545 5251 1731 5300; x_wconf 70' lang='lat' dir='ltr'>erunt.</span> <span class='ocrx_word' id='word_1_815' title='bbox 1756 5233 1800 5297; x_wconf 73' lang='grc' dir='ltr'>ϐ</span> <span class='ocrx_word' id='word_1_816' title='bbox 1821 5260 1918 5314; x_wconf 87' lang='lat' dir='ltr'>spe</span> <span class='ocrx_word' id='word_1_817' title='bbox 1953 5245 2152 5298; x_wconf 68' lang='lat' dir='ltr'>futurae</span> <span class='ocrx_word' id='word_1_818' title='bbox 2182 5241 2586 5314; x_wconf 79' lang='lat' dir='ltr'>promissionis.</span> <span class='ocrx_word' id='word_1_819' title='bbox 2617 5242 2940 5306; x_wconf 81' lang='lat' dir='ltr'>Praesentia,</span> <span class='ocrx_word' id='word_1_820' title='bbox 2968 5246 3032 5294; x_wconf 89' lang='lat' dir='ltr'>ut</span> <span class='ocrx_word' id='word_1_821' title='bbox 3064 5240 3142 5294; x_wconf 90' lang='lat' dir='ltr'>sic</span> <span class='ocrx_word' id='word_1_822' title='bbox 3171 5253 3410 5311; x_wconf 65' lang='lat' dir='ltr'>praesen-</span> 
     </span>
    </p>
   </div>
   <div class='ocr_carea' id='block_1_86' title="bbox 229 5325 1741 5402">
    <p class='ocr_par' dir='ltr' id='par_1_86' title="bbox 229 5325 1741 5402">
     <span class='ocr_line' id='line_1_87' title="bbox 229 5325 1741 5402; baseline 0.004 -20"><span class='ocrx_word' id='word_1_823' title='bbox 229 5325 280 5384; x_wconf 79' lang='lat'>9.</span> <span class='ocrx_word' id='word_1_824' title='bbox 309 5332 552 5386; x_wconf 57' lang='lat' dir='ltr'>Avonam.</span> <span class='ocrx_word' id='word_1_825' title='bbox 587 5334 854 5399; x_wconf 73' lang='lat' dir='ltr'>(extract.</span> <span class='ocrx_word' id='word_1_826' title='bbox 877 5332 941 5384; x_wconf 79' lang='lat' dir='ltr'>in</span> <span class='ocrx_word' id='word_1_827' title='bbox 968 5334 1106 5399; x_wconf 77' lang='lat' dir='ltr'>psat.</span> <span class='ocrx_word' id='word_1_828' title='bbox 1133 5334 1320 5400; x_wconf 78' lang='lat' dir='ltr'>cxxu).</span> <span class='ocrx_word' id='word_1_829' title='bbox 1352 5333 1580 5386; x_wconf 75' lang='lat' dir='ltr'>Nescitis</span> <span class='ocrx_word' id='word_1_830' title='bbox 1604 5337 1741 5402; x_wconf 82' lang='lat' dir='ltr'>quia</span> 
     </span>
    </p>
   </div>
   <div class='ocr_carea' id='block_1_87' title="bbox 173 5418 1742 5486">
    <p class='ocr_par' dir='ltr' id='par_1_87' title="bbox 173 5418 1742 5486">
     <span class='ocr_line' id='line_1_88' title="bbox 173 5418 1742 5486; baseline 0.004 -16"><span class='ocrx_word' id='word_1_831' title='bbox 173 5418 416 5486; x_wconf 71' lang='lat' dir='ltr'>tanplum</span> <span class='ocrx_word' id='word_1_832' title='bbox 431 5422 554 5477; x_wconf 74' lang='lat' dir='ltr'>Dei.</span> <span class='ocrx_word' id='word_1_833' title='bbox 585 5420 794 5474; x_wconf 85' lang='lat' dir='ltr'>Omnes</span> <span class='ocrx_word' id='word_1_834' title='bbox 821 5419 1004 5474; x_wconf 80' lang='lat' dir='ltr'>adhuc</span> <span class='ocrx_word' id='word_1_835' title='bbox 1030 5419 1241 5473; x_wconf 80' lang='lat' dir='ltr'>inﬁrmi</span> <span class='ocrx_word' id='word_1_836' title='bbox 1261 5425 1317 5474; x_wconf 90' lang='lat' dir='ltr'>et</span> <span class='ocrx_word' id='word_1_837' title='bbox 1345 5420 1654 5476; x_wconf 85' lang='lat' dir='ltr'>secundum</span> <span class='ocrx_word' id='word_1_838' title='bbox 1679 5425 1742 5477; x_wconf 85' lang='lat' dir='ltr'>ﬁ-</span> 
     </span>
    </p>
   </div>
   <div class='ocr_carea' id='block_1_88' title="bbox 168 5503 1742 5580">
    <p class='ocr_par' dir='ltr' id='par_1_88' title="bbox 168 5503 1742 5580">
     <span class='ocr_line' id='line_1_89' title="bbox 168 5503 1742 5580; baseline 0.001 -19"><span class='ocrx_word' id='word_1_839' title='bbox 168 5503 285 5561; x_wconf 76' lang='lat' dir='ltr'>dem</span> <span class='ocrx_word' id='word_1_840' title='bbox 323 5510 693 5576; x_wconf 80' lang='lat' dir='ltr'>ambulantes,</span> <span class='ocrx_word' id='word_1_841' title='bbox 739 5507 1047 5562; x_wconf 80' lang='lat' dir='ltr'>secundum</span> <span class='ocrx_word' id='word_1_842' title='bbox 1081 5508 1256 5562; x_wconf 79' lang='lat' dir='ltr'>ﬁdem</span> <span class='ocrx_word' id='word_1_843' title='bbox 1301 5509 1575 5580; x_wconf 87' lang='lat' dir='ltr'>templum</span> <span class='ocrx_word' id='word_1_844' title='bbox 1607 5514 1742 5564; x_wconf 89' lang='lat' dir='ltr'>sunt</span> 
     </span>
    </p>
   </div>
   <div class='ocr_carea' id='block_1_89' title="bbox 1823 5329 3412 5396">
    <p class='ocr_par' dir='ltr' id='par_1_89' title="bbox 1823 5329 3412 5396">
     <span class='ocr_line' id='line_1_90' title="bbox 1823 5329 3412 5396; baseline -0.002 -9"><span class='ocrx_word' id='word_1_845' title='bbox 1823 5333 1972 5387; x_wconf 87' lang='lat' dir='ltr'>tibus</span> <span class='ocrx_word' id='word_1_846' title='bbox 1989 5339 2218 5387; x_wconf 87' lang='lat' dir='ltr'>utamur</span> <span class='ocrx_word' id='word_1_847' title='bbox 2246 5348 2317 5386; x_wconf 84' lang='lat' dir='ltr'>ne</span> <span class='ocrx_word' id='word_1_848' title='bbox 2334 5332 2686 5386; x_wconf 73' lang='lat' dir='ltr'>oﬂ‘endamus</span> <span class='ocrx_word' id='word_1_849' title='bbox 2729 5331 2939 5396; x_wconf 80' lang='lat' dir='ltr'>futura,</span> <span class='ocrx_word' id='word_1_850' title='bbox 2974 5335 3056 5395; x_wconf 89' lang='lat' dir='ltr'>ut,</span> <span class='ocrx_word' id='word_1_851' title='bbox 3087 5345 3158 5382; x_wconf 83' lang='lat' dir='ltr'>ea</span> <span class='ocrx_word' id='word_1_852' title='bbox 3183 5329 3412 5385; x_wconf 60' lang='lat' dir='ltr'>(meden-</span> 
     </span>
    </p>
   </div>
   <div class='ocr_carea' id='block_1_90' title="bbox 1822 5421 2718 5493">
    <p class='ocr_par' dir='ltr' id='par_1_90' title="bbox 1822 5421 2718 5493">
     <span class='ocr_line' id='line_1_91' title="bbox 1822 5421 2718 5493; baseline -0.003 -17"><span class='ocrx_word' id='word_1_853' title='bbox 1822 5428 1926 5477; x_wconf 87' lang='lat' dir='ltr'>tes.</span> <span class='ocrx_word' id='word_1_854' title='bbox 1957 5422 2093 5493; x_wconf 90' lang='lat' dir='ltr'>ipsis</span> <span class='ocrx_word' id='word_1_855' title='bbox 2115 5439 2218 5476; x_wconf 91' lang='lat' dir='ltr'>nos</span> <span class='ocrx_word' id='word_1_856' title='bbox 2245 5421 2718 5476; x_wconf 83' lang='lat' dir='ltr'>commendemus.</span> 
     </span>
    </p>
   </div>
   <div class='ocr_carea' id='block_1_91' title="bbox 1899 5507 3408 5576">
    <p class='ocr_par' dir='ltr' id='par_1_91' title="bbox 1899 5507 3408 5576">
     <span class='ocr_line' id='line_1_92' title="bbox 1899 5507 3408 5576; baseline -0.003 -9"><span class='ocrx_word' id='word_1_857' title='bbox 1899 5509 1981 5567; x_wconf 81' lang='lat' dir='ltr'>l7.</span> <span class='ocrx_word' id='word_1_858' title='bbox 2016 5511 2224 5566; x_wconf 64' lang='lat' dir='ltr'>LAhI-‘ﬁ.</span> <span class='ocrx_word' id='word_1_859' title='bbox 2259 5512 2465 5565; x_wconf 75' lang='lat' dir='ltr'>Omnia</span> <span class='ocrx_word' id='word_1_860' title='bbox 2497 5512 2670 5563; x_wconf 81' lang='lat' dir='ltr'>enim.</span> <span class='ocrx_word' id='word_1_861' title='bbox 2713 5507 2887 5572; x_wconf 84' lang='lat' dir='ltr'>Quasi</span> <span class='ocrx_word' id='word_1_862' title='bbox 2931 5507 3177 5562; x_wconf 80' lang='lat' dir='ltr'>diceret:</span> <span class='ocrx_word' id='word_1_863' title='bbox 3225 5507 3299 5563; x_wconf 84' lang='lat' dir='ltr'>de</span> <span class='ocrx_word' id='word_1_864' title='bbox 3328 5527 3408 5576; x_wconf 88' lang='lat' dir='ltr'>se,</span> 
     </span>
    </p>
   </div>
   <div class='ocr_carea' id='block_1_92' title="bbox 174 5592 3411 5684">
    <p class='ocr_par' dir='ltr' id='par_1_92' title="bbox 174 5592 3411 5684">
     <span class='ocr_line' id='line_1_93' title="bbox 174 5592 3411 5684; baseline 0.001 -37"><span class='ocrx_word' id='word_1_865' title='bbox 174 5592 261 5649; x_wconf 88' lang='lat' dir='ltr'>Dei</span> <span class='ocrx_word' id='word_1_866' title='bbox 290 5615 304 5664; x_wconf 89' lang='lat'>;</span> <span class='ocrx_word' id='word_1_867' title='bbox 359 5605 412 5656; x_wconf 89' lang='lat' dir='ltr'>et</span> <span class='ocrx_word' id='word_1_868' title='bbox 443 5599 722 5670; x_wconf 76' lang='lat' dir='ltr'>templum</span> <span class='ocrx_word' id='word_1_869' title='bbox 757 5594 865 5652; x_wconf 74' lang='lat' dir='ltr'>Dei</span> <span class='ocrx_word' id='word_1_870' title='bbox 904 5597 1120 5654; x_wconf 58' lang='lat' dir='ltr'>minus</span> <span class='ocrx_word' id='word_1_871' title='bbox 1163 5597 1484 5670; x_wconf 77' lang='lat' dir='ltr'>aliquando,</span> <span class='ocrx_word' id='word_1_872' title='bbox 1518 5603 1582 5654; x_wconf 81' lang='lat' dir='ltr'>et</span> <span class='ocrx_word' id='word_1_873' title='bbox 1621 5600 1744 5671; x_wconf 82' lang='lat' dir='ltr'>jam</span> <span class='ocrx_word' id='word_1_874' title='bbox 1824 5597 2151 5671; x_wconf 82' lang='lat' dir='ltr'>majoribus,</span> <span class='ocrx_word' id='word_1_875' title='bbox 2168 5604 2227 5655; x_wconf 85' lang='lat' dir='ltr'>et</span> <span class='ocrx_word' id='word_1_876' title='bbox 2251 5596 2732 5655; x_wconf 82' lang='lat' dir='ltr'>excellentioribus</span> <span class='ocrx_word' id='word_1_877' title='bbox 2749 5596 2917 5652; x_wconf 84' lang='lat' dir='ltr'>rebus</span> <span class='ocrx_word' id='word_1_878' title='bbox 2933 5597 3139 5670; x_wconf 74' lang='lat' dir='ltr'>cuique</span> <span class='ocrx_word' id='word_1_879' title='bbox 3159 5595 3411 5684; x_wconf 70' lang='lat' dir='ltr'>glorian-</span> 
     </span>
    </p>
   </div>
  </div>
