3912 6352
525 290 628 348 167
1495 286 1559 345 B:
1598 286 2015 345 LANFRANCI
2054 288 2416 346 CANTUAR.
2455 280 2795 341 ARCHIEP.
3671 284 3789 340 168

521 419 674 473 enim
703 418 870 489 (ratio
899 432 1004 471 cur
1022 432 1135 471 non
1162 418 1387 470 debeant
1412 418 1655 483 gloriari
1684 417 1747 469 in
1776 416 2106 480 doctoribus,
2130 417 2332 469 scilicet
2354 410 2489 484 quia
2528 414 2661 465 sunt
2692 406 2977 474 ministri)
3003 409 3189 460 vestra
3216 412 3369 474 sunt,
3400 406 3514 461 sive
3541 406 3788 475 Paulus,

519 507 634 561 sive
662 507 898 577 Cephas,
926 503 1011 561 18.
1043 505 1158 558 sive
1188 505 1276 558 hic
1303 504 1565 569 mundus,
1605 502 1692 558 19.
1724 504 1840 558 sive
1871 504 2002 569 vita,
2035 505 2336 567 doctorum,
2369 518 2488 571 quas
2510 502 2584 554 ad
2609 498 3023 564 aediﬁcationem
3051 496 3285 549 subditis
3314 512 3423 550 esse
3458 497 3626 562 debet,
3666 495 3795 550 sive

519 610 693 660 mors,
726 594 841 647 sive
867 593 1184 664 praesentia,
1218 592 1331 646 sive
1358 592 1586 657 futura;
1610 592 1799 646 omnia
1825 592 1978 646 enim
2007 595 2196 644 vestra
2223 595 2387 657 sunt;
2424 606 2517 643 vos
2539 593 2729 642 autem
2755 583 2960 639 Christi
2994 600 3005 635 :
3048 582 3137 639 20.
3175 583 3432 638 Christus
3477 589 3673 639 autem
3694 602 3797 639 se—

524 685 773 737 cundum
792 683 1069 735 hominem
1090 680 1209 735 Dei.
3306 674 3319 681 “

1973 775 2206 829 CAPUT
2234 774 2327 828 IV.

594 892 646 944 1.
670 891 760 945 Sic
782 907 885 945 nos
904 893 1164 959 apostolos
1177 891 1458 945 existimet
1482 890 1618 960 (non
1638 896 1701 944 ut
1721 892 1961 958 aliquid)
1982 890 2177 957 homo,
2199 895 2263 942 ut
2291 888 2577 941 ministros
2598 887 2827 951 Christi,
2851 902 2962 941 non
2991 891 3053 939 ut
3074 888 3323 940 dominos
3344 890 3403 940 et
3418 884 3473 942 2.
3498 885 3798 957 dispensa-

525 986 676 1034 tores
711 979 1110 1050 mysteriorum
1138 979 1257 1044 Dei,
1284 981 1716 1048 pra’dicationis,
1749 982 1830 1032 vel
1853 979 2166 1042 sacerdotii,
2188 982 2237 1029 et
2256 978 2504 1029 aliorum
2523 982 2813 1029 sacrorum
2833 977 3121 1028 ordinum.
3154 973 3207 1027 3.
3240 973 3345 1027 Hic
3360 975 3483 1044 jam
3510 975 3799 1045 queritur

522 1070 750 1136 (horum
779 1068 1069 1121 verborum
1100 1068 1709 1135 occasionearguendos)
1735 1066 1884 1120 inter
1900 1083 1997 1120 nos
2008 1066 2423 1136 dispensatores
2450 1063 2507 1119 4.
2536 1069 2602 1117 ut
2626 1063 2805 1117 ﬁdelis
2826 1063 2949 1133 quis
2970 1063 3306 1117 inveniatur.
3341 1064 3391 1118 5.
3433 1063 3573 1117 Mihi
3592 1070 3798 1119 autem

524 1173 625 1227 pro
655 1155 887 1209 minimo
905 1160 992 1209 est
1006 1162 1070 1209 ut
1085 1172 1119 1208 a
1132 1155 1285 1209 vobis
1308 1156 1617 1225 judicer,in
1637 1158 1967 1209 ministeriis
1995 1155 2377 1222 dispensandis
2397 1153 2790 1220 reprehendar,
2806 1151 2860 1204 6.
2884 1156 2984 1205 aut
3004 1151 3073 1205 ab
3092 1152 3338 1206 humano
3362 1151 3792 1218 die,intellectu;

524 1245 620 1298 sed
650 1260 830 1314 neque
860 1243 1139 1314 meipsum
1164 1244 1375 1313 judico,
1406 1247 1468 1298 in
1493 1245 1578 1297 his
1598 1260 1717 1311 qua
1734 1245 1809 1297 ad
1835 1244 2081 1309 ofﬁcium
2102 1244 2404 1311 pertinent,
2425 1241 2756 1308 reprehendo
2783 1241 2928 1309 quod
2951 1241 3207 1307 facerem,
3228 1243 3279 1294 si
3291 1243 3614 1309 faciendum
3631 1249 3790 1297 esset.

522 1333 674 1387 Nihil
695 1332 843 1386 enim
854 1332 992 1385 mihi
1010 1335 1075 1385 in
1096 1335 1379 1398 mysteriis
1394 1333 1775 1399 dispensandis
1797 1330 2053 1384 conscius
2066 1329 2269 1393 sum,7.
2289 1328 2384 1381 sed
2400 1344 2513 1381 non
2534 1328 2591 1381 in
2606 1333 2667 1391 5
2680 1332 2718 1391 Ι
2749 1327 2853 1380 hoc
2866 1327 3210 1397 justiﬁcatus
3229 1345 3376 1396 sum;
3397 1328 3449 1383 8.
3479 1330 3575 1400 qui
3591 1336 3797 1384 autem

516 1422 733 1492 judicat
752 1438 841 1474 me
865 1422 1329 1491 (vos,inquit,non
1354 1421 1546 1472 debitis
1574 1436 1659 1472 me
1675 1420 1955 1487 judicare,
1971 1421 2102 1486 quia
2124 1419 2394 1472 Dominus
2413 1417 2578 1485 solus)
2598 1416 2868 1470 Dominus
2880 1418 3188 1488 est.Itaque
3215 1418 3392 1472 nolite
3409 1424 3540 1473 ante
3558 1424 3797 1490 tempus

517 1510 771 1581 judicare
786 1512 936 1579 (quia
956 1510 1183 1562 Domini
1193 1515 1267 1561 est
1272 1510 1549 1577 judicare)
1573 1509 1756 1579 quoad
1771 1524 1949 1578 usque
1969 1506 2154 1560 veniat
2163 1504 2511 1569 Dominus,9.
2531 1505 2626 1574 qui
2646 1509 2702 1557 et
2711 1503 3792 1573 illuminabitabsconditatenebrarum,

524 1601 733 1654 occulta
754 1600 999 1651 crimina
1020 1599 1347 1664 iniquorum
1361 1598 1785 1661 tenebrosorum,
1802 1602 1859 1649 et
1880 1594 2261 1649 manifestabit
2280 1594 2513 1647 consilia
2530 1593 2863 1659 cordium,et
2881 1595 3147 1648 tunclaus
3164 1595 3273 1649 erit
3290 1596 3793 1666 unicuiqueaDeo.

528 1685 750 1743 10.Haec
768 1689 978 1750 autem,
998 1684 1617 1755 fratres,transﬁguravi
1640 1686 1699 1738 in
1720 1702 1810 1738 me
1831 1690 1887 1738 ct
1898 1684 2351 1756 Apollo,propter
2364 1682 2866 1746 vos,humiliandos
2885 1701 2901 1735 :
2920 1687 3002 1747 ut,
3025 1683 3355 1746 videlicet,in
3376 1683 3536 1738 nobis
3555 1684 3798 1738 discatis

525 1791 596 1828 ne
627 1774 708 1830 11.
742 1788 913 1843 supra
939 1789 1108 1843 quam
1138 1773 1407 1843 scriptum
1433 1780 1535 1837 est,
1568 1776 1822 1841 superius
1843 1775 1907 1826 de
1936 1774 2108 1838 nobis,
2141 1789 2285 1827 unus
2305 1772 2568 1825 adversus
2595 1770 2838 1823 alterum
2868 1769 3096 1824 inﬂetur
3123 1788 3224 1841 pro
3254 1771 3383 1825 alio.
3413 1771 3501 1836 12,
3533 1771 3624 1826 13.
3646 1772 3797 1836 Quis

526 1862 675 1916 enim
700 1866 756 1915 te
785 1860 1051 1914 discernit
1084 1863 1235 1928 (dicit
1249 1864 1312 1915 in
1330 1862 1638 1915 doctoribus
1654 1878 1764 1915 non
1786 1878 1891 1915 esse
1904 1863 2426 1929 gloriandum,quia
2440 1862 2546 1927 ipsi
2564 1876 2659 1913 nos
2676 1875 2711 1911 a
2732 1862 2960 1921 peccatis
2976 1875 3088 1913 non
3108 1861 3456 1927 discernunt;
3468 1862 3608 1914 Deus
3630 1864 3799 1915 enim

529 1951 775 2021 tantum)
799 1966 835 2003 a
849 1951 1083 2018 peccatis
1097 1954 1335 2017 separat,
1356 1950 1470 2002 nisi
1490 1949 1630 2001 Deus
1643 1955 1666 2001 ?
1684 1948 1832 2012 Quid
1851 1953 2039 2002 autem
2056 1948 2425 2017 habes,quam
2435 1950 2684 2015 gratiam
2706 1948 2887 2012 habes,
2907 1947 3074 2017 quod,
3094 1963 3264 2016 quam
3285 1964 3399 2002 non
3412 1948 3708 2019 accepisti?
3729 1949 3799 2004 Si

1859 2081 2449 2137 COMMENTARIUS.

2128 2194 2553 2261 Amortalium;
2587 2199 2723 2248 tunc
2749 2200 2941 2249 autem
2968 2195 3309 2250 illuminabit
3342 2196 3616 2250 Dominus
3655 2196 3800 2250 abs-

2191 2282 2418 2336 condita
2443 2281 2825 2349 tenebrarum,
2882 2289 2941 2338 et
2986 2284 3369 2339 manifestabit
3411 2284 3801 2355 cogitationes

523 2198 658 2253 dum
687 2202 810 2265 est;
839 2213 953 2252 non
980 2196 1049 2250 de
1068 2195 1156 2249 his
1180 2211 1304 2265 quae
1334 2211 1437 2248 sua
1465 2200 1614 2249 sunt.

594 2285 683 2339 18.
716 2286 842 2339 Sive
869 2286 1135 2339 mundus.
1168 2283 1412 2338 Mundus
1451 2283 1602 2337 enim
1645 2288 1875 2354 propter
1896 2282 2111 2337 utilita-

526 2379 640 2427 tem
660 2374 952 2427 hominum
976 2372 1156 2426 factus
1191 2377 1295 2425 est.

594 2459 684 2516 19.
704 2462 828 2516 Sive
843 2464 976 2515 vita.
995 2460 1127 2514 Vita
1146 2465 1203 2514 et
1217 2476 1369 2514 mors
1398 2460 1688 2513 doctorum
1707 2461 1778 2514 ad
1794 2460 2111 2515 aediﬁcatio-

525 2567 655 2604 nem
674 2549 911 2603 subditis
931 2565 1051 2603 esse
1064 2548 1285 2603 debent.
1309 2549 1615 2603 Possumus
1631 2549 1800 2602 etiam
1821 2565 1921 2619 per
1937 2547 2111 2602 vitam

524 2638 780 2692 homines
806 2644 1026 2692 sanctos
1046 2642 1104 2691 et
1120 2637 1347 2706 angelos
1376 2637 1711 2707 intelligere.
1741 2638 1848 2690 Per
1872 2642 2113 2690 mortem

524 2724 811 2780 diabolum
840 2731 898 2780 et
924 2724 1176 2779 membra
1201 2726 1318 2794 ejus
1346 2743 1357 2792 ;
1392 2725 1508 2795 qui,
1537 2725 1672 2778 dum
1702 2725 1999 2779 consulunt
2028 2725 2114 2777 vel

524 2819 958 2884 persequuntur,
991 2814 1224 2868 utilitati
1247 2829 1535 2867 servorum
1562 2814 1663 2867 Dei
1691 2813 2020 2867 inserviunt.

592 2901 681 2957 20.
718 2904 959 2957 Ancus'r.
996 2905 1087 2969 (ea:
1128 2904 1225 2956 lib.
1257 2903 1527 2967 LXXXIII,
1562 2903 1757 2968 Quaest.
1793 2907 1988 2971 quaest.
2022 2899 2109 2966 57,

523 2996 563 3045 t.
584 2991 698 3059 IV).
726 2991 975 3044 Christus
1004 2995 1191 3044 autem
1220 2991 1334 3043 Dei.
1358 2990 1483 3042 Non
1511 2994 1784 3059 tanquam
1825 2987 2113 3042 dissimilis

523 3088 621 3134 aut
648 3079 879 3132 alterius
902 3084 1119 3132 naturae
1142 3096 1155 3143 ;
1188 3078 1287 3131 sed
1314 3083 1589 3147 tanquam
1619 3077 1804 3131 Patris
1832 3076 2022 3139 Filius.

594 3167 750 3221 CAP'
775 3166 870 3220 IV.
904 3193 967 3205 —
1001 3165 1049 3221 1.
1100 3167 1350 3219 AMBROS.
1385 3165 1478 3220 Sic
1504 3181 1600 3219 nos
1630 3168 1900 3220 existimet
1931 3166 2109 3219 homo-

525 3256 630 3310 Hic
659 3253 938 3323 signiﬁcat
966 3254 1099 3323 quia
1144 3253 1330 3307 minus
1374 3252 1516 3306 bene
1562 3253 1879 3308 sentiebant
1918 3253 1989 3306 de
2017 3253 2113 3307 illo

525 3342 699 3413 aliqui
730 3340 1172 3395 Corinthiorum.

2191 2370 2408 2429 cordis;
2441 2376 2499 2425 et
2532 2376 2669 2425 tunc
2699 2371 2824 2426 laus
2868 2372 2977 2426 erit
3016 2373 3317 2444 unicuique
3341 2373 3531 2435 aDeo,
3563 2372 3701 2443 quia
3729 2374 3800 2428 id

2191 2458 2512 2513 laudabitur
2538 2465 2596 2513 et
2620 2459 2885 2529 diligetur
2911 2477 2945 2514 a
2971 2461 3220 2531 proximo
3236 2461 3295 2515 in
3314 2461 3585 2532 proximo,
3610 2461 3798 2532 quod,

2192 2563 2265 2600 ne
2290 2547 2484 2612 lateat,
2517 2546 2587 2600 ab
2614 2547 2736 2617 ipso
2766 2548 3181 2603 illuminabitur
3207 2550 3342 2603 Deo.

2271 2634 2356 2690 10.
2397 2636 2608 2689 LANFR.
2638 2637 2760 2690 Haec
2782 2642 2969 2690 autem
2997 2640 3221 2705 fratres,
3263 2637 3321 2691 id
3349 2642 3453 2703 est,
3487 2638 3799 2708 superiora

2196 2723 2531 2777 humilitatis
2566 2723 2752 2789 verba,
2778 2724 2981 2794 quibus
3023 2742 3114 2780 me
3146 2727 3450 2796 plantasse,
3479 2727 3680 2796 Apollo
3709 2728 3801 2782 ri-

2193 2828 2377 2881 gasse.
2409 2812 2518 2866 Sed
2558 2828 2661 2865 nec
2708 2813 3058 2883 plantantem
3099 2831 3203 2868 nec
3242 2814 3522 2884 rigantem
3572 2814 3803 2886 aliquid

2196 2914 2317 2951 esse
2336 2898 2469 2952 dixi.
2493 2899 2644 2965 Ideo,
2670 2900 3063 2969 praetermissis
3079 2901 3316 2966 caeteris,
3338 2901 3398 2955 in
3417 2918 3507 2956 me
3521 2904 3802 2973 etApollo

2195 2986 2476 3053 transtuli,
2511 2992 2577 3041 ut
2602 2987 2977 3043 humilitatem
3005 2989 3065 3060 in
3092 2989 3253 3043 nobis
3282 2990 3510 3043 discatis
3538 2989 3781 3047 habere.

2263 3075 2355 3131 11.
2387 3076 2573 3144 Supra
2602 3091 2789 3144 quam.
2818 3077 2998 3150 Supra
3024 3079 3298 3149 scriptum
3328 3084 3414 3133 est
3439 3079 3593 3132 nullo
3621 3081 3805 3135 modo

2194 3179 2295 3234 pro
2324 3163 2644 3218 doctoribus
2673 3182 2795 3219 esse
2815 3165 3271 3236 superbiendum,
3306 3167 3444 3237 quia
3471 3167 3578 3236 ipsi
3599 3167 3806 3224 docto-

2196 3269 2305 3317 res,
2338 3252 2581 3306 ministri
2610 3258 2836 3307 tantum
2865 3260 3027 3319 sunt;
3072 3272 3175 3309 nec
3217 3255 3430 3326 aliquid
3456 3272 3577 3309 esse
3602 3255 3803 3313 existi-

2196 3345 2442 3406 mantur,
2473 3341 2545 3394 ad
2571 3342 3048 3413 comparationem
3069 3344 3190 3413 ejus
3218 3361 3252 3398 a
3271 3360 3382 3416 quo
3412 3348 3469 3398 et
3496 3360 3597 3415 per
3615 3361 3799 3415 quem

596 3429 651 3487 2.
684 3430 893 3484 LANFR.
941 3431 1367 3498 Dispensatores.
1418 3430 1671 3500 Apostoli
1724 3426 2603 3500 dispensabantBincrementum
2624 3430 2809 3484 datur.

526 3518 799 3591 mysteria
831 3517 969 3585 Dei;
1019 3517 1158 3571 alios
1202 3518 1509 3589 episcopos,
1552 3517 1692 3571 alios
1735 3517 2112 3589 presbyteros,

526 3607 665 3661 alios
690 3606 747 3660 in
770 3607 919 3660 hunc
944 3606 1172 3660 modum
1201 3606 1544 3661 ordinantes.

596 3694 647 3749 3.
681 3696 783 3749 Hie
807 3698 936 3763 jam
965 3697 1257 3763 quaeritur,
1309 3694 1367 3748 id
1408 3700 1513 3761 est,
1567 3694 1857 3749 occasione
1911 3696 2113 3751 horum

526 3800 782 3838 meorum
834 3781 1146 3849 verborum,
1184 3783 1390 3853 quibus
1427 3783 1710 3853 apostolos
1750 3782 1865 3837 dixi
1912 3785 2114 3839 debere

525 3872 835 3928 existimari
854 3877 918 3926 ut
934 3873 1369 3943 dispensatores,
1384 3871 1586 3942 quaerit
1602 3871 1804 3941 aliquis
1826 3873 1950 3943 quis
1968 3874 2116 3928 inter

526 3978 628 4016 nos
658 3962 1010 4033 dispensator
1024 3977 1219 4014 revera
1247 3958 1430 4013 ﬁdelis
1456 3958 1792 4023 inveniatur,
1815 3960 2003 4014 volens
2026 3976 2113 4013 or-

525 4050 840 4104 dinationes
864 4055 1084 4103 nostras
1088 4050 1110 4119 j
1120 4048 1344 4103 udicare
1356 4047 1666 4101 secundum
1679 4046 1882 4100 merita
1896 4054 2113 4110 nostra.

593 4135 646 4192 ίι.
674 4139 735 4191 Ut
762 4139 956 4205 ﬁdelis.
993 4139 1072 4204 Ut,
1099 4154 1200 4208 pro
1221 4134 1607 4192 revera.Sicut
1625 4133 1765 4188 illud
1788 4154 1801 4189 :
1826 4136 1894 4189 Et
1922 4138 2116 4191 habitu

527 4229 785 4280 inventus
811 4230 875 4278 ut
905 4226 1080 4281 homo.

596 4314 647 4367 5.
689 4314 830 4369 Mihi
854 4316 1057 4367 autem.
1092 4312 1263 4377 Quasi
1291 4311 1501 4366 diceret
1531 4328 1543 4363 :
1580 4310 1715 4382 quid
1761 4312 1860 4366 alii
1894 4312 2115 4383 dispen-

525 4406 744 4457 satores
772 4417 943 4472 super
959 4402 1065 4456 hoc
1082 4401 1331 4455 sentiant
1356 4400 1561 4455 nescio.
1584 4400 1693 4454 Sed
1718 4417 1821 4471 ego
1837 4400 2112 4471 vitupera.

525 4492 707 4545 tiones
726 4496 939 4545 vestras
966 4490 1126 4544 nihili
1152 4489 1354 4560 pendo,
1401 4489 1581 4544 sciens
1624 4506 1727 4560 per
1754 4506 1875 4557 nos,
1905 4506 2005 4543 seu
2032 4488 2113 4542 di-

522 4598 664 4651 gnos
690 4597 789 4635 seu
816 4579 1095 4649 indignos,
1127 4594 1267 4649 opus
1304 4594 1467 4633 suum
1496 4578 1677 4632 Deum
1708 4577 1948 4649 cperari.

593 4669 648 4723 6.
680 4670 936 4723 AMBROS.
965 4668 1076 4721 Aut
1104 4667 1173 4720 ab
1194 4666 1437 4720 humano
1463 4668 1569 4720 die.
1609 4667 1934 4720 Humanum
1962 4664 2113 4718 dicm

524 4758 661 4812 dum
689 4756 843 4823 dicit,
874 4755 1151 4826 signiﬁcat
1194 4753 1463 4821 divinum,
1506 4754 1566 4808 in
1609 4770 1720 4825 quo
1759 4753 2113 4823 judicaturus

524 4851 611 4901 est
633 4845 889 4900 Christus
903 4890 915 4901 .

589 4934 641 4991 7.
673 4934 778 4990 Sed
799 4951 912 4989 non
935 4936 998 4988 in
1022 4934 1117 4987 hoc
1133 4936 1471 5002 justi/ieatus
1495 4948 1643 4986 sum.
1671 4932 1835 4985 Nunc
1854 4931 2116 4986 humiliat

523 5042 602 5091 se,
628 5029 685 5079 et
712 5023 961 5094 loquitur
986 5027 1051 5076 ut
1076 5022 1261 5088 homo,
1279 5022 1375 5093 qui
1393 5021 1570 5091 possit
1588 5019 1809 5090 culpam
1825 5035 2112 5074 incurrere

521 5114 762 5170 nescius.

589 5207 647 5258 8.
678 5205 785 5272 Qui
820 5206 1005 5255 autem
1026 5203 1247 5270 judicat
1278 5217 1382 5255 me.
1414 5200 1585 5253 Recte
1625 5197 1864 5251 Domino
1894 5197 2113 5253 Christo

524 5292 832 5365 plurimum
864 5290 1054 5358 dedit;
1083 5291 1213 5362 quia
1242 5293 1428 5361 potest
1455 5286 1603 5358 quod
1635 5285 1923 5341 hominem
1952 5287 2109 5355 latet,

527 5382 661 5435 dum
681 5380 897 5435 occulta
908 5379 1144 5452 judicat,
1168 5377 1546 5433 manifestare.

598 5468 653 5526 9.
682 5470 926 5525 Ancusr.
967 5469 1225 5542 (Enchir.
1257 5468 1331 5521 ad
1358 5466 1551 5530 Laur.,
1593 5479 1716 5534 cap.
1761 5462 1883 5532 120,
1909 5470 1952 5520 t.
1981 5465 2108 5535 III).

520 5560 629 5626 Qui
648 5563 693 5613 et
722 5561 883 5616 illum
892 5560 1049 5615 inabi
1053 5564 1093 5614 t.
1107 5558 1234 5613 Non
1251 5554 1403 5609 enim
1425 5551 1632 5608 scimus
1654 5554 2109 5626 mortales,corda

2272 3516 2353 3574 12.
2396 3520 2528 3585 Quis
2556 3522 2708 3573 enim
2740 3525 2785 3573 te
2812 3521 3125 3575 discernit?
3165 3521 3340 3584 Quasi
3382 3522 3593 3577 diceret
3629 3540 3641 3576 :
3679 3524 3733 3579 si
3759 3542 3799 3580 a

2195 3623 2383 3661 massa
2408 3606 2755 3678 perditorum
2785 3614 2841 3661 te
2870 3608 3064 3662 doctor
3089 3614 3221 3663 tuus
3249 3610 3609 3678 discerneret,
3649 3613 3799 3668 tole-

2194 3694 2369 3748 rabile
2413 3695 2649 3749 forsitan
2688 3700 2852 3760 esset,
2901 3694 2949 3748 si
2992 3712 3094 3766 pro
3142 3713 3208 3751 eo
3253 3698 3589 3769 superbires.
3621 3701 3798 3756 Nunc

2196 3800 2325 3837 vero
2356 3783 2587 3837 minime
2612 3802 2624 3850 ;
2646 3783 2745 3837 sed
2774 3800 2875 3853 per
2902 3800 3032 3837 eum
3061 3785 3332 3840 discernit
3359 3791 3416 3841 te
3437 3788 3605 3844 Deus.

2267 3870 2356 3927 13.
2380 3874 2630 3925 Auens'r.
2649 3874 2822 3940 (epist.
2846 3869 2935 3938 46,
2962 3875 3037 3926 ad
3064 3875 3291 3941 Valent.,
3316 3881 3361 3929 t.
3386 3877 3621 3945 II).Quis
3636 3882 3798 3933 enim

2196 3966 2243 4014 te
2265 3962 2575 4014 discernit?
2604 3960 2763 4023 Quod
2798 3959 2924 4015 ideo
2953 3961 3106 4028 dicit,
3149 3963 3283 4034 quia
3324 3964 3394 4019 de
3422 3981 3612 4020 massa
3638 3966 3799 4023 illius

2195 4048 2527 4119 perditionis
2574 4064 2697 4118 qua:
2741 4048 2888 4103 facta
2922 4055 3009 4104 est
3037 4067 3103 4103 ex
3132 4052 3336 4116 Adam,
3364 4069 3479 4107 non
3521 4054 3800 4111 discernit

2197 4136 2502 4199 hominem,
2535 4141 2600 4189 ut
2632 4153 2765 4191 eum
2810 4137 2981 4192 faciat
3013 4156 3109 4193 vas
3148 4139 3207 4193 in
3258 4141 3549 4209 honorem,
3581 4159 3697 4197 non
3731 4145 3797 4200 in

2196 4224 2614 4289 contumeliam,
2649 4225 2759 4279 nisi
2782 4226 2952 4281 Deus.
2982 4228 3092 4281 Sed
3109 4229 3375 4297 quoniam
3403 4231 3568 4285 homo
3595 4248 3798 4287 carna-

2195 4313 2265 4367 lis
2291 4318 2351 4367 ct
2378 4312 2623 4367 inaniter
2645 4313 2894 4381 inﬂatus,
2932 4332 3059 4370 cum
3079 4317 3330 4372 audisset
3358 4332 3370 4367 :
3396 4320 3527 4386 Quis
3556 4323 3710 4374 enim
3742 4328 3793 4376 te

2193 4403 2492 4456 discernit?
2538 4407 2729 4472 posset
2777 4405 3115 4474 respondere
3153 4406 3240 4461 vel
3276 4422 3408 4461 voce
3452 4408 3534 4461 vel
3571 4408 3789 4479 cogita-

2191 4489 2345 4544 tione
2372 4495 2429 4545 et
2449 4490 2633 4545 dicere
2665 4510 2677 4544 :
2711 4493 2989 4547 Discernit
3018 4510 3109 4547 me
3156 4495 3295 4549 ﬁdes
3337 4512 3483 4563 mea,
3513 4497 3789 4555 discernit

2192 4594 2285 4631 me
2313 4579 2495 4633 oratio
2542 4596 2690 4647 mea,
2743 4580 3009 4635 discernit
3056 4599 3147 4636 me
3178 4584 3401 4652 justitia
3452 4601 3599 4652 mea,
3653 4603 3790 4642 mox

2194 4668 2493 4737 Apostolus
2549 4670 2792 4724 occurrit
2834 4670 3264 4740 cogitationibus
3307 4673 3445 4743 ejus,
3484 4679 3539 4728 et
3582 4673 3728 4729 dixit
3770 4696 3784 4731 :

2196 4757 2341 4822 Quid
2370 4750 2528 4811 enim'
2549 4758 2709 4812 habes
2733 4760 2878 4827 quod
2904 4775 3017 4813 non
3044 4764 3334 4830 accepisti?

2125 4860 2167 4922 ο
2262 4843 2353 4897 14.
2386 4846 2595 4900 Lassa.
2630 4848 2775 4913 Quid
2798 4853 2985 4902 autem
3006 4848 3165 4902 habes
3189 4855 3213 4902 ?
3236 4850 3404 4905 Aliud
3429 4867 3607 4921 genus
3630 4868 3793 4908 arro-

2193 4933 2401 5003 gantia:
2432 4950 2691 4989 amovere
2724 4940 2980 5004 conatur,
3006 4935 3268 4991 videlicet
3297 4954 3370 4992 ne
3398 4939 3565 4993 homo
3592 4956 3794 5011 super-

2195 5020 2311 5076 biat
2336 5028 2566 5094 propter
2585 5024 2835 5095 aliquam
2866 5025 3111 5094 gratiam
3137 5025 3244 5079 sibi
3273 5028 3551 5093 collatam,
3577 5034 3793 5098 putans

2193 5127 2316 5164 eam
2347 5128 2408 5165 se
2437 5111 2645 5166 habere
2672 5130 2708 5166 a
2736 5129 2816 5180 se,
2847 5113 2975 5168 ideo
3004 5113 3174 5168 dicit:
3201 5114 3347 5180 Quid
3375 5121 3564 5170 autem
3587 5115 3787 5186 habes,

2196 5199 2347 5254 etc.?
2377 5216 2442 5254 ac
2473 5201 2522 5254 si
2555 5200 2707 5255 dicat
2735 5219 2747 5253 :
2781 5201 2828 5255 si
2857 5206 3047 5256 autem
3084 5202 3161 5256 sis
3204 5210 3495 5275 separatus
3522 5221 3557 5258 a
3584 5221 3791 5275 pecca-

2195 5288 2287 5351 tis,
2318 5288 2444 5343 ideo
2487 5306 2602 5344 non
2640 5289 2811 5345 debes
2854 5290 3113 5361 gloriari;
3147 5291 3208 5346 in
3253 5293 3407 5347 nullo
3439 5292 3589 5347 enim
3632 5297 3793 5364 quod

2196 5377 2423 5431 aliunde
2450 5379 2750 5449 acceperis,
2809 5378 2979 5434 debes
3016 5379 3269 5449 gloriari.
3318 5382 3580 5453 Separari
3602 5399 3639 5436 a
3659 5399 3792 5453 pec-

2192 5465 2330 5520 catis
2353 5466 2581 5522 aliunde
2594 5468 2855 5538 accepisti
2873 5487 2887 5535 ;
2919 5483 3053 5522 nam
3070 5468 3207 5539 quid
3222 5468 3394 5525 habes
3405 5471 3554 5543 quod
3576 5486 3693 5526 non
3712 5473 3788 5529 ab

2192 5555 2304 5611 alio
2326 5555 2635 5627 accepisti?
2665 5556 2808 5613 nihil
2835 5555 3049 5628 utique.
3075 5557 3242 5629 Ergo,
3268 5563 3383 5635 etc,
