3912 6370
128 286 218 340 169
802 286 880 341 IN
918 287 984 341 D.
1025 288 1239 343 PAULI
1272 286 1498 343 EPIST.
1537 285 1907 342 COMMENT.
1944 316 2008 326 —
2036 284 2259 341 EPIST.
2305 285 2330 340 Ι
2366 283 2462 339 AD
2499 284 2662 340 00R.
3251 284 3362 344 170

128 416 295 464 autem
322 409 601 480 accepisti,
625 410 760 480 quid
786 411 1045 481 gloriaris
1070 413 1229 482 quasi
1260 429 1372 467 non
1398 412 1712 483 acceperis?
1736 409 1819 469 15.
1836 412 1961 466 Jam
1990 409 2229 465 saturati
2250 411 2404 478 estis,
2423 411 2800 481 terrenis,jam
2821 407 3021 464 divites
3047 407 3182 464 facti
3201 407 3359 475 estis;

123 499 227 552 sine
244 497 399 551 nobis
428 498 690 568 regnetis,
700 504 979 552 terrenam
998 503 1297 568 potentiam
1324 503 1548 565 habetis,
1565 507 1624 554 et
1642 499 1729 556 16.
1752 502 1973 556 utinam
1989 500 2235 571 regnetis
2258 501 2271 553 l
2303 501 2845 567 regnaretis,scilicet
2867 500 3065 563 catesti
3087 513 3275 565 regno,
3295 499 3365 553 ut

126 594 173 640 et
198 602 291 640 nos
317 586 595 641 vobiscum
617 604 933 657 regnemus.
968 589 1112 642 Puto
1130 590 1281 643 enim
1310 591 1721 655 (demonstratio
1748 593 1992 658 qualiter
2018 592 2142 644 sine
2165 592 2422 658 apostolis
2443 593 2699 657 regnent)
2717 586 2867 660 quod
2889 587 3039 642 Deus
3065 602 3170 641 nos
3195 600 3370 656 apos-.

125 676 250 730 tolos
271 673 349 732 l7.
381 675 729 741 novissimos,
760 679 1053 730 vilissimas
1083 679 1232 745 apud
1257 681 1462 731 mentes
1488 678 1825 745 inﬁdelium.
1847 677 2219 743 ostendit,18.
2242 683 2514 749 tanquam
2545 677 2714 732 morti
2731 675 3042 732 destinatos
3066 693 3078 729 :
3119 672 3202 731 19.
3232 672 3368 745 quia

127 765 360 836 (ie/rectus)
382 765 760 835 spectaculum
789 765 923 819 facti
951 780 1148 819 sumus
1161 766 1292 820 huic
1310 772 1436 833 ει
1464 766 1676 821 mundo
1705 772 1763 821 et
1788 766 2004 836 angelis
2031 767 2302 834 malignis
2330 771 2390 821 et
2415 765 2758 822 hominibus.
2786 767 3096 835 Increpatio
3115 779 3243 819 cum
3255 764 3363 817 iro-

128 856 229 907 nia.
246 851 331 909 20.
368 869 471 907 nos
498 853 658 908 stulti
678 855 934 907 videmur
956 855 1088 908 huic
1116 856 1326 910 mundo
1348 861 1579 928 propter
1605 856 1912 923 Christum,
1943 854 2035 914 ‘Zl.
2066 871 2166 911 vos
2202 860 2393 912 autem
2421 854 2726 927 prudentes
2763 856 2957 909 seculo
2993 854 3056 908 in
3103 850 3327 909 Christo
3351 869 3368 918 ;

125 944 210 995 sub
235 944 334 1010 ﬁde
354 944 593 1009 Christi;
619 958 722 997 nos
752 943 981 1010 inﬁrmi,
1012 960 1110 998 vos
1130 949 1320 999 autem
1339 944 1513 999 fortes
1546 964 1559 999 :
1584 962 1680 1000 vos
1709 944 1943 1010 nobiles,
1978 960 2081 1000 nos
2108 949 2301 1000 autem
2323 942 2619 1015 ignobiles.
2638 942 2831 1014 Usque
2849 942 3079 998 enimin
3097 941 3243 996 hanc
3264 939 3371 999 ho-

128 1047 249 1098 ram,
269 1036 325 1085 et
349 1031 606 1101 (effectus)
638 1031 919 1086 esurimus
947 1038 1005 1086 et
1031 1032 1274 1099 sitimus,
1302 1038 1360 1087 et
1386 1032 1524 1086 nudi
1550 1039 1832 1100 sumus,et
1855 1034 2105 1105 colaphis
2134 1033 2421 1100 cedimur,
2453 1030 2819 1088 etinstabiles
2842 1046 3063 1099 sumus,
3090 1033 3371 1087 mutantes

127 1121 317 1173 diversa
338 1123 451 1173 loca
471 1124 698 1189 propter
717 1122 957 1174 nimiam
981 1124 1431 1189 persecutionem,
1454 1127 1513 1176 et
1528 1121 1873 1190 laboramus,
1891 1139 2006 1178 non
2032 1128 2330 1193 quaerentes
2342 1139 2379 1178 α
2399 1123 2549 1181 vobis
2566 1121 3234 1192 stipendium,operantes
3253 1133 3373 1174 ma-

125 1208 271 1263 nibus
290 1209 514 1264 nostris.
548 1209 954 1275 Maledicimur,
996 1215 1055 1264 et
1093 1210 1500 1273 benedicimus;
1522 1211 1971 1282 persecutionem
1998 1211 2268 1284 patimur,
2302 1217 2361 1266 et
2400 1210 2781 1281 sustinemus;
2812 1208 3296 1281 blasphemamur,
3317 1209 3379 1263 et

124 1297 200 1355 2'2.
233 1298 615 1353 obsecramus:
642 1301 1003 1365 obsecramus,
1033 1303 1113 1354 vel
1140 1315 1209 1353 ne
1224 1300 1612 1368 blasphement,
1635 1304 1716 1354 vel
1740 1302 1910 1354 Deum
1930 1305 1994 1355 ut
2012 1304 2288 1369 ignoscat;
2306 1304 2577 1371 tanquam
2598 1302 2974 1371 purgamenta
2988 1296 3163 1367 hujus
3177 1294 3378 1351 mundi

125 1388 237 1442 facti
264 1405 457 1443 sumus
488 1388 745 1442 omnium
776 1387 1091 1458 peripsema
1108 1389 1335 1457 abjectio
1365 1388 1543 1459 usque
1570 1388 1773 1443 adhuc.
1798 1388 1888 1445 ‘23.
1911 1390 2039 1444 Non
2067 1394 2133 1445 ut
2146 1389 2489 1445 confundam
2515 1387 3039 1453 vos,.verecundiam
3060 1386 3206 1455 vobis
3234 1385 3378 1453 infe-

127 1494 253 1543 ram,
280 1478 400 1531 haec
424 1493 597 1546 supra
625 1479 776 1530 dicta
804 1475 1018 1543 scribo;
1041 1476 1139 1530 sed
1167 1481 1232 1530 ut
1260 1476 1406 1531 ﬁlios
1442 1492 1598 1531 meos
1642 1477 2004 1532 charissimos
2038 1493 2260 1533 moneo.
2304 1477 2445 1544 (Cur
2476 1479 2620 1545 ﬁlios
2648 1477 2907 1538 vocavit.)
2940 1474 3087 1529 Nam
3115 1473 3165 1528 si
3184 1473 3380 1528 decem

126 1566 264 1619 milia
288 1566 745 1636 paedagogorum,
778 1568 1140 1631 monitorum,
1172 1564 1426 1619 habeatis
1442 1565 1501 1620 in
1536 1566 1780 1632 Christo,
1811 1569 1877 1620 in
1903 1568 2161 1621 doctrina
2182 1566 2410 1629 Christi,
2428 1565 2539 1623 sed
2567 1580 2681 1620 non
2702 1564 2912 1619 multos
2941 1563 3159 1628 Patres,
3182 1563 3275 1617 sed
3291 1577 3379 1616 me

126 1658 302 1709 solum.
331 1654 481 1709 Nam
501 1655 561 1708 in
591 1654 815 1708 Christo
827 1654 957 1707 Jesu
990 1669 1090 1724 per
1118 1654 1480 1724 Evangelium
1505 1671 1613 1725 ego
1647 1672 1745 1710 vos
1779 1655 1971 1726 genui,
2018 1671 2145 1709 sum
2180 1660 2342 1724 pater
2378 1659 2557 1710 vester
2581 1657 2646 1708 in
2673 1656 2776 1721 ﬁde
2805 1654 3029 1710 Christi.
3066 1651 3223 1723 Rogo
3243 1664 3379 1722 ergo

126 1759 223 1807 vos,
253 1746 383 1812 quia
410 1749 571 1812 pater
588 1759 732 1806 sum,
767 1743 1080 1796 imitatores
1108 1742 1219 1796 mei
1245 1748 1442 1807 estote,
1474 1743 1621 1797 sicut
1649 1750 1708 1798 et
1735 1761 1837 1814 ego
1881 1743 2106 1798 Christi.
2143 1743 2296 1805 Ideo,
2328 1750 2392 1798 ut
2429 1759 2516 1798 me
2544 1744 2885 1811 imitemini,
2915 1740 3043 1796 misi
3073 1740 3144 1796 ad
3173 1756 3270 1795 vos
3291 1738 3385 1796 Ti-

124 1830 412 1891 motheum,
450 1831 545 1902 qui
575 1836 661 1884 est
689 1831 839 1884 ﬁlius
878 1846 1034 1885 meus
1062 1831 1445 1898 charissimus,
1469 1838 1527 1887 et
1549 1832 1729 1887 ﬁdelis
1758 1833 1818 1887 in
1850 1832 2086 1887 Domino
2114 1830 2141 1899 ;‘
2162 1832 2257 1903 qui
2291 1847 2385 1887 vos
2419 1830 2887 1887 commonefaciet
2910 1829 3029 1886 vias
3055 1846 3232 1892 meas,
3260 1830 3383 1884 doc-

128 1923 317 1974 trinam
346 1937 552 1986 meam,
584 1936 706 1991 quae
737 1925 864 1973 sunt
892 1920 949 1974 in
978 1921 1200 1974 Christo
1228 1922 1381 1985 Jesu,
1413 1924 1477 1975 in
1505 1922 1607 1986 [ide
1642 1922 1866 1987 Christi,
1895 1921 2041 1975 sicut
2068 1920 2276 1991 ubique
2304 1920 2363 1975 in
2390 1920 2546 1975 omni
2584 1919 2826 1976 Ecclesia
2866 1920 3057 1974 doceo.
3089 1920 3387 1990 Tanquam

126 2024 221 2064 non
249 2016 518 2065 venturus
540 2010 646 2064 sim
678 2011 749 2065 ad
778 2028 892 2069 vos.
916 2013 1171 2076 (ostendit
1196 2028 1277 2064 eos
1308 2027 1412 2064 esse
1432 2011 1867 2075 commonendos,
1899 2013 2033 2079 quia
2056 2012 2249 2078 inﬂati
2268 2014 2418 2077 sunt)
2432 2008 2512 2062 sic
2531 2008 2711 2063 inﬂati
2727 2012 2861 2062 sunt
2873 2007 3123 2078 quidam.
3145 2006 3384 2061 Veniam

126 2103 293 2151 autem
322 2098 395 2152 ad
417 2115 517 2152 vos
546 2098 674 2161 cito,
706 2099 754 2151 si
774 2098 1045 2151 Dominus
1065 2098 1320 2165 voluerit,
1348 2105 1405 2152 et
1423 2112 1754 2169 cognoscam
1776 2113 1886 2151 non
1913 2114 2232 2153 sermonem
2259 2114 2456 2152 eorum
2471 2097 2565 2169 qui
2586 2096 2767 2152 inﬂati
2787 2102 2939 2153 sunt.
2966 2096 3066 2151 sed
3098 2095 3382 2151 virtutem.

126 2184 201 2241 24.
230 2187 352 2241 Non
384 2187 540 2240 enim
571 2187 629 2240 in
657 2202 914 2241 sermone
940 2193 1025 2240 est
1052 2203 1288 2257 regnum
1336 2187 1458 2252 Dei,
1490 2190 1666 2241 verbis
1693 2191 1822 2241 solis
1853 2204 1964 2242 non
2009 2190 2331 2256 acquiritur
2367 2203 2605 2257 regnum
2632 2189 2749 2250 Dei,
2774 2186 2874 2241 sed
2897 2185 2958 2241 in
2979 2185 3204 2241 virtute.
3239 2184 3387 2249 Quid

128 2272 309 2329 vultis?
338 2276 402 2330 In
426 2275 606 2345 virga,
639 2281 988 2343 correctione,
1020 2291 1241 2329 veniam
1261 2275 1332 2330 ad
1359 2292 1482 2343 vos;
1514 2292 1588 2330 an
1608 2277 1668 2331 in
1688 2275 1962 2331 charitate
1979 2280 2037 2331 et
2059 2275 2265 2348 spiritu
2286 2275 2783 2332 mansuetudinis?
3118 2310 3123 2315 -
3324 2276 3328 2281 ⁴

1578 2401 1813 2457 CAPUT
1849 2402 1916 2455 V.

188 2508 426 2563 Omnino
461 2507 689 2563 auditur
717 2508 869 2561 inter
891 2523 988 2561 vos
1014 2507 1309 2562 fornicatio
1338 2526 1349 2562 :
1387 2508 1552 2577 (ratio
1595 2524 1698 2563 cur
1725 2512 1791 2564 in
1841 2514 2001 2578 virga
2049 2510 2270 2581 dixerit)
2304 2515 2361 2567 et
2387 2510 2520 2566 talis
2547 2508 2862 2576 fornicatio,
2892 2510 3076 2582 qualis
3111 2525 3215 2566 nec
3240 2510 3392 2567 inter

128 2604 327 2668 gentes,
355 2599 442 2653 ita
465 2603 530 2652 ut
559 2614 789 2652 uxorem
820 2597 996 2668 patris
1045 2597 1130 2651 sui
1173 2597 1376 2668 aliquis
1400 2597 1623 2651 habeat.
1660 2599 1730 2653 Et
1755 2615 1853 2653 vos
1888 2599 2069 2654 inﬂati
2103 2600 2259 2665 estis,
2292 2607 2349 2656 et
2391 2616 2505 2655 non
2534 2600 2716 2671 magis
2744 2600 2960 2655 luctum
3000 2599 3297 2668 habuistis,
3324 2605 3391 2657 ut

130 2688 339 2743 tollatur
358 2689 431 2742 de
453 2687 642 2742 medio
666 2692 936 2751 vestrum,
966 2689 1252 2740 communi
1278 2689 1683 2741 conversatione
1710 2687 1806 2758 qui
1836 2687 1942 2741 hoc
1964 2691 2250 2756 nefarium
2288 2705 2429 2761 opus
2458 2689 2609 2744 fecit.
2643 2689 2758 2760 Ego
2777 2688 3007 2761 quidem
3034 2689 3236 2745 absens
3260 2706 3385 2745 cor-

130 2791 265 2845 pore,
300 2779 641 2839 (debuissetis
662 2792 786 2830 cum
816 2780 1328 2843 excommunicasse,
1358 2780 1494 2847 quia
1522 2793 1615 2844 ego
1642 2780 1833 2832 absens
1858 2781 1981 2845 53
2000 2780 2124 2846 jam
2157 2779 2416 2846 judicavi
2443 2794 2570 2833 eum
2609 2794 2735 2841 esse
2763 2778 3391 2850 excommunicandum)

130 2882 353 2935 praesens
375 2872 573 2920 autem
604 2864 825 2936 spiritu,
860 2865 978 2934 jam
996 2866 1240 2935 judicavi
1280 2872 1344 2921 ut
1370 2883 1634 2937 praesens,
1669 2883 1819 2933 eum,
1844 2865 1941 2937 qui
1971 2866 2050 2921 sic
2079 2872 2343 2937 operatus
2374 2870 2478 2933 est,
2500 2890 2504 2897 υ
2526 2866 2587 2920 in
2630 2866 2879 2932 nomine,
2911 2868 2988 2921 ad
3011 2869 3253 2933 laudem,
3287 2868 3417 2923 Do-'

129 2955 250 3009 mini
276 2955 458 3009 nostri
507 2956 640 3009 Jesu
680 2953 907 3019 Christi,
955 2956 1309 3025 congregatis
1345 2955 1499 3009 vobis
1530 2960 1587 3009 et
1634 2972 1757 3010 meo
1797 2956 2017 3027 spiritu,
2051 2962 2374 3024 congregato
2412 2957 2706 3022 vobiscum,
2748 2968 2874 3010 cum
2919 2955 3127 3011 virtute
3165 2957 3403 3013 Domini

131 3045 291 3099 nostri
315 3046 475 3111 Jesu,
509 3043 552 3111 l,
583 3043 636 3097 2.
669 3044 893 3098 tradere
930 3047 1404 3099 exeonnnunicare
1441 3046 1646 3099 scilicet
1666 3047 1942 3113 judicavi,
1992 3045 2336 3116 hujusmodi,
2382 3047 2571 3112 illum,
2606 3044 2845 3113 Satanm,
2878 3046 3129 3114 maligno
3157 3049 3394 3117 spiritui

1469 3152 2059 3208 COMMENTARIUS.

196 3258 667 3315 l5.Jamsaturati
679 3262 821 3314 estis.
844 3260 925 3314 De
939 3260 1271 3331 quibusdam
1293 3260 1776 3320 CorinthiorumA
1866 3258 1954 3316 ‘2“2.
1987 3261 2191 3315 LANFR.
2221 3260 2290 3314 Et
2319 3261 2681 3327 obsecramus,
2726 3259 2813 3314 vel
2861 3275 2975 3329 eos,
3023 3276 3096 3317 ne
3135 3260 3393 3336 blasphe-

132 3347 546 3420 intelligendum
577 3355 663 3404 est
690 3349 806 3420 qui,
834 3355 960 3420 post
988 3349 1292 3404 discessum
1321 3350 1716 3421 Apostoli,cm-
1799 3356 1973 3417 ment,
2007 3350 2092 3405 vel
2121 3351 2322 3417 Deum,
2347 3354 2414 3406 ut
2439 3348 2693 3421 ignoscat
2720 3350 2821 3408 eis.

133 3446 320 3505 perunt
342 3439 562 3493 deliciis
588 3439 838 3501 afﬂuere,
864 3446 923 3492 et
948 3444 1301 3493 terrenarum
1318 3456 1487 3510 opum
1516 3438 1716 3493 divites
1866 3437 1955 3495 23.
1978 3441 2224 3495 AUGUST.
2254 3441 2334 3507 (es
2364 3444 2528 3494 tract.
2552 3442 2617 3494 in
2643 3441 2789 3495 Psal.
2807 3442 3005 3509 LXXVI).
3038 3442 3165 3498 Non
3186 3448 3250 3499 ut
3268 3459 3397 3501 con-

134 3542 259 3595 esse,
288 3528 472 3582 sancti
505 3544 727 3599 quoque
755 3528 996 3599 Spiritus
1034 3529 1182 3582 dona
1218 3528 1275 3581 in
1305 3534 1592 3582 terrenum
1625 3529 1715 3582 lu-
1794 3529 2036 3596 fundam
2056 3545 2166 3586 vos.
2193 3527 2356 3593 Dicit,
2384 3543 2497 3582 non
2516 3533 2579 3582 ut
2590 3529 2931 3597 confundam
2956 3545 3046 3584 vos
3066 3532 3176 3587 hac
3194 3535 3392 3599 scribo,

133 3631 273 3671 crum
302 3624 653 3684 convertere,
670 3619 741 3672 de
763 3618 966 3688 quibus
993 3617 1160 3672 dicit:
1190 3618 1314 3672 Jam
1345 3618 1713 3681 saturati,etc.
1799 3618 1889 3670 sed
1915 3622 1978 3670 ut
2004 3618 2354 3671 charissima:
2392 3631 2613 3681 moneo;
2656 3632 2786 3671 cum
2813 3616 2983 3673 sciret
3003 3619 3201 3691 utique
3220 3638 3261 3681 a
3289 3621 3399 3683 Do-

1799 3705 1952 3759 mino
1997 3705 2210 3759 dictum
2256 3722 2267 3758 :
2319 3706 2399 3760 Ne
2444 3705 2591 3759 vobis
2635 3706 2833 3760 dicatis
2856 3711 3072 3775 patrem
3102 3713 3166 3764 in
3204 3715 3398 3780 terra;

134 3816 191 3866 ut
215 3830 304 3868 νος
330 3814 488 3886 ipsos
508 3813 652 3869 bene
670 3815 904 3885 "agatis.
1472 3793 1480 3794 7
1798 3810 1947 3886 unus
1963 3799 2039 3849 est
2056 3797 2208 3848 enim.
2224 3798 2384 3886 pater
2402 3798 2573 3886 vester
2587 3793 3072 3886 Ceuquuodideo
3094 3797 3216 3867 [al.,
3252 3798 3392 3874 non]

196 3909 277 3965 17.
304 3900 975 3982 Νουίεδίᾶηοε.ΑροεῑοΙοε
1000 3929 1129 3967 suos
1159 3912 1509 3975 novissimos,
1545 3911 1602 3966 id
1631 3916 1714 3965 est

1822 3883 2007 3937 [ictum
2040 3890 2144 3948 est,
2175 3890 2241 3936 ut
2264 3883 2367 3936 hoc
2395 3881 2726 3937 vocabulum
2756 3882 2985 3938 honoris
3031 3884 3284 3953 humani,
3325 3888 3398 3949 de

135 3998 441 4066 vilissimos,
489 4000 638 4072 apud
686 3971 902 4056 m-entes
934 4002 1221 4056 hominum
1254 3971 1562 4056 inﬁdelium
1594 4017 1716 4055 esse
1796 3972 2061 4071 loquejndi
2089 3971 2495 4072 ‘?°"S“°‘“d}f‘e
2511 3971 2822 4037 tolleretm’
2846 3972 2945 4026 sed
2970 3988 3042 4028 ne
3057 3974 3243 4072 gratia
3273 3976 3392 4072 Dei!

137 4088 293 4143 voluit
329 4090 610 4157 Christus,
645 4095 710 4145 ut
729 4091 927 4161 majori
957 4090 1015 4145 in
1044 4090 1254 4145 cmlesti
1281 4091 1459 4161 gloria
1489 4090 1719 4162 praemio
1801 4079 1907 4163 (ΙΨ
1948 4077 2007 4163 ¹ξ¹
2029 4066 2313 4163 faterin?
2365 4066 2532 4114 "tam
3039 4065 3401 4163 “atlfmgvtﬂ

140 4184 483 4232 coronemur.
600 4150 609 4157 ’
816 4150 836 4161 ’
1281 4150 1316 4161 ν
1490 4150 1510 4162 ⁸
1801 4150 2068 4222 potestati
2121 4150 2208 4204 vel
2237 4150 2409 4204 etiam
2438 4150 2723 4205 sanctitati
2773 4151 3107 4222 cujusquam
3154 4154 3399 4213 hominis

199 3722 276 3779 16.
312 3725 541 3779 Utinam
568 3729 835 3793 regnetis!
878 3726 1109 3792 scilicet,
1143 3724 1352 3780 caelesti
1396 3740 1588 3794 regno,
1631 3723 1717 3778 vel

202 4271 283 4330 18.
317 4276 608 4345 Tanquam
630 4279 817 4331 morti.
842 4276 1128 4331 Victorum
1147 4283 1285 4331 tunc
1301 4275 1570 4348 temporis
1598 4292 1719 4330 mo-

140 4359 209 4415 ris
233 4369 351 4417 erat
379 4364 655 4435 quosdam
684 4364 742 4419 in
768 4365 1117 4437 expeditione
1145 4371 1338 4437 captos
1380 4365 1547 4419 morti
1593 4364 1721 4419 des-

141 4447 324 4506 tinare.
355 4453 443 4507 Ad
471 4453 619 4524 quod
649 4455 1027 4525 spectaculum
1044 4453 1408 4510 conveniebat
1427 4454 1720 4509 hominum

143 4542 368 4596 maxima
394 4542 717 4598 multitudo.

211 4649 287 4706 l9.
319 4652 571 4706 AUGUST.
609 4654 693 4720 (ea:
731 4652 909 4707 Tract.
942 4655 1006 4708 in
1035 4655 1181 4708 Psal.
1213 4666 1441 4720 xxxvm,
1474 4657 1516 4706 t.
1549 4652 1724 4721 VIII).

146 4738 271 4805 Quia
300 4745 671 4810 spectaculum
702 4742 841 4810 facti
859 4758 1070 4809 sumus,
1105 4741 1319 4814 angelis
1346 4740 1725 4809 laudantibus,

145 4824 449 4885 hominibus
483 4830 946 4902 vituperantibus,
971 4831 1086 4887 imo
1116 4838 1173 4886 et
1200 4831 1416 4903 angelis
1444 4831 1728 4885 laudanti-

146 4911 235 4970 bus
248 4924 304 4972 et
328 4919 796 4991 vituperantibus.

205 5025 287 5080 20.
318 5027 526 5083 Lassa.
565 5029 674 5082 Nos
693 5031 872 5086 stulti.
904 5028 1237 5100 Increpatio,
1270 5029 1357 5083 vel
1383 5028 1597 5091 ironia;
1620 5043 1734 5083 non

150 5113 279 5169 enim
305 5116 560 5188 Apostoli
578 5117 760 5179 stulti,
794 5123 851 5173 et
878 5117 984 5189 ipsi
1036 5118 1374 5190 prudentes;
1406 5118 1504 5173 sed
1548 5118 1735 5189 potius

152 5202 309 5269 stulti,
336 5211 393 5260 et
413 5206 654 5276 apostoli
679 5206 1008 5278 prudentes.

213 5310 299 5368 2i.
347 5313 595 5369 AMBROS.
641 5314 731 5368 Vos
757 5319 945 5369 autem
986 5317 1299 5384 prudentes.
1347 5314 1454 5381 Qui
1488 5314 1735 5386 prudens

179 5411 211 5449 n
255 5399 476 5455 Christo
520 5402 807 5473 judicatur
850 5421 885 5458 a
924 5405 1170 5475 perﬁdis.
1204 5421 1316 5459 non
1356 5410 1507 5460 recte
1535 5405 1738 5459 asserit

185 5486 459 5545 .‘bristum.
492 5493 738 5547 Marcion
782 5494 951 5562 enim,
987 5495 1082 5566 qui
1110 5501 1281 5565 negat
1322 5495 1623 5549 Dominum
1655 5493 1738 5549 in-

156 5582 703 5654 carnatum,prudens
723 5589 811 5639 est
829 5584 1124 5651 mundo,id
1145 5590 1232 5639 est
1250 5584 1411 5640 fortis
1431 5589 1489 5639 et
1508 5584 1731 5640 nobilis.

379 5683 644 5744 PATROL.
693 5683 815 5744 CL.

1802 4240 2164 4295 tribueretur.
2199 4239 2332 4294 Ideo
2359 4255 2490 4293 cum
2520 4238 2733 4293 diceret
2765 4257 2776 4294 :
2810 4240 2921 4309 Ego
2948 4245 3122 4311 genui
3145 4260 3255 4313 vos,
3272 4250 3403 4316 post

1802 4330 1976 4385 dixit:
2009 4329 2131 4400 [al.,
2164 4325 2445 4400 praedixit]
2469 4329 2537 4383 In
2563 4328 2797 4394 Christo,
2824 4333 2875 4384 et
2893 4345 2995 4398 per
3012 4330 3398 4403 Evangelium,

1804 4436 1875 4474 ne
1901 4418 2079 4491 ipsius
2107 4422 2404 4489 putaretur
2427 4432 2548 4472 esse
2561 4416 2710 4488 quod
2739 4417 2840 4472 Dei
2868 4423 2973 4473 est.

1739 4537 1787 4596 B
1874 4506 1964 4565 24.
1996 4506 2197 4562 Lassa.
2227 4507 2353 4561 Non
2390 4508 2543 4561 enim
2575 4507 2637 4560 in
2677 4521 2947 4574 sermone,
2991 4506 3048 4562 id
3086 4513 3189 4576 est,
3221 4510 3405 4566 verbis

1807 4596 1941 4653 solis
1980 4612 2093 4651 non
2121 4595 2435 4666 acquiritur
2462 4610 2702 4664 regnum
2745 4594 2867 4663 Dei,
2901 4597 3000 4652 sed
3028 4597 3088 4652 in
3118 4598 3323 4656 virtute
3350 4606 3409 4656 et

1808 4684 2132 4742 benefactis.

1884 4775 2043 4830 CAP.
2083 4774 2151 4828 ν.
2184 4804 2248 4815 -
2285 4774 2332 4828 1.
2363 4773 2612 4828 Αυαυετ.
2651 4775 2748 4844 (ea:
2790 4772 3041 4832 Sermon.
3082 4778 3313 4833 Domini
3344 4781 3408 4834 in

1811 4861 2123 4929 monte,lib.
2160 4876 2196 4928 ι,
2228 4878 2348 4933 cap.
2373 4859 2463 4927 20,
2487 4864 2624 4915 tom.
2657 4860 2776 4931 IV).
2806 4863 3040 4919 Tradere
3067 4866 3408 4935 huiusmodi.

1816 4954 1887 5008 Et
1910 4952 1957 5008 si
1983 4951 2184 5007 nolunt
2208 4951 2298 5005 hic
2344 4955 2584 5005 mortem
2624 4949 2959 5021 intelligere,
2992 4952 3229 5009 fortasse
3260 4954 3410 5011 enim

1814 5045 2092 5100 incertum
2147 5047 2234 5096 est
2285 5040 2598 5112 quamlibet
2650 5039 2953 5096 vindictam
2999 5059 3101 5115 per
3143 5044 3412 5101 Satanam

1817 5134 2023 5189 factam
2053 5132 2123 5187 ab
2151 5130 2419 5202 Apostolo
2456 5129 2762 5187 fateantur.
2795 5130 2954 5195 Quod
2984 5149 3096 5187 non
3124 5148 3248 5189 eam
3280 5133 3411 5191 odio

1817 5223 1915 5278 sed
1941 5237 2132 5277 amore
2177 5219 2373 5275 fecisse
2413 5216 2736 5274 manifestat
2787 5218 2927 5273 illud
2972 5221 3299 5293 adjectum:
3347 5228 3412 5287 ut

1816 5315 2014 5368 anima
2040 5314 2195 5366 salva
2218 5312 2311 5364 sil.

1889 5401 1944 5455 2.
1979 5402 2188 5456 Lmen.
2234 5398 2566 5467 Hujusmodi
2597 5396 2818 5453 Satanas
2884 5397 3042 5451 Hanc
3074 5405 3414 5469 potestatem

1817 5490 2036 5556 habuit,
2066 5494 2131 5544 ut
2165 5487 2606 5560 quotiescunque
2656 5484 2872 5538 homini
2910 5493 3138 5559 accepta
3179 5492 3422 5550 stultitia

1820 5596 2078 5637 amovere
2122 5595 2236 5634 non
2282 5580 2490 5648 posset,
2541 5571 2763 5628 diabolo
2805 5590 2937 5630 eum
2983 5576 3053 5632 ad
3112 5582 3421 5640 vexandum

3147 5685 3187 5744 6
