3912 6436
1447 384 1513 439 Β;
1550 382 1967 442 LANFRANCI
2007 382 2372 440 CANTUAR.
2413 380 2750 439 ARCHIEP.
3626 384 3743 444 172

474 382 571 444 171

468 512 807 579 vexandum,
838 509 898 564 in
913 508 1208 566 interitum
1235 509 1438 576 carnis,
1472 510 1721 566 carnalis
1748 512 2061 580 voluptatis,
2079 514 2145 565 ut
2166 509 2396 581 spiritus
2418 510 2604 564 salvus
2631 508 2725 571 sit,
2754 510 2806 561 si
2830 508 2973 574 forte
2997 524 3123 562 eum
3145 513 3351 564 moveat
3378 510 3499 578 ipsa
3511 514 3743 578 repulsa

466 603 538 655 ab
568 601 805 656 Ecclesia
828 615 844 665 ;
875 604 926 654 et
953 601 1030 654 ad
1047 601 1434 669 paenitentiam
1461 601 1762 655 reducatur
1790 600 1850 655 in
1874 601 1965 655 die
1983 601 2194 669 judicii
2232 597 2451 652 Domini
2482 595 2659 651 nostri
2680 597 2812 651 Jesu
2841 596 3071 650 Christi.
3102 597 3239 652 Cum
3261 601 3423 652 talem
3456 600 3743 653 vobiscum

466 691 771 756 retineatis,
806 703 920 743 non
943 692 1031 743 est
1054 686 1203 742 bona
1222 687 1483 758 gloriatio
1511 693 1716 754 vestra,
1747 704 1783 742 a
1810 690 2014 743 simili.
2050 685 2310 751 Nescitis,
2344 688 2480 741 dicit
2510 703 2636 740 eum
2665 702 2770 739 esse
2797 687 3333 755 repellendum,quia
3357 690 3408 740 si
3420 694 3741 743 remaneret

464 777 617 831 inter
632 763 792 841 alio},
814 779 925 846 ipse
944 780 1317 845 corrumperet
1344 778 1596 842 intactos,
1629 774 1762 847 quia
1781 776 2063 830 modicum
2092 774 2433 830 fermentum
2457 779 2631 828 totam
2665 788 2909 827 massam
2939 774 3248 845 corrumpit
3268 775 3381 830 ?Ne
3392 793 3481 831 vos
3500 780 3741 832 intactos

462 871 804 936 corrumpat,
837 870 1144 937 expurgate
1172 867 1353 935 igitur
1375 871 1534 920 vetus
1561 865 2127 932 fermentum,veteris
2141 866 2383 919 hominis
2400 867 2700 931 peccatum,
2726 867 2790 915 ut
2817 861 2940 915 sitis
2957 863 3085 916 bene
3104 865 3332 918 vivendo
3362 881 3503 920 nova
3524 866 3559 920 3
3597 883 3740 921 con-

460 956 693 1029 spersio,
718 959 894 1025 pasta,
916 955 1063 1009 sicut
1086 954 1222 1010 estis
1242 954 1443 1026 azymi,
1474 956 1539 1008 in
1560 955 1825 1022 baptismo
1854 955 2117 1008 mandati
2139 970 2174 1007 a
2194 954 2447 1021 peccatis.
2469 951 2609 1018 (Cur
2628 967 2854 1018 azymos
2868 952 3103 1017 dixerit)
3125 952 3336 1006 etenim
3362 954 3414 1018 4,
3441 953 3490 1009 5.
3518 955 3744 1010 Pascha

458 1049 716 1099 nostrum
739 1042 1064 1098 immolatus
1086 1048 1175 1097 est
1197 1041 1473 1103 Christus,
1505 1058 1667 1111 quem
1686 1044 1837 1097 edere
1866 1044 2135 1096 debemus.
2169 1042 2365 1112 Itaque
2393 1057 2518 1094 eum
2555 1040 2851 1111 epulamur
2887 1056 3000 1095 non
3039 1041 3097 1094 in
3136 1042 3410 1098 fermento
3441 1045 3633 1111 veteri,
3668 1048 3740 1101 in

452 1135 685 1203 peccatis
712 1135 904 1187 veteris
920 1133 1181 1198 hominis,
1213 1148 1394 1204 neque
1421 1131 1480 1186 in
1506 1131 1780 1186 fermento
1805 1130 2034 1184 malitia
2059 1135 2117 1185 et
2142 1130 2426 1201 nequitiae,
2461 1129 2512 1195 6,
2544 1126 2597 1184 7.
2622 1129 2721 1183 sed
2742 1129 2799 1183 in
2815 1129 3026 1197 azymis
3045 1127 3098 1186 8.
3116 1130 3479 1199 sinceritatis,
3510 1140 3568 1188 et
3588 1135 3740 1190 veri-

454 1221 609 1277 tatis.
641 1219 695 1276 9.
728 1220 934 1293 Scripsi
958 1220 1114 1277 vobis
1142 1220 1203 1276 in
1229 1221 1660 1293 epistola,qu
1689 1222 1762 1274 eis
1787 1225 1915 1274 ante
1934 1222 2100 1273 istam
2136 1220 2382 1284 miserat,
2414 1233 2485 1271 ne
2513 1217 2984 1272 commisceamini
3004 1218 3352 1288 fornicariis;
3386 1237 3498 1275 non
3531 1223 3738 1294 utique

450 1308 800 1376 fornicariis;
826 1309 1173 1381 hujusmodi,
1196 1313 1495 1378 gentilibus
1519 1312 1668 1364 idola
1695 1310 2012 1375 colentibus,
2045 1312 2145 1362 aut
2166 1306 2367 1372 avaris,
2400 1310 2501 1360 aut
2528 1305 2842 1376 rapacibus,
2873 1312 2974 1360 aut
2993 1305 3158 1361 idolis
3188 1309 3562 1364 servientibus
3587 1329 3601 1377 ;
3635 1308 3732 1379 10,

453 1395 515 1454 ll
534 1397 812 1469 .alioquin
833 1401 884 1452 si
897 1401 1187 1465 enim“
1205 1398 1314 1454 hac
1326 1401 1680 1468 scripsissem,
1702 1396 2022 1451 debueratis
2041 1402 2293 1466 parentes
2312 1400 2572 1463 pracepto
2594 1410 2710 1447 meo
2731 1394 2800 1448 de
2824 1394 2928 1449 hoc
2942 1395 3171 1462 mundo,
3198 1402 3483 1453 communi
3511 1415 3737 1454 conver-

448 1487 1025 1557 satione,exisse,quia
1044 1488 1245 1557 ubique
1263 1491 1397 1541 sunt
1423 1488 1555 1541 tales
1580 1487 1904 1554 fornicarii.
1928 1486 2089 1540 Nunc
2119 1490 2309 1539 autem
2339 1483 2488 1554 scrip
2507 1484 2555 1536 si
2576 1483 2750 1548 vobis,
2786 1499 2912 1549 ergo
2939 1487 3074 1553 quia
3094 1501 3206 1539 non
3226 1488 3394 1553 illud,
3411 1491 3558 1555 patet
3580 1490 3738 1544 vobis

448 1577 829 1647 mescripsisse
857 1577 940 1629 ita
972 1580 1037 1629 ut
1065 1577 1333 1645 sequitur)
1359 1573 1445 1631 12.
1482 1590 1595 1629 non
1622 1574 1990 1642 commisceri,
2021 1574 2070 1627 si
2110 1574 2159 1627 is
2196 1573 2293 1644 qui
2322 1571 2497 1626 frater
2524 1572 2851 1626 nominatur
2880 1576 3028 1626 inter
3058 1589 3147 1626 vos
3175 1578 3263 1628 est
3290 1574 3615 1643 fornicator,
3630 1584 3739 1633 aut

448 1675 675 1730 avarus,
714 1669 814 1718 aut
843 1663 1010 1718 idolis
1037 1663 1310 1731 serviens,
1362 1669 1461 1719 aut
1497 1662 1826 1726 maledicus,
1857 1668 1957 1718 aut
1984 1661 2256 1728 ebriosus,
2289 1666 2388 1715 aut
2418 1676 2619 1731 rapax;
2649 1677 2775 1715 cum
2813 1661 3091 1732 ejusmodi
3128 1678 3231 1719 nec
3260 1662 3444 1718 cibum
3474 1680 3729 1721 sumere.

446 1750 595 1815 Quid
626 1751 777 1807 enim
808 1751 949 1806 mihi
970 1752 1035 1806 de
1073 1753 1408 1820 fornicariis
1438 1753 1642 1806 mundi
1670 1751 1815 1805 nihil
1836 1752 1962 1805 dimi
1994 1749 2064 1804 de
2107 1748 2196 1816 iis,
2229 1749 2324 1818 qui
2351 1747 2509 1811 foris,
2531 1753 2686 1801 extra
2715 1750 2993 1802 ecclesiam
3023 1754 3171 1813 sunt,
3197 1750 3495 1820 judicare?
3523 1753 3735 1810 Nonne

444 1838 516 1894 de
544 1839 631 1907 iis,
666 1841 764 1912 qui
791 1840 946 1896 intus
974 1845 1108 1895 sunt
1135 1843 1306 1895 initio
1332 1843 1533 1910 scripsi
1553 1842 1618 1894 de
1640 1841 1727 1894 his
1751 1843 1854 1909 qui
1879 1843 2036 1893 intus
2054 1842 2188 1892 sunt
2216 1853 2311 1890 vos
2336 1834 2635 1906 judicatis?
2654 1851 2690 1888 a
2716 1838 2946 1891 minori.
2972 1835 3118 1889 Nam
3143 1852 3256 1903 eos,
3292 1839 3389 1909 qui
3415 1840 3551 1895 toris
3568 1847 3731 1910 sunt,

440 1927 593 1986 Deus
621 1933 686 1986 in
710 1930 947 1986 Ecclesia
969 1928 1261 2001 judicabit,
1294 1945 1408 1985 non
1436 1945 1547 1999 ego.
1582 1931 1768 1997 Igitur
1802 1945 1868 1983 ne
1896 1943 1984 1982 vos
2013 1930 2359 1996 corrumpat,
2389 1923 2603 1979 auferte
2635 1924 2720 1980 13.
2745 1924 2956 1978 malum
2988 1926 3227 1992 fratrem
3258 1942 3325 1980 ex
3346 1926 3497 1982 vobis
3529 1929 3689 2000 ipsis.

1897 2104 2131 2160 CAPUT
2166 2107 2261 2161 VI.

508 2258 694 2315 Audet
731 2254 936 2330 aliquis
965 2262 1216 2313 vestrum
1241 2255 1452 2313 habens
1472 2256 1782 2328 negotium,
1813 2273 2059 2324 causam,
2093 2257 2360 2312 adversus
2390 2257 2650 2321 alterum,
2663 2256 2904 2326 judicari
2933 2255 3081 2328 apud
3111 2255 3356 2327 iniquos,
3377 2256 3645 2327 inﬁdeles,
3672 2267 3738 2315 et

433 2364 549 2405 non
577 2347 726 2419 apud
756 2346 1011 2402 tanctos?
1029 2348 1245 2414 ﬁdeles?
1282 2346 1326 2403 Ι.
1351 2348 1438 2400 An
1475 2346 1704 2401 nescitis
1727 2346 1994 2417 quoniam
2024 2347 2204 2401 sancti
2233 2345 2302 2400 de
2327 2346 2431 2401 hoc
2454 2346 2663 2400 mundo
2685 2346 3067 2416 judicabunt?
3097 2346 3167 2400 Et
3193 2347 3241 2399 si
3265 2345 3324 2400 in
3354 2345 3527 2410 vobis,
3553 2354 3735 2405 vestri

431 2439 693 2507 exemplo,
734 2434 1084 2507 judicabitur
1109 2434 1375 2502 mundus,
1408 2434 1625 2505 indigni
1654 2434 1788 2489 estis
1809 2436 1905 2506 qui
1945 2436 2015 2489 de
2045 2434 2293 2489 minimis
2315 2432 2633 2505 judicetis?
2679 2451 2791 2488 non
2836 2438 3026 2504 utique
3076 2441 3126 2487 ι’.
3167 2434 3409 2489 Nescitis
3452 2436 3731 2506 quoniam

427 2526 676 2599 angelos,
699 2527 984 2593 daemones,
1011 2523 1431 2596 judicabimus?
1457 2524 1680 2589 Quanto
1711 2523 1893 2595 magis
1913 2522 2240 2579 saecularia?
2265 2523 2514 2593 (ironia.)
2548 2522 2848 2578 Saecularia
2866 2522 3042 2593 igitur
3060 2522 3273 2593 judicia
3287 2522 3336 2577 si
3358 2522 3679 2581 habueritis
3717 2547 3730 2582 :

1778 2676 2367 2732 COMMENTARIUS.

426 2827 628 2884 tandiu
644 2828 916 2895 traderet,
948 2826 1727 2901 quoadusque,pcenitentiam
1748 2831 2034 2901 proﬁtens,
2055 2833 2105 2890 Α
2124 2829 2506 2886 sinceritatem
2534 2834 2588 2883 et
2618 2827 2908 2883 veritatem
2937 2828 3226 2884 habemus.

426 2935 462 2974 a
497 2919 786 2992 proposito
813 2917 965 2973 malo
983 2917 1298 2973 desisteret.
2177 2920 2230 2976 9.
2259 2918 2473 2986 Scripsi
2490 2920 2653 2973 vobis.
2688 2918 2993 2989 Epistolam
3028 2919 3349 2990 quamdam,
3382 2935 3507 2991 quae
3537 2919 3717 2975 modo

494 3006 548 3066 3.
605 3009 943 3078 Conspersio.
1001 3004 1335 3079 Conspersio
1384 3012 1471 3062 est
1509 3008 1693 3063 farina
1740 3014 1799 3063 et
1850 3025 2020 3080 aqua,

422 3096 721 3152 commista
751 3096 923 3151 simul
950 3095 1071 3151 sine
1099 3095 1393 3163 fermento,
1428 3096 1690 3152 similiter
1720 3103 1778 3151 et
1803 3114 2017 3169 azyma.

423 3186 616 3243 Monet
638 3184 816 3255 igitur
834 3189 900 3240 ut
916 3184 1033 3238 sint
1058 3184 1290 3240 vivendo
1311 3186 1511 3241 mundi
1526 3204 1561 3241 a
1582 3186 1848 3259 peccatis,
1880 3188 2027 3241 sicut

420 3273 682 3330 inundati
710 3273 769 3327 in
806 3271 1107 3344 baptismo.

492 3363 551 3418 4.
582 3363 651 3418 Et
669 3364 821 3417 enim
849 3363 1056 3417 Pascha
1093 3367 1375 3421 nostrum.
1426 3364 1590 3420 Ratio
1613 3376 1714 3420 cur
1737 3381 1837 3419 nos
1868 3381 2026 3418 mun-

422 3452 526 3508 dos
541 3467 573 3507 a
595 3455 820 3523 peccato
840 3450 1022 3506 vivere
1040 3456 1314 3524 oporteat,
1327 3452 1584 3509 videlicet
1603 3454 1734 3526 quia
1765 3453 2023 3508 Christus

424 3541 752 3596 immolatus
780 3544 883 3607 est,
913 3556 1078 3612 quem
1098 3542 1318 3612 epulari
1337 3541 1625 3598 debemus.
1650 3543 1719 3597 Et
1745 3548 1833 3596 est
1845 3541 1981 3595 ordo
2005 3558 2017 3593 :

421 3629 631 3685 etenim
677 3628 950 3698 Christus,
985 3628 1082 3702 qui
1111 3635 1198 3686 est
1234 3631 1450 3687 Pascha
1491 3636 1768 3698 nostrum,
1801 3634 1886 3684 est
1913 3629 2022 3683 im-

420 3718 683 3774 molatus.

493 3807 546 3863 5.
578 3808 826 3863 Aunus'r.
877 3809 1098 3878 (Expos.
1146 3811 1210 3862 in
1257 3808 1466 3877 Evang.
1510 3810 1673 3863 Joan.
1714 3812 1878 3862 tract.
1930 3810 2017 3876 55,

417 3902 557 3952 tom.
589 3896 706 3957 IX).
742 3897 960 3951 Etenim
991 3896 1194 3950 Pascha
1235 3902 1512 3950 nostrum.
1544 3895 1718 3967 Cujus
1747 3897 2019 3968 sanguine

417 3985 576 4042 illitis
611 3985 867 4058 postibus
896 3984 1122 4050 nostris,
1175 3983 1232 4038 id
1264 3989 1368 4050 est,
1418 3985 1577 4055 cujus
1632 3985 1795 4056 signo
1838 3987 2018 4042 crucis
2068 3995 2075 4000 ‘

2106 3025 2219 3063 non
2249 3008 2506 3073 habetur,
2541 3006 2697 3060 misit
2724 3005 2867 3072 illis;
2898 3006 2956 3060 in
2979 3023 3091 3077 qua
3111 3006 3374 3078 praecepit
3392 3023 3463 3061 ne
3484 3006 3721 3077 partici-

2108 3097 2390 3169 pationem
2444 3094 2717 3149 haberent
2743 3112 2871 3149 cum
2909 3096 3225 3149 fornicariis
3268 3102 3325 3150 et
3373 3095 3588 3150 caeteris
3638 3097 3720 3152 de

2108 3186 2317 3257 quibus
2352 3185 2504 3239 dicit.
2540 3184 2644 3240 Sed
2679 3184 2811 3254 quia
2835 3200 2947 3238 non
2976 3184 3231 3239 distinxit
3260 3185 3329 3240 de
3364 3185 3566 3256 quibus
3599 3185 3721 3241 for-

2106 3274 2335 3329 nicariis
2363 3272 2584 3339 dixerit,
2619 3262 2972 3339 Christianis,
3020 3289 3092 3327 an
3120 3275 3402 3344 gentibus,
3444 3280 3719 3345 putatum

2107 3369 2193 3418 est
2219 3380 2254 3417 a
2286 3361 2609 3428 Corinthiis,
2643 3362 2711 3415 de
2740 3360 3052 3416 fornicariis
3079 3363 3340 3433 gentibus
3369 3379 3499 3418 eum
3526 3364 3715 3418 dixis-

2106 3469 2184 3507 se.
2218 3451 2397 3516 Quam
2429 3439 2623 3505 eorum
2670 3466 2985 3522 perversam
3013 3451 3444 3522 intelligentiam
3472 3453 3714 3523 corrigit

2106 3541 2196 3595 hic
2224 3540 2541 3612 Apostolus.

2183 3628 2266 3685 10.
2317 3630 2602 3697 Alioquin,
2643 3628 2700 3681 id
2732 3633 2835 3693 est,
2870 3629 2917 3683 si
2944 3630 3327 3700 pmcepissem
3366 3629 3523 3685 vobis
3554 3648 3706 3702 gen-

2100 3718 2243 3773 tium
2275 3717 2761 3789 participationem
2781 3718 2992 3789 fugere,
3017 3717 3337 3773 debueratis
3365 3719 3434 3773 de
3463 3721 3710 3775 munda-

2103 3823 2178 3861 na
2205 3806 2642 3872 conversatione,
2673 3806 2732 3861 in
2756 3807 2940 3862 locum
2968 3807 3254 3862 desertum
3283 3807 3432 3863 exire
3456 3826 3470 3876 ;
3500 3825 3705 3866 omnes

2104 3895 2251 3950 enim
2272 3893 2580 3960 fornicarii,
2611 3895 2783 3960 avari,
2813 3898 2920 3950 etc.

2175 3983 2233 4042 ll
2269 3986 2522 4039 AMBROS.
2567 3984 2850 4054 Alioquin,
2883 3983 2940 4038 id
2970 3990 3073 4052 est,
3106 3985 3153 4039 si
3184 3984 3688 4056 commisceamini,

416 4074 653 4145 signatis
681 4072 961 4129 frontibus
987 4072 1214 4139 nostris,
1231 4089 1267 4126 a
1286 4072 1602 4144 perditione
1633 4074 1799 4145 hujus
1827 4074 2013 4131 saeculi
2099 4073 2300 4129 melius
2324 4079 2448 4127 erat
2476 4088 2570 4127 vos
2596 4073 2759 4127 mori.

417 4167 690 4234 tanquam
714 4179 747 4217 a
775 4162 1122 4234 captivitate,
1163 4162 1248 4216 vel
1290 4162 1723 4233 interemptione
1753 4148 2077 4238 EgyptiaB
2174 4161 2254 4219 ‘l'2.
2287 4163 2490 4217 Lanam
2524 4164 2647 4215 Non
2677 4164 3033 4229 commisceri,
3066 4163 3217 4219 Ordo
3249 4182 3261 4216 :
3303 4180 3417 4219 non
3458 4166 3703 4222 commi-

415 4249 725 4305 liberamur
742 4255 800 4305 et
814 4250 1034 4321 agimus
1058 4249 1493 4305 saluberrimum
1520 4252 1854 4322 transitum;
1885 4270 2013 4308 cum

417 4356 453 4394 a
471 4338 693 4394 diabolo
719 4338 1031 4394 transimus
1056 4338 1127 4392 ad
1158 4338 1446 4394 Christum
1471 4357 1483 4407 ;
1516 4345 1574 4395 et
1598 4340 1667 4396 ab
1696 4341 1805 4397 isto
1836 4342 2014 4397 insta-

416 4427 515 4482 bili
543 4427 744 4482 saeculo
792 4427 864 4482 ad
911 4427 1035 4498 ejus
1089 4424 1546 4484 fundatissimum
1587 4447 1842 4503 regnum.
1884 4432 2016 4487 Ideo

419 4515 626 4587 quippe
672 4515 742 4570 ad
772 4516 952 4570 Deum
981 4521 1402 4587 permanentem
1431 4517 1756 4588 transimus,
1790 4536 1861 4574 ne
1888 4536 2014 4575 cum

418 4604 629 4660 mundo
657 4609 989 4660 transeunte
1015 4610 1389 4660 transeamus.

487 4689 542 4749 6.
572 4694 755 4764 (Ibid,
806 4709 876 4748 ea:
912 4695 1009 4748 lib.
1058 4708 1213 4749 xxxu
1241 4699 1435 4750 contra
1463 4698 1748 4764 Faustum,
1771 4714 1895 4769 cap.
1921 4699 1949 4752 1
1969 4696 2011 4765 l,

416 4784 555 4838 tom.
579 4781 696 4847 VI.)
725 4782 830 4838 Sed
856 4784 922 4836 in
941 4785 1182 4851 azymis.
1206 4785 1417 4856 Azyma
1434 4803 1565 4842 vero
1582 4786 1677 4858 qui
1703 4792 1868 4841 rectm
1884 4785 2014 4840 ﬁdei

418 4869 721 4925 Christiani
753 4876 905 4938 sunt,
940 4872 1132 4926 nonin
1157 4871 1433 4929 fermento
1463 4877 1636 4931 veteri
1666 4876 1804 4945 [ad.,
1833 4873 2009 4948 vitae],

412 4957 519 5012 hoc
544 4965 631 5014 est
656 4959 906 5027 malitiae,
937 4960 1036 5014 sed
1066 4961 1126 5015 in
1153 4961 1331 5033 ipsius
1365 4965 1495 5019 ﬁdei
1542 4965 1778 5018 veritate
1807 4969 1864 5019 et
1891 4965 2007 5019 sin-

413 5048 648 5103 ceritate
676 5049 1014 5104 custodiunt.
1054 5050 1179 5105 Non
1211 5057 1424 5124 septem
1463 5053 1679 5118 diebus,
1713 5053 1807 5107 sed
1853 5053 2008 5108 omni

413 5135 524 5202 die,
558 5128 709 5208 quod
739 5137 1113 5207 signiﬁcatum
1168 5144 1255 5194 est
1289 5156 1526 5196 numero
1572 5141 1791 5196 dierum
1821 5145 2008 5212 septe-

413 5225 593 5281 nario.

481 5313 536 5369 7.
587 5316 833 5373 Manus.
884 5316 989 5372 Sed
1028 5319 1093 5371 in
1130 5320 1366 5385 azymis.
1403 5317 1706 5372 Sinceritas
1735 5318 2005 5372 mundam

2096 4249 2238 4305 sceri
2284 4266 2409 4304 cum
2441 4249 2736 4320 ejusmodi,
2768 4265 2871 4304 nec
2910 4248 3097 4305 cibum
3134 4268 3397 4321 sumere;
3429 4252 3492 4310 Si
3519 4256 3565 4308 is
3592 4257 3699 4325 qui

2096 4342 2294 4408 frater,
2323 4345 2429 4395 etc.

2174 4427 2256 4485 13.
2290 4429 2539 4485 Ληουεῖ.
2571 4429 2654 4496 (ea:
2679 4428 2773 4483 lib.
2801 4441 2839 4481 ιι
2883 4428 3141 4496 Retract,
3172 4446 3221 4484 c.
3252 4430 3341 4497 17,
3371 4435 3508 4484 tom.
3543 4430 3697 4504 VII).

2099 4517 2325 4586 Auferte
2373 4520 2608 4571 malum.
2642 4516 2801 4580 Quod
2827 4515 2910 4571 ait
2934 4518 3237 4589 Apostolus
3269 4537 3281 4572 :
3313 4519 3542 4575 Auferte
3566 4538 3699 4577 ma-

2098 4606 2215 4660 lum
2259 4623 2326 4660 ex
2357 4605 2510 4660 vobis
2553 4605 2719 4677 ipsis;
2762 4610 2826 4660 ut
2860 4622 2927 4661 ex
2973 4606 3158 4678 seipso
3206 4609 3440 4680 quisque
3471 4610 3701 4667 auferat

2098 4695 2329 4761 malum,
2362 4710 2473 4750 non
2504 4695 2585 4749 sic
2611 4711 2731 4749 esse
2756 4694 3181 4766 intelligendum
3204 4703 3292 4752 est
3316 4716 3329 4766 ;
3376 4699 3473 4753 sed
3500 4700 3696 4770 potius

2097 4791 2162 4838 ut
2182 4783 2348 4839 homo
2376 4786 2557 4840 malus
2586 4784 2877 4839 auferatur
2905 4801 2969 4839 ex
2999 4786 3318 4841 hominibus
3334 4786 3512 4853 bonis,
3538 4790 3695 4859 quod

2096 4875 2160 4929 ﬁt
2185 4891 2285 4946 per
2304 4873 2733 4929 ecclesiasticam
2747 4873 3121 4946 disciplinam,
3133 4876 3270 4932 satis
3282 4877 3474 4931 Graeca
3494 4877 3697 4949 lingua

2091 4963 2338 5032 indicat;
2370 4963 2465 5018 ubi
2495 4963 2617 5018 sine
2640 4962 3008 5033 ambiguitate
3037 4965 3184 5036 scrip
3198 4971 3318 5021 tum
3331 4972 3417 5021 est
3443 4972 3508 5021 ut
3526 4967 3696 5024 intel-

2090 5052 2301 5122 ligatur
2328 5053 2476 5107 hunc
2502 5053 2734 5120 malum,
2760 5069 2873 5106 non
2904 5053 3006 5107 hoc
3026 5054 3260 5109 malum.

2163 5142 2300 5194 CAP
2353 5141 2447 5196 VI.
2485 5173 2542 5183 --
2580 5143 2621 5197 I.
2647 5142 2898 5196 AMBROS.
2927 5145 3015 5197 An
3038 5146 3256 5197 nescitis
3274 5148 3560 5213 quoniam.
3595 5145 3701 5202 Ju-

2090 5227 2356 5283 dicabunt
2382 5229 2560 5284 sancti
2591 5230 2741 5284 hunc
2761 5231 3032 5285 mundum
3059 5249 3071 5299 ;
3105 5232 3237 5303 quia
3267 5233 3521 5305 exemplo
3551 5233 3692 5292 ﬁdei

2091 5334 2283 5373 eorum
2312 5319 2548 5390 perﬁdia
2575 5319 2769 5374 mundi
2803 5319 3185 5377 damnabitur.

408 5400 583 5456 vitam
611 5401 805 5474 faciat;
852 5404 1059 5459 veritas
1107 5410 1297 5459 autem
1348 5421 1573 5460 omnem
1619 5404 1875 5460 fraudem
1918 5422 2069 5487 ex—c
2156 5406 2210 5463 2.
2244 5409 2487 5464 Auens'r.
2526 5411 2611 5476 (in
2642 5411 2786 5478 psal.
2822 5423 3038 5477 Lxxxvl,
3089 5415 3227 5464 tom.
3279 5410 3404 5481 1X).
3459 5411 3699 5473 Nescitis

409 5488 619 5546 cludat.

473 5576 530 5635 8.
587 5580 793 5636 Lara.
847 5580 1219 5647 Sinceritatis,
1260 5580 1318 5635 id
1365 5586 1468 5647 est,
1525 5581 1584 5637 in
1614 5582 1770 5638 illam
1803 5583 1997 5652 vicem,

406 5683 519 5740 qua
544 5668 720 5725 Judaei
748 5685 972 5742 azymos
999 5682 1173 5740 panes
1200 5669 1540 5726 manducare
1567 5671 1856 5741 solebant;
1898 5690 2000 5729 nos

2085 5500 2352 5566 quoniam
2387 5502 2631 5567 angelos.
2667 5497 2818 5562 Quos
2846 5499 3095 5570 angelos,
3127 5499 3236 5555 nisi
3264 5504 3549 5572 apostatas
3575 5518 3692 5559 an-

2081 5585 2237 5657 gelos
2259 5587 2284 5640 τ
