3912 6430
160 393 234 450 I73
804 394 884 449 IN
919 393 988 448 D.
1029 391 1245 448 PAULI
1286 390 1511 448 EPIST.
1551 388 1923 446 COMMENT.
1966 416 2033 432 -
2074 386 2309 453 EPIST.
2335 388 2434 445 AD
2472 388 2633 445 COR.
3247 388 3356 447 1⁵14
3388 458 3393 469 ι

155 514 192 573 3.
213 515 255 573 4.
281 515 713 588 Contemptibiles
744 517 837 588 qui
863 521 995 571 sunt
1025 516 1082 570 in
1107 515 1370 581 Ecclesia,
1406 515 1530 571 illos
1557 514 1882 571 constituite
1912 513 1983 569 ad
2007 514 2396 586 judicandum.
2418 511 2472 568 5.
2503 510 2611 577 Ad,
2638 509 2699 566 id
2726 513 3064 583 est,.propter
3087 525 3353 567 verecun-

152 605 267 659 diam
288 611 526 669 vestram,
553 622 665 660 non
691 610 1073 671 wsententia,
1098 607 1190 659 sed
1212 605 1602 659 stomachando
1631 606 1695 657 in
1722 619 1812 657 vos
1840 602 1963 657 dico
2009 603 2100 658 Sic
2130 619 2242 658 non
2269 608 2355 658 est
2380 603 2529 657 inter
2545 615 2642 654 vos
2670 597 2895 670 sapiens
2919 595 3234 670 quisquam,
3259 599 3367 672 qui
3406 622 3409 625 ν

150 695 287 765 possit
303 695 539 764 judicare
558 695 706 749 inter
731 695 962 749 fratrem
985 694 1192 750 suum?
1210 693 1319 748 Sed
1346 693 1519 746 frater
1535 709 1663 747 cum
1683 691 1855 746 fratre
1874 691 2088 762 judicio
2118 692 2427 758 contendit,
2457 696 2513 745 et
2533 690 2639 744 hoc
2660 687 2809 761 apud
2827 687 3121 742 inﬁdeles?
3148 684 3356 743 seilicet
3398 684 3405 715 ⁵

149 788 316 850 agitur.
331 780 516 839 6.1am
537 782 763 854 quidem
792 784 1021 836 omnino
1041 782 1309 836 delictum
1335 789 1421 837 est
1444 782 1500 836 in
1528 781 1700 848 vobis,
1729 780 1878 852 quod
1891 780 2106 851 judicia
2128 779 2345 835 habetis
2360 786 2489 848 εἴ,
2506 780 2654 834 inter
2675 795 2788 832 vos.
2811 777 2996 842 Quare
3020 793 3132 831 non
3149 777 3354 848 magis,
3402 774 3406 778 ’

150 887 279 939 quam
290 872 488 938 judicio
527 872 883 936 contendatis,
915 871 1182 941 injuriam
1212 870 1465 942 accipitis
1484 871 1509 923 ?
1538 871 1724 934 Quare
1753 886 1866 925 non
1898 870 2077 940 magis
2123 869 2374 924 fraudem
2400 867 2709 941 patimini?
2740 868 2791 922 7.
2823 866 2933 922 Sed
2961 883 3058 922 vos
3084 867 3353 937 injuriam

146 959 304 1026 facitis,
320 966 371 1013 et
390 959 677 1015 fraudatis.
705 960 966 1027 fraudem
986 960 1229 1026 inferiis;
1252 966 1310 1014 et
1329 959 1434 1013 hoc
1454 959 1748 1027 fratribus,
1778 959 1984 1025 facitis.
2008 959 2190 1013 Nolite
2207 960 2469 1027 fraudem
2487 959 2686 1026 facere,
2717 959 2853 1026 quia
2872 959 2924 1010 si
2934 957 3142 1024 facitis,
3167 957 3356 1024 iniqui

146 1051 268 1110 estis;
285 1049 366 1102 sed
392 1051 578 1117 iniqui
604 1064 841 1116 regnum
862 1050 961 1103 Dei
987 1065 1101 1103 non
1121 1050 1490 1119 possidebunt;
1528 1050 1673 1118 quod
1696 1048 1890 1116 probat
1909 1051 2111 1114 aperte.
2134 1047 2221 1100 An
2246 1046 2470 1101 nescitis
2490 1045 2625 1116 quia
2645 1044 2823 1116 iniqui
2853 1060 3093 1115 regnum
3114 1043 3216 1098 Dei
3238 1058 3354 1115 non
3404 1113 3409 1117 _

145 1136 482 1206 possidebunt?
509 1137 696 1191 Nolite
724 1153 914 1191 errare
950 1154 961 1190 :
991 1154 1104 1192 non
1132 1139 1403 1192 credentes
1437 1139 1581 1207 quod
1606 1138 1726 1191 dico
1762 1153 1774 1189 :
1816 1148 1999 1203 neque
2030 1133 2333 1201 fornicarii,
2377 1150 2561 1205 neque
2601 1132 2766 1187 idolis
2808 1131 3136 1199 servientes,
3169 1147 3355 1203 neque
3401 1151 3409 1159 ·

145 1225 354 1291 adulteri,
395 1242 575 1298 neque
603 1227 818 1287 molles.
846 1230 912 1281 in
950 1229 1156 1296 seipsis,
1191 1243 1375 1298 neque
1422 1225 1805 1282 masculorum
1851 1220 2259 1288 concubitores,
2311 1238 2495 1294 neque
2529 1221 2699 1287 fures,
2745 1237 2929 1292 neque
2961 1220 3136 1289 avari,
3176 1234 3362 1293 neque
3406 1216 3412 1225 ’

146 1313 326 1381 ebriosi,
342 1331 516 1386 neque
536 1314 813 1376 maledici,
840 1330 1024 1385 neque
1048 1331 1297 1386 rapaces,
1324 1330 1562 1385 regnum
1577 1313 1679 1368 Dei
1703 1310 2084 1384 possidebunt.
2114 1312 2184 1366 Et
2200 1312 2318 1366 haec
2337 1311 2719 1383 olimquidam
2740 1309 2945 1366 fuistis.
2967 1326 3062 1365 nec
3090 1310 3208 1364 ideo
3239 1310 3365 1382 dico
3404 1382 3411 1389 1

146 1408 191 1455 ut
206 1419 336 1458 nunc
362 1407 488 1458 tales
514 1406 639 1457 sitis
664 1422 678 1470 ;
711 1403 809 1457 sed
835 1402 1013 1457 abluti
1033 1404 1189 1469 estis,
1221 1403 1320 1457 sed
1350 1401 1681 1457 sanctiﬁcati
1708 1400 1980 1471 estis,,sed
1995 1400 2294 1471 justiﬁcati
2323 1401 2478 1466 estis,
2500 1401 2560 1458 8.
2589 1399 2648 1454 in
2679 1390 2906 1454 nomine
2927 1397 3151 1469 Domini
3182 1397 3363 1453 nostri

143 1491 245 1545 Jesu
271 1491 482 1557 Christi,
515 1495 580 1546 in
609 1491 897 1560 baptismo,
925 1496 981 1545 et
1008 1492 1069 1545 in
1093 1491 1295 1563 spiritu
1340 1490 1441 1546 Dei
1468 1489 1665 1544 nostri.
1711 1489 1935 1555 Omnia,
1970 1505 2083 1543 non
2111 1492 2279 1558 legali
2306 1491 2580 1556 doctrina,
2611 1490 2702 1542 sed
2745 1489 2920 1541 libera
2947 1490 3202 1555 potestate
3225 1484 3367 1539 mihi
3399 1481 3409 1557 Ῐ

143 1580 292 1644 licent,
316 1580 408 1634 sed
433 1595 548 1634 non
575 1578 767 1633 omnia
796 1578 1097 1650 expediunt
1127 1576 1179 1635 9.
1213 1579 1417 1634 Omnia
1446 1577 1585 1632 mihi
1604 1577 1792 1644 licent,
1822 1575 1922 1631 sed
1949 1594 2053 1648 ego
2082 1578 2186 1632 sub
2217 1577 2427 1633 nullius
2454 1579 2582 1632 vitii
2604 1575 2829 1646 redigar
2855 1579 3134 1647 potestate
3164 1593 3177 1643 ;
3209 1576 3371 1644 quasi

143 1668 408 1735 dicere;non
418 1671 481 1722 in
493 1669 767 1736 parandis
781 1670 911 1721 escis
921 1674 969 1722 et
984 1671 1311 1739 saturandis
1325 1669 1608 1723 ventribus
1623 1669 1972 1737 superﬂuum
1985 1669 2138 1721 studi
2142 1685 2237 1722 um
2248 1668 2442 1722 habere
2453 1668 2812 1734 debetis,quia
2828 1668 3018 1734 utique
3035 1662 3375 1719 transitoria
3406 1688 3412 1692 ·

143 1763 258 1810 sunt.
282 1758 410 1811 Esca
427 1756 632 1819 ventri,
669 1758 873 1810 scilicet
889 1762 1152 1825 paratur,
1179 1763 1235 1811 et
1262 1763 1459 1811 venter
1475 1759 1819 1810 sustentatur
1844 1754 1985 1810 escis
2020 1772 2032 1808 :
2075 1755 2158 1814 10.
2191 1757 2340 1812 Deus
2368 1762 2559 1811 autem
2586 1761 2643 1810 et
2665 1756 2834 1820 hunc,
2867 1760 2925 1809 et
2949 1755 3052 1810 has
3077 1754 3331 1810 destruet
3354 1771 3369 1822 ;
3406 1822 3411 1828 ,

144 1861 305 1916 corpus
329 1851 514 1900 autem
541 1861 654 1899 non
682 1846 908 1900 debetur
936 1844 1311 1911 fornicationi,
1345 1845 1444 1900 sed
1476 1847 1641 1900 subdi
1676 1845 1825 1900 debet
1872 1845 2134 1913 Domino,
2166 1852 2224 1901 et
2261 1833 2550 1913 Dominus,
2583 1848 2785 1902 scilicet
2822 1846 2974 1900 dabit
3001 1847 3365 1899 aeternitatem
3384 1850 3409 1913 γ’

144 1934 340 2003 corpori.
370 1934 519 1987 Deus
549 1950 677 1987 vero
706 1938 803 2003 (vel
835 1937 1206 1989 ressuscitabit
1244 1938 1463 2003 ipsum;
1493 1937 1670 2003 potuit
1697 1936 1849 1988 enim
1880 1939 2235 1990 ressuscitare
2275 1936 2576 2001 Christum)
2608 1940 2666 1989 et
2696 1933 2997 1989 Dominum
3039 1933 3365 1988 suscitavit:
3414 1926 3422 1932 ’

145 2025 187 2073 et
202 2037 285 2074 nos
311 2021 601 2075 suscitabit
630 2038 728 2093 per
758 2021 1020 2076 virtutem
1042 2040 1222 2077 suam.
1243 2023 1479 2078 Nescitis
1519 2023 1785 2094 quoniam
1811 2039 2045 2093 corpora
2074 2030 2259 2079 vestra
2287 2023 2542 2079 membra
2569 2029 2703 2079 sunt
2716 2022 2959 2078 Christi?
2979 2022 3202 2077 Tollens
3228 2038 3371 2092 ergo

144 2108 352 2163 membra
378 2110 609 2173 Christi,
634 2111 833 2164 faciam
868 2110 1119 2166 membra
1140 2111 1452 2167 meretricis
1470 2111 1499 2165 ?
1524 2114 1583 2166 id
1618 2117 1711 2177 est,
1743 2127 1868 2179 ergo
1898 2129 2127 2183 corpora
2150 2119 2341 2169 nostra
2379 2130 2491 2168 non
2520 2115 2810 2167 dabuntur
2834 2113 3221 2180 fornicationi,
3245 2127 3376 2165 cum
3409 2112 3416 2125 '

144 2200 233 2252 sint
257 2199 489 2251 membra
519 2198 745 2253 Christi.
770 2198 929 2254 Absit
954 2199 965 2252 l
994 2201 1046 2253 li
1063 2240 1074 2252 .
1093 2202 1181 2254 An
1209 2199 1438 2255 nescitis
1468 2200 1734 2271 quoniam
1756 2199 1852 2271 qui
1882 2198 1962 2265 1‘2,
1985 2200 2067 2259 i3.
2095 2202 2344 2257 adhaeret
2361 2201 2852 2268 meretrici,unum
2875 2216 3076 2272 corpus
3093 2199 3338 2255 efﬁcitur
3354 2197 3382 2251 ?

145 2285 289 2340 Erunt
304 2286 468 2352 enim,
500 2286 709 2357 inquit,
743 2288 856 2342 duo
882 2288 940 2342 in
971 2305 1138 2343 carne
1166 2306 1299 2343 una.
1324 2291 1365 2344 Α
1397 2292 1601 2346 simili.
1641 2289 1748 2355 Qui
1779 2296 1970 2343 autem
2000 2289 2251 2346 adhaeret
2267 2289 2526 2353 Domino,
2560 2306 2706 2345 unus
2738 2290 2971 2362 spiritus
2999 2294 3101 2344 est.
3132 2288 3279 2357 Ergo
3310 2302 3380 2342 ne

145 2375 242 2426 suis
258 2390 426 2429 unum
451 2391 582 2429 cum
612 2380 916 2431 meretrice.
949 2377 1150 2448 Fugite
1170 2378 1618 2433 fornicationem.
1642 2378 1822 2433 Omne
1842 2384 2155 2449 peccatum,
2180 2380 2552 2451 quodcunque
2572 2380 2769 2435 fecerit
2788 2381 2977 2446 homo,
3000 2384 3159 2434 extra
3175 2392 3380 2449 corpus
3417 2442 3423 2449 .

144 2464 293 2529 est,id
305 2468 393 2530 est,
408 2468 587 2520 solam
602 2467 859 2520 animam
880 2469 1265 2522 commaculat.
1292 2468 1375 2536 14,
1398 2467 1479 2525 15.
1501 2468 1597 2540 qui
1617 2474 1808 2523 autem
1823 2467 2152 2538 fornicatur,
2173 2469 2233 2524 in
2246 2485 2450 2542 corpus
2466 2485 2653 2538 suum,
2667 2473 2863 2525 contra
2874 2468 3271 2535 “honorem
3292 2465 3390 2534 sui

1443 2609 2034 2668 COMMENTARIUS.

198 2752 243 2806 3.
265 2755 507 2815 Minos.
565 2752 1025 2822 Contemptibiles.
1060 2748 1272 2808 Tamen
1298 2753 1699 2821 intractabiles,
1721 2756 1770 2815 Α
1791 2753 1923 2809 fecit
1949 2758 2007 2808 et
2035 2752 2104 2808 de
2130 2749 2228 2808 illo
2252 2750 2350 2825 qui
2377 2753 2655 2808 incestum
2683 2747 2952 2808 amiserat
2969 2749 3058 2824 [f.,
3093 2750 3391 2809 commise-

145 2841 626 2899 ctinconsideratos
649 2859 769 2897 esse
788 2841 1140 2913 signiﬁcavit,
1160 2848 1226 2897 ut
1245 2842 1536 2915 imperitos
1558 2845 1703 2899 forte
1787 2842 1917 2913 rat].
1932 2842 2184 2914 Denique
2212 2842 2409 2897 statim
2429 2842 2503 2896 ad
2530 2842 2879 2914 superiorem
2905 2857 3155 2911 sensum,
3188 2858 3249 2897 re
3269 2841 3394 2898 bre«

148 2947 198 2985 ex
219 2932 470 2990 fratribus
496 2934 719 3006 judices
747 2932 1035 3002 eligerent.
1790 2930 1934 2986 viter
1968 2932 2197 2986 interim
2240 2931 2653 2998 commendata,
2687 2931 2854 2986 redit.

198 3020 241 3078 4.
270 3023 476 3082 Larum.
531 3022 985 3092 Gontemptibiles.
1036 3022 1162 3076 Non
1217 3022 1566 3094 imperando,
1609 3025 1708 3080 sed
1863 3019 1947 3078 10.
1981 3022 2193 3078 LANFR.
2247 3023 2388 3075 Deus
2425 3026 2611 3075 autem
2652 3025 2701 3075 et
2731 3021 2899 3075 hunc.
2932 3020 3103 3085 Quasi
3130 3020 3390 3078 diceret:

145 3112 495 3181 exprobrando
538 3110 803 3183 supponit
851 3126 1077 3165 causam
1122 3128 1222 3166 cur
1263 3111 1454 3167 ﬁdeles
1483 3121 1713 3185 propter
1794 3122 1907 3165 non
1940 3109 1998 3163 in
2040 3109 2306 3180 parandis
2334 3110 2474 3164 escis
2501 3114 2559 3164 et
2605 3109 2926 3165 scrutandis
2955 3109 3243 3165 ventribus
3270 3113 3394 3173 stu-~

145 3196 516 3257 discussionem
567 3216 865 3255 causarum
918 3215 1148 3253 suarum
1197 3199 1268 3254 ad
1322 3199 1576 3256 inﬁdeles
1629 3203 1712 3258 ire
1793 3199 1926 3254 dere
1954 3197 2188 3261 debetis,
2223 3198 2357 3271 quia
2382 3203 2625 3271 utraque
2651 3198 2982 3254 transitoria
2999 3204 3151 3254 sunt.
3418 3194 3421 3197 ’

146 3295 400 3357 cogantur,
425 3290 690 3345 videlicet
705 3288 837 3360 quia
856 3305 1123 3360 personas
1143 3294 1494 3345 terrenarum
1524 3291 1711 3363 legum
1864 3289 2112 3344 AMBROS.
2139 3289 2207 3343 Et
2231 3290 2501 3343 Dominus
2519 3291 2756 3358 corpori.
2777 3287 3144 3355 Subauditur,
3167 3288 3397 3346 immor-

144 3376 355 3449 ignaras,
387 3382 455 3437 ad
512 3381 821 3436 audiendas
862 3380 1110 3434 ﬁdelium
1141 3396 1356 3446 causas,
1408 3383 1712 3439 constitue-
1793 3377 2071 3432 talitatem
2089 3377 2451 3433 resSUSCitatO
2484 3377 2791 3450 praestabit.

144 3462 270 3523 bant.
288 3471 353 3525 Et
370 3470 450 3525 ita
465 3470 682 3525 dictum
702 3473 789 3523 est
813 3467 1072 3523 similiter
1091 3469 1146 3522 in
1169 3469 1469 3539 Evangelia
1492 3473 1707 3537 (Matth.
1869 3464 1951 3523 11.
1982 3467 2194 3522 LANFR.
2225 3466 2316 3523 An
2346 3469 2564 3522 nescitis
2584 3468 2739 3536 quia,
2766 3472 2873 3522 etc.
2902 3467 3030 3523 Non
3050 3467 3265 3524 debetis
3291 3468 3401 3525 for-

145 3569 244 3622 xxv,
273 3558 318 3627 9)
345 3578 356 3613 :
389 3562 465 3615 Ite
492 3561 679 3629 potius
708 3559 780 3611 ad
802 3559 1107 3623 uendentes,
1133 3563 1192 3612 et
1214 3557 1275 3612 in
1305 3557 1540 3630 Virgilio
1563 3562 1708 3631 (Egl.
1792 3555 1968 3611 nicari
1997 3572 2127 3610 cum
2159 3556 2566 3621 meretricibus,
2599 3556 2731 3627 quia
2768 3556 2963 3612 essetis
2993 3574 3169 3613 unum
3199 3548 3419 3631 corpus.

146 3650 182 3719 Ι,
218 3648 298 3713 74)
332 3667 343 3700 :
374 3650 558 3703 Insere
587 3662 757 3711 nunc,
789 3650 894 3700 etc.
1797 3662 1922 3700 cum
1953 3645 2265 3700 meretrice.
2299 3644 2406 3711 Qui
2435 3645 2686 3700 adhaeret
2716 3647 3015 3714 meretrici,
3068 3664 3246 3703 unum
3282 3664 3420 3723 cor-_

140 3804 145 3809 δ
203 3737 247 3793 5.
279 3738 355 3792 Ad
381 3736 775 3790 verecundiam
804 3738 1058 3788 vestram.
1090 3733 1259 3798 Quasi
1291 3734 1541 3790 diceret:
1590 3738 1715 3793 Non
1798 3751 1903 3805 pus
1941 3751 2070 3789 cum
2120 3751 2189 3789 ea
2217 3734 2476 3789 efﬁcitur.
2518 3735 2663 3789 Nam
2697 3735 2793 3806 qui
2839 3735 3087 3791 adhaeret
3134 3732 3415 3808 legitime

147 3826 349 3898 impero,
382 3824 481 3879 sed
513 3839 909 3890 commemoro,
932 3829 998 3878 ut
1014 3822 1411 3879 verecundiam
1441 3824 1714 3893 habeatis,
1800 3824 1978 3889 uxori,
2007 3824 2072 3879 fit
2098 3840 2295 3889 unum,
2323 3822 2460 3877 dicit
2489 3823 2639 3878 enim
2682 3824 2914 3879 Genesis
2948 3842 2960 3879 :
3003 3826 3208 3893 Erunt,
3245 3826 3398 3881 scili-

148 3915 259 3984 quia
282 3914 460 3969 facitis
1798 3918 1887 3967 cet
1918 3912 2001 3965 vir
2020 3918 2077 3966 et
2101 3928 2258 3978 uxor,
2281 3913 2390 3966 duo
2415 3914 2478 3966 in
2498 3928 2666 3967 carne
2691 3929 2826 3967 una.
3274 3983 3279 3987 ρ

200 4002 247 4057 6.
278 4005 530 4059 Αυθυετ.
567 4000 870 4061 IEnchirid.
895 4002 969 4055 ad
992 4001 1137 4056 Laur
1164 4041 1178 4068 ,
1213 4019 1261 4056 c.
1298 4000 1382 4069 18,
1414 4009 1551 4059 tom.
1587 4004 1712 4071 III).
1868 4000 1958 4055 12.
1995 4003 2242 4057 AMBROS.
2276 4000 2384 4068 Qui
2411 4001 2667 4055 adhaeret.
2701 4001 2820 4056 Hoc
2856 4000 2992 4057 dicit
3020 4025 3032 4059 :
3068 4002 3164 4074 qui
3200 4007 3396 4059 conta-

145 4091 249 4145 Jam
271 4094 486 4162 quidem
529 4092 791 4145 delictum
818 4095 911 4144 est.
945 4090 1010 4145 Si
1037 4094 1162 4159 quis
1190 4095 1426 4146 voluerit
1467 4097 1717 4149 tunicam
1747 4163 1753 4164 ί
1800 4090 2094 4144 minationi
2122 4089 2483 4156 admiscetur,
2501 4106 2677 4145 unum
2700 4090 2764 4144 ﬁt
2792 4107 2919 4145 cum
2941 4108 3007 4146 eo
3028 4093 3126 4164 qui
3144 4109 3205 4148 se
3225 4082 3417 4147 admi-'

148 4184 279 4235 tuam
293 4186 497 4248 tollere,
522 4180 792 4249 etjudicio
813 4184 989 4233 tecum
1018 4183 1358 4248 contendere,
1389 4184 1606 4238 dimitte
1626 4188 1714 4239 illi
1737 4163 1940 4238 Bscet.
1979 4178 2295 4234 Fornicatio
2326 4178 2480 4233 enim
2522 4178 2717 4233 ambos
2744 4194 2919 4234 unum
2950 4163 3100 4249 facit,
3148 4188 3213 4237 ut
3259 4198 3401 4254 quo-

147 4272 185 4320 et
201 4269 722 4338 patlium(Matth.v,
748 4266 857 4336 40).
883 4267 951 4323 Et
970 4267 1079 4322 alio
1100 4269 1252 4323 loco:
1280 4271 1347 4325 Et
1368 4275 1468 4340 qui
1485 4275 1720 4328 abstute-
1801 4269 1966 4324 modo
1986 4269 2046 4323 in
2070 4274 2293 4337 natura,
2335 4268 2415 4324 sic
2443 4273 2500 4323 et
2525 4267 2585 4323 in
2615 4269 2853 4336 macula,
2886 4286 3064 4325 unum
3086 4270 3218 4327 sint.
3410 4336 3417 4341 _

148 4360 225 4421 rit,
249 4359 449 4431 inquit,
472 4364 592 4425 tua,
614 4360 734 4412 noli
762 4359 1159 4428 repetere(Luc.
1185 4373 1261 4426 v1,
1289 4358 1400 4431 30).
1424 4361 1718 4418 Prohibuit
1876 4356 1959 4414 13.
1983 4360 2223 4413 AUGUST.
2259 4360 2371 4429 (lib.
2405 4371 2497 4412 xxv
2522 4358 2590 4412 De
2629 4359 2859 4427 Trinit.,
2881 4376 2935 4417 c.
2972 4357 3055 4427 14,
3095 4366 3233 4416 tom.
3263 4358 3397 4432 III).

146 4445 309 4518 itaque
336 4465 469 4504 suos
498 4448 569 4502 de
604 4445 964 4502 saecularibus
991 4446 1157 4502 rebus
1194 4465 1322 4504 cum
1350 4450 1474 4506 aliis
1510 4451 1716 4507 habere
1800 4447 1907 4515 Qui
1927 4449 2182 4502 adhaeret.
2215 4446 2528 4501 Accedente
2570 4447 2797 4518 quidem
2841 4448 2950 4504 isto
2995 4449 3067 4504 ad
3094 4449 3400 4523 participa-

143 4533 408 4603 judicium.
470 4537 556 4592 Ex
612 4552 725 4607 qua
777 4535 1051 4601 doctrina,
1090 4538 1388 4608 Apostolus
1424 4538 1557 4595 dicit
1595 4557 1716 4595 esse
1797 4535 2008 4590 tionem
2037 4541 2256 4590 natura:
2283 4535 2533 4590 veritatis
2562 4541 2621 4590 et
2662 4535 3040 4595 beatitudinis.
3062 4539 3211 4595 illius
3239 4559 3254 4609 ;
3284 4556 3420 4614 non“

147 4620 412 4694 delictum;
440 4632 635 4681 tamen
674 4640 802 4679 cum
839 4622 976 4679 sinit
1003 4624 1153 4680 finiri
1200 4626 1260 4681 in
1306 4628 1552 4683 Ecclesia
1580 4630 1718 4684 talia
1796 4629 1987 4680 tamen
2010 4630 2293 4680 crescente
2322 4624 2417 4680 illo
2443 4624 2503 4680 in
2528 4631 2752 4693 natura,
2796 4627 3032 4683 veritate
3069 4635 3127 4684 et
3161 4628 3401 4687 beatitu-

143 4710 326 4780 judicia
362 4715 515 4770 inter
550 4715 773 4780 fratres,
816 4713 1084 4770 fratribus
1125 4715 1530 4787 judicantibus,
1561 4725 1720 4773 extra
1800 4715 1932 4771 dine
1962 4732 2091 4773 sua.
2376 4765 2382 4771 .

150 4797 425 4858 Ecclesiam
490 4819 621 4858 vero
664 4802 990 4857 terribiliter
1035 4808 1202 4870 vetat,
1236 4805 1597 4861 manifestum
1634 4811 1721 4861 est
1867 4805 1956 4860 44.
1976 4806 2082 4873 Qui
2109 4810 2294 4860 autem
2312 4807 2649 4874 fornicatur.
2675 4805 2819 4871 Quia
2841 4824 3122 4881 nusquam
3148 4810 3228 4866 sic
3248 4816 3400 4868 totus

150 4889 263 4956 quid
288 4891 596 4947 secundum
627 4890 844 4945 veniam
866 4892 1203 4947 concedatur
1230 4891 1489 4950 inﬁrmis.
1802 4894 1971 4950 homo
2000 4894 2250 4966 corporis
2282 4893 2456 4966 ipsius
2497 4894 2766 4966 voluptati
2797 4896 3092 4967 addicitur,
3126 4907 3183 4956 et
3209 4901 3401 4957 ineffa-

207 4976 254 5031 7.
282 4981 492 5037 [ιΑκιτιι.
512 4980 617 5037 Sed
640 4996 729 5034 vos
750 4983 1029 5048 iniuriam
1048 4983 1252 5049 facitis.
1277 4981 1448 5047 Quasi
1479 4983 1715 5041 diceret:
1801 4983 2007 5049 biliter,
2032 4984 2114 5038 vel
2135 4982 2527 5057 inevitabiliter
2546 4983 2806 5051 afficitur,
2821 4992 2888 5040 ut
2904 4986 2961 5042 in
2982 4991 3423 5062 comparatione,

152 5080 231 5121 vos
254 5084 361 5124 non
390 5069 526 5125 estis
546 5070 708 5130 tales,
725 5073 789 5124 ut
817 5066 1030 5125 illatam
1055 5068 1324 5142 injuriam
1343 5072 1524 5128 velitis
1554 5075 1716 5143 ferre,
1800 5074 1970 5143 hujus
2001 5073 2144 5128 tanti
2174 5072 2327 5135 mali,
2355 5077 2557 5128 caetera
2600 5078 2829 5145 peccata
2861 5084 3018 5131 extra
3049 5096 3249 5150 corpus
3278 5094 3399 5134 esse

152 5154 233 5209 sed
257 5157 440 5227 potius
464 5156 634 5212 vultis
660 5153 884 5212 inferre.
1801 5162 2124 5231 videantur;
2157 5161 2377 5217 etiamsi
2401 5178 2502 5234 per
2531 5179 2734 5234 corpus
2766 5174 3147 5223 exerceantur.
3368 5223 3372 5227 .

210 5240 256 5298 8.
286 5246 350 5301 In
381 5250 607 5302 nomine
645 5248 884 5302 Domini.
908 5245 972 5303 In
990 5247 1272 5320 baptismo
1301 5248 1436 5306 dicit
1464 5272 1478 5320 ;
1506 5252 1600 5307 ubi
1643 5251 1722 5308 di-
1876 5249 1959 5308 ‘15.
1993 5252 2238 5308 Aneaos.
2272 5252 2379 5319 Qui
2400 5259 2586 5307 autem
2614 5254 2952 5320 fornicatur.
2975 5257 3177 5311 Totum
3197 5272 3398 5329 corpus
3486 5255 3493 5261 ’

154 5330 327 5389 stincte
345 5344 838 5403 commemoratur,
863 5342 921 5392 et
945 5334 1388 5409 subintelligitur
1413 5339 1474 5395 in
1496 5339 1722 5396 nomine
1803 5341 1888 5396 vir
1905 5347 1991 5396 est
2014 5347 2072 5396 et
2098 5341 2317 5408 mulier,
2350 5340 2479 5413 quia
2505 5342 2686 5413 portio
2717 5343 2819 5396 viri
2857 5344 3059 5397 mulier
3096 5349 3199 5406 est,
3231 5353 3290 5401 et
3318 5349 3427 5407 vir.

155 5416 331 5511 Patris.
1737 5451 1780 5511 ρ
1803 5448 1905 5502 per
1927 5431 1984 5486 id
2014 5430 2161 5501 quod
2194 5429 2252 5486 in
2282 5431 2599 5502 portionem
2619 5448 2780 5486 suam
2797 5431 3092 5503 delinquit,
3115 5434 3176 5489 in
3195 5451 3399 5510 corpus

212 5508 258 5564 9.
284 5514 525 5568 Asianos.
559 5512 760 5567 Omnia
788 5512 933 5569 mihi
961 5517 1143 5575 licent.
1177 5513 1380 5571 Omnia
1420 5517 1527 5573 sibi
1553 5518 1720 5575 licere
1750 5508 1779 5511 ’⁷
1801 5536 1967 5576 suum
2000 5526 2209 5593 peccat.
2241 5519 2344 5575 Vel
2372 5520 2505 5591 quia
2532 5520 2794 5575 fornicari
2815 5522 3103 5592 corporale
3132 5508 3425 5585 delictum?

156 5593 287 5657 dicit.
315 5616 380 5654 ea
409 5600 624 5655 scilicet
636 5618 758 5673 quae
786 5603 1118 5675 coapostolis
1145 5605 1267 5677 ejus
1291 5606 1587 5664 licuerunt.
1604 5609 1719 5664 Hoc
1801 5616 1919 5679 est;
1961 5626 2072 5665 non
2105 5610 2257 5665 enim
2278 5610 2344 5663 ﬁt
2371 5609 2491 5663 sine
2520 5608 2797 5664 desiderio
2835 5610 3037 5670 carnis.
3071 5611 3215 5670 Caro
3246 5594 3429 5683 enim:

156 5684 283 5742 enim
308 5688 585 5762 praemisit
610 5695 805 5763 postea
830 5689 976 5748 hanc
1011 5709 1240 5751 causam
1271 5701 1518 5767 acturus,
1573 5697 1720 5754 sicut
1798 5699 1877 5755 ibi
1905 5699 2075 5755 habet
2098 5705 2309 5757 motum
2334 5698 2646 5773 proprium.
