3912 6350
544 317 662 431 ηεξ
679 338 687 357 ’

1522 340 1591 455 s.’
1606 372 1611 375 ·
1629 332 2042 431 ιᾺΝὲέὲἐΑὶῆόι
2066 334 2441 429 omnium.
2482 348 2820 426 manner:
2838 380 2843 385 λ

3695 373 3810 428 476

1058 562 1063 571 τ
1087 480 1217 555 Alia
1243 480 1391 552 ratio
1427 512 1529 552 cur
1555 497 1824 567 fugienda
1847 502 1920 554 sit
1947 499 2266 567 fornicatzo,
2310 494 2513 548 scilicet
2548 496 2682 562 quia
2730 495 2995 561 templum
3022 499 3156 547 sunt
3181 492 3429 562 Spiritus
3473 496 3672 549 sancti.
3714 497 3810 550 An

534 580 765 657 nescitis
784 576 1051 665 quoniam
1070 584 1326 664 membra
1351 589 1553 647 vestra,
1582 583 1857 657 templum
1886 591 2019 641 sunt
2048 583 2290 656 Spiritus
2318 581 2515 645 sancti,
2550 582 2645 652 qui
2674 581 2733 636 in
2763 581 2917 636 vobis
2935 586 3051 641 est;
3079 598 3245 653 quem
3280 582 3496 637 habetis
3520 600 3553 637 ει
3585 584 3722 649 Deo,
3747 590 3814 639 et

534 688 648 749 non
667 673 802 730 estis
822 674 1034 749 1vestri?
1060 677 1195 747 quia
1218 676 1363 728 servi
1376 674 1584 749 Christi
1611 675 1735 727 estis
1762 677 1844 728 rel
1868 675 2125 744 emptitii.
2158 668 2251 727 16.
2279 669 2463 741 Empti
2483 669 2631 724 enim
2659 670 2792 724 estis
2821 670 2999 741 pretio
3029 687 3255 742 magno,
3277 675 3550 740 sanguine
3569 674 3806 728 Christi.

533 740 702 832 Ergo,
743 746 828 820 l7.
857 740 1198 831 Gloriﬁcate,
1236 761 1319 819 18.
1342 766 1401 816 et
1426 742 1647 833 portate
1674 762 1873 830 Deum,
1904 740 2195 816 Dominica
2238 740 2524 828 praecepta,
2558 758 2619 813 in
2647 740 2878 829 corpore
2908 765 3118 817 vestro.

642 896 647 899 .
676 898 683 907 κ
792 852 797 855 ’
1989 846 2221 903 CAPUT
2244 845 2373 905 VII.

600 922 921 1017 pe’quibus
950 944 1151 1017 autem
1169 938 1466 1013 scripsistis
1494 939 1634 994 mihi
1662 941 1725 995 de
1752 940 2014 994 habendis
2047 938 2335 1001 umoribus,
2367 938 2447 989 vel
2495 950 2604 989 non
2651 936 2930 1000 habendis,
2961 938 3040 989 sic
3088 938 3381 1005 respondeo
3414 956 3425 990 :
3462 937 3680 992 Bonum
3718 941 3811 994 est

528 1012 1206 1111 hominiimulieremxnon
1233 1020 1465 1111 tangere
1491 1047 1504 1097 ;
1532 1026 1775 1103 propter
1806 1025 2232 1083 fornicationem
2278 1029 2469 1080 autem
2508 1023 2895 1095 unusquisque
2943 1040 3104 1078 suam
3133 1025 3181 1077 l.
3214 1041 3445 1080 uxorem
3488 1025 3713 1089 habeat,
3747 1033 3812 1082 et

424 1168 429 1173 ,
1005 1098 1185 1193 ᾳάαωί
1218 1098 1399 1193 virum
1435 1098 1662 1191 habeat:
1692 1116 1862 1173 UxOri
1907 1115 1989 1170 vir
2028 1114 2277 1169 debitum
2316 1111 2546 1179 reddat;
2578 1110 2839 1167 similiter
2883 1121 3075 1167 autem
3102 1114 3160 1168 et
3203 1128 3344 1168 uxor
3382 1114 3499 1168 viro
3549 1116 3807 1168 debitum

767 1184 837 1261 Et
865 1184 1026 1283 decet,
1049 1190 1185 1275 nam
1214 1184 1418 1281 mulier
1433 1184 1529 1261 sui
1543 1200 1813 1278 corporis,
1830 1200 1923 1260 sui
1936 1204 2093 1259 selrus
2112 1203 2372 1267 laxandi,
2389 1205 2471 1255 vel
2488 1204 2830 1265 continendi,
2856 1208 3190 1272 potestatem
3221 1218 3335 1257 non
3358 1201 3545 1267 habet,
3570 1203 3669 1257 sed
3689 1201 3803 1256 vir.

526 1280 1017 1372 Siiniliterautem
1044 1280 1101 1350 et
1128 1283 1214 1350 vir
1244 1280 1332 1350 sui
1371 1295 1621 1367 cerporis
1647 1299 1983 1366 potestatem
2015 1310 2127 1347 non
2156 1291 2344 1356 habet,
2379 1289 2473 1344 sed
2508 1286 2727 1344 mulier.
2768 1288 2953 1345 Nolite
2982 1291 3244 1346 fraudare
3272 1290 3508 1346 invicem
3549 1292 3805 1345 debitum

521 1368 641 1457 non
660 1368 915 1456 reddere,
941 1368 1052 1461 nisi
1078 1384 1223 1439 forte
1251 1401 1322 1439 ex
1338 1370 1621 1439 consensu
1651 1382 1722 1438 ad
1749 1389 1991 1454 tempus,
2025 1386 2089 1435 ut
2116 1378 2320 1433 vacetis
2348 1377 2588 1431 orationi
2613 1396 2625 1440 ;
2659 1382 2717 1432 et
2741 1378 2948 1433 iterum
2984 1378 3329 1433 revertimini
3349 1379 3407 1433 in
3433 1380 3698 1449 idipsum,
3728 1395 3806 1435 ne

515 1458 700 1547 taptet
720 1488 823 1541 ~vos
854 1458 1093 1545 Satanas
1119 1473 1314 1528 ducere
1343 1475 1408 1527 in
1433 1476 1625 1542 pejora
1652 1477 1882 1544 propter
1910 1468 2375 1525 incontinentiam
2407 1472 2670 1530 vestram,
2702 1470 2753 1521 si
2772 1470 3049 1522 continere
3081 1485 3193 1522 non
3216 1472 3523 1537 potueritis.
3548 1470 3666 1523 Hoc
3692 1485 3804 1524 au-

661 1555 785 1635 dico
801 1561 1109 1631 secundum
1148 1560 1581 1631 indulgentiam,
1612 1554 1725 1615 non
1745 1556 2051 1616 secundum
2086 1557 2400 1629 imperium.
2440 1555 2573 1610 Volo
2605 1555 2755 1610 enim
2778 1573 2972 1611 omnes
3001 1573 3095 1611 vos
3127 1573 3267 1621 esse,
3302 1563 3578 1626 quantum
3609 1562 3673 1612 in
3707 1574 3806 1612 me

518 1652 617 1729 es},
638 1646 1150 1729 k’lsiputgneipsum;
1184 1649 1282 1721 sed
1313 1648 1697 1721 unusquisque
1727 1649 2017 1722 proprium
2044 1648 2257 1702 donum
2294 1644 2463 1700 habet
2503 1661 2568 1698 ex
2610 1646 2744 1711 Deo,
2781 1645 2924 1700 alius
2967 1646 3193 1716 quidem
3222 1646 3318 1712 sic,
3352 1646 3496 1701 alius
3526 1662 3654 1701 vero
3685 1648 3793 1701 sic.

515 1712 874 1814 ntidamai:
897 1712 1314 1810 nb-‘n‘nuptiset
1337 1734 1562 1793 viduis:
1595 1740 1815 1794 Bonum
1845 1734 1931 1793 est
1960 1737 2069 1792 illis
2098 1737 2145 1791 si
2174 1736 2255 1790 sic
2295 1740 2683 1806 permaneant,
2711 1733 2857 1789 sicut
2899 1740 2958 1788 et
2989 1751 3111 1805 ego.
3158 1736 3319 1799 Quod
3349 1735 3396 1789 si
3428 1752 3541 1790 non
3569 1752 3628 1790 se
3656 1752 3803 1790 con-

513 1806 981 1903 tinenthnubant.
1015 1824 1066 1884 3.
1094 1806 1297 1883 Melius
1324 1820 1412 1882 est
1438 1826 1587 1882 enim
1618 1827 1830 1883 nubere
1852 1844 2020 1899 quam
2040 1824 2148 1891 uri,
2173 1827 2417 1878 invitum
2448 1826 2753 1890 continere;
2774 1827 2874 1877 uri
2893 1829 2987 1889 est,
3013 1840 3145 1892 opus
3167 1827 3408 1879 luxuria
3437 1827 3804 1881 immoderate

814 1900 1189 1995 concupiscere
1215 1922 1264 1971 et
1306 1917 1505 1972 exinde
1534 1918 1598 1970 in
1626 1931 1793 1969 carne
1830 1893 2045 1969 ardere.
2076 1912 2150 1966 lis
2178 1917 2369 1965 autem
2408 1911 2504 1981 qui
2538 1912 2897 1967 matrimonio
2926 1913 3118 1981 juncti
3155 1918 3306 1977 sunt,
3353 1912 3631 1984 praecipio,
3678 1929 3803 1968 non

511 1986 639 2079 ego,
662 1986 761 2083 sed
794 1986 1087 2083 D‘cminu‘s,
1118 1994 1353 2077 uxorem
1390 2020 1426 2060 a
1460 1994 1580 2058 viro
1606 2020 1719 2059 non
1769 2001 2092 2067 discedere;
2126 1998 2159 2055 4
2210 1999 2357 2070 quod
2388 2000 2436 2053 si
2468 1999 2804 2066 discesserit,
2837 2004 3042 2055 scilicet
3093 2003 3492 2056 interveniente
3542 2004 3802 2067 legitima

507 2074 701 2171 causa;
738 2108 859 2161 non
884 2074 1036 2157 enim.
1066 2074 1235 2167 aliter
1275 2096 1418 2156 licet,
1451 2086 1691 2147 manere
1721 2091 2037 2161 innuptam,
2082 2092 2183 2141 aut
2212 2087 2329 2141 viro
2358 2104 2460 2143 suo
2491 2089 2854 2144 reconciliari.
2893 2089 2963 2144 Et
2995 2089 3078 2143 vir
3110 2106 3337 2144 uxorem
3369 2106 3481 2143 non
3518 2089 3797 2146 dimittat.

501 2166 894 2251 Nam-caeteris
929 2166 1032 2251 ego
1060 2166 1203 2249 dico,
1246 2199 1361 2238 non
1390 2172 1684 2237 Dominus.
1720 2180 1778 2235 Si
1806 2179 1933 2250 quis
1963 2177 2138 2231 frater
2162 2192 2395 2231 uxorem
2434 2177 2608 2233 habet
2634 2178 2938 2246 inﬁdelem,
2968 2185 3025 2233 et
3060 2180 3176 2234 haec
3216 2179 3497 2234 consentit
3525 2179 3797 2236 habitare

658 2269 776 2343 illo,
807 2286 920 2347 non
960 2246 1416 2347 dimittat'illam.
1470 2256 1540 2326 Et
1585 2268 1634 2324 si
1685 2246 2056 2340 qua—mulier
2087 2263 2265 2319 ﬁdelis
2302 2266 2471 2321 habet
2498 2268 2680 2323 virum
2724 2268 3026 2333 inﬁdelem,
3071 2273 3129 2324 et
3185 2269 3276 2323 hic
3324 2275 3446 2335 ὃς
3502 2269 3799 2324 consentit

803 2332 932 2413 cum
1146 2346 1263 2413 non,
1314 2352 1564 2412 dimittat
1590 2332 1805 2427 viru-m;
1858 2356 1912 2422 5,
1945 2352 1998 2420 6,
2039 2354 2092 2407 7.
2128 2353 2519 2411 Sanctiﬁcatus
2575 2362 2660 2411 est
2714 2357 2865 2412 enim
2924 2357 3007 2412 vir
3044 2358 3288 2412 inﬁdelis
3331 2332 3433 2430 per
3480 2358 3793 2413 mulierem

493 2424 752 2516 ﬂdelem;
780 2432 860 2501 vel
883 2424 1113 2515 οὸφῖἓῖῇἒι
1139 2438 1448 2517 aliquando
1478 2424 1888 2514 sanctiﬁcatum
1913 2446 2082 2512 fuisse
2107 2443 2297 2495 virum
2326 2447 2603 2511 inﬁdelem
2633 2463 2731 2515 per
2774 2449 3073 2501 mulierem
3098 2449 3336 2516 ﬁdelem,
3366 2453 3416 2501 et
3441 2465 3466 2501 c
3492 2463 3752 2502 converso
3778 2467 3793 2513 ;

499 2536 559 2588 et
585 2533 935 2589 sanctiﬁcata
950 2538 1038 2589 est
1056 2534 1261 2589 mulier
1286 2534 1549 2603 inﬁdelis,
1571 2540 1620 2590 et
1636 2536 1857 2589 nullam
1877 2536 1941 2595 in
1965 2536 2081 2601 ejus
2099 2533 2480 2599 conjunctione
2502 2537 2928 2589 immunditiam
2952 2537 3170 2604 patitur
3192 2539 3430 2590 mulier:
3454 2553 3554 2607 per
3575 2536 3794 2607 virum,

492 2620 835 2697 ﬁdelem,“
852 2626 947 2689 est,
973 2625 1041 2697 in
1064 2624 1186 2677 viro
1221 2624 1374 2691 ﬁdeli
1396 2642 1410 2691 ;
1436 2622 1489 2680 8.
1523 2620 1795 2694 alioquin,
1825 2624 1877 2676 si
1911 2636 2023 2676 non
2046 2622 2174 2673 esset
2207 2622 2375 2688 legale
2402 2627 2854 2690 matrimonium,
2897 2625 2998 2679 ﬁlii
3034 2625 3204 2679 vestri
3250 2624 3548 2688 immundi,
3595 2626 3657 2679 id
3701 2633 3790 2681 est

486 2692 792 2779 diieneres',
816 2725 931 2766 non
958 2692 1198 2780 teig'itimi
1223 2702 1429 2780 essent,
1462 2708 1516 2768 9.
1541 2692 1703 2767 nunc
1721 2692 1910 2766 autem
1940 2710 2137 2775 sancti,
2174 2725 2287 2764 non
2312 2714 2619 2781 degeneres,
2655 2715 2715 2767 id
2742 2718 2837 2780 est,
2862 2716 3101 2783 legitimi
3130 2718 3281 2768 sunt.
3319 2712 3399 2771 10.
3419 2713 3580 2778 Quod
3613 2712 3701 2771 ll.
3731 2717 3787 2771 si

1826 2851 2419 2909 COMMENTARIUS.

1154 2997 1305 3051 enim
1332 2997 1475 3050 estis.
1498 2974 1762 3086 Probati‘o
1791 2995 1939 3068 quod
1978 3012 2090 3050 non
2107 2998 2270 3057 Alib.
2303 2997 2375 3050 De
2397 3002 2743 3065 peccatorum.
2772 3000 3003 3064 meritis,
3037 3006 3083 3054 et
3116 3005 3302 3056 remis.
3336 2999 3389 3067 3,
3423 3001 3497 3056 ad
3526 3002 3783 3073 Mareel.,

633 3057 741 3139 sui.
940 3057 1097 3175 enim
1117 3080 1292 3155 empti
1315 3088 1450 3139 sunt
1470 3082 1591 3139 sui:
1623 3080 1682 3139 hi
1705 3057 1896 3140 autem
1917 3084 2091 3157 empti

491 3176 665 3257 “ulti
696 3188 852 3257 βφεορ
876 3176 990 3257 Pic-

562 3244 653 3316 1‘7‘.
679 3244 989 3329 Mortiﬁcate
1033 3244 1081 3315 et
1125 3256 1353 3329 portate.
1384 3260 1589 3329 Illatio,
1644 3262 1805 3335 quasi
1832 3262 2087 3318 diceret:

492 3349 641 3428 Quia
672 3348 849 3428 empti
878 3347 1033 3415 estis,
1063 3342 1374 3421 gloriﬁcate
1402 3350 1583 3406 Deum
1615 3350 1675 3406 in
1705 3350 1967 3407 cordibus
1999 3368 2091 3406 ve-

490 3416 629 3517 stili;
650 3456 664 3506 ;
696 3426 1031 3517 cujuss‘ervi
1053 3426 1185 3493 facti
1210 3439 1366 3495 estis.

514 3585 545 3604 ἕ
564 3508 654 3601 t8.
674 3508 933 3603 dignes,
964 3522 1180 3583 Portate
1202 3526 1376 3583 Deum
1397 3530 1461 3583 in
1481 3545 1700 3600 corpore
1728 3520 1919 3585 vestro.
1954 3529 2091 3583 Por-

489 3608 822 3706 ta‘iEeDeuim
848 3610 952 3685 est,
975 3615 1031 3672 in
1067 3614 1241 3673 rebus
1259 3616 1402 3673 bene
1428 3616 1624 3689 geStis,
1655 3617 1959 3691 imaginem
1992 3619 2089 3674 Dei

488 3692 812 3783 sanguen.
1150 3724 1192 3783 ρ
1253 3707 1279 3783 ξ
1396 3708 1444 3783 ς
1502 3778 1507 3783 ο

750 3788 878 3853 VII.
932 3784 1079 3851 4-51.
1110 3780 1530 3871 intumus.
1578 3797 1818 3852 Uxorem
1870 3798 2085 3853 habeat.

485 3881 753 3964 ngrem,
772 3900 893 3951 non
924 3885 1061 3955 dicit
1087 3880 1474 3957 cencubinam,
1499 3890 1563 3940 ut
1591 3886 1662 3940 ab
1687 3878 1792 3940 hac
1810 3886 2092 3943 sententia

483 3962 854 4053 {icludan'tur
890 3966 988 4047 qui
1040 3974 1241 4030 divinis
1289 3975 1717 4032 auctoritatibus
1755 3993 1956 4032 uxores
1995 3978 2090 4032 ha-

481 4052 619 4139 bere
645 4056 760 4114 non
780 4056 1035 4132 possunt.
1152 4134 1155 4139 ἱ

510 4135 521 4141 '
553 4140 611 4202 2.
631 4142 815 4204 suam
840 4146 1050 4225 pirum.
1071 4135 1270 4207 Virum
1299 4148 1392 4209 hic
1417 4144 1683 4225 intelligit
1705 4153 1941 4226 legalem
1971 4172 2087 4210 ma-

480 4231 675 4303 ritum.
698 4234 865 4313 Sicut
891 4238 953 4293 in
984 4238 1282 4312 Evangelia
1312 4263 1326 4298 :
1351 4226 1421 4298 Et
1445 4244 1535 4298 hic
1562 4242 1722 4314 quem
1751 4244 1929 4312 habes,
1974 4248 2084 4300 non

481 4323 559 4378 est
584 4325 714 4379 tuus
741 4328 851 4387 vir.

2173 3102 2221 3139 c.
2266 3084 2344 3150 1‘2,
2371 3091 2508 3139 tom.
2562 3086 2708 3151 VII.)
2740 3087 2883 3142 Illud
2915 3093 3105 3143 tamen
3144 3089 3263 3143 sine
3300 3089 3663 3145 dubitatione
3696 3095 3788 3147 te-

2173 3174 2418 3227 nendum
2453 3177 2555 3239 est,
2594 3190 2937 3246 quaecunque
2977 3176 3075 3231 illa
3119 3178 3484 3233 sanctiﬁcatio
3532 3180 3625 3245 sit,
3661 3196 3786 3237 non

2174 3261 2358 3315 valere
2379 3262 2450 3316 ad
2467 3258 2814 3319 Christianos
2845 3264 3128 3322 faciendos
3149 3272 3318 3338 atque
3338 3268 3408 3321 ad
3438 3267 3789 3325 dimittenda

2175 3358 2441 3422 peccata;
2486 3353 2594 3406 nisi
2640 3353 2959 3409 Christiana
3003 3358 3086 3410 vel
3139 3357 3511 3412 ecclesiastica
3553 3357 3788 3414 institu-

2175 3439 2346 3507 tione,
2379 3448 2436 3496 et
2485 3443 2851 3497 sacramentis
2888 3444 3203 3500 efﬁciantur
3230 3446 3441 3500 ﬁdeles.
3482 3445 3627 3500 Nam
3670 3462 3786 3503 nec

2174 3531 2440 3601 conjuges
2477 3531 2748 3596 inﬁdeles,
2777 3531 3087 3602 quamlibet
3114 3533 3320 3587 sanctis
3350 3540 3407 3588 et
3440 3534 3609 3605 justis
3639 3551 3784 3590 con-

2168 3619 2397 3690 jugibus
2426 3620 2692 3685 haereant,
2740 3620 2809 3674 ab
2852 3621 3150 3693 iniquitate
3189 3623 3553 3689 mundantur,
3586 3640 3711 3696 qua:
3746 3643 3786 3681 a

2174 3724 2346 3779 regno
2378 3709 2476 3764 Dei
2505 3715 2793 3782 separatos
2832 3711 2890 3764 in
2933 3711 3352 3766 damnationem
3388 3713 3575 3768 venire
3618 3730 3782 3769 com-

2172 3798 2347 3870 pellit.

2242 3886 2294 3943 7.
2328 3891 2584 3946 Alsnos.
2614 3890 3001 3956 Sanctiﬁcatus
3025 3896 3099 3943 est
3134 3892 3243 3943 vir.
3269 3889 3489 3945 Habere
3515 3890 3779 3950 inﬁdeles

2172 3966 2503 4031 beneﬁcium
2527 3976 2685 4031 bona;
2716 3976 3016 4031 voluntatis
3036 3976 3315 4043 ostendit;
3344 3979 3478 4050 quia
3499 3980 3777 4037 honorem

2168 4065 2412 4119 nominis
2448 4064 2657 4120 Christi
2712 4081 2825 4120 non
2876 4066 3125 4120 horrent.
3156 4065 3387 4137 Signum
3418 4075 3623 4123 sancta
3646 4085 3777 4125 cru-

2166 4152 2245 4207 cis
2282 4153 2353 4209 ad
2390 4153 2687 4209 tuitionem
2733 4159 2790 4208 et
2832 4154 3328 4209 sanctiﬁcationem
3371 4155 3601 4228 hospitii
3637 4173 3775 4229 per-

2164 4242 2326 4297 tinet.

2098 4353 2146 4414 B
2237 4332 2288 4387 8.
2319 4333 2583 4401 Alioquin
2613 4336 2723 4400 ﬁlii
2774 4336 2959 4387 vestri.
2983 4332 3267 4388 Immundi
3305 4340 3494 4389 essent
3532 4334 3635 4390 ﬁlii
3676 4354 3770 4393 eo-

552 4405 604 4470 3.
646 4402 893 4473 Μιιὼ.
934 4400 1134 4495 Melius
1164 4424 1239 4474 est
1272 4400 1493 4475 nubere.
1532 4420 1632 4477 Uri
1678 4422 1764 4476 est
1790 4400 2146 4478 desideriis”
2164 4437 2312 4484 rum,
2345 4421 2393 4476 si
2421 4400 2770 4477 dimitterent
2795 4422 3042 4478 volentes
3063 4422 3319 4479 habitare
3347 4439 3536 4480 secum
3566 4432 3622 4479 et
3638 4426 3769 4484 aliis

479 4480 572 4577 τέξί
605 4494 662 4556 et
690 4499 853 4571 vinci,
886 4488 1014 4559 cum
1054 4506 1206 4561 enim
1233 4507 1492 4564 voluntas
1522 4509 1694 4565 calori
1741 4511 1926 4566 carnis
1954 4529 2109 4567 con—‘

474 4580 667 4659 sentit,
727 4592 945 4664 uritur;
996 4612 1128 4652 nam
1166 4582 1447 4655 desideria
1486 4600 1621 4671 pati,
1677 4605 1735 4655 et
1769 4618 1881 4657 non
1937 4602 2075 4659 vinci

474 4679 715 4759 illustris
728 4682 835 4765 viri
856 4690 963 4740 est.

528 4767 600 4847 ,4.
626 4768 833 4845 Ιιικιτίι.
867 4774 1020 4843 Quod
1046 4775 1098 4829 si
1133 4774 1456 4833 discesserit.
1493 4777 1790 4834 Discedere
1831 4796 1943 4835 non
1982 4796 2079 4852 po-

2162 4527 2223 4566 se
2260 4511 2619 4583 copularent;
2652 4517 2840 4567 essent
2866 4512 3015 4567 enim
3055 4512 3316 4580 adulteri,
3350 4519 3407 4568 et
3434 4514 3536 4568 ﬁlii
3564 4530 3769 4572 eorum

2160 4599 2355 4672 spurii.

2229 4688 2264 4746 9
2291 4691 2506 4748 LANFR.
2538 4692 2700 4747 Nunc
2725 4694 2911 4745 autem
2941 4696 3121 4748 sancti
3150 4698 3302 4758 sunt,
3341 4690 3398 4748 id
3423 4697 3509 4747 est
3537 4694 3761 4752 mundi.

2160 4778 2225 4833 In
2255 4796 2483 4836 causam
2512 4781 2661 4836 redit
2692 4781 2793 4852 [[2,
2824 4797 3050 4836 causam
3080 4781 3286 4854 reddit]
3316 4798 3415 4837 cur
3450 4783 3535 4836 vir
3574 4783 3764 4842 ﬁdelis

472 4850 605 4943 test,
640 4858 899 4935 .eXcept'a
940 4879 1135 4941 'causa
1179 4865 1585 4937 fornicationis,
1637 4885 1751 4923 non
1801 4868 1887 4939 [[1,
1941 4850 2070 4942 nisi]
2159 4869 2408 4925 mulieris
2453 4850 2713 4936 inﬁdelis,
2770 4875 2869 4925 aut
2906 4872 3110 4926 mulier
3151 4850 3331 4931 ﬁdelis
3363 4871 3467 4926 viri
3515 4872 3763 4931 inﬁdelis

467 4934 665 5019 ultique
693 4934 1049 5006 Continenter
1074 4969 1140 5007 ex
1171 4970 1443 5009 consensu
1473 4954 1679 5011 vivant.

536 5030 591 5091 5.
621 5032 1012 5113 Sanctiﬁcatus
1042 5044 1119 5095 est
1142 5043 1255 5109 vir,
1294 5043 1351 5097 id
1381 5050 1463 5098 est
1497 5044 1757 5111 mundus,
1782 5049 1839 5099 et
1857 5047 2070 5102 nullam

2154 4956 2454 5015 divortium
2486 4976 2733 5033 quaerere
2761 4975 2874 5013 non
2902 4959 3123 5016 debeat.

2231 5044 2313 5103 10.
2344 5051 2590 5107 Ausus'r.
2618 5050 2795 5122 (epist.
2821 5044 2891 5103 89
2918 5051 3156 5117 Hilario,
3194 5054 3266 5106 ad
3298 5057 3482 5122 quasi.
3504 5051 3559 5117 4,
3597 5056 3751 5115 tom.

464 5137 533 5179 ex
559 5123 683 5205 ejus
709 5126 1103 5199 conjunctione
1140 5130 1344 5187 mulier
1380 5132 1799 5188 immunditiam
1834 5135 2066 5206 patitur.
2153 5131 2249 5199 Il.)
2284 5137 2502 5205 Quodsi
2528 5141 2789 5206 inﬁdelis,
2804 5139 2859 5193 id
2882 5145 2985 5205 est,
3017 5139 3063 5195 si
3092 5137 3334 5196 inﬁdelis
3362 5140 3600 5196 voluerit
3629 5158 3760 5199 esse

492 5288 497 5295 Ι
529 5206 586 5275 6.
616 5210 867 5302 ducum.
891 5222 976 5280 (ea:
1004 5217 1181 5275 Serm.
1209 5219 1439 5276 Domini
1460 5222 1522 5274 in
1548 5227 1748 5287 monte,
1777 5222 1813 5275 ι.
1841 5237 1875 5290 I,
1907 5240 1956 5278 c.
1986 5225 2064 5293 16,
2148 5238 2275 5278 cum
2304 5226 2542 5299 conjuge
2573 5227 2723 5283 ﬁdeli
2769 5231 2872 5285 Hic
2900 5236 3167 5302 agnoscat
3191 5229 3371 5284 ﬁdelis
3398 5246 3557 5285 suam
3580 5230 3758 5286 liber-

457 5298 1139 5391 tom.AIV.)Sanctiﬁcatus
1155 5312 1230 5361 est
1251 5309 1357 5364 vir.
1380 5308 1772 5389 Sanctiﬁcatus
1795 5313 2060 5381 estenim,
2148 5316 2342 5381 tatem,
2393 5331 2464 5370 ne
2486 5298 2577 5370 ita
2603 5318 2912 5389 subjectam
2939 5298 3103 5391 putet
3150 5320 3424 5384 servituti,
3458 5326 3523 5374 ut
3566 5318 3757 5391 ipsum

456 5389 681 5481 inquit,
693 5391 780 5481 vir
800 5392 1053 5481 inﬁdelis
1098 5394 1155 5448 in
1196 5411 1364 5450 uxore
1415 5396 1586 5461 ﬁdeli,
1621 5386 1680 5454 et
1714 5401 2058 5457 sanctiﬁcata
2144 5400 2394 5458 dimittat
2412 5406 2600 5472 ﬁdem,
2633 5386 2735 5463 nec
2756 5386 3050 5481 conjugem
3082 5408 3385 5462 inﬁdelem.

456 5470 544 5532 est
569 5478 772 5534 mulier
794 5470 1039 5538 inﬁdelis
1078 5483 1135 5536 in
1160 5482 1333 5539 fratre
1363 5486 1533 5540 ﬁdeli.
1556 5488 1753 5556 Credo,
1772 5491 1893 5560 jam
1923 5509 2052 5563 pro-

2216 5491 2300 5545 il.
2330 5493 2662 5577 Si'inﬁzlclis
2688 5501 2935 5561 discedit,
2970 5500 3228 5553 discedat.
3264 5500 3388 5552 Non
3416 5492 3548 5552 licet
3576 5500 3751 5556 aliam

453 5562 687 5622 venerat
730 5573 795 5624 ut
836 5571 1119 5627 nonnullae
1156 5571 1375 5630 feminae
1426 5592 1525 5647 per
1566 5577 1711 5633 viros
1750 5562 1961 5647 ﬁdeles,
1994 5588 2112 5653 etC,
2140 5587 2362 5647 ducere,
2394 5572 2627 5640 dimissa
2669 5588 2839 5642 etiam
2896 5587 3111 5642 inﬁdeli
3156 5606 3167 5641 :
3215 5586 3313 5641 sed
3352 5597 3543 5642 utrum
3591 5588 3751 5644 aliud

457 5656 559 5712 viri
596 5674 697 5731 per
723 5674 924 5715 uxores
961 5660 1154 5717 ﬁdeles
1183 5662 1438 5720 in'iidem
1466 5662 1738 5725 venirent.
1772 5670 1935 5740 (Ibid.
1970 5673 2051 5726 Ere
2142 5675 2395 5742 dimissa,
2426 5674 2576 5729 aliud
2605 5674 2945 5732 discedente.
