3912 6364
456 242 616 346 ”179
1156 277 1161 281 ‘
1358 274 1361 275 ί
1487 286 2088 344 B.LANFRANCIC

2218 286 2406 343 FUAR.
2451 285 2791 342 ARGHIEP.
3676 289 3791 349 180

460 397 467 409 ’
508 417 658 472 enim
678 414 847 468 breve
866 417 983 479 est;
1012 411 1103 469 28.
1130 411 1411 483 reliquum
1434 417 1542 482 est,
1563 417 1934 482 consequitur,
1956 415 2022 466 ut
2041 415 2098 465 et
2124 409 2220 481 qui
2243 409 2453 465 habent
2471 427 2696 477 uxores,
2721 415 2991 482 tanquam
3022 427 3135 467 non
3153 412 3425 469 habentes
3448 413 3588 482 sint;
3612 411 3708 472 29.
3728 418 3792 469 et

459 574 468 583 '
510 503 608 576 qui
636 504 791 557 ﬂent.
811 507 1084 572 tanquam
1111 517 1224 555 non
1244 501 1444 554 ﬂentes
1467 519 1481 567 ;
1504 506 1561 554 et
1591 501 1686 572 qui
1714 500 1983 571 gaudent,
2006 504 2275 569 tanquam
2296 516 2408 554 non
2427 500 2739 571 gaudentes
2761 517 2775 565 ;
2801 505 2858 553 et
2876 500 2973 570 qui
3000 508 3213 568 emunt,
3227 508 3496 574 tanquam
3517 520 3631 558 non
3651 521 3791 575 pos-

507 593 796 657 sidentes;
829 596 890 644 et
912 590 1009 661 qui
1039 595 1278 644 utuntur
1296 590 1401 644 hoc
1425 590 1656 649 mundo.
1684 596 1954 661 tanquam
1988 605 2097 642 non
2133 593 2367 643 utantur
2399 607 2409 641 :
2446 586 2536 654 30,
2569 586 2656 645 31.
2698 589 2952 659 praeterit
2978 590 3125 644 enim
3146 594 3316 659 (ratio
3337 609 3438 646 cur
3461 609 3523 646 ea
3550 609 3671 660 quae
3695 609 3795 646 su-

459 752 464 756 _
507 684 702 753 per-ius
731 681 881 734 dicta
899 683 1050 743 sunt,
1081 681 1240 747 quasi
1266 693 1379 732 non
1407 682 1542 743 sint,
1575 680 1900 732 aestimanda
1922 682 2075 741 sunt)
2104 678 2285 747 ﬁgura
2308 677 2479 747 hujus
2499 677 2712 732 mundi.
2737 678 2876 731 Volo
2905 684 3093 733 autem
3125 697 3220 734 vos
3258 682 3379 735 sine
3410 681 3797 736 sollicitudine

458 838 463 845 ι
514 771 702 825 saeculi
720 783 861 821 esse.
896 765 1004 830 Qui
1031 765 1154 820 sine
1173 782 1345 821 uxore
1375 770 1480 832 est,
1494 765 1763 820 sollicitus
1792 770 1879 819 est
1908 781 2030 836 quae
2057 765 2280 819 Domini
2309 769 2461 830 sunt,
2494 765 2773 835 quomodo
2811 767 3030 836 placeat
3061 768 3195 822 Deo.
3228 769 3335 833 Qui
3364 776 3570 832 autem,
3608 772 3790 836 enim,

516 873 643 912 cum
672 871 844 910 uxore
864 860 968 919 est,
999 854 1267 908 sollicitus
1294 858 1380 908 est
1407 871 1529 924 quae
1550 859 1682 908 sunt
1708 853 1924 920 mundi,
1967 852 2246 923 quomodo
2285 852 2504 922 placeat
2530 852 2709 918 uxori,
2743 858 2800 907 et
2829 854 3040 908 divisus
3069 860 3173 909 est.
3209 857 3367 912 Ratio
3385 873 3489 911 cur
3515 861 3792 911 mulieres

466 1014 473 1021 O
514 949 637 1002 sine
665 948 786 999 viro
806 960 910 997 esse
932 944 1178 997 debeant.
1212 943 1281 996 Et
1307 936 1796 1017 mulierinnupta,
1831 948 1889 996 et
1916 940 2094 1011 virgo,
2125 941 2339 1010 cogitat
2358 957 2483 1011 quae
2510 941 2736 995 Domini
2761 948 2910 1007 sunt,
2923 948 2988 996 ut
3016 942 3090 997 sit
3115 949 3311 998 sancta
3329 961 3561 1016 corpore
3588 951 3647 999 et
3666 950 3793 1016 spi-

514 1035 649 1090 ritu.
680 1033 814 1098 Quae
837 1037 1027 1086 autem
1053 1037 1232 1102 nupta
1251 1036 1354 1098 est,
1387 1031 1597 1102 cogitat
1625 1048 1747 1103 quae
1772 1036 1904 1085 sunt
1936 1029 2150 1095 mundi,
2186 1030 2466 1099 quomodo
2496 1030 2714 1100 placeat
2740 1030 2874 1084 viro.
2907 1031 3081 1085 Porro
3111 1033 3217 1086 hoc
3241 1034 3311 1087 ad
3334 1033 3634 1088 utilitatem
3658 1050 3794 1088 ves-

460 1194 465 1197 ,
514 1126 663 1177 trem
692 1121 835 1187 dico,
868 1119 955 1176 3'2.
988 1136 1100 1174 non
1127 1125 1192 1174 ut
1223 1120 1488 1190 laqueum
1516 1119 1672 1174 vobis
1700 1120 1970 1190 injiciam,
2004 1133 2118 1171 non
2147 1121 2207 1170 ut
2232 1120 2296 1171 in
2312 1120 2504 1186 pejora
2532 1134 2622 1172 ros
2644 1120 2765 1172 labi
2781 1120 3012 1186 faciam,
3033 1120 3169 1173 dum
3207 1125 3640 1175 matrimonium
3669 1124 3797 1176 dis-

513 1212 738 1275 suadeo,
763 1207 849 1265 33.
872 1208 971 1263 sed
1000 1208 1071 1262 ad
1090 1207 1169 1275 id,
1193 1207 1343 1279 quod
1369 1208 1671 1262 honestum
1704 1212 1809 1272 est,
1832 1223 2022 1261 moneo
2051 1222 2159 1271 vos,
2202 1209 2257 1259 et
2287 1205 2438 1276 quod
2465 1205 2789 1260 facultatem
2819 1205 3069 1277 praebeat
3096 1207 3216 1262 sine
3246 1208 3653 1280 impedimento
3673 1209 3796 1263 Do-

459 1280 476 1372 :
512 1300 732 1354 minum
770 1296 1117 1363 obsecrandi,
1142 1298 1203 1351 id
1225 1302 1319 1363 est,
1349 1298 1642 1350 serviendi.
1678 1295 1765 1353 34.
1805 1296 1865 1350 Si
1896 1295 2020 1366 quis
2061 1292 2148 1350 35.
2180 1297 2371 1347 autem
2405 1298 2652 1365 turpem,
2685 1297 3054 1361 infamem,se
3087 1296 3268 1350 videri
3298 1297 3589 1351 existimat
3616 1314 3801 1369 super

459 1455 469 1462 _
512 1387 748 1459 virgine,
767 1389 906 1454 ﬁlia,
929 1402 1052 1452 sua,
1085 1384 1235 1456 quod
1265 1384 1341 1439 sit
1366 1385 1750 1455 superadulta,
1784 1388 1842 1438 et
1869 1384 1950 1437 ita
1979 1386 2200 1454 oportet
2223 1381 2370 1443 ﬁeri,
2399 1384 2535 1451 quia
2564 1386 2720 1450 virgo
2735 1385 3043 1437 castitatem
3061 1400 3282 1438 servare
3304 1401 3415 1438 non
3442 1389 3590 1452 vult;
3626 1386 3789 1456 quod

511 1477 633 1531 vult
660 1474 847 1538 faciat,
879 1470 967 1529 36.
998 1489 1124 1540 ergo
1148 1477 1229 1527 vel
1253 1478 1434 1542 pater,
1465 1476 1549 1526 vel
1578 1475 1698 1541 ipsa
1718 1474 1840 1540 ﬁlia
1871 1488 1984 1525 non
2016 1475 2226 1542 peccat,
2259 1471 2309 1523 si
2330 1468 2525 1523 nubat.
2552 1469 2644 1525 Sic
2670 1472 2734 1524 de
2754 1474 2876 1535 isto,
2910 1487 3045 1524 nam
3074 1474 3138 1525 de
3161 1476 3275 1526 alio
3308 1476 3496 1527 aliter.
3520 1474 3669 1527 Nam
3693 1475 3800 1545 qui

464 1627 469 1633 ,
509 1563 712 1619 statuit
737 1562 795 1617 in
814 1562 981 1617 corde
1009 1577 1112 1615 suo
1140 1562 1352 1627 ﬁrmus,
1377 1577 1491 1616 non
1507 1560 1720 1616 habens
1737 1560 2130 1615 necessitatem
2149 1559 2293 1611 hanc
2306 1563 2367 1611 ut
2386 1560 2507 1624 ﬁlia
2522 1560 2714 1623 nubat,
2734 1561 2834 1626 qui
2854 1562 3133 1613 continere
3146 1563 3418 1627 noluerit;
3444 1566 3799 1631 potestatem

452 1716 457 1721 _
514 1657 705 1709 autem
734 1650 946 1727 habens
972 1666 1086 1705 suae
1103 1650 1426 1717 voluntatis,
1454 1656 1517 1705 ut
1544 1653 1701 1719 virgo
1729 1651 1920 1715 nubat,
1953 1651 2033 1702 vel
2062 1663 2194 1708 non,
2229 1650 2285 1699 et
2315 1645 2420 1698 hoc
2438 1645 2713 1714 judicavit
2740 1645 2798 1700 in
2826 1647 2995 1700 corde
3015 1663 3136 1713 suo,
3167 1650 3372 1702 scilicet
3415 1664 3644 1703 servare
3680 1650 3799 1703 vir-

456 1796 462 1805 ,
511 1742 706 1813 ginem
734 1755 916 1805 suam,
944 1738 1086 1793 bene
1115 1738 1264 1792 facit.
1298 1738 1478 1808 Igitur
1505 1743 1562 1792 et
1583 1737 1679 1809 qui
1706 1737 2067 1792 matrimonio
2090 1733 2280 1804 jungit
2305 1733 2579 1803 virginem
2608 1751 2790 1799 suam,
2845 1735 2989 1789 bene
3027 1736 3179 1802 facit,
3217 1742 3275 1792 et
3303 1738 3399 1809 qui
3426 1755 3539 1793 non
3564 1738 3791 1809 jungit,

453 1895 459 1901 .
510 1830 682 1894 'bene;
714 1842 848 1881 nam
875 1826 1075 1881 melius
1100 1825 1252 1881 facit.
1281 1828 1558 1882 Dissuasio
1584 1844 1620 1881 a
1642 1828 2025 1880 matrimonio.
2059 1822 2260 1877 Mulier
2300 1821 2531 1892 alligata
2583 1827 2669 1876 est
2696 1822 2829 1892 legi,
2860 1827 3065 1879 scilicet
3088 1829 3365 1892 maritali,
3395 1833 3604 1897 quanto
3637 1834 3803 1883 tem-

519 1932 658 1988 pore
679 1915 765 1970 vir
778 1916 898 1986 ejus
917 1915 1081 1983 vivit;
1112 1902 1261 1986 quod
1280 1915 1327 1970 si
1340 1914 1633 1970 dormierit
1650 1919 1823 1969 morte
1841 1912 1927 1965 vir
1945 1912 2085 1982 ejus,
2111 1912 2345 1964 liberata
2369 1915 2456 1964 est
2476 1928 2489 1976 ;
2522 1910 2609 1965 cui
2640 1911 2758 1965 vult
2786 1910 2979 1978 nubat,
3003 1917 3225 1968 tantum
3244 1914 3304 1968 in
3323 1915 3579 1982 Domino,
3600 1919 3806 1985 legali-

452 2006 479 2079 "
522 2010 625 2062 ter.
655 2004 885 2059 Beatior
910 2009 1099 2081 autem
1126 2002 1235 2058 erit
1258 2003 1307 2058 si
1336 2003 1434 2069 sic,
1465 2006 1585 2058 sine
1612 2005 1753 2066 viro,
1784 1997 2160 2073 permanserit
2178 1997 2488 2053 secundum
2513 2015 2704 2054 meum
2732 2000 3029 2056 consilium
3059 2020 3071 2056 :
3105 2001 3192 2058 37.
3225 2008 3362 2074 puto
3387 2008 3576 2059 autem
3609 2006 3695 2075 (ut
3708 2022 3805 2061 ac-

523 2092 838 2164 quiescatur
855 2094 1082 2148 consilio
1101 2093 1283 2162 illius)
1319 2092 1470 2163 quod
1497 2096 1554 2147 et
1581 2107 1685 2161 ego
1711 2089 1985 2162 Spiritum
2009 2084 2114 2143 Dei
2138 2085 2403 2145 habeam.

1863 2262 2452 2322 COMMENTARIUS.

437 2422 451 2529 ζ
525 2451 663 2509 dicit
692 2467 807 2507 non
835 2450 1038 2507 debere
1065 2452 1134 2506 ad
1152 2451 1537 2523 generandum
1565 2450 1829 2506 sollicitos
1855 2462 2015 2504 esse:
2056 2446 2183 2509 etA
2211 2448 2283 2502 ad
2302 2447 2363 2500 id
2381 2448 2525 2517 quod
2546 2448 2837 2502 honestum
2869 2452 2963 2502 est.
3002 2448 3140 2502 Cum
3173 2446 3253 2501 ait
3284 2465 3296 2501 :
3323 2446 3426 2503 Sed
3446 2449 3520 2502 ad
3561 2450 3623 2503 id
3649 2455 3812 2518 quod

528 2542 627 2614 qui
640 2543 807 2618 ﬂent,
835 2548 1108 2615 tanquam
1148 2559 1261 2598 non
1309 2544 1507 2598 ﬂentes
1555 2542 1686 2609 sint,
1719 2541 1958 2596 scientes
1989 2554 2118 2593 mox
2210 2539 2496 2592 honestum
2509 2543 2604 2592 est.
2624 2537 2748 2591 Non
2771 2536 3190 2591 matrimonium
3203 2541 3368 2608 turpe
3383 2553 3503 2592 esse
3523 2539 3805 2608 ostendit;

433 2690 445 2699 ,
527 2631 969 2688 consolationem
988 2648 1182 2687 eorum
1234 2632 1521 2700 futuram;
1569 2637 1627 2685 et
1649 2631 1746 2702 qui
1768 2631 1828 2685 in
1856 2626 2119 2702 praesenti

526 2720 797 2792 gaudent,
814 2721 995 2776 sciant
1018 2738 1146 2776 mox
1172 2721 1386 2776 luctum
1411 2722 1684 2775 futurum.

598 2808 688 2866 28.
723 2809 934 2866 Imma.
965 2812 1258 2880 Reliquum
1303 2815 1396 2864 est.
1451 2809 1614 2875 Quia,
1644 2808 1849 2880 inquit,
1896 2814 2120 2882 tempus

428 2968 443 2975 _
527 2897 694 2954 breve
717 2903 820 2965 est,
870 2898 1231 2970 consequitur
1254 2902 1320 2953 ut
1349 2896 1620 2970 quidquid
1673 2897 1731 2951 in
1770 2898 1875 2951 hoc
1919 2899 2121 2954 saeculo

436 3034 439 3041 .
530 2988 644 3043 sive
680 3004 1030 3061 prosperum,
1059 2988 1174 3042 sive
1225 2988 1521 3043 adversum
1569 2987 1790 3041 videtur
1839 3003 1978 3053 esse,
2022 3003 2123 3059 pro

432 3146 440 3154 Φ
484 3141 488 3143 Α
528 3077 807 3149 parvitate
833 3077 1105 3149 temporis
1130 3077 1317 3148 potius
1345 3074 1599 3130 videatur
1625 3091 1740 3129 non
1761 3092 1902 3130 esse.

603 3163 695 3221 29.
722 3165 969 3220 Ausus'r.
994 3167 1078 3230 (in
1093 3181 1268 3233 capas.
1286 3167 1431 3218 Psal.
1448 3178 1658 3225 CXLVII,
1685 3168 1826 3234 tom.
1851 3164 2026 3226 VIII).
2056 3164 2122 3218 Et

530 3255 632 3322 qui
658 3255 811 3322 ﬂent.
833 3251 1097 3322 Quisquis
1117 3257 1305 3306 autem
1326 3252 1440 3306 sive
1465 3252 1791 3320 manducat,
1814 3251 1928 3306 sive
1958 3251 2119 3319 bibit,

434 3398 441 3403 ,
533 3340 650 3396 sive
671 3340 825 3394 aliud
854 3339 1071 3419 aliquid
1109 3340 1244 3411 agit,
1276 3340 1467 3395 omnia
1492 3339 1549 3393 in
1577 3340 1814 3410 gloriam
1841 3340 1940 3394 Dei
1968 3340 2116 3394 facit.

532 3434 664 3496 59
690 3429 760 3484 Et
783 3428 831 3483 si
857 3428 1045 3500 aliqua
1072 3428 1304 3483 tristitia
1335 3433 1421 3483 est
1444 3428 1515 3483 de
1542 3428 1711 3483 rebus
1744 3428 2120 3495 saecularibus,

430 3590 437 3595 _
535 3518 617 3572 sic
637 3518 773 3573 ﬂeat
798 3518 1035 3573 utintus
1064 3534 1162 3589 spe
1187 3517 1450 3589 gaudeat.
1486 3518 1554 3572 Et
1600 3518 1649 3572 si
1702 3516 1890 3589 aliqua
1932 3517 2128 3572 laetitia

538 3610 626 3661 est
652 3607 710 3661 in
739 3606 907 3662 rebus
924 3606 1302 3672 saecularibus,
1331 3607 1411 3661 sic
1438 3606 1684 3677 gaudeat
1710 3611 1774 3660 ut
1829 3607 1979 3661 intus
2006 3606 2120 3678 spi-

2201 2627 2300 2680 sed
2328 2625 2477 2696 quod
2506 2630 2628 2680 erat
2677 2627 2911 2681 honesto
2962 2626 3083 2696 [al.,
3115 2625 3438 2698 honestum]
3478 2627 3805 2696 honestius,

2200 2715 2481 2786 generalis
2505 2714 2725 2769 honesti
2756 2715 2982 2770 nomine
3007 2715 3435 2770 commendavit.

2274 2803 2362 2857 34.
2395 2804 2599 2858 LANFR.
2636 2805 2700 2860 Si
2723 2806 2846 2874 quis
2885 2810 3091 2870 autem,
3124 2810 3230 2859 etc.
3275 2805 3418 2869 Quia
3444 2804 3711 2877 superius
3732 2808 3813 2862 ad

2203 2891 2585 2963 virginitatem
2632 2897 2907 2956 suaserat,
2939 2904 3009 2947 ne
3065 2893 3189 2964 quis
3229 2899 3455 2965 putaret
3505 2900 3813 2964 peccatum

2204 2980 2348 3035 forte
2382 2979 2476 3053 [f.,
2511 2982 2672 3052 fore],
2704 2982 2753 3036 si
2807 2981 2982 3035 ﬁliam
3039 2981 3327 3036 continere
3364 2982 3647 3036 nolentem
3677 2984 3812 3038 viro

2204 3069 2475 3136 traderet,
2509 3071 2643 3124 dicit
2670 3070 2717 3125 si
2748 3071 2871 3141 ipsa
2894 3070 3181 3124 continere
3238 3071 3396 3136 nolit,
3439 3087 3550 3124 non
3579 3079 3811 3141 peccat,

2204 3158 2252 3211 si
2274 3157 2462 3211 nubat.
2484 3158 2706 3213 Habens
2727 3164 2915 3213 autem
2934 3157 3104 3212 ﬁliam
3135 3174 3304 3229 quam
3339 3158 3624 3213 continere
3643 3159 3810 3225 velit,

2207 3262 2332 3300 cum
2353 3247 2471 3318 ipse
2484 3247 2690 3302 habeat
2706 3252 3039 3318 potestatem
3063 3248 3210 3317 quod
3242 3263 3309 3301 ea
3338 3245 3531 3309 nubat,
3551 3246 3639 3300 vel
3660 3263 3811 3316 non,

2207 3335 2255 3388 si
2276 3340 2437 3406 pater
2460 3336 2715 3402 voluerit,
2774 3336 2822 3390 si
2876 3336 3053 3390 ﬁliam
3109 3336 3381 3406 virginem
3410 3340 3612 3401 servet,
3630 3335 3815 3393 bene-

2203 3423 2353 3479 facit.

2279 3511 2366 3569 35.
2390 3513 2599 3568 LANFR.
2628 3515 2864 3582 Turpem
2897 3530 2950 3567 se
2981 3515 3160 3568 videri
3183 3516 3481 3577 existimat,
3514 3514 3573 3568 id
3615 3518 3723 3577 est,
3761 3518 3816 3571 si

2205 3600 2329 3672 quis
2349 3601 2623 3672 virginem
2640 3601 2810 3655 habet
2829 3601 3229 3673 adultam,quae
3240 3601 3557 3656 castitatem
3577 3618 3816 3659 servare

534 3696 817 3751 ritualiter
844 3695 1073 3763 timeat;
1105 3712 1208 3751 nec
1231 3696 1404 3751 donet
1430 3712 1491 3750 se
1539 3695 2008 3766 corrumpendum
2041 3695 2122 3750 fe-
2206 3690 2366 3755 nolit,
2405 3695 2462 3744 et
2488 3695 2715 3744 curator
2743 3691 2865 3761 ejus
2896 3696 3058 3762 putat
3083 3690 3231 3761 quod
3281 3690 3571 3744 infamiam
3627 3694 3816 3764 turpi-

535 3784 754 3852 licitati,
777 3802 881 3841 nec
892 3785 1082 3840 tradat
1092 3783 1415 3840 adversitati
1434 3784 1825 3854 frangendum,
1842 3785 1948 3838 hoc
1975 3784 2120 3838 enim
2141 3789 2192 3853 Β
2209 3778 2422 3834 tudinis
2451 3779 2780 3833 incursurus
2813 3779 2890 3833 sit
2911 3779 2958 3833 si
3009 3779 3323 3833 castitatem
3358 3795 3580 3833 servare
3606 3796 3816 3851 coege-

424 3860 431 3951 ς
538 3879 625 3929 est
647 3875 782 3930 ﬂere
796 3881 1067 3948 tanquam
1082 3891 1193 3929 non
1206 3874 1372 3942 ﬂere;
1396 3877 1452 3928 et
1469 3873 1718 3944 gaudere
1734 3876 2003 3944 tanquam
2013 3889 2128 3928 non
2208 3868 2307 3935 rit;
2342 3884 2455 3922 non
2479 3873 2670 3939 peccat
2689 3868 2775 3922 vel
2802 3868 2939 3939 ipse,
2968 3867 3055 3922 vel
3082 3868 3256 3938 virgo,
3274 3868 3321 3921 si
3350 3866 3527 3922 nubat
3549 3869 3726 3940 virgo.

528 3964 792 4036 gaudere.
2280 3954 2368 4013 36.
2390 3958 2636 4011 AUGUST.
2671 3958 2897 4024 (Lib.De
2918 3958 3052 4011 bono
3073 3958 3299 4021 viduit.,
3339 3974 3387 4014 ο.
3421 3955 3476 4014 9.
3505 3962 3643 4011 tom.
3679 3958 3816 4029 IV.)

607 4051 695 4110 30.
718 4054 963 4109 Ausus'r.
989 4036 1121 4119 3(lib.
1153 4066 1224 4106 xx
1251 4053 1323 4107 De
1351 4052 1453 4106 civ.
1505 4052 1623 4118 Dei,
1655 4067 1702 4105 c.
1742 4049 1848 4115 14).
1876 4053 2125 4105 Praeterit
2211 4047 2333 4101 Non
2349 4050 2530 4115 peccat
2558 4049 2609 4100 si
2640 4048 2831 4100 nubat.
2863 4046 2998 4110 Quae
3025 4062 3085 4100 se
3130 4062 3242 4100 non
3273 4046 3542 4115 continet,
3582 4045 3765 4100 nubat
3793 4067 3807 4114 ;

536 4144 687 4197 enim
712 4144 915 4210 ﬁgura.
937 4142 1147 4213 Figura
1158 4139 1425 4212 praeterit,
1446 4155 1559 4194 non
1581 4144 1787 4194 natura
1803 4141 1979 4205 libid.,
1998 4156 2120 4211 cap.
2207 4149 2330 4204 quae
2357 4150 2470 4189 non
2490 4134 2675 4207 coepit,
2700 4134 3004 4201 deliberet;
3039 4135 3187 4205 quod
3203 4151 3470 4205 aggressa
3482 4139 3585 4196 est,
3609 4151 3811 4205 perse-

443 4301 449 4308 _
533 4229 649 4296 16).
673 4229 947 4285 Judicatis
976 4230 1182 4301 quippe
1211 4229 1296 4283 his
1322 4229 1418 4300 qui
1447 4228 1638 4300 scripti
1658 4245 1770 4284 non
1807 4236 1937 4283 sunt
1965 4229 2023 4283 in
2053 4228 2122 4282 li-
2205 4229 2377 4277 veret.
2404 4224 2572 4279 Nulla
2599 4223 2917 4278 adversario
2934 4223 3099 4277 detur
3126 4224 3341 4279 occasio
3366 4242 3378 4291 ;
3412 4224 3563 4278 nulla
3577 4224 3812 4279 Christo

536 4319 640 4374 bro
667 4318 813 4384 vitae,
839 4324 895 4374 et
914 4318 973 4373 in
1002 4323 1276 4372 aeternum
1304 4318 1491 4388 ignem
1522 4318 1728 4384 missis,
1774 4322 1908 4373 tunc
1949 4319 2130 4387 ﬁgura
2210 4312 2575 4367 subtrahatur
2588 4312 2808 4368 oblivio.

533 4408 703 4479 hujus
732 4406 947 4472 mundi,
988 4405 1401 4460 mundanorum
1426 4405 1639 4477 ignium
1693 4404 2128 4477 conﬂagratione
2283 4400 2370 4458 37.
2393 4403 2639 4457 Aususr.
2671 4404 2878 4471 (Expos.
2912 4399 2999 4456 37.
3024 4404 3085 4455 in
3106 4403 3321 4470 Evang.
3354 4400 3537 4470 Joan.)
3562 4402 3813 4456 Putoau-

536 4494 863 4569 praeteribit.
895 4495 985 4550 Sic
1013 4494 1222 4549 factum
1253 4499 1340 4549 est
1383 4496 1794 4550 mundanarum
1850 4510 2127 4565 aquarum
2211 4496 2315 4545 tem
2348 4494 2492 4561 quod
2511 4509 2621 4560 ego.
2656 4492 2922 4546 Homines
2975 4491 3044 4545 de
3095 4490 3184 4544 his
3232 4490 3416 4553 rebus,
3450 4505 3591 4561 quas
3619 4496 3813 4546 certas

532 4585 902 4642 inundatione
928 4583 1214 4639 diluvium.
1249 4584 1370 4648 llla,
1401 4589 1464 4639 ut
1506 4585 1641 4650 dixi,
1666 4583 2124 4654 conﬂagratione,
2209 4580 2420 4636 habent
2450 4581 2750 4653 aliquando
2782 4580 3127 4651 increpative
3148 4579 3426 4639 dubitant,
3456 4579 3513 4632 id
3545 4584 3648 4644 est,
3680 4596 3813 4634 ver-

534 4675 834 4730 mundanae
866 4674 989 4745 [al.,
1022 4672 1329 4746 mundana]
1360 4675 1764 4729 elementorum
1797 4672 2127 4744 corruptibi-
2208 4669 2340 4724 bum
2370 4668 2735 4724 dubitationis
2763 4668 2919 4740 ponit
2966 4670 3088 4740 [al.,
3135 4666 3398 4740 ponunt],
3449 4684 3575 4721 cum
3616 4668 3803 4738 [adde,

533 4764 675 4819 lium
707 4762 1024 4835 qualitates,
1049 4779 1170 4834 quae
1185 4763 1508 4834 corporibus
1526 4763 1734 4818 nostris
1753 4761 2127 4833 corruptibili-
2208 4759 2288 4830 in]
2320 4761 2485 4815 corde
2528 4776 2639 4814 non
2693 4757 2965 4813 dubitent.
2998 4758 3168 4812 Velut
3218 4758 3267 4811 si
3296 4756 3602 4826 indigneris
3640 4773 3810 4813 servo

531 4850 637 4907 bus
660 4850 1060 4923 congruebant,
1082 4851 1329 4906 ardendo
1352 4853 1576 4924 penitus
1604 4851 1933 4906 interibunt.
2207 4854 2305 4904 tuo
2335 4856 2392 4904 et
2429 4849 2580 4903 dicas
2607 4867 2617 4902 :
2676 4848 3000 4902 Contemnis
3046 4848 3175 4901 me?
3232 4845 3535 4900 Considera
3561 4845 3809 4903 forsitan

603 4940 691 4997 31.
724 4941 928 4996 LANFR.
952 4943 1196 4996 Praeterit
1217 4944 1367 4996 enim
1387 4945 1589 5010 ﬁgura.
1611 4940 1776 4995 Ratio
1793 4956 1894 4994 cur
1916 4956 1983 4994 ea
2002 4956 2125 5011 quae
2208 4938 2478 4993 Dominus
2527 4943 2658 4992 tuus
2684 4954 2827 4992 sum.
2852 4938 2995 4991 Hinc
3019 4942 3077 4990 et
3101 4936 3400 5007 Apostolus
3426 4934 3494 4988 ad
3525 4933 3808 5004 quosdam

532 5030 793 5106 superius
834 5029 983 5085 dicta
1029 5041 1179 5098 sunt,
1215 5031 1373 5102 quasi
1426 5047 1533 5085 non
1587 5030 1719 5095 sint,
1754 5029 2181 5128 existimandac
2206 5033 2626 5083 contemnentes
2651 5044 2782 5082 suos
2809 5027 3061 5097 loquens,
3094 5025 3176 5079 ait
3207 5043 3216 5076 :
3257 5027 3395 5078 Puto
3427 5027 3613 5077 autem
3651 5028 3806 5091 quod

532 5126 684 5178 sunt.
718 5120 899 5176 Omne
919 5119 1067 5174 enim
1099 5120 1243 5193 quod
1266 5120 1532 5192 praeterit,
1557 5121 1937 5188 cujuscunque
1956 5111 2181 5190 proli~v
2206 5123 2256 5172 et
2278 5135 2369 5185 ego
2397 5118 2678 5186 Spiritum
2703 5118 2803 5171 Dei
2824 5117 2988 5170 habeo
3035 5113 3141 5178 Qui
3169 5112 3305 5169 dicit
3345 5118 3496 5184 puto,
3535 5111 3804 5168 dubitare

528 5210 720 5266 xitatis
748 5209 840 5269 sit,
872 5210 1172 5265 aeternitati
1197 5222 1602 5280 comparatum,
1638 5207 1777 5261 nihil
1804 5212 1908 5262 est.
2206 5207 2441 5261 videtur.
2469 5207 2577 5261 Sed
2608 5206 2701 5260 ille
2720 5204 3065 5277 increpabat,
3099 5220 3213 5257 non
3240 5201 3550 5257 dubitabat.
3576 5201 3646 5255 Et
3673 5202 3803 5274 ipse

603 5299 692 5356 3‘2.
716 5299 840 5354 Non
868 5304 929 5353 ut
951 5303 1230 5369 laqueum,
1284 5298 1337 5352 id
1380 5302 1483 5358 est,
1516 5311 1628 5350 non
1658 5295 1728 5350 ad
1772 5296 1876 5350 hoc
1921 5313 2121 5352 moneo
2205 5295 2476 5351 Dominus
2504 5299 2695 5350 noster
2738 5295 2847 5349 alio
2902 5294 3021 5349 loco
3067 5292 3364 5364 increpans
3401 5290 3802 5348 inﬁdelitatem

524 5388 841 5445 castitatem
871 5389 1124 5462 diligere,
1156 5393 1222 5444 ut
1277 5388 1383 5442 hac
1441 5385 1730 5441 occasione
1795 5387 1959 5442 velim
2001 5404 2115 5450 vos,
2199 5388 2445 5442 futuram
2460 5384 2682 5457 generis
2703 5385 2972 5439 humani:
3008 5383 3145 5439 Cum
3170 5385 3397 5447 venerit,
3418 5380 3622 5453 inquit,
3644 5384 3803 5441 ﬁlius

521 5473 1542 5552 propterincontinentiaminluxuriae
1562 5473 1827 5546 laqueum
1846 5475 2111 5532 incidere.
2198 5477 2460 5544 hominis,
2490 5480 2655 5547 putas
2676 5478 2918 5530 inveniet
2946 5475 3107 5543 ﬁdem
3133 5476 3197 5528 in
3222 5477 3375 5527 terra
3394 5478 3420 5530 Γ

523 5589 559 5639 ιε
598 5562 687 5626 33.
718 5567 966 5627 Anaus'r.
998 5569 1120 5638 (lib.
1147 5567 1222 5622 De
1276 5566 1411 5621 bono
1455 5564 1685 5633 viduit.,
1719 5578 1841 5637 cap.
1886 5565 1958 5637 5.)
1989 5566 2116 5639 [Sed
