3912 6356
171 274 258 332 181
833 282 911 338 ΙΝ
948 281 1016 336 D.
1057 279 1271 336 PAULI
1310 278 1534 336 EPIST.
1576 279 1716 337 COM

1867 281 1948 338 IT.
1990 310 2058 325 —
2097 281 2320 339 EPIST.
2360 281 2386 339 Ι
2421 281 2520 339 AD
2557 279 2722 339 COR.
3310 277 3412 339 182

1570 405 1802 461 CAPUT
1841 405 1996 460 VIII.

225 528 346 590 ω
364 525 481 579 1.2.
508 527 590 582 De
607 526 676 583 iis
698 533 885 584 autem
915 547 1037 601 quin
1057 529 1220 584 idolis
1243 529 1648 595 sacrificantur,
1677 529 1884 583 scimus
1908 531 2051 599 quod
2063 533 2187 598 ﬁeri
2204 531 2406 596 debeat,
2429 530 2564 601 quia
2575 525 2770 585 omnes
2789 529 3083 585 scientiam
3109 529 3401 587 habemus.

167 610 210 668 3.
238 613 472 667 Scientia
498 619 618 670 sine
645 618 910 671 charitate
934 617 1110 683 inﬂat,
1135 617 1380 671 charitas
1406 634 1554 681 vero,
1589 635 1723 672 nam.
1743 635 1870 672 cum
1893 620 2160 671 charitate
2191 618 2447 672 aediﬁcat.
2471 617 2530 676 4.
2573 618 2632 673 Si
2662 618 2788 689 quis
2816 623 3008 673 autem
3027 635 3088 673 se
3117 618 3402 675 existimat

165 703 287 756 scire
311 720 346 756 a
374 720 426 756 se
454 704 692 774 aliquid,
724 708 786 760 id
821 712 895 760 est
923 711 1096 762 sciens
1123 692 1243 762 sine
1284 710 1570 773 charitate,
1609 708 1857 762 nondum
1886 706 2146 776 cognovit
2182 705 2234 762 5.
2284 707 2762 777 quemadmodum
2791 713 3050 779 oporteat
3080 724 3211 764 eum
3240 710 3407 764 scire.

164 790 213 844 Si
233 791 347 860 quis
375 798 571 846 autem
601 793 786 863 diligit
810 794 1010 862 Deum,
1040 796 1131 850 hic
1160 796 1416 866 cognitus
1443 801 1530 849 est
1557 795 1626 848 ab
1656 812 1740 861 eo,
1789 797 1943 849 habet
1980 798 2270 850 scientiam
2299 812 2426 849 cum
2455 798 2746 861 charitate,
2775 799 3094 864 aediﬁcando
3122 800 3282 852 alios.
3323 799 3406 854 De

163 879 283 933 escis
310 885 500 934 autem
531 885 695 949 (quod
717 884 1005 938 dimiserat
1023 889 1236 954 repetit)
1259 901 1383 955 quae
1411 883 1574 937 idolis
1599 883 1981 949 immolantur,
2003 886 2082 937 sic
2111 885 2415 952 respondeo,
2438 884 2647 939 scimus
2678 884 2810 956 quia
2834 885 2975 940 nihil
2996 891 3083 940 est
3111 885 3324 940 idolum
3345 887 3405 942 in

159 967 365 1032 mundo,
396 972 462 1022 in
499 971 712 1024 mundi
755 976 1045 1037 creatione,
1076 978 1134 1028 et
1175 974 1322 1044 quod
1371 973 1558 1026 nullus
1600 979 1682 1026 est
1729 973 1879 1026 Deus
1916 973 2024 1025 nisi
2070 988 2216 1026 unus
2244 976 2385 1040 (non
2431 979 2505 1026 est
2545 975 2705 1040 Deus,
2735 977 2871 1043 quia
2900 980 3124 1029 tantum
3153 982 3229 1030 est
3257 993 3406 1030 unus

159 1056 314 1123 Deus.)
343 1054 394 1111 6.
427 1057 578 1111 Nam
609 1058 714 1113 etsi
760 1065 908 1126 sunt,
957 1062 1054 1133 qui
1090 1062 1352 1116 dicantur
1387 1061 1486 1125 dii,
1527 1060 1642 1114 sive
1682 1060 1742 1113 in
1787 1060 1944 1124 caelo,
1987 1060 2100 1114 sive
2133 1061 2191 1114 in
2220 1065 2375 1114 terra
2423 1061 2558 1127 (sola
2594 1062 3016 1130 anthypophora
3064 1064 3404 1133 inﬁdelibus)

157 1143 357 1212 quidem
398 1151 540 1199 sunt
579 1147 656 1201 dii
703 1149 884 1214 multi,
916 1155 978 1203 ut
1021 1155 1078 1204 et
1106 1150 1319 1204 domini
1364 1149 1545 1214 multi,
1580 1147 1740 1202 nobis
1776 1153 1968 1202 tamen
1995 1164 2142 1202 unus
2170 1149 2318 1202 Deus
2345 1146 2531 1215 Pater,
2566 1149 2619 1203 7.
2651 1165 2717 1202 ex
2747 1166 2858 1220 quo
2885 1151 3094 1217 omnia,
3127 1155 3185 1206 et
3213 1168 3316 1206 nos
3341 1153 3403 1208 in

156 1229 313 1299 illum,
345 1239 402 1287 et
427 1250 582 1290 unus
610 1237 881 1292 Dominus
909 1240 1070 1293 Jesus
1107 1239 1383 1304 Christus,
1425 1236 1477 1293 8.
1510 1253 1611 1308 per
1638 1252 1805 1307 quem
1835 1237 2040 1300 omnia,
2075 1242 2132 1291 et
2160 1253 2259 1290 nos
2288 1253 2389 1307 per
2416 1237 2623 1308 ipsum.
2652 1237 2706 1292 9.
2745 1238 2856 1293 Sed
2884 1255 2999 1294 non
3039 1239 3098 1294 in
3145 1241 3406 1298 omnibus

155 1325 227 1373 est
257 1322 511 1389 scientia,
546 1327 814 1391 fidelibus.
862 1325 942 1392 10,
973 1328 1062 1383 11.
1112 1328 1350 1391 Quidam
1398 1331 1589 1380 autem
1627 1341 1755 1378 cum
1801 1325 2140 1379 conscientia
2181 1341 2358 1396 usque
2396 1341 2544 1379 nunc
2583 1325 2740 1392 idoli,
2765 1332 3023 1394 putantes
3055 1329 3268 1382 idolum
3298 1343 3406 1384 esse

153 1411 365 1478 aliquid,
399 1413 566 1482 quasi
598 1414 974 1485 idolothytum
1000 1417 1362 1482 manducant,
1391 1419 1447 1469 et
1473 1414 1814 1468 conscientia
1837 1414 2106 1484 ipsorum,
2138 1429 2266 1467 cum
2287 1414 2363 1468 sit
2387 1413 2632 1480 inﬁrma,
2656 1417 2791 1483 quia
2821 1418 3267 1484 concupiscentia:
3295 1419 3406 1472 cibi

156 1512 251 1550 non
273 1504 440 1566 potest
471 1504 742 1568 resistere,
776 1505 1062 1574 polluitur.
1097 1505 1219 1558 Non
1248 1507 1496 1558 debemus
1524 1507 1642 1568 3|
1681 1504 1831 1555 edere
1857 1505 2181 1570 idolothyta.
2215 1503 2354 1558 Esca
2381 1508 2570 1558 autem
2603 1520 2706 1558 nos
2733 1519 2846 1558 non
2875 1505 3233 1560 commendat
3258 1506 3396 1570 Deo,

158 1587 250 1639 imo
283 1586 684 1644 abominabiles
717 1593 870 1657 facit.
902 1593 994 1660 12,
1045 1591 1122 1648 l3.
1157 1594 1352 1663 Neque
1393 1591 1544 1646 enim
1582 1593 1800 1659 (probat
1845 1593 1987 1659 quod
2016 1593 2409 1658 offendicutum
2440 1594 2626 1661 faciet)
2658 1591 2707 1645 si
2741 1591 3401 1658 manducaverimus,14.

154 1672 567 1744 abundabimus,
611 1681 922 1746 proﬁcuum
977 1683 1318 1747 habebimus,
1361 1696 1560 1750 neque,
1595 1679 1641 1732 si
1685 1695 1797 1732 non
1843 1679 2384 1743 manducaverimus,
2433 1679 2777 1734 deﬁciemus.
2810 1679 2901 1733 15.
2957 1680 3156 1735 Videte
3187 1686 3399 1745 autem,

156 1764 276 1828 licet,
304 1766 514 1833 inquit,
547 1769 836 1829 comedere,
861 1770 954 1820 sed
983 1771 1172 1832 videte,
1202 1785 1272 1822 ne
1299 1769 1441 1822 forte
1471 1769 1587 1822 haec
1610 1767 1837 1821 licentia
1859 1771 2042 1820 vestra
2059 1765 2140 1822 16.
2174 1767 2572 1821 offendiculum
2606 1769 2707 1822 ﬁat
2735 1767 2995 1822 infirmis.
3021 1767 3081 1822 Si
3103 1767 3255 1822 enim
3283 1768 3407 1838 quis

154 1851 331 1906 viderit
363 1870 497 1908 eum
546 1856 643 1926 qui
689 1856 858 1910 habet
906 1858 1214 1924 scientiam,
1247 1859 1304 1911 in
1342 1858 1512 1911 idolio
1553 1856 1990 1921 recumbentem,
2029 1873 2215 1910 nonne
2266 1857 2606 1911 conscientia
2647 1857 2790 1926 ejus,
2842 1873 2972 1910 cum
3027 1856 3100 1910 sit
3154 1855 3403 1924 inﬁrma,

154 1939 502 1997 tediﬁcabitur
529 1944 600 1997 ad
628 1945 1077 2000 manducandum
1106 1946 1454 2016 idolothyta?
1482 1945 1557 1999 Et
1581 1945 1783 2016 peribit
1809 1944 2066 1999 inﬁrmus
2086 1945 2145 1999 in
2165 1951 2265 1998 tua
2291 1945 2546 2010 scientia,
2569 1944 2761 2009 frater,
2784 1947 2919 2012 quia
2943 1947 3117 2013 te,qui
3137 1948 3313 1999 sciens
3331 1963 3405 2011 es,

153 2028 275 2081 ridet
309 2031 404 2085 hoc
431 2033 635 2098 facere,
663 2036 754 2086 sed
784 2049 893 2087 non
914 2035 1059 2088 debet
1083 2037 1266 2102 perire
1303 2051 1401 2102 per
1419 2039 1484 2100 te,
1517 2039 1747 2104 propter
1766 2049 1932 2104 quem
1964 2032 2218 2087 Christus
2245 2039 2502 2088 mortuus
2523 2034 2652 2087 est?
2685 2033 2776 2088 Sic
2802 2038 2994 2088 autem
3019 2041 3314 2104 peccantes
3342 2034 3402 2089 in

154 2116 348 2186 fratres,
380 2124 709 2177 comedendo
729 2125 1112 2191 idolothytum,
1137 2129 1194 2178 et
1221 2124 1598 2195 percutientes
1627 2122 2024 2176 conscientiam
2053 2138 2248 2177 eorum
2277 2123 2581 2188 inﬁrmam,
2609 2123 2669 2177 in
2702 2123 2990 2176 Christum
3018 2122 3282 2194 peccatis.
3311 2121 3398 2180 17.

1462 2247 2052 2303 COMMENTARIUS.

215 2329 356 2390 CAP.
379 2332 541 2390 VIII.
587 2368 623 2379 -
660 2335 708 2393 1.
726 2337 956 2393 Ausnos
984 2339 1057 2392 De
1069 2339 1154 2392 his
1173 2342 1358 2392 autem
1380 2338 1544 2392 Nunc
1559 2338 1733 2392 scien-
1751 2343 1794 2396 Α
1815 2351 1942 2391 cum
1964 2336 2321 2391 veneratione
2348 2336 2532 2390 adhuc
2558 2334 2862 2401 simulacri,
2897 2327 3315 2390 manducabant
3340 2335 3412 2392 de

157 2418 272 2475 tiam
299 2423 612 2493 locuturus,
645 2443 770 2499 quae
799 2428 870 2482 sit
897 2428 1131 2483 scientia
1176 2445 1289 2483 non
1315 2428 1508 2482 statim
1550 2429 1686 2483 dicit
1717 2449 1729 2496 ;
1815 2425 2121 2491 sacriﬁciis,
2155 2425 2314 2496 quasi
2342 2425 2533 2496 aliqua
2558 2424 2672 2479 illic
2699 2429 2848 2479 esset
2874 2424 3157 2480 divinitas.

156 2509 234 2562 sed
269 2511 324 2565 in
351 2513 624 2585 subjectis
682 2517 926 2572 ostendit
966 2517 1156 2572 dicens
1205 2531 1216 2564 ε
1268 2519 1409 2584 Quia
1460 2517 1604 2572 nihil
1658 2524 1731 2572 est
1898 2513 1984 2571 12.
2034 2514 2277 2569 Anaus'r.
2330 2515 2486 2583 (libr.
2537 2527 2573 2566 Χ
2617 2513 2796 2580 Gonf.,
2863 2529 2984 2584 cap.
3038 2511 3126 2580 31,
3170 2517 3308 2568 tom.
3355 2512 3404 2583 Ι)

159 2597 359 2667 idolum,
1810 2605 1992 2671 Neque
2010 2606 2160 2658 enim
2182 2606 2232 2657 si
2259 2618 2371 2658 non
2384 2603 2935 2660 manducaverimus.
2957 2603 3075 2656 Hoc
3093 2611 3178 2656 est
3200 2602 3405 2668 dicere,

212 2683 258 2741 2.
287 2688 486 2745 LANFR-
530 2695 607 2748 De
664 2694 750 2748 his
792 2700 996 2760 autem,
1031 2697 1087 2751 id
1143 2701 1247 2762 est,
1280 2713 1475 2752 omnes
1515 2698 1720 2753 scimus
1802 2707 1906 2746 nec
1947 2693 2043 2747 illa
2093 2709 2183 2747 res
2229 2708 2322 2746 me
2373 2690 2660 2764 copiosum
2690 2691 2880 2759 faciet,
2913 2707 3016 2746 nec
3063 2691 3160 2746 illa
3209 2707 3408 2748 arum-

158 2775 269 2844 quid
283 2778 477 2834 debeat
505 2782 630 2836 ﬁeri
646 2783 716 2838 de
745 2783 1115 2840 immolatitiis
1146 2785 1442 2852 idolorum;
1475 2787 1574 2841 sed
1602 2788 1719 2842 sola
1801 2796 2021 2834 nosam-

155 2863 356 2922 scientia
385 2886 505 2925 non
535 2871 742 2926 sufficit
785 2873 856 2926 ad
884 2873 1290 2929 observandum
1327 2876 1473 2947 quod
1503 2882 1717 2931 rectum
1887 2867 1966 2925 13.
1996 2869 2204 2923 ΒΑΜ-Β.
2236 2869 2344 2922 Nec
2371 2870 2542 2934 enim,
2574 2872 2680 2923 Θῐοο
2714 2868 2887 2932 Ωαδεὶ
2915 2869 3129 2924 diceret
3149 2869 3352 2941 aliquis
3389 2887 3401 2922 ε

157 2957 255 3020 est;
309 2958 403 3011 sed
469 2959 662 3030 potius
717 2960 894 3028 inﬂat,
951 2962 997 3016 si
1063 2963 1210 3017 desit
1275 2964 1539 3031 Charitas,
1603 2983 1725 3036 quae
1807 2956 1984 3010 fames
2015 2973 2105 3010 me
2126 2957 2298 3010 talem
2327 2954 2515 3010 cibum
2543 2956 2837 3010 comedere
2862 2957 3165 3028 compellit.
3197 2957 3400 3012 Absit!

154 3040 374 3099 adificat.
1808 3049 1922 3098 tam
1951 3061 2123 3116 parva
2165 3044 2313 3098 enim
2343 3043 2620 3115 particula
2667 3043 2902 3113 singulis
2931 3044 3308 3112 distribuitur,
3340 3051 3406 3100 ut

211 3129 258 3184 8.
283 3134 528 3192 AUGUST.
564 3138 822 3206 (Erposit.
858 3143 918 3193 in
958 3141 1165 3208 Evang.
1195 3144 1380 3206 Joan.,
1415 3145 1578 3196 tract.
1612 3140 1720 3211 27.)

1857 3150 1909 3187 ec
1929 3133 2087 3188 illata
2113 3132 2298 3200 satiet,
2344 3149 2447 3188 nec
2472 3133 2663 3189 ablata
2689 3133 2906 3190 esurire
2943 3133 3248 3205 compellat
3293 3134 3402 3189 Po-

156 3217 366 3276 Scientia
381 3227 571 3295 inﬂat.
603 3225 677 3280 Et
703 3227 930 3296 quidem
951 3228 1112 3282 inﬂat
1130 3229 1248 3282 sola
1269 3229 1388 3283 sine
1421 3230 1716 3294 charitate,
1802 3227 1913 3276 test
1960 3222 2298 3290 subaudire;
2351 3223 2674 3278 deﬁciamus
2711 3240 2745 3277 a
2787 3222 2950 3278 bonis
3004 3222 3286 3295 operibus,
3317 3223 3403 3277 vel

157 3302 258 3360 ideo
276 3311 358 3381 adj
368 3313 532 3368 unxit
555 3331 565 3364 :
597 3314 850 3369 Charitas
867 3318 1116 3384 aediﬁcat.
1143 3318 1298 3372 Adde
1321 3335 1453 3388 ergo
1473 3319 1719 3373 scientiae
1803 3310 2214 3366 abundabimus
2240 3311 2300 3365 in
2335 3310 2496 3366 bonis
2523 3312 2805 3382 operibus.

157 3392 475 3467 charitatem,
513 3407 570 3456 et
620 3403 772 3458 utilis
801 3404 909 3458 erit
943 3405 1192 3472 scientia,
1223 3423 1333 3460 non
1386 3423 1486 3478 per
1514 3424 1592 3474 se,
1622 3410 1702 3462 sec

1872 3398 1960 3454 14.
2016 3401 2456 3466 Abundabimus,
2509 3406 2615 3455 etc.
2675 3402 2804 3455 Non
2849 3399 3067 3456 debetis
3109 3400 3403 3457 comedere

157 3496 238 3549 per
260 3486 606 3545 charitatem.
1801 3488 2117 3560 idolothyta
2143 3507 2155 3556 ;
2189 3505 2318 3542 nam
2353 3504 2534 3560 neque
2561 3505 2661 3560 per
2688 3490 2794 3554 hoc
2820 3490 3123 3561 acquiretis
3153 3506 3402 3545 commo-

211 3572 256 3624 4.
283 3575 478 3638 Lassa.
519 3580 719 3649 Siquis
749 3587 952 3635 autem.
984 3583 1242 3638 Ostendit
1271 3583 1406 3655 quid
1438 3584 1512 3638 sit
1545 3584 1720 3638 scien-
1801 3577 1955 3642 dum,
1988 3577 2136 3648 quod
2167 3582 2253 3631 est
2284 3593 2468 3648 neque
2491 3578 2540 3632 si
2575 3578 3120 3640 manducaverimus,
3153 3578 3402 3634 abunda-

157 3657 222 3744 tia
252 3663 362 3719 sine
398 3669 695 3735 charitate,
747 3670 998 3726 videlicet
1027 3689 1194 3742 quam
1249 3673 1414 3727 homo
1453 3679 1616 3744 putat
1659 3655 1780 3727 seB
1799 3665 2002 3732 bimus,
2027 3682 2208 3736 neque
2228 3667 2410 3736 majus
2426 3667 2671 3722 evadetis
2695 3668 2984 3723 damnum.
3012 3668 3172 3732 Quod
3198 3667 3398 3738 probat

158 3743 331 3805 habere
353 3770 384 3807 a
411 3772 494 3809 se.
1458 3743 1472 3744 ί
1798 3754 1856 3808 in
1878 3754 2020 3808 libro
2043 3771 2076 3808 a
2103 3755 2402 3821 contrario,
2433 3756 2542 3810 ita:
2577 3756 2721 3810 Nam
2753 3756 2800 3810 si
2830 3772 2944 3810 non
2975 3755 3397 3810 manducaveri-

213 3832 258 3897 5,
292 3839 755 3904 Quemadmodum
787 3851 1047 3914 oporteat.
1086 3847 1322 3918 Oportet
1362 3848 1504 3902 scire
1534 3849 1714 3903 homi-
1796 3859 1941 3907 mus,
1967 3842 2277 3912 periculum
2298 3858 2410 3897 non
2429 3843 2786 3912 habebimus;
2806 3844 2955 3915 quod
2976 3839 3400 3914 aequipcillenter

160 3934 262 3976 nem
283 3929 544 4002 quidquid
563 3931 768 3987 bonum
809 3934 975 3989 habet
1002 3952 1036 3989 a
1073 3936 1187 3990 Deo
1225 3953 1285 3990 se
1315 3936 1540 3991 habere.
1798 3930 1951 3994 dicit,
1984 3930 2327 3984 deﬁciamus.

216 4010 259 4065 6.
288 4018 521 4078 AUGUST.
545 4025 631 4085 (in
668 4025 808 4077 Psal.
841 4038 986 4087 XCIV,
1019 4031 1154 4078 tom.
1207 4025 1386 4098 \III.)
1410 4028 1553 4080 Nam
1594 4032 1639 4080 et
1669 4031 1718 4081 si
1869 4018 1958 4074 15.
2009 4020 2262 4074 AMnaos.
2311 4020 2486 4072 Videte
2533 4025 2738 4085 autem,
2796 4020 2900 4074 hoc
2937 4024 3067 4074 est:
3119 4020 3222 4086 Ne,
3265 4019 3398 4092 quia

162 4108 266 4154 sunt
287 4111 378 4172 qui
389 4112 657 4164 dicantur
703 4111 759 4165 Si
780 4128 912 4183 ergo
941 4130 1051 4167 non
1085 4114 1262 4181 nobis;
1295 4115 1541 4186 quibuS?
1574 4117 1716 4170 Audi
1800 4107 1967 4162 licere
1998 4106 2152 4161 vobis
2181 4107 2346 4162 edere
2375 4124 2601 4163 carnem
2645 4109 2715 4162 de
2744 4109 3016 4164 sacriﬁcio
3061 4108 3264 4176 dicitis,
3296 4126 3398 4182 per

163 4200 214 4240 ex
235 4191 329 4246 alio
357 4199 571 4266 psalmo
603 4223 613 4256 :
668 4199 942 4264 Quoniam
973 4218 1166 4257 omnes
1213 4204 1286 4257 dii
1327 4205 1582 4274 gentium
1611 4205 1716 4260 dae-
1801 4195 1856 4249 id
1877 4197 2024 4267 quod
2054 4196 2194 4252 nihil
2232 4196 2444 4251 idolum
2473 4213 2593 4252 esse
2635 4198 2804 4264 scitis,
2838 4197 3200 4252 offensionem
3230 4215 3398 4270 gene-

163 4280 333 4336 monia.
1800 4284 1936 4338 retis
1965 4285 2229 4340 fratribus
2257 4285 2354 4355 qui
2406 4286 2664 4340 nesciunt
2709 4287 2898 4341 adhuc
2941 4286 3074 4358 quia
3123 4287 3263 4341 nihil
3312 4293 3397 4342 est

219 4365 260 4418 7-
288 4371 504 4433 AMBROS
546 4378 626 4432 Ea;
648 4394 753 4446 quo
781 4383 988 4434 omnia.
1015 4380 1285 4435 Discrevit
1305 4399 1404 4436 nos
1429 4399 1462 4435 a
1481 4383 1712 4449 caeteris,
1797 4374 2029 4428 idOlum-
3272 4425 3276 4429 .

166 4453 240 4520 qui
264 4474 318 4512 ex
343 4461 433 4518 illo
453 4472 588 4520 sunt
611 4489 623 4532 ;
657 4483 766 4521 non
788 4469 1048 4523 tamenin
1073 4470 1166 4524 illo
1195 4476 1346 4537 sunt,
1369 4472 1502 4526 dum
1533 4472 1711 4526 adhuc

1883 4460 1966 4518 16.
1991 4463 2392 4531 O/fendicutum
2412 4466 2509 4532 ﬁat
2531 4467 2796 4533 inﬁrmis.
2829 4464 3040 4520 Probat
3059 4464 3210 4536 quod
3227 4464 3394 4520 offen-

165 4552 253 4596 non
267 4552 506 4609 credunt.
1795 4553 2040 4608 diculum
2071 4554 2252 4619 faciet,
2295 4554 2428 4625 quia
2468 4555 2759 4609 aediﬁcavit
2789 4555 2860 4608 ad
2891 4554 3344 4615 manducandum
3377 4572 3393 4620 ;

218 4631 260 4687 8.
289 4641 379 4693 Per
406 4662 566 4712 quem
588 4648 794 4700 omnia.
831 4647 1031 4702 Omnia
1053 4665 1117 4702 ex
1143 4649 1309 4702 Patre
1339 4650 1583 4720 quidem,
1616 4651 1713 4706 sed
1795 4642 2000 4713 peribit
2027 4649 2218 4696 autem
2239 4643 2430 4708 frater,
2456 4644 2605 4714 quod
2634 4660 2746 4698 non
2771 4643 2986 4698 debetis
3014 4643 3216 4709 facere,
3241 4642 3393 4698 scili-

167 4725 434 4788 PerFilium
450 4740 638 4789 creata
651 4741 811 4803 sunt;
832 4736 930 4790 sed
947 4753 1072 4790 cum
1085 4737 1236 4803 dicit,
1254 4743 1407 4792 etnos
1420 4756 1519 4807 per
1531 4744 1713 4808 ipsum
1795 4737 1884 4786 cet
1912 4749 2039 4786 eum
2064 4732 2280 4803 Ρρνίνθς
2313 4749 2446 4786 nam
2474 4732 2522 4786 Si
2549 4733 2786 4799 faeietisa
2811 4733 2868 4787 ίη
2898 4733 3099 4787 fratres
3129 4733 3389 4804 Ρθοοείῖίε·

167 4813 451 4878 reformatos
465 4842 568 4879 nos
591 4841 688 4895 per
703 4825 907 4896 ipsum,
928 4843 1203 4897 perquem
1217 4827 1389 4881 creati
1404 4827 1710 4895 fueramus,
1796 4821 1940 4874 Item
1979 4825 2036 4874 et
2061 4822 2435 4891 percutientes
2464 4822 2598 4876 estis
2643 4822 3066 4890 conscientiam,
3099 4823 3246 4894 quod
3283 4839 3393 4877 non

169 4902 400 4974 signiﬁcat
433 4914 494 4968 in
524 4913 625 4968 Dei
657 4914 990 4984 cognitione.
1735 4927 1777 4986 ς,
1799 4909 2048 4976 debetis;
2083 4926 2212 4964 nam
2262 4911 2343 4965 ita
2370 4911 2429 4965 in
2475 4911 2760 4967 Christum
2786 4913 3046 4984 peccatis.
3102 4911 3252 4984 Ergo
3281 4927 3395 4966 non

215 4990 258 5047 9-
280 4998 464 5057 [ΑΜ-Ἦ.
491 5001 595 5056 Sed
610 5019 720 5057 non
743 5007 806 5058 in
821 5007 1092 5058 omnibus.
1117 5007 1242 5059 Non
1269 5022 1480 5070 omnes,
1506 5009 1707 5079 inquit,
1793 5005 2008 5060 debetis
2037 5007 2347 5061 comedere.
2381 5007 2541 5070 Quod
2562 5013 3006 5078 est,quapropter
3025 5012 3076 5062 si
3104 5023 3221 5062 esca
3239 5023 3396 5062 scan-

171 5074 337 5168 iubent
360 5092 644 5147 scientiam
680 5093 846 5162 hujus
878 5093 978 5148 Dei
1003 5112 1015 5160 ;
1047 5093 1172 5148 ideo
1201 5100 1403 5165 putant
1427 5074 1714 5168 idolis'gu-
1792 5096 2021 5162 dalizat,
2056 5101 2160 5154 etc.
2191 5096 2356 5150 Ponit
2385 5113 2446 5152 se
2470 5113 2570 5168 pro
2600 5074 2926 5164 illis,diceris
2951 5116 2964 5151 ε
2999 5099 3124 5152 Non
3153 5096 3392 5151 mandu-

170 5162 365 5234 1>‘Bl'nari.
1201 5162 1221 5165 ἡ
1617 5162 1646 5168 ψ
1793 5183 1948 5252 cabo,
1988 5185 2120 5256 quia
2149 5202 2299 5252 eum,
2337 5192 2403 5241 ut
2427 5162 2759 5258 Apostolum
2790 5205 2975 5252 suum,
3003 5185 3244 5241 debeant
3271 5184 3398 5240 imi-

228 5258 293 5317 10.
329 5270 557 5336 Quidam
605 5275 815 5327 autem.
859 5271 1118 5346 Quidam,
1175 5273 1378 5344 inquit,
1427 5277 1485 5328 et
1529 5275 1713 5328 sciunt
1792 5275 1922 5328 tari.

175 5351 287 5439 Quod
301 5354 494 5414 idolum
523 5359 666 5414 nihil
687 5365 789 5426 est,
813 5366 870 5415 et
891 5367 1081 5415 tamen
1109 5361 1350 5416 scienter
1372 5364 1713 5419 manducent
1876 5362 1962 5418 17.
1998 5366 2335 5434 Quapropter
2364 5368 2415 5419 si
2444 5381 2562 5420 esca
2588 5366 2954 5420 scandalizat.
2989 5363 3162 5430 Licet,
3187 5363 3393 5439 inquit,

177 5432 288 5528 idolo
311 5445 670 5506 immolatum.
1792 5432 2082 5508 comedere
2098 5432 2508 5528 idolothytum;
2539 5471 2651 5508 non
2679 5459 2870 5508 tamen
2899 5451 3132 5512 debetis.
3158 5432 3289 5526 quia
3318 5432 3396 5508 of;

236 5524 569 5595 11-Aunnos.
604 5539 840 5607 Quidam
859 5539 1165 5595 autem.De
1194 5539 1354 5611 plebe
1374 5541 1522 5596 enim
1544 5541 1717 5614 aliqui
1800 5542 2138 5598 fendiculum
2187 5524 2426 5598 inﬁrmis
2480 5541 2747 5597 fratribus
2792 5542 3088 5615 pararetis,
3139 5524 3210 5599 ad
3259 5542 3393 5598 illud
