3912 6350
454 320 468 336 ”
548 343 648 402 183
1526 342 1590 396 B.
1630 341 2045 397 LANFRANCI
2085 299 2154 395 Cl

2258 339 2444 394 .‘UAR.
2486 336 2822 392 ARCHIEP.
3717 331 3817 386 184

524 458 898 555 Quapropter
923 482 972 537 si
1007 497 1136 538 esca
1157 481 1497 537 scandalizat
1528 479 1612 538 17.
1643 481 1877 536 fratrem
1901 497 2111 546 meum,
2150 495 2262 534 non
2303 479 2654 534 manducabo
2692 478 2774 536 l8.
2809 493 3033 532 carnem
3064 477 3120 531 in
3152 481 3444 541 aeternum,
3479 489 3549 528 ne
3576 472 3821 527 fratrem

547 586 738 626 meum
773 571 1164 626 scandalizem.

2000 736 2242 792 CAPUT
2280 733 2378 790 IX.

628 932 674 990 ι.
706 934 830 989 Non
852 949 978 988 sum
1001 932 1183 988 liber?
1218 931 1272 989 2.
1304 933 1432 987 Non
1459 948 1583 987 sum
1611 933 1944 1004 Apostolus?
1971 935 2171 989 Nonne
2207 934 2494 989 Christum
2522 933 2714 987 Jesum
2744 932 3044 986 Dominum
3070 933 3326 984 nostrum
3357 928 3501 982 vidi?
3529 929 3738 982 Nonne
3763 927 3822 988 3.

551 1037 690 1094 opus
714 1038 902 1077 meum
925 1038 1022 1076 vos
1041 1021 1177 1076 estis
1193 1021 1252 1075 in
1271 1021 1508 1075 Domino
1523 1021 1547 1075 ?
1563 1022 1632 1076 Et
1644 1021 1690 1076 si
1708 1022 1835 1076 aliis
1854 1039 1966 1077 non
1992 1039 2116 1077 sum
2145 1023 2464 1093 Apostolus,
2481 1022 2577 1075 sed
2601 1028 2787 1075 tamen
2810 1020 2960 1074 vobis
2973 1037 3126 1086 sum;
3155 1035 3286 1073 nam
3315 1019 3665 1088 signaculum
3685 1024 3825 1084 (γε

503 1139 506 1144 -
544 1113 844 1180 judicium,
863 1110 1209 1182 apostolatus
1220 1110 1332 1164 mei
1347 1126 1442 1165 vos
1454 1110 1589 1165 estis
1604 1111 1662 1165 in
1679 1111 1930 1165 Domino.
1944 1114 1970 1162 Δ
1984 1113 2128 1168 .Mea
2138 1112 2388 1166 defensio
2402 1111 2550 1181 apud
2567 1127 2661 1164 eos
2681 1111 2776 1181 qui
2803 1128 2890 1164 me
2916 1110 3283 1179 interrogant,
3299 1125 3375 1161 an.
3387 1108 3671 1175 Apostolus
3682 1112 3821 1172 sim,

545 1215 635 1253 vos
657 1201 879 1266 scilicet,
896 1201 1097 1269 quibus
1114 1201 1409 1268 pradicavi
1422 1200 1539 1254 haec
1556 1211 1659 1255 est.
1682 1200 2074 1270 5.Nunquid(a
2090 1202 2288 1271 simili)
2301 1216 2411 1254 non
2429 1199 2704 1254 habemus
2725 1203 3059 1270 potestatem
3082 1197 3454 1250 manducandi
3477 1201 3534 1250 et
3555 1195 3828 1249 bibendi?

544 1286 816 1360 Nunquid
842 1285 903 1345 6.
940 1303 1055 1342 non
1096 1287 1369 1342 habemus
1397 1292 1736 1358 potestatem
1767 1289 2084 1354 mulierem,
2119 1305 2368 1343 sororem
2401 1289 2799 1352 Christianam,
2841 1286 3311 1349 circumducendi,
3347 1286 3490 1338 sicut
3530 1290 3590 1338 et
3627 1285 3828 1340 caeteri

546 1377 804 1448 apostoli,
839 1379 898 1431 id
926 1383 1001 1431 est
1026 1377 1202 1431 ludas
1229 1381 1276 1429 et
1300 1377 1530 1430 Iacobus
1567 1379 1832 1442 Priscam,
1867 1383 1925 1431 et
1947 1378 2150 1432 fratres
2179 1377 2424 1442 Domini,
2459 1381 2517 1430 et
2543 1376 2806 1447 Cephas?
2834 1372 2951 1430 'Aut
2975 1392 3076 1445 ego
3105 1375 3256 1429 solus
3281 1379 3338 1428 et
3376 1373 3662 1427 Barnabas
3707 1390 3829 1427 non

542 1464 816 1519 habemus
843 1469 1178 1535 potestatem
1207 1461 1262 1518 7.
1299 1463 1406 1517 hoc
1432 1463 1742 1533 operandi’?
1760 1465 1820 1532 (a
1847 1468 2126 1520 similibus
2161 1467 2411 1529 ostendit,
2447 1469 2581 1534 quia
2609 1467 2884 1532 stipendia
2913 1466 3204 1531 sumpsisse
3247 1464 3354 1516 sibi
3385 1466 3652 1529 licuerit).
3682 1463 3828 1526 Quis

549 1553 757 1608 militat
776 1552 894 1608 suis
913 1551 1208 1624 stipendiis
1227 1551 1510 1622 unquam?
1530 1555 1723 1606 nullus
1746 1555 1957 1622 utique.
1975 1553 2110 1616 Quis
2133 1554 2351 1624 plantat
2375 1553 2611 1618 vineam,
2635 1559 2691 1607 et
2705 1554 2774 1606 de
2795 1553 2979 1607 fructu
3004 1553 3126 1621 ejus
3145 1567 3255 1605 non
3279 1551 3429 1605 edit?
3452 1555 3644 1604 nullus
3682 1552 3829 1615 Quis

543 1641 725 1715 pascit
739 1657 990 1712 gregem,
1013 1647 1072 1695 et
1089 1641 1158 1694 de
1178 1641 1322 1694 lacte
1343 1639 1533 1710 gregis
1547 1655 1660 1694 non
1679 1641 1982 1695 manducat
1997 1648 2020 1694 ?
2041 1643 2227 1711 Nemo,
2248 1643 2536 1712 Nunquid,
2556 1642 2861 1696 secundum
2881 1641 3187 1703 hominem,
3206 1642 3514 1694 humanam
3527 1646 3830 1694 consuetu-

547 1731 766 1795 dinem;
797 1733 879 1784 vel
910 1746 992 1784 me
1016 1729 1182 1783 dico?
1202 1729 1290 1783 An
1311 1733 1368 1783 et
1391 1729 1480 1783 lex
1500 1729 1617 1784 haec
1637 1745 1750 1784 non
1764 1730 1901 1784 dicit
1917 1731 1941 1783 ?
1956 1730 2236 1800 Scriptum
2255 1736 2342 1784 est
2363 1731 2513 1784 enim
2544 1731 2602 1784 in
2632 1731 2754 1800 lege
2780 1730 2958 1800 Moysi
2982 1745 2995 1783 :
3019 1731 3143 1783 Non
3167 1727 3428 1798 alligabis
3456 1744 3517 1781 os
3543 1727 3692 1789 bovi,
3725 1733 3831 1796 qui

493 1855 498 1860 -
550 1819 794 1872 comedat
820 1819 885 1871 de
918 1820 1280 1871 trituraturis
1310 1819 1448 1883 suis,
1472 1817 1783 1883 trituranti,
1803 1821 2172 1886 pradicatori.
2209 1819 2477 1890 Nunquid
2505 1819 2575 1873 de
2601 1818 2798 1883 bobus,
2833 1821 2896 1872 in
2927 1820 3022 1872 hoc
3054 1823 3334 1885 praecepto,
3376 1832 3512 1870 cura
3540 1820 3624 1869 est
3656 1816 3782 1869 Deo
3806 1817 3831 1868 ?

547 1902 600 1963 8.
633 1907 721 1960 An
739 1911 970 1978 propter
994 1921 1096 1959 nos
1125 1905 1322 1976 utique
1341 1906 1446 1960 hoc
1472 1905 1642 1960 dicit?
1661 1907 1805 1960 Nam
1832 1912 2061 1978 propter
2080 1925 2182 1962 nos
2211 1909 2418 1980 scripta
2445 1914 2597 1962 sunt.
2625 1908 2902 1972 Quoniam
2932 1906 3099 1961 debet
3118 1907 3177 1960 in
3204 1923 3320 1977 spe,
3351 1922 3477 1960 cum
3495 1921 3583 1972 spe
3605 1910 3832 1960 terreni

493 2017 496 2037 τ
548 1997 829 2064 stipendii,
861 1994 957 2066 qui
977 1999 1120 2062 arat,
1143 2011 1338 2063 arare;
1370 1999 1428 2049 et
1455 1995 1549 2067 qui
1573 1995 1820 2060 triturat,
1852 1996 1910 2050 in
1931 2014 2028 2066 spe
2056 1998 2272 2052 fructus
2300 1996 2659 2067 percipiendi.
2695 1996 2753 2049 Si
2779 2012 2898 2057 nos,
2932 1998 2991 2048 id
3018 2001 3111 2059 est,
3140 2012 3174 2048 a
3206 1997 3438 2057 minori,
3472 1992 3622 2046 vobis
3657 1993 3832 2063 spiri-

547 2084 727 2139 tualia
751 2085 1101 2152 pradicando
1125 2084 1544 2148 seminavimus,
1577 2101 1845 2155 magnum
1876 2091 1960 2140 est
1989 2087 2219 2153 (ironia)
2251 2086 2299 2139 si
2337 2102 2439 2138 nos
2486 2083 2734 2138 carnalia
2770 2090 2974 2145 vestra,
3006 2085 3298 2151 stipendia,
3334 2082 3654 2136 metamus?
3697 2084 3832 2136 Non

547 2175 755 2241 utique.
778 2174 828 2238 (a
857 2175 1050 2241 simili)
1072 2173 1130 2228 Si
1145 2173 1240 2227 alii
1256 2174 1548 2244 potestatis
1569 2181 1782 2236 vestrae,
1796 2176 2242 2242 pseudoapostoli,
2269 2173 2564 2244 participes
2585 2179 2737 2236 sunt,
2761 2176 2808 2224 si
2827 2175 2934 2226 alii
2956 2177 3278 2240 acceperunt
3295 2173 3489 2224 avobis
3511 2173 3831 2225 secundum

516 2293 523 2299 -
551 2263 693 2332 quod
716 2264 970 2331 potuistis
999 2264 1150 2328 dare,
1171 2278 1346 2332 quare
1366 2277 1491 2330 ergo
1515 2278 1625 2316 non
1652 2260 1843 2333 potius
1857 2261 2058 2317 nos?9.
2085 2262 2191 2317 Sed
2221 2279 2332 2316 non
2356 2263 2443 2316 usi
2466 2279 2661 2316 sumus
2690 2262 2791 2314 hac
2810 2266 3104 2332 potestate,
3122 2260 3217 2314 sed
3243 2259 3431 2313 omnia
3451 2259 3831 2322 sustinemus,

555 2347 638 2406 10.
671 2365 742 2403 ne
764 2349 912 2420 quod
937 2350 1332 2405 oﬂ‘endiculum
1359 2350 1557 2405 demus
1583 2351 1877 2421 Evangelio
1907 2351 2135 2406 Christi.
2169 2352 2429 2404 Fortassis
2460 2353 2610 2404 enim
2636 2351 2995 2417 Evangelium
3022 2349 3230 2403 Christi
3251 2352 3439 2402 minus
3470 2351 3708 2402 libenter
3729 2365 3838 2402 au-

549 2439 755 2502 dirent,
790 2440 840 2491 si
868 2440 936 2491 ab
956 2441 1030 2492 eis
1059 2441 1278 2506 aliquid
1295 2442 1577 2506 acciperet.
1606 2439 1846 2493 Nescitis
1869 2441 2032 2506 (idem
2057 2456 2092 2493 a
2119 2442 2318 2508 simili)
2351 2439 2613 2510 quoniam
2640 2440 2734 2510 qui
2763 2439 2818 2492 in
2851 2437 3095 2491 sacrario
3127 2441 3316 2505 templi
3341 2439 3662 2492 Judseorum
3697 2454 3838 2508 ope-

551 2532 770 2592 rantur,
809 2543 932 2598 quae
984 2527 1054 2582 de
1095 2527 1338 2582 sacrario
1386 2532 1538 2593 sunt,
1579 2529 1642 2580 de
1687 2530 1957 2594 sacriﬁcio
2008 2531 2231 2593 scilicet,
2277 2529 2471 2592 edunt,
2516 2533 2570 2583 et
2620 2528 2714 2598 qui
2763 2527 2928 2581 altari
2976 2527 3299 2580 deserviunt
3351 2525 3440 2582 11.
3485 2541 3612 2579 cum
3651 2526 3837 2580 altari

552 2615 930 2689 participant?
954 2617 1059 2682 Ita,
1090 2632 1217 2685 ergo
1242 2618 1526 2678 similiter.
1549 2620 1607 2670 et
1628 2615 1900 2670 Dominus
1927 2615 2207 2670 ordinavit
2229 2617 2298 2670 iis
2327 2618 2422 2688 qui
2447 2616 2804 2687 Evangelium
2832 2615 3173 2669 annuntiant
3200 2615 3269 2668 de
3293 2614 3590 2685 Evangelio
3611 2614 3836 2669 vivere.

553 2704 670 2774 Ego
698 2710 889 2761 autem
916 2705 1072 2761 nullo
1099 2705 1303 2761 horum
1333 2721 1468 2761 usus
1497 2720 1640 2761 sum.
1664 2705 1790 2759 Non
1819 2710 2008 2758 autem
2036 2705 2232 2777 scripsi
2262 2706 2380 2760 haec
2408 2711 2490 2773 ut,
2518 2711 2581 2761 ut
2609 2707 2744 2775 quid
2771 2721 2806 2759 a
2830 2707 2976 2759 vobis
3003 2708 3242 2773 accipere
3272 2707 3455 2771 velim,
3488 2703 3568 2757 ita
3596 2704 3746 2758 ﬁant
3776 2705 3838 2758 in

1891 2926 2480 2999 COMMENTARIUS,

556 3129 708 3185 enim
745 3127 1152 3184 comedendum
1185 3143 1280 3182 eos
1297 3125 1668 3194 aediﬁcaretis,
1702 3133 1759 3182 et
1775 3128 1850 3183 ita
1874 3129 2142 3201 perirent,
2163 3134 2210 3193 A
2234 3132 2368 3186 bant
2395 3131 2474 3186 eis
2503 3132 2572 3185 de
2601 3135 2827 3184 terrena
2853 3129 3168 3185 substantia
3193 3145 3315 3191 sua,
3343 3133 3408 3182 ut
3433 3127 3642 3182 nullius
3680 3127 3840 3184 indi-

555 3234 683 3273 cum
700 3217 915 3272 idolum
943 3216 1156 3288 aliquid
1183 3232 1304 3270 esse
1333 3221 1617 3287 putarent.

627 3303 716 3361 18.
738 3307 947 3360 LANI’B.
973 3305 1208 3358 Carnem
1236 3307 1300 3358 in
1319 3309 1605 3358 aeternum.
1630 3304 1694 3359 Id
1716 3310 1818 3371 est,
1833 3322 1942 3361 non
1965 3309 2148 3362 solum

557 3393 628 3450 ab
657 3393 782 3448 aliis
811 3392 965 3457 cibis,
1017 3397 1248 3463 propter
1275 3391 1560 3447 vitandum
1602 3392 1791 3448 fratris
1821 3397 2148 3450 scandalum

559 3482 920 3547 abstinerem,
961 3482 1060 3536 sed
1099 3487 1155 3536 et
1180 3497 1427 3546 carnem,
1451 3498 1573 3552 quae
1601 3482 1963 3538 suavissimus
2001 3484 2150 3538 inter

559 3588 754 3628 omnes
791 3571 948 3627 cibus
973 3576 1077 3637 est,
1099 3571 1158 3624 in
1187 3575 1458 3625 aeternum
1485 3571 1847 3626 dimitterem.

636 3661 802 3716 CAP.
827 3660 1267 3717 IX.—1.LANPR.
1287 3661 1411 3713 Non
1436 3676 1560 3713 sum
1591 3662 1756 3714 liber?
1779 3663 1844 3715 Et
1862 3665 1929 3726 si,
1949 3661 2150 3732 inquit,

559 3751 729 3807 liceat
756 3749 909 3804 vobis
945 3748 1257 3819 idololhyta
1303 3747 1486 3813 edere,
1519 3763 1634 3801 non
1676 3753 1868 3802 tamen
1916 3749 2152 3816 debetis,

561 3841 706 3896 sicut
746 3856 870 3911 ego,
903 3837 1006 3893 etsi
1056 3837 1286 3903 liceret;
1329 3852 1442 3890 non
1489 3840 1678 3891 tamen
1729 3854 1764 3891 a
1813 3837 1986 3902 vobis,
2030 3855 2156 3892 cum

559 3929 946 4004 praedicarem,
979 3925 1259 3998 stipendia
1279 3925 1485 3996 accepi.
1510 3925 1629 3980 Hoc
1664 3926 1995 3997 Apostolum
2021 3927 2160 3981 velle

563 4018 862 4090 sequentia
889 4017 1200 4072 declarant.

624 4105 679 4162 2.
710 4107 833 4160 Non
859 4121 984 4159 sum
1013 4107 1338 4174 Apostolus?
1366 4103 1735 4158 Commendat
1764 4103 2157 4158 auctoritatem

563 4211 745 4261 suam,
788 4194 918 4266 quia
947 4209 979 4246 a
1011 4209 1070 4246 se
1110 4192 1370 4263 superius
1401 4197 1798 4262 argumentum
1825 4192 2083 4263 sumpsit.

507 4289 511 4292 ’
639 4282 691 4338 3.
733 4284 875 4352 Opus
922 4297 1131 4335 meum.
1180 4280 1288 4334 Per
1314 4281 1435 4343 hoc,
1470 4281 1674 4353 inquit,
1709 4281 1982 4352 probatur
2029 4282 2161 4352 quia

565 4372 876 4444 Apostolus
926 4375 982 4424 et
1019 4369 1286 4440 magister
1314 4376 1496 4424 vester
1523 4387 1668 4435 sum,
1699 4371 1830 4441 quia
1858 4388 1954 4425 vos
1992 4371 2160 4425 disci-

565 4461 683 4536 puli
710 4461 820 4515 mei
850 4460 983 4515 estis
1013 4459 1069 4513 in
1099 4459 1208 4513 fide
1237 4458 1463 4514 Christi.

639 4553 691 4608 4.
721 4551 840 4606 Mea
877 4550 1134 4618 defensio.
1169 4549 1407 4614 Quidam
1446 4547 1707 4604 dicebant
1734 4565 1861 4603 eum
1896 4565 2009 4603 non
2038 4566 2159 4604 esse

567 4640 923 4713 Apostolum,
951 4655 1016 4692 eo
1046 4639 1192 4709 quod
1218 4639 1513 4694 Dominum
1544 4655 1656 4692 non
1685 4639 1930 4704 vidisset,
1955 4644 2012 4693 et
2039 4640 2160 4693 nul-

565 4729 678 4784 lam
717 4733 942 4800 gentem
989 4728 1059 4781 ad
1105 4728 1406 4783 Dominum
1452 4728 1832 4783 convertisset.
1874 4727 2161 4783 Adversus

568 4818 910 4874 calumniam
933 4834 1126 4872 eorum
1151 4817 1295 4872 hanc
1315 4817 1698 4872 defensionem
1719 4817 2052 4888 opponebat,
2073 4817 2162 4872 di--

567 4925 700 4964 cens
733 4925 792 4963 se
830 4913 886 4963 et
913 4907 1216 4962 Dominum
1245 4907 1450 4962 vidisse
1489 4910 1546 4959 et
1576 4905 1892 4960 Corinthios
1930 4923 2160 4961 conver-

568 4998 724 5054 tisse.

631 5089 681 5143 5.
713 5087 953 5143 AUGUST.
988 5087 1105 5154 (lib.
1151 5087 1224 5141 De
1279 5101 1436 5154 opere
1468 5100 1640 5150 mon.,
1675 5101 1721 5138 c.
1769 5083 1821 5147 4,
1863 5089 1997 5137 tom.
2036 5083 2158 5155 III).

569 5176 842 5246 Nunquid
892 5191 1005 5230 non
1053 5177 1331 5230 habemus.
1365 5172 1626 5228 Ostendit
1662 5172 1766 5226 sibi
1815 5173 1981 5226 licere
2017 5174 2164 5244 quod

570 5266 786 5320 caeteris
815 5266 1102 5337 apostolis,
1142 5265 1200 5319 id
1230 5269 1334 5326 est,
1366 5269 1431 5316 ut
1467 5278 1578 5316 non
1609 5268 1874 5333 operetur
1902 5263 2162 5316 manibus

571 5356 724 5423 suis;
785 5356 880 5410 sed
924 5373 989 5410 ex
1026 5352 1332 5423 Evangelio
1372 5352 1538 5412 vivat,
1591 5350 1734 5406 sicut
1770 5352 2044 5406 Dominus
2082 5353 2163 5406 eis

568 5445 878 5500 constituit.
910 5445 1070 5510 Quod
1100 5444 1159 5498 in
1188 5439 1661 5511 consequentibus
1691 5441 2042 5513 apertissime
2071 5441 2164 5495 de-

571 5535 922 5590 monstravit.
947 5534 1041 5590 Ad
1070 5533 1174 5587 hoc
1195 5531 1345 5586 enim
1377 5531 1566 5584 ﬁdeles
1588 5532 1870 5595 mulieres,
1891 5531 2162 5586 habentes

571 5629 854 5681 terrenam
898 5622 1295 5688 substantiam,
1321 5619 1477 5676 ibant
1513 5638 1642 5678 cum
1677 5621 1756 5678 eis
1792 5627 1848 5677 et
1878 5622 2161 5677 ministra-

2227 3224 2428 3289 gereut
2451 3219 2652 3272 horum
2681 3235 2804 3288 quae
2832 3218 2903 3271 ad
2931 3217 3309 3272 necessarium
3340 3217 3508 3287 hujus
3538 3217 3663 3272 vitae
3704 3235 3840 3289 per-

2229 3310 2431 3363 tinent.

2303 3395 2354 3452 6.
2390 3397 2572 3465 (ibid.,
2603 3413 2650 3449 c.
2678 3397 2748 3464 5).
2771 3397 2893 3450 Non
2913 3397 3171 3450 habemus
3191 3401 3529 3464 potestatem.
3562 3394 3628 3449 In
3650 3395 3839 3450 Evan-

2229 3485 2374 3556 gelio
2401 3485 2549 3538 enim
2580 3485 2850 3555 scriptum
2879 3491 2965 3539 est
3000 3502 3011 3537 :
3053 3487 3119 3539 Et
3143 3487 3354 3552 factum
3379 3489 3454 3538 est
3481 3486 3758 3553 deinceps,
3791 3492 3841 3540 et

2235 3576 2345 3640 ipse
2359 3575 2463 3625 iter
2479 3573 2709 3639 faciebat
2725 3589 2822 3641 per
2841 3575 3114 3626 civitatem
3128 3577 3174 3624 et
3196 3575 3432 3636 castella,
3457 3574 3774 3640 praedicans
3793 3580 3843 3627 et

2237 3665 2622 3728 evangelz'zans
2658 3677 2892 3728 regnum
2936 3662 3051 3724 Dei,
3085 3666 3132 3714 et
3163 3662 3443 3714 duodecim
3472 3677 3597 3714 cum
3633 3662 3760 3728 illo,
3793 3670 3844 3716 et

2239 3753 2496 3804 mulieres
2518 3767 2636 3819 qua:
2651 3756 2811 3804 erant
2827 3752 3376 3817 curalaaspirilibus
3401 3752 3664 3816 malignis
3685 3756 3735 3803 et
3752 3755 3847 3805 in-

2241 3841 2622 3908 ﬁrmitatibus,
2645 3841 2847 3903 Maria,
2870 3855 2988 3906 qua:
3014 3844 3242 3895 vocatur
3265 3840 3601 3905 Magdalene,
3631 3841 3695 3893 de
3723 3858 3846 3909 qua

2241 3930 2512 3982 daemonia
2556 3935 2753 3997 septem
2783 3933 3006 3996 ejecerat
3046 3930 3314 3982 Dominus
3362 3931 3515 3981 Jesus
3555 3928 3839 3997 Christus,

2241 4021 2461 4072 Joanna
2488 4034 2632 4072 umor
2656 4017 2843 4072 Chusze
2856 4021 3235 4085 procuratoris
3263 4018 3510 4084 Herodis,
3533 4022 3585 4070 et
3617 4016 3846 4073 Susan-

2243 4122 2338 4172 na,
2371 4113 2420 4160 et
2433 4110 2559 4161 aliae
2580 4110 2766 4160 multa;
2789 4123 2906 4174 qua
2927 4109 3325 4160 ministrabant
3353 4109 3404 4160 ei
3439 4108 3504 4160 de
3540 4108 3845 4172 facultati-

2243 4197 2339 4249 bus
2359 4199 2495 4250 suis.

2313 4285 2361 4338 7-
2417 4286 2641 4339 AMBROS
2691 4286 2797 4338 Hoc
2844 4286 3126 4353 operandi.
3179 4285 3288 4338 Pro
3335 4283 3663 4354 accipiendi,
3707 4301 3846 4357 ope-

2242 4373 2423 4437 randi,
2456 4373 2554 4431 ait,
2579 4379 2643 4427 ut
2669 4373 2958 4428 honestius
2987 4374 3329 4444 loqueretur.

2174 4451 2223 4510 B
2312 4460 2365 4518 8.
2399 4461 2605 4516 Lmen.
2640 4465 2726 4517 An
2775 4468 2994 4531 propter
3026 4479 3141 4527 nos,
3183 4469 3288 4516 etc.
3325 4462 3584 4517 Ostendit
3614 4462 3723 4517 hoc
3760 4464 3847 4518 di-

2241 4557 2390 4606 ctum
2422 4569 2542 4606 esse
2583 4552 2652 4607 de
2682 4551 3155 4623 praedicatoribus,
3189 4559 3288 4607 aut
3315 4554 3464 4606 enim
3494 4552 3561 4604 de
3592 4551 3705 4607 illis
3736 4561 3846 4609 aut

2241 4641 2310 4696 de
2340 4641 2532 4706 bobus,
2553 4643 2650 4696 sed
2681 4643 2749 4695 de
2768 4642 2945 4696 bobus
2967 4659 3077 4695 non
3103 4660 3114 4708 ;
3149 4658 3261 4695 non
3283 4643 3431 4695 enim
3455 4646 3540 4694 est
3565 4657 3704 4694 cura
3720 4643 3847 4697 Deo

2243 4732 2311 4785 de
2342 4731 2457 4797 his;
2487 4747 2619 4801 ergo
2649 4731 2859 4784 dictum
2890 4735 2974 4784 est
2998 4731 3066 4784 de
3098 4729 3572 4800 praedicatoribus.

2321 4817 2374 4872 9.
2409 4823 2644 4872 Auous'r.
2681 4817 2783 4870 Sed
2813 4833 2924 4870 non
2948 4819 3037 4869 usi
3067 4833 3276 4869 sumus.
3313 4816 3434 4879 Qua
3453 4819 3734 4885 potestate
3763 4817 3850 4870 di-

2242 4907 2318 4960 cit
2339 4923 2399 4960 se
2429 4921 2540 4959 non
2563 4921 2745 4972 usum,
2761 4906 2867 4959 nisi
2886 4922 3052 4976 quam
3083 4905 3324 4958 habebat
3345 4904 3400 4957 in
3423 4921 3517 4958 eos
3546 4920 3579 4956 a
3599 4904 3850 4961 Domino

2244 5005 2549 5066 acceptam,
2587 5000 2652 5049 ut
2703 5011 2894 5050 eorum
2934 4996 3182 5049 carnalia
3234 5000 3488 5061 meteret,
3519 4994 3589 5048 ad
3626 4994 3849 5049 victum

2244 5085 2410 5154 hujus
2448 5085 2592 5150 vitae,
2623 5101 2744 5155 quae
2765 5084 2825 5138 in
2853 5101 3019 5138 carne
3049 5085 3254 5154 agitur.

2330 5171 2416 5230 10.
2452 5174 2656 5229 LANFR.
2711 5176 2788 5228 Ne
2818 5177 2960 5243 quod
2989 5177 3402 5241 o/fendiculum,
3437 5174 3492 5227 id
3533 5177 3634 5238 est,
3667 5172 3854 5244 impe-

2245 5264 2581 5318 dimentum.
2617 5264 2875 5318 Fortasse
2903 5264 3053 5318 enim
3086 5263 3446 5332 Evangelium
3496 5261 3708 5317 Christi
3743 5265 3855 5318 mi-

2245 5371 2352 5408 nus
2375 5353 2613 5407 libenter
2632 5353 2910 5412 audirent,
2936 5354 2983 5407 si
3014 5353 3086 5407 ab
3117 5353 3198 5406 eis
3227 5352 3435 5422 aliquid
3469 5352 3772 5422 acciperet.

2319 5443 2402 5498 'll.
2438 5443 2574 5496 Cum
2617 5446 2792 5495 altari
2820 5445 3256 5510 participantur.
3305 5443 3439 5494 Pars
3479 5442 3626 5494 enim
3673 5457 3855 5513 super

2244 5531 2422 5585 altare
2450 5530 2904 5597 comburebatur,
2925 5536 2980 5583 et
3003 5547 3132 5602 pars
3168 5530 3442 5584 ministris
3464 5529 3657 5582 altaris
3688 5530 3751 5584 in
3779 5533 3857 5585 ci-

2244 5620 2342 5676 bos
2373 5619 2716 5676 servabatur.
