3912 6354
177 324 264 382 185
821 324 899 378 IN
936 324 1001 378 D.
1044 280 1257 378 PAULI
1299 278 1529 378 Eris'r.
1573 278 1944 377 COMMENT.
1989 282 2317 375 —'EPIST.
2358 321 2384 375 1
2420 322 2518 376 AD
2556 322 2721 379 con.
3308 304 3408 378 1'86

172 464 272 514 me;
290 451 414 513 ω
434 444 520 513 12,
552 444 638 512 13,
676 446 880 501 bonum
902 451 987 500 est
1007 447 1156 501 enim
1182 447 1320 501 mihi
1355 447 1535 517 magis
1550 446 1692 500 mori
1722 444 1805 499 14.
1827 460 1996 516 quam
2011 448 2076 498 ut
2093 443 2328 515 gloriam
2352 462 2536 499 meam
2557 446 2682 517 quis
2698 440 3098 501 evacuet.Nam
3112 445 3159 500 si
3173 460 3406 516 evange-

171 538 400 601 lizavero,
427 542 658 604 propter
684 539 985 602 sumptum,
1022 533 1103 590 15.
1135 552 1247 589 non
1264 540 1351 589 est
1379 535 1517 588 mihi
1546 534 1764 604 gloria;
1795 533 2259 588 necessitasenim
2276 535 2446 601 famis
2460 534 2597 588 mihi
2618 535 2922 590 incumbit:
2946 531 3028 599 16,
3055 533 3138 590 17.
3162 550 3241 588 vm
3254 532 3405 588 enim

169 624 287 680 mihi
314 630 397 679 est
422 624 471 678 si
504 641 619 679 non
651 622 1129 693 evangelizavero!
1165 625 1222 678 Si
1243 625 1394 678 enim
1413 624 1603 678 volens
1631 625 1750 677 sine
1774 626 2018 691 sumptu,
2040 624 2100 677 id
2119 629 2211 689 est,
2232 626 2410 690 gratis
2430 624 2535 677 hoc
2562 640 2686 694 ago,
2712 622 3028 679 mercedem
3058 621 3259 689 habeo;
3279 625 3405 689 glo-

169 718 243 768 ria
267 719 335 766 est
364 715 530 767 mihi.
565 714 624 768 Si
656 718 846 766 autem
869 711 1091 766 invitus.
1126 713 1186 765 id
1205 718 1298 778 est,
1328 729 1430 782 pro
1457 714 1747 781 stipendio,
1775 711 2119 782 dispensatio
2147 710 2285 764 mihi
2313 710 2525 765 credita
2553 717 2661 767 est.
2688 713 2863 780 Quam
2888 715 2939 765 si
2965 713 3178 765 invitus
3199 710 3404 777 facere,

166 804 341 855 viderit
376 804 490 869 ipse
517 804 660 870 quid
688 804 751 855 de
772 818 859 854 me
882 807 1032 867 agat.
1067 801 1200 864 Quae
1224 807 1311 854 est
1337 818 1469 872 ergo
1492 818 1702 855 merces
1733 802 1894 855 mea?
1922 804 1989 856 In
2012 818 2116 869 quo
2144 816 2269 867 ergo
2298 816 2499 853 merces
2518 804 2816 855 constituta
2845 806 2940 855 est.
2967 802 3031 854 In
3057 801 3154 854 hoc
3181 800 3403 865 scilicet,

164 896 218 944 ut
234 891 592 959 Evangelium
621 890 946 961 praedicans,
979 889 1098 942 sine
1128 897 1377 960 sumptu,
1411 892 1479 944 ab
1505 891 1855 945 auditoribus
1882 895 2110 958 accepto,
2125 905 2328 960 ponam
2355 888 2742 960 Evangelium,
2775 894 2840 943 ut
2859 905 2972 943 non
3001 887 3204 942 abutar
3221 890 3407 957 potes-

163 982 260 1032 tate
279 994 397 1031 mea
424 978 486 1031 in
517 978 839 1047 Evangelio.
869 979 1010 1031 Nam
1050 979 1128 1029 l8.
1162 995 1289 1032 cum
1311 979 1457 1033 liber
1474 996 1652 1032 essem
1677 996 1747 1033 ex
1783 977 2059 1037 omnibus.
2089 976 2339 1030 omnium
2370 993 2459 1030 me
2476 994 2697 1031 servum
2722 977 2846 1043 feci,
2878 977 3126 1030 moribus
3149 976 3407 1029 omnium

162 1068 490 1132 concordem,
527 1072 591 1120 ut
611 1066 800 1136 plures
830 1064 1231 1118 lucrifacerem.
1272 1064 1352 1121 l9.
1385 1065 1475 1121 20.
1510 1067 1577 1120 Et
1606 1066 1784 1121 factus
1812 1082 1936 1120 sum
1967 1065 2173 1119 Iudaeis
2193 1071 2479 1136 tamquam
2518 1065 2764 1128 Judaaus,
2796 1071 2862 1119 ut
2882 1064 3106 1119 Judmos
3131 1063 3403 1129 lucrarer,

161 1152 235 1219 21,
263 1153 346 1210 22.
376 1154 447 1208 iis
471 1155 574 1225 qui
598 1154 704 1208 sub
727 1155 847 1224 lege
882 1160 1032 1212 sunt.
1060 1153 1447 1208 Samaritanus
1478 1156 1630 1220 dicit,
1660 1159 1760 1223 qui
1790 1159 1897 1223 legi
1925 1156 2117 1220 Moysi,
2154 1169 2263 1205 nun
2285 1154 2563 1221 prophetis
2595 1153 2922 1216 obaudiunt,
2956 1150 3114 1222 quasi
3153 1149 3258 1203 sub
3285 1150 3409 1221 lege

164 1259 320 1297 essem
346 1246 498 1297 (cum
519 1244 643 1316 ipse
657 1260 769 1297 non
786 1259 962 1297 essem
977 1242 1081 1295 sub
1101 1243 1225 1311 lege
1252 1244 1504 1311 Judaica)
1537 1248 1602 1296 ut
1620 1260 1715 1296 eos
1746 1244 1840 1314 qui
1871 1243 1975 1296 sub
2002 1242 2125 1311 lege
2147 1245 2309 1294 erant
2322 1241 2705 1295 lucrifacerem
2734 1258 2746 1293 :
2776 1240 2846 1294 iis
2876 1240 2970 1310 qui
3001 1240 3122 1295 sine
3141 1240 3408 1309 lege“

158 1336 313 1396 erant,
344 1335 625 1399 gentibus,
666 1338 934 1402 tanquam
977 1332 1097 1386 sine
1145 1331 1267 1402 lege
1306 1347 1483 1386 essem
1517 1336 1659 1393 (cum
1694 1332 1816 1386 sine
1847 1333 1970 1402 lege
2000 1332 2099 1384 Dei
2130 1346 2240 1384 non
2277 1346 2476 1390 essem,
2509 1330 2606 1383 sed
2634 1329 2693 1383 in
2722 1330 2845 1399 lege
2875 1342 3052 1383 essem
3084 1327 3313 1387 Christi)
3340 1333 3403 1382 ut

160 1417 523 1475 lucrifacerem
553 1437 650 1475 eos
681 1421 776 1491 qui
802 1420 922 1474 sine
943 1420 1064 1490 lege
1093 1426 1256 1474 erant
1307 1419 1395 1486 23,
1427 1419 1516 1476 24.
1542 1421 1745 1475 Factus
1775 1437 1900 1474 sum
1926 1420 2165 1475 inﬁrmis
2183 1419 2465 1485 inﬁrmus,
2503 1421 2965 1474 condescendcndo
2996 1420 3136 1484 illis,
3154 1423 3220 1473 ut
3244 1417 3403 1471 inﬁr-

158 1520 261 1559 mos
286 1509 697 1566 lucrifacerem.
730 1508 1001 1563 Omnibus
1031 1509 1219 1563 omnia
1232 1508 1409 1564 factus
1439 1526 1581 1576 sum,
1605 1514 1670 1563 ut
1694 1510 1889 1564 Omnes
1903 1510 2144 1565 facerem
2173 1509 2374 1565 salvos.
2407 1508 2614 1564 Omnia
2632 1513 2844 1574 autem,
2860 1507 3160 1576 ergo,facio
3175 1512 3404 1579 propter

1475 1765 2064 1822 COMMENTARIUS.

225 1985 297 2042 12.
328 1988 581 2042 Ausus'r.
619 1989 732 2057 (lib.
767 2001 809 2042 II
860 1992 933 2043 Dc
959 2007 1122 2044 serm.
1156 1991 1403 2055 Domini,
1433 1992 1497 2042 in
1530 1994 1728 2043 monte.
1748 1989 1873 2049 Aid
1894 1993 1998 2054 est,
2029 1988 2191 2043 famis
2243 1988 2550 2059 periculum
2586 1989 2897 2043 vitandum.
2948 1986 3157 2042 Probat
3181 2003 3312 2042 vero
3348 1988 3407 2042 in

161 2087 264 2143 cap-
302 2073 378 2137 l6)
414 2080 641 2129 Bonum
664 2082 740 2129 est
767 2080 915 2130 enim
942 2080 1102 2131 mihi.
1136 2079 1255 2131 Hoc
1273 2077 1428 2142 dixit,
1461 2076 1596 2147 quia
1616 2079 1735 2147 jam
1817 2076 1959 2130 libro
1982 2079 2133 2148 quia,
2156 2077 2202 2131 si
2224 2077 2504 2148 praedicet,
2536 2076 2704 2131 famis
2727 2077 3039 2148 periculum
3061 2074 3257 2130 vitabit
3282 2093 3295 2143 ;
3326 2092 3406 2129 vae

161 2166 431 2229 statuerat,
466 2169 703 2235 propter
731 2166 1002 2235 quosdam
1024 2166 1369 2220 occasionem
1400 2172 1731 2236 quaerentes,
1817 2165 1986 2229 enim,
2012 2166 2067 2218 id
2099 2172 2202 2230 est,
2226 2166 2387 2220 famis
2407 2165 2717 2237 periculum
2743 2166 3009 2230 incurret,
3033 2164 3081 2219 si
3110 2180 3222 2218 non
3245 2180 3409 2219 evan-

158 2250 391 2305 manibus
411 2252 534 2307 suis
555 2251 760 2307 victum
780 2254 1110 2325 transigere.
1135 2253 1198 2309 Si
1220 2258 1370 2308 enim
1399 2257 1736 2321 evangelisa-
1814 2254 2154 2324 gelizaverit.

160 2354 284 2403 vero,
306 2339 513 2410 inquit,
549 2357 665 2394 non
701 2349 776 2395 est
804 2344 946 2395 mihi
973 2346 1172 2410 gloria,
1206 2342 1262 2396 id
1295 2347 1398 2409 est,
1430 2342 1479 2396 si
1503 2358 1737 2416 exauge-

160 2425 373 2481 lizavero
415 2428 499 2483 ita
532 2435 602 2483 ut
642 2428 768 2501 [al.,
795 2435 861 2484 ut
887 2431 1017 2501 ista]
1053 2432 1193 2486 ﬁant
1221 2432 1280 2485 in
1315 2442 1435 2496 me;
1456 2430 1513 2483 id
1544 2436 1646 2494 est,
1687 2431 1735 2485 si

162 2522 435 2588 propterea
463 2518 941 2586 evangelizavero.
958 2525 1024 2574 ut
1044 2520 1114 2574 ad
1136 2520 1290 2574 illam
1312 2521 1434 2590 [αξη
1457 2520 1576 2590 illa]
1604 2536 1733 2590 per-

163 2604 377 2669 veniam,
403 2612 462 2661 et
491 2607 666 2661 ﬁnem
696 2606 984 2678 Evangelii
1012 2608 1069 2662 in
1100 2607 1241 2673 cibo,
1276 2614 1333 2662 et
1362 2614 1497 2679 potu
1528 2613 1585 2662 et
1612 2625 1732 2663 ves-

164 2692 253 2747 titu
270 2694 634 2749 collocavero.
668 2697 774 2750 Sed
807 2713 979 2767 quare
1007 2714 1116 2751 non
1154 2703 1240 2751 est
1282 2698 1332 2751 ei
1359 2697 1583 2767 gloria?
1622 2698 1733 2751 Ne-

164 2783 368 2837 cessitas
394 2785 552 2838 enim
579 2783 941 2850 incumbit,id
970 2792 1072 2851 est,
1096 2791 1161 2840 ut
1186 2786 1312 2840 ideo
1336 2786 1733 2855 evangelizem,

164 2869 277 2940 quia
301 2872 448 2926 unde
466 2872 651 2925 vivam
672 2889 783 2927 non
810 2872 1019 2940 habeo;
1052 2880 1152 2929 aut
1189 2880 1254 2929 ut
1278 2874 1565 2945 acquiram
1590 2880 1736 2927 tem-

164 2960 391 3029 poralem
423 2962 697 3027 fructum,
728 2961 797 3016 de
834 2962 1226 3033 praedicatione
1278 2970 1636 3018 aeternorum.
1679 2963 1738 3017 Si

1887 2341 1969 2397 18.
2006 2343 2142 2397 Cum
2173 2344 2312 2397 liber
2336 2358 2519 2397 essem.
2557 2341 2730 2407 Quasi
2791 2341 3003 2396 diceret
3032 2358 3046 2397 :
3078 2340 3188 2406 Qui
3224 2341 3409 2412 majus

1816 2430 1939 2497 feci,
1960 2431 2017 2485 id
2034 2431 2181 2502 quod
2205 2431 2391 2485 minus
2404 2439 2509 2496 est,
2554 2431 2839 2502 negligere
2857 2446 2971 2485 non
3000 2429 3195 2486 debeo.
3226 2430 3411 2501 Majus

1818 2520 1967 2574 enim
1998 2537 2218 2574 servum
2250 2536 2311 2574 se
2339 2519 2599 2576 omnibus
2627 2520 2809 2575 facere
2837 2536 3005 2591 quam
3030 2524 3316 2590 sumptum
3338 2517 3409 2573 ab

1817 2608 2166 2662 auditoribus
2196 2624 2308 2663 non
2336 2610 2606 2679 accipere.
2638 2608 2900 2664 Liberum
2931 2613 3120 2664 autem
3151 2624 3212 2663 se
3237 2606 3409 2662 fuisse

1815 2697 1952 2752 dicit
1977 2715 2042 2751 ex
2067 2697 2346 2764 omnibus,
2361 2699 2510 2769 quia,
2533 2697 2637 2753 sub
2657 2698 2866 2753 nullius
2880 2699 3038 2768 jugo,
3080 2697 3221 2752 nulli
3245 2695 3410 2768 quid-

1815 2803 1984 2857 quam
2014 2786 2271 2842 debebat.
3130 2818 3135 2821 ν

1887 2875 1977 2930 19.
2004 2878 2247 2930 AUGUST.
2268 2878 2386 2940 (lib.
2407 2877 2481 2930 De
2500 2892 2655 2944 opere
2674 2892 2848 2940 mon.,
2864 2892 2987 2948 cap.
3018 2872 3121 2942 ll).
3136 2875 3201 2929 Et
3229 2875 3410 2941 factus

1816 2980 1940 3017 sum
1959 2964 2200 3029 Juda'us,
2233 2964 2290 3017 id
2312 2969 2415 3029 est,
2437 2970 2503 3018 ut
2526 2980 2592 3018 eo
2631 2964 2796 3019 modo
2836 2963 3176 3024 subveniret,
3208 2967 3266 3017 et
3284 2976 3411 3016 car-

168 3048 299 3103 enim
311 3050 429 3119 jam
448 3050 766 3107 necessitas
780 3051 888 3104 erit
912 3051 970 3105 in
991 3052 1306 3121 Evangelia,
1329 3069 1441 3107 non
1457 3054 1733 3107 voluntas.
1819 3052 1935 3105 nali
1963 3050 2172 3115 Iudaeo,
2224 3052 2311 3105 vel
2349 3068 2588 3127 pagano,
2620 3052 2896 3124 quomodo
2924 3050 3028 3106 sibi
3054 3050 3182 3122 ipsi,
3222 3050 3272 3105 si
3307 3050 3415 3105 hoc

170 3136 235 3189 Va
258 3140 423 3199 enim.
454 3139 664 3209 inquit,
698 3140 859 3206 mihi,
891 3143 942 3193 si
993 3156 1104 3195 non
1134 3145 1598 3208 evangelisavcro.
1627 3142 1737 3196 Sed
1820 3146 1985 3205 esset,
2019 3139 2301 3194 subveniri
2359 3140 2643 3195 voluisset.
2697 3141 2934 3196 Portans
2985 3139 3183 3211 utique
3212 3155 3410 3195 eorum

162 3226 413 3292 quomodo
472 3227 859 3297 evangelizare
908 3228 1113 3283 debet?
1159 3228 1380 3283 Scilicet
1419 3235 1483 3283 ut
1527 3230 1586 3283 in
1618 3229 1738 3300 ipso
1818 3230 2205 3285 inﬁrmitatem
2238 3228 2297 3283 in
2326 3230 2730 3300 compassionis
2760 3229 3147 3296 similitudine,
3178 3244 3293 3283 non
3314 3227 3414 3283 fal-

161 3310 455 3383 Evangelio,
488 3315 550 3369 in
572 3331 745 3386 regno
778 3316 876 3370 Dei
900 3323 1073 3388 ponat
1103 3319 1416 3372 mercedem
1466 3319 1553 3373 Ita
1585 3319 1735 3372 enim
1753 3300 1798 3359 Β
1818 3320 1939 3373 lens
1966 3319 2027 3373 in
2047 3318 2322 3372 mendacii
2350 3318 2594 3373 ﬁctione.

161 3405 337 3467 potest.
364 3420 477 3457 non
506 3410 730 3459 coactus
751 3406 1263 3476 evangelizare,sed
1294 3407 1499 3461 volens.
1516 3408 1579 3462 Si
1588 3410 1739 3460 enim

162 3492 344 3557 volens,
368 3492 577 3563 inquit,
602 3494 700 3547 hoc
727 3494 889 3560 facio,
920 3497 1214 3549 mercedem
1239 3496 1422 3549 habeo.
1462 3496 1526 3551 Si
1553 3500 1738 3549 autem

164 3577 367 3641 invitus,
379 3581 716 3650 dispensatio
736 3584 879 3635 mihi
901 3584 1110 3636 credita
1132 3588 1226 3637 est.
1240 3583 1295 3637 id
1319 3589 1423 3649 est,
1447 3582 1495 3638 si
1515 3589 1739 3637 coactus

164 3662 331 3735 inopia
348 3684 546 3723 earum
568 3686 756 3723 rerum
790 3687 912 3741 quae
931 3672 1226 3742 temporali
1252 3673 1376 3727 vitae
1397 3678 1530 3727 sunt
1549 3689 1738 3726 neces-

167 3753 307 3808 saria:
332 3757 576 3825 praedico
619 3757 1001 3829 Evangelium,
1038 3761 1136 3815 alii
1190 3778 1291 3832 per
1323 3777 1413 3816 me
1453 3761 1739 3815 habebunt

165 3844 451 3899 mercedem
484 3846 792 3916 Evangelii,
828 3848 923 3919 qui
953 3849 1338 3920 Evangelium,
1400 3866 1488 3904 me
1535 3848 1737 3921 praedi-

166 3936 323 3991 cante.
354 3933 611 4005 diligent.

232 4015 306 4073 l3.
337 4020 545 4078 Lassa.
589 4024 802 4077 Bonum
823 4030 896 4080 est
926 4028 1077 4080 enim
1108 4027 1449 4081 mihi.Ratio
1478 4043 1580 4081 cur
1599 4027 1742 4080 nolit

169 4103 420 4175 stipendia
446 4110 574 4164 dari
604 4110 736 4170 sibi.
756 4112 974 4168 Periret
999 4115 1145 4169 enim
1164 4116 1348 4184 gratia
1378 4132 1499 4179 sua,
1524 4133 1647 4186 quae
1676 4133 1739 4170 ex

168 4196 386 4260 gratuita
399 4199 793 4270 pmdicaﬁone
803 4204 1055 4272 procedit
1069 4223 1083 4268 ;
1101 4221 1223 4275 quae
1245 4221 1371 4259 cum
1384 4211 1744 4259 remunerata

172 4287 435 4343 convenire
457 4304 572 4344 non
606 4296 810 4360 posset.

231 4370 309 4425 14.
332 4376 508 4441 Quam
526 4383 588 4430 ut
615 4382 855 4445 gloriam
881 4397 1079 4447 meam,
1099 4386 1204 4435 etc.
1221 4381 1348 4437 Non
1368 4383 1514 4446 ideo,
1534 4383 1736 4454 inquit,

177 4463 519 4531 evangelizavi
546 4472 614 4521 ut
643 4467 775 4537 quid
814 4484 847 4523 a
904 4469 1059 4524 vobis
1090 4471 1340 4542 accipere
1368 4472 1553 4526 velim.
1593 4474 1738 4526 Nam

174 4546 215 4598 si
234 4559 446 4621 prepter
476 4556 579 4609 hoc
603 4558 1068 4627 evangelizavero,
1099 4577 1212 4614 non
1265 4561 1403 4614 mihi
1440 4562 1641 4631 gloria,
1683 4561 1738 4615 id

1891 3406 1979 3463 20.
1999 3411 2245 3462 Annaos.
2279 3409 2345 3462 Et
2367 3410 2549 3476 factus
2578 3425 2704 3462 sum
2740 3410 2981 3462 Judzus.
3014 3407 3159 3472 Quia
3186 3412 3415 3479 propter

1821 3496 2146 3551 scandalum
2170 3496 2397 3550 illorum
2419 3495 3157 3561 circumciditTimotheum,
3179 3500 3237 3550 et
3257 3494 3413 3566 puri-

1822 3586 2020 3640 ﬁcatus
2038 3586 2290 3640 ascendit
2303 3584 2594 3655 templum,
2614 3589 2672 3638 et
2701 3583 2979 3639 consentit
2997 3584 3178 3654 legem
3201 3588 3258 3638 et
3281 3599 3412 3656 pro-

1819 3674 2019 3744 phetas
2035 3692 2156 3729 esse
2170 3692 2200 3729 a
2226 3675 2358 3739 Deo,
2382 3679 2440 3728 et
2457 3674 2526 3727 de
2539 3673 2649 3728 illis
2687 3673 2935 3728 ostendit
2958 3673 3245 3727 Christum
3268 3673 3416 3728 hunc

1820 3780 1940 3817 esse
1971 3764 2067 3834 qui
2096 3763 2407 3834 promissus
2433 3768 2536 3830 est,
2567 3768 2631 3817 ut
2656 3779 2918 3817 assensus
2943 3763 3067 3834 ejus
3087 3761 3320 3817 haberet
3340 3762 3415 3817 ef-

1820 3854 2048 3906 fectum.

1887 3942 1976 3995 21.
2015 3943 2085 4013 [is
2116 3944 2214 4010 qui
2237 3940 2341 3994 sub’
2390 3941 2515 4008 lege.
2576 3940 2647 3994 Hi
2700 3937 3041 3994 Samaritani
3081 3942 3411 3993 noscuntur.

1822 4032 2029 4102 Legem
2050 4029 2197 4083 enim
2218 4030 2396 4083 solam
2438 4028 2737 4099 accipiunt,
2768 4028 2825 4082 id
2869 4032 2974 4090 est,
3006 4025 3179 4081 libros
3210 4027 3411 4098 Moysi,

1824 4126 1881 4174 et
1910 4125 2041 4175 sunt
2066 4137 2129 4173 ex
2161 4118 2434 4189 sanguine
2480 4118 2803 4183 Persarum,
2855 4132 2995 4188 quos
3038 4132 3133 4171 rex
3161 4115 3417 4188 Assyrio-

1824 4227 1971 4275 rum,
2006 4208 2239 4265 sublatis
2267 4208 2397 4261 ﬁliis
2414 4207 2606 4273 lsrael,
2632 4206 2692 4261 in
2707 4205 3089 4278 captivitatem
3117 4206 3323 4278 posuit,
3343 4207 3416 4261 ad

1822 4300 2116 4354 incolenda
2138 4299 2258 4351 loca
2275 4296 2560 4351 Samaria).

1892 4387 1981 4445 22.
2008 4389 2191 4455 lisqui
2219 4389 2338 4440 sine
2365 4390 2474 4454 lege
2510 4385 2729 4439 Asserit
2746 4384 2896 4439 enim
2921 4384 3052 4446 illis,
3083 4383 3140 4439 id
3157 4389 3264 4447 est,
3283 4401 3418 4456 gen-

1822 4477 1991 4543 tibus,
2019 4478 2181 4547 juxta
2200 4474 2488 4547 physicam
2511 4475 2808 4538 rationem,
2848 4473 3123 4529 mundum
3152 4475 3361 4529 factum
3383 4491 3420 4530 a

1822 4568 1973 4632 Deo;
2008 4572 2064 4621 et
2084 4567 2153 4619 ab
2183 4566 2303 4637 ipso
2333 4582 2436 4620 nos
2479 4565 2753 4636 originem
2781 4564 3005 4621 habere.
3041 4566 3129 4621 Ita
3157 4566 3309 4621 enim
3337 4566 3419 4621 ait

177 4640 477 4700 estamoriar
497 4644 854 4699 zeternaliter.
879 4648 1024 4702 Nam
1056 4648 1266 4702 malum
1297 4655 1381 4704 est
1429 4650 1572 4703 mori
1599 4649 1796 4712 tem-C
1820 4656 1877 4709 in
1906 4656 2138 4709 Actibus
2168 4655 2585 4726 apostolorum:
2635 4654 2727 4709 Sic
2749 4657 2972 4724 quidem
3000 4672 3065 4709 ea;
3084 4658 3231 4710 vobis
3270 4657 3419 4709 dicee-

175 4726 430 4797 poraliter,
456 4733 554 4787 sed
579 4734 765 4788 minus
779 4736 988 4790 malum
1011 4754 1179 4808 quam
1199 4738 1538 4794 aeternaliter
1567 4742 1735 4807 mori;

178 4817 227 4865 et
248 4814 342 4872 hoc
358 4827 441 4876 est
455 4822 606 4892 quod
622 4823 757 4877 dicit
771 4826 1220 4897 aequipollenter:
1245 4828 1461 4883 Bonum
1481 4835 1567 4883 est
1587 4830 1739 4883 enim

180 4901 295 4958 mihi
317 4911 491 4981 magis
511 4912 675 4966 mori.

242 4990 312 5048 15.
341 4999 460 5053 Non
489 5006 565 5055 est
587 5003 731 5057 mihi
758 5007 963 5071 gloria.
994 5004 1188 5060 Gloria
1215 5006 1332 5061 1]ωο
1367 5024 1402 5061 a
1459 5008 1743 5063 voluntate

183 5085 418 5154 procedit,
452 5088 620 5160 longe
647 5091 821 5161 igitur
841 5109 876 5147 a
903 5095 1256 5149 necessitate.

236 5168 314 5227 16.
340 5177 410 5232 Va
434 5184 589 5235 enim
608 5184 754 5236 mihi
771 5188 880 5238 est!
910 5185 1150 5255 Exponit
1173 5185 1241 5239 de
1280 5203 1391 5257 qua
1406 5189 1738 5243 necessitate

1822 4749 1958 4799 runt
1986 4764 2001 4798 :
2038 4747 2213 4813 Ipsius
2242 4751 2289 4797 et
2309 4760 2483 4811 genus
2502 4761 2714 4798 sumus.
2911 4808 2927 4828 θ

1890 4832 1978 4887 23.
2002 4835 2194 4888 Factus
2212 4850 2338 4887 sum
2362 4836 2645 4901 inﬁrmus,
2681 4832 2737 4887 id
2767 4838 2871 4898 est,
2904 4833 3086 4890 factus
3113 4850 3238 4890 sum
3260 4832 3419 4889 inﬁr-

1828 4938 1953 4976 mus
1973 4928 2201 4993 propter
2229 4922 2501 4987 inﬁrmos,
2523 4922 2656 4976 dum
2689 4928 2919 4995 prOpter
2940 4924 3142 4979 fratres
3172 4941 3207 4978 a
3250 4923 3419 4979 licitis

1827 5010 2091 5077 abstinet,
2128 5028 2196 5065 ne
2227 5011 2336 5065 illis
2363 5011 2689 5066 scandalum
2710 5018 2963 5084 generet.
3393 5023 3406 5032 ‘

1896 5102 1985 5156 24.
2010 5103 2259 5155 Αυαυετ.
2286 5102 2479 5155 Factus
2515 5119 2640 5155 sum
2672 5105 2960 5171 inﬁrmus.
2998 5102 3067 5158 Et
3097 5103 3219 5173 ipso
3239 5101 3420 5157 factus

1826 5192 2086 5245 inﬁrmus
2115 5208 2225 5261 quo
2263 5196 2541 5261 potestate
2569 5208 2673 5246 sua
2697 5192 2781 5246 uti
2823 5191 3017 5251 voluit.
3048 5198 3167 5245 tam
3195 5191 3420 5246 miseri-

184 5255 426 5350 ὤφειΕει
443 5270 594 5324 enim
615 5271 726 5326 alia
739 5273 1060 5339 necessitas,
1085 5291 1207 5345 quae
1229 5276 1285 5330 in
1322 5293 1512 5331 rerum
1531 5278 1738 5333 immu-
1822 5281 1977 5335 cordi
2004 5280 2217 5335 scilicet
2245 5280 2450 5336 affectu
2473 5280 2736 5335 inductus
2764 5286 2829 5335 ut
2853 5279 3127 5350 cogitaret
3155 5279 3423 5350 quemad-

184 5347 421 5441 mlﬂitale
449 5360 723 5415 CODSiStit-
1824 5371 2054 5425 modum
2085 5387 2272 5425 secqu
2296 5370 2388 5441 agi
2412 5370 2595 5435 vellet,
2629 5370 2676 5425 si
2702 5374 2759 5424 et
2781 5369 2902 5439 ipse
2924 5347 3006 5423 ita
3036 5347 3423 5426 inﬁrinaretur

247 5436 315 5532 ll.
344 5447 412 5501 Va
428 5451 582 5503 enim
600 5451 741 5504 mihi
759 5456 853 5518 est,
874 5455 955 5507 si!
978 5457 1082 5507 etc.
1106 5452 1232 5509 Non
1248 5461 1353 5517 est,
1368 5455 1571 5528 inquit,
1601 5459 1736 5513 mihi
1820 5465 1885 5514 ut
1916 5466 2104 5531 posset
2123 5461 2192 5515 de
2212 5436 2445 5532 illisper
2465 5476 2604 5531 quos
2631 5457 2737 5513 sibi
2765 5436 3128 5530 Evangelium
3159 5458 3423 5532 praedica-

184 5524 413 5593 E‘OfiaJi
442 5544 671 5610 propter
690 5548 978 5613 sumptum
1001 5543 1318 5614 praedicem,
1353 5524 1485 5618 quia
1512 5555 1741 5621 pr0pter
1822 5524 1997 5616 retur,
2024 5551 2071 5605 si
2086 5567 2181 5605 eos
2197 5524 2428 5614 videret,
2452 5524 2711 5621 sumptus
2740 5524 3012 5622 accipere,
3038 5524 3201 5623 quasi
3222 5550 3419 5607 merci-

188 5622 535 5681 necessitatem
568 5627 849 5685 vitandam
870 5631 975 5686 hoc
1009 5632 1171 5702 facio,
1201 5651 1333 5689 nam
1362 5642 1591 5709 propter
1634 5657 1733 5709 vae,
1825 5640 2148 5696 moniorum
2183 5640 2462 5696 nundinas
2482 5638 2776 5711 suspicari.
