3912 6364
517 287 521 292 .
571 239 674 298 187
1015 301 1018 304 ,
1537 249 1602 302 Β.
1644 248 2057 307 LANFRANCI

2301 253 2454 311 UAR.
2494 252 2830 310 ARCHIEP.
3727 256 3846 316 188

565 366 949 442 Evangelium,
977 380 1043 431 ut
1064 375 1344 447 particeps
1373 373 1513 442 ejus,
1535 371 1596 424 id
1623 377 1716 436 est,
1736 375 2054 442 evangelicae
2070 380 2604 446 reeompensationis,
2647 377 2875 433 elﬁciar.
2907 375 2996 433 25.
3032 377 3270 432 Nescitis
3299 377 3446 448 quod
3475 377 3515 432 ii
3542 377 3634 436 ‘26.
3656 380 3760 450 qui
3781 382 3848 436 in

566 458 751 513 stadio
775 469 1025 528 currunt,
1044 479 1238 517 omnes
1261 460 1485 532 quidem
1508 461 1872 524 currunt,sed
1899 479 2044 518 unus
2058 465 2259 536 accipit
2279 465 2566 521 bravium!
2608 466 2698 522 Sic
2725 465 2933 521 currite
2953 470 3017 520 ut
3035 466 3521 536 comprehendatis
3545 467 3846 533 (bravium

563 549 1020 619 praedicationis).
1053 551 1247 607 Omnis
1261 554 1450 603 autem
1467 549 1526 619 (a
1555 550 1751 616 simili)
1775 549 1938 620 quiin
1958 568 2137 622 agone
2149 554 2434 609 contendit
2450 557 2594 622 quod
2627 560 2689 608 ut
2715 555 3202 622 eomprehendatis,
3233 557 3433 609 debetis
3461 557 3745 610 abstinere
3766 557 3846 611 ab

570 634 874 691 omnibusa
887 643 1091 694 noeivis
1116 658 1176 697 se
1197 639 1443 694 abstinet
1458 653 1509 690 ια
1537 639 1765 702 minori)
1786 645 1842 692 et
1861 639 1940 693 illi
1955 641 2180 710 quidem
2193 645 2543 698 abstinentut
2561 643 2979 714 corruptibilem
3001 659 3264 698 coronam
3283 642 3560 713 accipiant
3583 660 3596 706 ;
3621 659 3727 698 nos
3739 661 3852 698 au-

569 720 683 774 tem
712 722 1114 798 incorruptam.
1141 731 1253 799 Ego
1273 727 1445 798 igitur
1463 725 1543 780 sic
1562 741 1745 791 curro,
1775 733 1830 780 ut
1861 731 2249 798 incorruptam
2270 748 2523 786 coronam
2548 735 2839 800 accipiam,
2863 748 2976 786 non
2997 733 3158 802 quasi
3190 733 3246 786 in
3283 733 3586 789 incertum;
3614 733 3696 785 sic
3729 749 3848 803 pu-

567 825 700 879 gno,
725 828 836 868 non
855 817 1012 886 quasi
1028 833 1215 872 aerem
1233 816 1548 880 verberans,
1565 817 1624 868 id
1659 820 1733 868 est
1766 818 1827 870 in
1851 833 2110 883 vacuum,
2131 817 2221 874 27.
2237 821 2334 874 sed
2349 821 2560 890 castigo
2579 836 2778 893 corpus
2791 836 2978 874 meum
2993 826 3050 874 et
3065 821 3122 875 iu
3154 819 3484 875 servitutem
3503 817 3725 892 redigo,
3758 835 3840 873 ne

569 896 731 967 forte,
760 918 886 959 cum
915 905 1040 960 aliis
1060 904 1492 976 praedicaverim,
1521 903 1639 974 ipse
1669 905 1942 976 reprobus
1960 906 2197 966 etﬁciar.

1996 995 2237 1052 CAPUT
2265 997 2332 1050 X.

644 1076 689 1132 1.
723 1079 865 1134 ΝοΙο
893 1083 1043 1137 enim
1083 1100 1179 1138 vos
1216 1083 1475 1154 ignorare
1505 1083 1728 1149 fratres,
1762 1083 1816 1138 2.
1851 1085 2115 1155 quoniam
2155 1090 2344 1157 patres
2376 1087 2554 1140 nostri
2603 1085 2653 1142 3.
2686 1102 2881 1141 omnes
2925 1087 3029 1141 sub
3070 1086 3217 1141 nube
3248 1086 3494 1148 fuerunt,
3527 1095 3584 1139 et
3629 1101 3849 1140 omnes

569 1181 726 1220 mare
745 1171 1107 1237 transierunt,
1121 1177 1179 1227 et
1201 1189 1395 1227 omnes
1426 1173 1486 1226 in
1512 1175 1858 1243 Moyse,65
1878 1176 1940 1226 in
1970 1176 2174 1228 ducatu
2203 1176 2375 1244 Moysi
2402 1175 2667 1245 baptizati
2687 1181 2820 1229 sunt
2838 1175 2894 1228 in
2915 1175 3061 1228 nube
3101 1181 3156 1228 et
3184 1175 3242 1228 in
3262 1173 3422 1239 mari,
3451 1172 3504 1228 4.
3538 1177 3593 1227 et
3624 1190 3838 1228 omnes

568 1256 838 1312 eamdem.
873 1261 922 1314 5.
955 1277 1159 1326 escam,
1192 1264 1336 1315 idem
1350 1265 1583 1316 illorum
1612 1263 1780 1326 cibus,
1808 1265 1906 1330 qui
1929 1269 2125 1328 noster,
2142 1280 2256 1317 non
2275 1255 2459 1332 specie,
2475 1266 2564 1317 sed
2577 1267 2980 1331 signiﬁcatione
3003 1279 3234 1328 manna,
3251 1261 3837 1333 spiritalem,aliquid

568 1344 996 1413 signiﬁcantem,
1023 1350 1519 1416 manducaverunt,
1539 1355 1596 1404 et
1614 1366 1808 1404 omnes
1827 1351 2085 1405 eumdem
2115 1357 2310 1422 potum
2337 1351 2645 1422 spiritalem
2667 1351 2958 1418 biberunt;
2981 1348 3034 1406 6.
3058 1350 3346 1418 (bibebant
3361 1356 3570 1414 autem,
3595 1351 3661 1403 de
3681 1366 3844 1419 aqua

568 1445 688 1498 qua»:
708 1438 990 1503 profluens
1005 1440 1067 1490 de
1081 1443 1237 1507 petra
1266 1440 1691 1508 consequebatur
1715 1455 1815 1500 eos,
1849 1439 1917 1492 de
1953 1439 2215 1510 spiritali,
2251 1438 2304 1495 7.
2337 1446 2730 1513 consequente,
2757 1443 3070 1502 comitante,
3103 1455 3199 1493 eos
3219 1445 3412 1509 petra;
3450 1443 3612 1509 petra
3633 1443 3842 1492 autem

569 1524 693 1572 erat
726 1520 999 1587 Christus,
1030 1528 1352 1592 signiﬁcans
1375 1526 1684 1592 Christum)
1712 1525 1766 1595 8_.
1800 1525 1908 1581 Sed
1937 1544 2048 1581 non
2069 1528 2127 1582 in
2147 1527 2402 1600 pluribus
2425 1546 2619 1584 eorum
2644 1528 3060 1599 beneplacitum
3099 1534 3185 1583 est
3212 1529 3358 1595 Deo;
3393 1543 3526 1582 nam
3557 1526 3843 1598 prostrati

569 1610 704 1659 sunt
749 1607 808 1662 in
845 1609 1084 1666 deserto.
1115 1613 1244 1668 Haec
1290 1619 1478 1668 autem
1507 1614 1566 1668 in
1594 1615 1774 1684 ﬁgura
1807 1614 1951 1670 facta
2003 1621 2138 1670 sunt
2184 1617 2382 1682 nostri,
2415 1623 2480 1672 ut
2509 1634 2620 1672 non
2650 1618 2826 1672 simus
2855 1617 3308 1689 concupiscentes
3340 1617 3638 1679 malorum,
3685 1616 3846 1669 sicut

572 1696 629 1745 et
655 1692 739 1747 illi
758 1699 1174 1770 concupierunt.
1209 1701 1365 1757 Sicut
1401 1705 1552 1755 enim
1595 1705 1687 1756 illi
1721 1706 2050 1770 periremus.
2113 1704 2307 1776 Neque
2361 1703 2670 1758 idololatrae
2722 1703 3060 1768 efﬁciamini,
3100 1704 3246 1758 sicut
3283 1704 3514 1774 quidam
3558 1720 3623 1757 ex
3664 1703 3836 1773 ipsis,

571 1785 1044 1852 quemadmodum
1069 1791 1338 1860 scriptum
1368 1795 1456 1844 est
1482 1793 1545 1843 in
1562 1791 1764 1852 Exodo,
1796 1805 1946 1845 xxxn
1980 1805 1990 1838 :
2026 1793 2184 1846 Sedit
2207 1795 2444 1864 populus
2464 1792 2800 1846 manducare
2833 1797 2890 1845 et
2917 1791 3188 1857 bibere,et
3211 1798 3576 1846 surrexerunt
3604 1791 3839 1857 ludere,

571 1885 758 1925 coram
783 1875 927 1928 idolo
957 1879 1178 1931 scilicet.
1211 1879 1405 1949 Neque
1425 1877 1782 1943 fornicemur,
1817 1867 2133 1934 discedendo
2162 1896 2198 1933 a
2225 1885 2379 1934 eullu
2409 1883 2618 1945 divino,
2648 1880 2793 1934 sicut
2821 1880 3048 1951 quidam
3088 1897 3152 1934 ex
3197 1881 3332 1952 ipsis
3362 1879 3619 1934 fornicati
3661 1887 3831 1946 sunt,

572 1972 698 2010 eum
727 1962 949 2026 ﬁliabus
970 1965 1362 2029 Moabitarum,
1387 1971 1444 2020 et
1471 1965 1793 2021 ceciderunt
1835 1983 1948 2020 una
1997 1968 2087 2022 die
2132 1969 2327 2038 viginti
2378 1968 2485 2022 tria
2528 1969 2721 2033 millia,
2756 1974 2805 2022 et
2853 1985 2948 2023 nos
2999 1973 3281 2022 similiter.
3317 1970 3511 2040 Neque
3539 1973 3842 2024 tentemus

571 2044 856 2102 Christum
892 2068 905 2116 ;
942 2055 1162 2117 (etenim
1185 2058 1496 2121 periremus
1533 2059 1596 2108 ut
1627 2057 1734 2124 illi)
1787 2055 1932 2109 sicut
1971 2056 2199 2126 quidam
2246 2074 2440 2112 eorum
2493 2063 2870 2120 tentaverunt,
2918 2059 3151 2112 dicentes
3184 2077 3199 2111 :
3231 2059 3507 2124 Nunquid
3542 2062 3591 2110 et
3623 2073 3842 2125 panem

562 2138 764 2201 poterit
790 2138 924 2193 dare
951 2146 1052 2194 aut
1074 2157 1282 2209 parare
1312 2159 1560 2197 mensam
1607 2147 1804 2212 populo
1830 2161 1928 2198 suo
1949 2150 1973 2197 ?
2009 2150 2067 2198 et
2110 2162 2146 2198 a
2174 2144 2527 2216 serpentibus
2571 2145 2877 2216 perierunt.
2912 2146 3106 2216 Neque
3137 2143 3639 2210 murmuraveritis,
3677 2145 3848 2200 sicut

573 2222 800 2292 quidam
829 2243 1044 2294 eorum,
1074 2235 1297 2299 propter
1316 2247 1545 2300 aquam,
1571 2239 2086 2292 murmuraverunt.
2109 2239 2167 2288 et
2182 2234 2469 2305 perierunt
2487 2233 2556 2287 ab
2575 2236 2768 2302 angelo
2784 2234 3234 2288 exterminatore.
3264 2234 3393 2287 Haec
3414 2237 3606 2287 autem
3637 2235 3849 2289 omnia

571 2311 688 2364 ideo
713 2314 840 2366 dixi
855 2319 990 2383 quia
1019 2317 1078 2370 in
1107 2319 1286 2388 ﬁgura
1307 2319 1711 2390 contingebant
1737 2321 1879 2388 illis;
1915 2323 2123 2392 scripta
2151 2328 2284 2377 sunt
2320 2328 2530 2388 autem,
2577 2339 2720 2392 ergo,
2745 2323 2816 2377 ad
2855 2324 3263 2394 correptionem
3296 2329 3568 2388 nostram,
3590 2321 3648 2377 in
3691 2339 3847 2394 quos

570 2398 712 2454 ﬁnes
739 2403 1067 2459 seculorum
1095 2409 1316 2475 (ultima
1345 2414 1492 2474 aetas,
1527 2412 1608 2462 vel
1639 2410 1908 2477 Christus)
1937 2412 2298 2464 devenerunt.
2330 2411 2527 2480 Itaque
2552 2410 2648 2481 qui
2677 2427 2737 2464 se
2769 2411 3054 2465 existimat
3069 2416 3238 2478 stare,
3275 2413 3426 2480 (quia
3445 2412 3539 2464 illi
3549 2415 3846 2478 peccantes

570 2490 900 2552 ceciderunt,
920 2498 971 2546 et
1001 2510 1096 2548 nos
1119 2498 1240 2550 licet
1266 2497 1557 2566 baptizati)
1579 2496 1763 2552 videat
1791 2515 1861 2552 ne
1882 2499 2062 2553 cadat.
2087 2497 2139 2564 9,
2168 2496 2251 2554 10.
2275 2498 2532 2553 Tentatio
2550 2515 2646 2553 vos
2667 2516 2779 2553 non
2801 2499 3206 2570 apprehendat,
3231 2515 3317 2564 ne,
3333 2503 3396 2552 ut
3423 2500 3533 2564 illi,
3555 2502 3842 2568 parcatis,

573 2574 684 2629 nisi
703 2576 972 2646 humana,
999 2583 1061 2635 de
1089 2585 1392 2652 cibo,potu,
1423 2587 1729 2653 exterisque
1760 2589 1984 2642 talibus.
2016 2586 2106 2642 11.
2139 2585 2343 2640 Fidelis
2375 2594 2566 2642 autem
2595 2588 2745 2643 Deus
2798 2594 2901 2655 est,
2926 2589 3021 2660 qui
3067 2605 3180 2644 non
3220 2587 3467 2660 patietur
3493 2603 3588 2642 vos
3615 2587 3845 2642 tentari

1918 2691 2505 2749 COMMENTARIUS.

641 2770 730 2827 95.
755 2774 966 2830 anrn.
1011 2779 1240 2832 Nescitis
1268 2782 1414 2848 quod
1442 2782 1520 2835 hi.
1566 2783 1757 2837 Monet
1797 2798 1892 2836 eos
1930 2798 2040 2836 non
2078 2781 2222 2841 itaA
2309 2779 2340 2836 4
2380 2783 2588 2837 Lmen.
2637 2784 2831 2838 Omnes
2859 2785 3104 2838 eamdem
3134 2800 3328 2850 eseam,
3364 2782 3422 2837 id
3469 2787 3573 2848 est,
3603 2783 3845 2853 qualem

571 2877 802 2916 currere
817 2863 1039 2930 debere,
1065 2867 1211 2922 sicut
1239 2869 1335 2938 qui
1365 2870 1424 2924 in
1463 2870 1644 2925 stadio
1664 2876 1917 2926 currunt.
1949 2871 2157 2924 Omnes
2239 2875 2502 2936 rectores,
2539 2871 2710 2925 talem
2735 2877 2792 2925 et
2820 2871 2915 2942 qui
2941 2871 3300 2942 regebantur,
3330 2869 3585 2924 videlicet
3598 2885 3840 2924 manna.

564 2951 715 3005 enim
735 2960 987 3014 currunt,
1010 2955 1107 3010 sed
1141 2972 1283 3011 unus
1311 2957 1513 3029 accipit
1541 2959 2034 3014 bravium.Fideles
2053 2974 2154 3011 au-
2312 2959 2361 3012 5.
2392 2960 2583 3012 Eseam
2608 2963 2938 3028 spiritalem,
2971 2960 3026 3014 id
3071 2965 3176 3025 est,
3212 2958 3561 3030 spiritualem
3614 2958 3841 3013 intelli-

567 3043 702 3105 tem,
746 3041 794 3095 si
832 3041 973 3097 bene
991 3045 1358 3110 cucurrerint,
1393 3063 1587 3102 omnes
1612 3047 2047 3101 coronabantur.
2238 3046 2485 3116 gentiam
2512 3047 2831 3114 habentem,
2863 3049 3076 3103 scilicet
3103 3048 3356 3119 corporis
3379 3046 3609 3102 Christi.

639 3127 728 3185 26.
763 3132 870 3197 Qui
897 3134 960 3185 in
1011 3135 1187 3186 stadio
1235 3141 1498 3189 currunt.
1531 3135 1700 3206 Ergo,
1732 3136 1935 3207 inquit,
1977 3136 2157 3189 factus
2310 3136 2362 3188 6.
2388 3136 2640 3189 Aususr.
2666 3137 2858 3203 Quaest.
2885 3152 3048 3205 super
3083 3138 3228 3190 Vetus
3253 3139 3406 3201 Test.,
3437 3150 3599 3204 super
3627 3136 3840 3202 Num.,

569 3217 760 3270 omnia
774 3219 1147 3284 omnibus,sic
1161 3237 1325 3275 curro
1340 3223 1785 3292 praedicando,ut
1798 3224 2158 3294 comprehen-
2239 3220 2336 3278 lib.
2359 3236 2434 3286 Iv,
2461 3228 2655 3293 quaest.
2679 3222 2764 3287 35,
2788 3230 2924 3278 tom.
2968 3225 3061 3279 IV.
3085 3227 3339 3278 Bibebant
3367 3229 3572 3278 autem.
3607 3223 3845 3293 Signiﬁ-

570 3304 702 3358 dam
731 3304 982 3360 bravium
1007 3309 1315 3378 Evangelii,
1349 3316 1407 3364 et
1447 3327 1540 3364 vos
1569 3312 1648 3365 sic
1674 3312 1881 3366 currite
1915 3317 1978 3365 ut
2005 3328 2156 3364 com-
2239 3315 2364 3364 cata
2383 3316 2472 3364 est
2489 3329 2621 3381 ergo
2635 3312 2704 3366 de
2736 3313 2958 3367 Christo
2980 3314 3263 3384 proﬂuens
3289 3312 3474 3382 gratia
3493 3311 3838 3382 spiritualis,

567 3393 947 3463 prehendatis,
978 3397 1130 3450 scitis
1160 3397 1307 3452 enim
1331 3399 1462 3469 quia
1488 3415 1681 3454 omnes
1697 3401 1794 3471 qui
1822 3400 1905 3454 ita
1923 3405 2160 3454 currunt
2241 3399 2374 3468 quia
2388 3398 2623 3453 interior
2639 3400 2762 3454 sitis
2784 3401 3134 3470 irrigaretur.
3160 3401 3268 3456 Sed
3295 3400 3444 3470 quod
3468 3400 3622 3470 virga

567 3482 874 3552 accipiunt.
2239 3487 2419 3558 petra]
2437 3489 2767 3559 percutitur,
2791 3507 2924 3544 crux
2943 3489 3459 3559 Christi‘ﬁguratur.
3477 3489 3652 3558 Ligno
3675 3490 3843 3544 enim

635 3568 724 3623 27.
759 3569 863 3625 Sed
900 3577 1100 3641 castigo
1129 3591 1321 3644 corpus
1369 3593 1570 3630 meum.
1606 3576 1932 3647 Exemplum
1975 3576 2152 3646 ponit,
2238 3576 2536 3631 accedente
2565 3578 2635 3631 ad
2665 3583 2902 3649 petram,
2933 3579 3118 3648 gratia
3144 3579 3253 3632 ista
3281 3577 3546 3631 manavit.
3582 3577 3652 3630 Et
3678 3579 3841 3647 quod

566 3674 639 3713 ne
659 3659 982 3727 Christiani,
1009 3669 1238 3734 propter
1265 3665 1441 3718 solam
1488 3665 1676 3730 ﬁdem,
1713 3665 1821 3719 nisi
1851 3664 1992 3718 bene
2021 3681 2155 3735 ope-
2237 3663 2323 3719 bis
2369 3667 2701 3736 percutitur,
2753 3667 3062 3720 evidentius
3106 3665 3390 3736 signiﬁcat
3424 3681 3664 3720 crucem.
3705 3665 3842 3721 Duo

564 3753 762 3803 rentur
788 3755 846 3804 et
876 3767 910 3805 a
933 3753 1174 3823 peccatis
1203 3753 1541 3821 abstineant,
1572 3754 1753 3808 salvos
1786 3770 1845 3808 se
1874 3755 1993 3807 fore
2021 3770 2154 3808 con-
2238 3754 2443 3826 quippe
2471 3754 2623 3825 ligna
2651 3760 2781 3809 sunt
2800 3771 2954 3810 crux.

561 3836 758 3896 ﬁdant.
2300 3843 2351 3897 7.
2383 3844 2591 3897 Lassa.
2637 3843 2998 3914 Consequenle
3027 3859 3127 3897 eos.
3159 3843 3284 3898 Non
3313 3857 3506 3897 revera
3543 3845 3702 3912 petra
3750 3858 3842 3896 se-

634 3927 800 3982 CAP.
818 3929 887 3984 X.
910 3957 972 3970 -
997 3929 1044 3986 1.
1059 3931 1266 3985 Lmen.
1289 3933 1424 3986 Nolo
1441 3935 1590 3986 enim
1609 3948 1718 3997 vos,
1733 3937 1840 3989 etc.
1862 3929 2114 4002 Objectio
2139 3950 2149 3984 :
2238 3930 2514 4001 quebatur
2537 3932 2869 3999 exercitum;
2891 3933 2988 3986 sed
3019 3948 3167 4003 aqua
3187 3933 3366 3985 ﬂuens
3391 3931 3460 3985 de
3495 3935 3672 4001 petra.
3708 3930 3842 4000 Spi-

563 4015 764 4069 Nullus
804 4015 1116 4088 baptizatus
1159 4019 1584 4090 reprobabitur;
1639 4021 1784 4090 quod
1823 4020 2021 4090 probat
2057 4037 2212 4091 per_
2237 4019 2502 4073 ritualem
2531 4025 2718 4074 autem
2745 4037 2868 4074 eam
2889 4027 3048 4075 vocat
3090 4019 3223 4090 quia
3249 4019 3598 4090 spiritualem
3625 4017 3841 4072 intelli-

560 4109 750 4173 patres
779 4105 838 4158 in
867 4085 1009 4161 mari
1035 4085 1560 4178 Rubro-baptizatos
1577 4085 2151 4180 conﬁrmatione,qui,
2171 4085 2218 4144 B
2238 4107 2487 4178 gentiam
2517 4108 2575 4162 in
2603 4125 2663 4162 se
2700 4108 3022 4164 continebat
3050 4085 3354 4164 Christum.

563 4191 697 4262 quia
726 4191 866 4247 bene
888 4210 998 4249 non
1020 4197 1236 4266 operati
1263 4203 1417 4263 sunt,
1442 4197 1499 4250 in
1521 4197 1742 4252 deserto
1775 4198 2080 4269 perierunt.
2312 4196 2362 4250 8.
2379 4197 2486 4251 Sed
2497 4213 2608 4250 non
2629 4200 2692 4251 in
2710 4201 2988 4266 pluribus.
3013 4197 3184 4261 Quasi
3206 4197 3419 4251 diceret
3442 4214 3452 4248 :
3477 4201 3840 4250 sacramenta

631 4281 686 4336 2.
706 4282 981 4348 Quoniam
1009 4289 1210 4351 patres,
1243 4289 1347 4338 etc.
1391 4286 1717 4357 Exemplum
1746 4287 1850 4340 hoc
1876 4286 2048 4358 ponit,
2086 4301 2156 4340 ne
2239 4290 2402 4338 erant
2429 4285 2645 4350 eadem,
2669 4285 2766 4340 sed
2797 4286 2911 4341 vita
2959 4287 3202 4353 diversa;
3247 4289 3417 4356 atque
3446 4285 3571 4339 ideo
3597 4283 3693 4337 alii
3714 4285 3838 4355 pla-

564 4369 1294 4442 Christianiproptersolam
1313 4373 1941 4445 ﬁdem,baptismum,et
1955 4379 2157 4429 caetera
2237 4389 2422 4437 cuere,
2455 4376 2514 4426 et
2539 4373 2634 4427 alii
2661 4389 2794 4428 non.

563 4470 933 4526 sacramenta,
965 4460 1074 4513 nisi
1127 4460 1268 4514 bene
1324 4471 1646 4532 operentur,
1681 4463 1786 4518 etsi
1832 4480 1866 4517 a
1916 4463 2156 4534 peccatis
2309 4459 2358 4516 9.
2391 4463 2633 4516 Ausus'r.
2689 4462 2801 4518 Ilib.
2853 4477 2917 4516 ιι.
2950 4463 3020 4517 De
3067 4464 3334 4531 baptismo
3361 4463 3584 4530 parvul.
3629 4466 3838 4514 contra

563 4544 898 4612 abstineant,
933 4549 1113 4602 salvos
1141 4565 1200 4603 se
1227 4565 1350 4603 esse
1382 4551 1684 4605 conﬁdant.
2237 4551 2460 4616 Donat.,
2512 4567 2633 4622 cap.
2677 4549 2727 4617 5,
2763 4556 2902 4605 tom.
2956 4551 3099 4617 VII).
3139 4552 3384 4605 Tentatio
3409 4566 3516 4604 vos.
3559 4549 3838 4604 Homines

635 4634 686 4689 3.
719 4637 967 4690 AUGUST.
1028 4640 1150 4705 (lib.
1185 4653 1260 4692 xn
1309 4646 1502 4694 contra
1558 4643 1842 4704 Faustum,
1885 4655 2008 4710 cap.
2039 4637 2150 4707 29).
2237 4637 2387 4693 enim
2419 4655 2632 4693 sumus.
2658 4640 2816 4695 Unde
2837 4639 2986 4694 aliud
3009 4656 3206 4710 sapere
3233 4655 3402 4710 quam
3440 4654 3499 4692 se
3527 4653 3616 4691 res
3636 4637 3834 4702 habet,

568 4725 762 4779 Omnes
781 4727 880 4778 sub
911 4729 1069 4782 nube.
1105 4727 1396 4794 Columna,
1420 4729 1553 4799 quia
1571 4734 1756 4784 rectus
1785 4734 1843 4782 et
1861 4729 2080 4789 ﬁrmus,
2102 4733 2158 4782 et
2239 4729 2485 4782 humana
2511 4729 2745 4783 tentatio
2767 4735 2869 4784 est.
2896 4729 3078 4782 Nimis
3096 4734 3284 4782 autem
3328 4726 3569 4780 amando
3608 4731 3840 4781 senten-

565 4811 800 4868 fulciens
829 4813 1216 4870 inﬁrmitatem
1243 4824 1512 4883 nostram,
1538 4835 1638 4888 per
1677 4823 1896 4872 noctem
1924 4817 2150 4883 lucens;
2237 4819 2375 4872 tiam
2403 4835 2584 4882 suam,
2603 4819 2687 4872 vel
2707 4817 3006 4872 invidendo
3029 4816 3378 4883 melioribus,
3406 4832 3584 4886 usque
3603 4814 3674 4868 ad
3693 4832 3839 4886 prae-

563 4902 824 4972 perdiem
842 4919 952 4958 non
991 4905 1198 4969 lucens,
1231 4913 1295 4960 ut
1313 4907 1410 4977 qui
1446 4922 1557 4961 non
1584 4907 1789 4970 vident,
1823 4905 2064 4971 videant,
2099 4911 2157 4960 et
2237 4906 2506 4978 cipiendae
2531 4906 2652 4975 [al.,
2685 4904 3068 4976 praecidendae]
3099 4903 3528 4966 communionis,
3575 4903 3657 4955 vel
3695 4919 3838 4957 con-

565 4991 659 5062 qui
689 4991 896 5053 vident.
929 4994 1058 5048 eieci
1087 4995 1242 5049 ﬁant.
1259 4995 1443 5050 Rubet
1474 5002 1531 5049 et
1552 5011 1706 5049 mare
1736 4994 2022 5062 Rubrum;
2054 4993 2154 5048 ba-
2236 4995 2405 5049 dendi
2431 4994 2749 5049 schismatis
2780 4994 2862 5048 vel
2887 4993 3114 5048 haeresis
3131 4992 3484 5063 sacrilegium
3514 4991 3833 5062 pervenire,

559 5081 803 5152 ptismus
823 5082 1020 5152 utique
1037 5085 1309 5154 sanguine
1339 5084 1545 5139 Christi
1574 5091 1949 5146 consecratus,
1966 5084 2154 5140 hostes
2235 5083 2512 5138 diabolica
2539 5083 2899 5154 praesumptio
2926 5089 3030 5137 est.

559 5187 595 5224 a
620 5176 782 5241 tergo
821 5178 1137 5241 sequentes,
1196 5174 1518 5228 moriuntur
1559 5181 1786 5244 peccata
1829 5173 2148 5244 praeterita;
2312 5171 2393 5228 10.
2417 5173 2623 5226 LANFR.
2656 5174 2899 5226 Tentatio
2933 5189 3040 5226 vos.
3075 5172 3336 5226 Humana
3363 5170 3600 5225 tentatio
3629 5174 3720 5224 est
3759 5170 3832 5224 de

560 5259 786 5314 ducitur
814 5261 1053 5332 populus
1084 5279 1184 5332 per
1239 5264 1544 5318 desertum.
1588 5262 1863 5333 Baptizati
1901 5263 2150 5318 nondum
2233 5260 2373 5325 cibo,
2397 5261 2467 5315 de
2495 5267 2649 5333 potu,
2683 5262 2752 5315 de
2782 5278 2979 5316 somno
3005 5265 3062 5315 et.
3089 5260 3308 5316 caeteris
3333 5259 3535 5331 quibus
3576 5257 3832 5313 humana

560 5365 756 5404 omnes
780 5349 1132 5420 perfruentes
1165 5353 1348 5423 patria
1388 5350 1682 5423 promissa,
1715 5351 1811 5405 sed
1852 5353 2000 5423 quod
2039 5369 2148 5408 non
2232 5350 2528 5406 infirmitas
2558 5367 2750 5406 carere
2770 5367 2881 5406 non
2911 5354 3112 5422 potest.

559 5435 751 5494 vident
773 5441 1068 5510 sperando,
1086 5445 1145 5498 et
1157 5457 1260 5513 per
1278 5439 1610 5514 patientiam
1622 5441 1994 5514 exspectando
2024 5443 2212 5504 tan-0
2305 5439 2387 5497 11.
2413 5442 2615 5496 Fidelis
2653 5445 2862 5506 autem,
2913 5439 2970 5495 id
3007 5444 3110 5505 est,
3156 5439 3320 5494 faciet
3363 5437 3513 5511 quod
3541 5435 3825 5509 promisit.

558 5540 727 5598 quam
756 5525 812 5582 in
843 5526 1065 5585 deserto
1090 5529 1220 5584 sint.
