3912 6352
145 314 230 374 189
758 316 836 371 ΙΝ
872 316 939 370 D.
982 317 1200 374 PAULI
1237 316 1459 372 EPIST.
1502 314 1690 372 COMN

1828 317 1872 371 Γ.
1916 347 1980 360 --
2025 317 2255 374 EPIST.
2297 318 2322 372 Ι
2359 318 2455 373 AD
2494 319 2655 374 COR.
3226 319 3233 365 ἶ
3267 323 3373 381 190

100 444 103 447 ’
137 455 285 512 supra
304 439 360 492 id
384 440 538 510 quod
558 439 789 509 potestis
816 443 1086 496 sustinere
1112 462 1128 506 ;
1170 444 1265 497 sed
1297 443 1465 498 faciet
1491 444 1660 498 etiam
1689 460 1814 498 cum
1845 446 2157 501 tentatione
2186 446 2265 503 12.
2299 451 2650 517 proventum,
2681 448 3010 515 subsidium,
3044 454 3110 503 ut
3144 450 3373 521 possitis

133 529 404 582 sustinere.
436 525 523 582 13.
558 528 793 598 Propter
822 530 989 599 quod.
1023 534 1123 597 qui
1149 534 1461 586 ceciderunt
1490 549 1554 585 ea
1584 535 1715 601 ipsis
1739 530 1832 585 23.
1854 535 2060 599 millia,
2099 535 2412 588 charissimi
2442 534 2599 599 mihi,
2642 536 2819 605 fugite
2848 536 2918 590 ab
2945 536 3220 593 idolorum
3250 540 3370 593 cul-

134 624 260 679 tura,
292 621 357 669 ut
384 616 761 686 prudentibus
788 617 986 687 loquor
1012 622 1311 687 sequentia,
1335 636 1431 673 vos
1451 619 1556 690 ipsi
1582 620 1830 689 judicate
1852 622 1998 690 quod
2030 621 2170 675 dico.
2203 621 2292 676 1-1.
2318 622 2471 676 Calix
2499 622 2923 689 benedictionis,
2958 625 3046 679 cui
3076 642 3172 679 nos
3199 642 3375 680 sacer-

134 709 255 759 dotes
308 704 711 767 benedicimus,
749 721 932 759 nonne
961 707 1390 761 communicatio
1420 707 1725 777 Sanguinis
1754 708 1963 762 Christi
1993 714 2095 774 est,
2128 712 2263 778 facit
2295 726 2389 764 nos
2420 715 2885 765 communicantes
2909 716 3182 780 sanguini
3210 714 3372 770 Chri-

132 796 225 846 sti?
248 790 318 844 Et
350 792 540 862 panis,
576 808 741 862 quem
769 793 1099 863 frangimus,
1134 811 1321 848 nonne
1349 794 1703 865 participatio
1732 798 1981 867 corporis
2008 802 2138 862 66
2166 798 2390 851 Domini
2416 798 2540 852 est?
2576 797 2661 854 15.
2693 800 2968 862 Quoniam
3002 806 3065 855 ut
3093 818 3240 856 unus
3269 819 3375 873 pa-

131 880 221 945 nis,
247 886 405 933 estea:
432 883 653 941 multis,
686 897 859 934 unum
882 898 1081 952 corpus
1111 883 1272 936 multi
1303 900 1517 948 sumus,
1548 899 1742 936 omnes
1772 884 1869 953 qui
1894 885 1963 938 de
2009 901 2121 938 uno
2171 902 2315 956 pane
2345 886 2767 957 participamus.
2833 885 2912 943 l6.
2968 889 3168 943 Videte
3199 891 3373 947 Israel

130 968 412 1021 secundum
443 983 696 1031 carnem,
729 970 872 1036 (alia
900 971 1276 1023 similitudine
1302 971 1495 1038 probat
1515 972 1844 1025 comedenles
1863 974 2231 1040 idolothytum
2260 978 2383 1041 ﬁeri
2410 975 3373 1043 participesdzmoniorumMNonne

130 1055 210 1125 qui
234 1054 402 1109 edunt
431 1056 671 1119 hostias,
694 1054 774 1109 l7.
792 1057 1090 1126 participes
1105 1062 1238 1111 sunt
1248 1056 1480 1111 altaris?
1497 1058 1642 1121 Quid
1659 1059 1827 1128 ergo?
1843 1075 1941 1127 per
1950 1060 2048 1113 hoc
2060 1062 2202 1127 quod
2219 1063 2337 1114 dico
2350 1065 2482 1115 tales
2501 1065 2626 1129 ﬁeri
2638 1067 2932 1133 participes
2946 1065 3369 1120 dmoniorum.

129 1143 242 1197 Dico
269 1144 417 1214 quod
446 1144 617 1197 idolis
654 1145 1006 1199 immolatum
1028 1146 1103 1198 sit
1125 1145 1376 1215 aliquid?
1399 1151 1496 1199 aut
1521 1146 1669 1216 quod
1688 1145 1900 1200 idolum
1929 1148 2005 1201 sit
2022 1149 2231 1219 aliquid
2245 1150 2270 1202 7
2299 1165 2411 1204 non
2453 1151 2561 1204 Sed
2577 1152 2697 1204 dico
2713 1152 3138 1222 quaeimmolant
3152 1160 3372 1223 gentes,

129 1231 394 1286 daemoniis
424 1233 751 1298 immolant,
786 1239 844 1286 et
871 1250 983 1286 non
1006 1235 1139 1297 Deo.
1165 1234 1306 1288 Nolo
1335 1239 1525 1287 autem
1544 1251 1640 1288 vos
1654 1235 1851 1300 socios,
1886 1238 2205 1290 comedenda
2228 1239 2548 1306 idolothyta,
2583 1239 2707 1293 ﬁeri
2727 1241 3374 1298 daemoniorumJGausa

127 1336 210 1373 cur
237 1323 545 1387 idolothyta
576 1324 847 1376 comedere
867 1338 978 1375 non
1007 1322 1272 1391 debeant).
1302 1323 1428 1375 Non
1454 1323 1693 1393 potestis
1720 1323 1953 1377 calicem
1974 1324 2199 1378 Domini
2221 1310 2435 1391 bibere,
2466 1330 2523 1380 et
2549 1327 2773 1381 calicem
2795 1330 3219 1398 pmmoniorum.
3246 1330 3373 1385 Non

126 1407 335 1478 potestis
364 1425 581 1463 mensae
612 1410 835 1463 Domini
861 1410 1158 1481 participes
1179 1427 1318 1477 esse,
1358 1416 1416 1464 et
1444 1426 1651 1464 mensae
1671 1411 2095 1466 daemoniorum.
2128 1409 2217 1468 18.
2249 1415 2334 1471 An
2364 1415 2693 1469 mmulamur
2720 1416 3062 1470 Dominum?
3103 1417 3370 1487 Nunquid

124 1496 360 1550 fortiores
388 1497 490 1551 illo
522 1499 764 1552 sumus?
803 1499 1006 1553 Omnia
1034 1499 1173 1552 mihi
1193 1500 1380 1565 licent,
1401 1504 1658 1568 potestate
1688 1500 1852 1553 liberi
1879 1502 2128 1563 arbitrii,
2157 1501 2255 1555 sed
2279 1518 2391 1555 non
2411 1502 2602 1557 omnia
2620 1504 2938 1574 expediunt,
2952 1511 3206 1572 prosunt.
3234 1505 3372 1561 Om-

125 1584 206 1638 nia
229 1584 363 1637 mihi
395 1586 594 1650 licent,
616 1587 713 1639 sed
740 1603 851 1640 non
881 1587 1070 1641 omnia
1097 1588 1396 1652 aediﬁcant,
1416 1592 1651 1656 prosunt
1675 1589 1825 1641 aliis.
1867 1588 2047 1642 Nemo
2076 1588 2224 1658 quod
2255 1606 2420 1643 suum
2448 1595 2535 1644 est
2553 1596 2769 1661 quaerat
2809 1592 2904 1647 sed
2940 1592 3088 1663 quod
3114 1592 3369 1647 alterius.

127 1674 361 1725 Debemus
390 1678 588 1726 autem
612 1689 853 1741 querere
883 1691 994 1728 non
1023 1679 1202 1729 solum
1228 1681 1437 1741 nostra,
1486 1678 1577 1729 sed
1623 1678 1791 1729 etiam
1821 1677 2074 1742 fratrum
2125 1680 2424 1732 commoda.
2458 1679 2659 1745 Omne,
2687 1679 2847 1749 (quia
2874 1683 3130 1748 superius
3156 1682 3375 1734 dixerat

128 1763 268 1813 licere
297 1762 673 1828 idolothytum
711 1764 1017 1827 comedere;
1043 1780 1197 1818 nunc
1213 1780 1337 1818 vero
1362 1766 1613 1833 probavit
1646 1780 1757 1818 non
1785 1766 1990 1820 debere.
2036 1767 2380 1820 Determinat
2407 1769 2543 1835 quid
2581 1770 2789 1822 comedi
2827 1770 3030 1833 debeat,
3072 1770 3209 1837 quid
3237 1770 3370 1837 non)

127 1847 252 1917 quod
278 1848 337 1901 in
369 1849 614 1902 macello
645 1850 831 1911 venit,
865 1852 1217 1917 manducate,
1245 1853 1336 1907 19.
1368 1852 1508 1905 nihil
1535 1852 1948 1923 interrogantes
1973 1858 2203 1924 propter
2229 1854 2648 1920 conscientiam,
2678 1860 2778 1923 (an
2806 1858 2878 1909 sit
2906 1857 3275 1923 idololhytum
3297 1871 3375 1909 an

128 1951 246 1991 non:
272 1942 334 1989 ut
360 1941 464 2005 qui
489 1943 678 2006 postea
707 1940 947 1994 viderint
980 1956 1069 1994 vos
1097 1942 1443 2012 comedentes,
1476 1942 1625 1995 illud
1652 1956 1740 1994 vos
1762 1957 1865 2009 pro
1880 1946 2067 1995 sancto
2090 1942 2284 1995 habere
2304 1958 2415 1995 non
2429 1945 2711 2011 zstiment)
2729 1944 3197 2012 Domini,1'nqu1't,
3217 1958 3376 1996 omne

129 2026 249 2091 quod
274 2028 335 2079 in
364 2028 605 2080 macello
633 2031 815 2093 venit,
849 2032 999 2082 terra
1017 2032 1169 2083 enim
1198 2033 1246 2082 et
1274 2032 1453 2082 omnis
1478 2030 1764 2097 plenitudo
1792 2032 1927 2097 ejus,
1956 2045 2056 2082 sua
2078 2035 2170 2094 est,
2195 2036 2259 2083 ut
2277 2032 2359 2082 ait
2382 2032 2679 2084 Psalmista
2703 2050 2720 2084 :
2738 2029 2826 2085 20.
2850 2030 3074 2084 Domini
3089 2035 3177 2085 est
3198 2035 3371 2095 terra,

127 2117 173 2164 et
187 2112 471 2182 plenitudo
492 2116 636 2183 ejus.
659 2115 719 2169 Si
737 2116 860 2186 quis
878 2118 951 2169 ad
966 2133 1174 2171 ewnam
1202 2122 1364 2171 vocat
1382 2133 1478 2171 vos
1511 2118 1844 2180 inﬁdelium,
1876 2131 1989 2170 non
2008 2117 2368 2182 credentium,
2398 2123 2456 2170 et
2481 2117 2648 2171 vultis
2664 2118 2777 2185 ire;
2823 2134 2990 2174 omne
3021 2119 3170 2189 quod
3210 2117 3365 2181 vobis

128 2202 402 2272 apponitur
427 2203 793 2267 manducate,
825 2203 964 2257 nihil
994 2204 1409 2274 interrogantes
1437 2206 1502 2262 (si
1521 2207 1670 2258 enim
1692 2206 2089 2271 interrogares,
2115 2209 2165 2257 et
2182 2212 2361 2272 postea
2403 2208 2577 2260 sciens
2607 2208 2922 2270 comedcres,
2974 2207 3375 2275 blasphemiam

128 2293 497 2357 aspicienlium
519 2295 858 2360 incurreres)
889 2299 1121 2364 propter
1143 2292 1561 2358 conscientiam,
1590 2292 1876 2361 praebentis
1892 2306 2120 2345 caenam.
2153 2291 2210 2345 Si
2242 2291 2365 2362 quis
2395 2298 2586 2347 autem
2618 2293 2821 2348 dixerit
2849 2311 2860 2346 :
2888 2294 3006 2348 Hoc
3020 2294 3377 2348 immolatum

131 2383 202 2431 est
227 2366 420 2448 idolis;
443 2379 626 2435 nolite
663 2380 1022 2448 manducare,
1049 2386 1280 2453 propter
1304 2381 1462 2434 illum
1495 2379 1589 2450 qui
1618 2377 1900 2442 indicavit,
1948 2386 2005 2431 et
2032 2383 2262 2449 propter
2297 2378 2728 2448 conscientiam;
2761 2382 3162 2436 conscientiam
3186 2386 3376 2436 autem

130 2467 249 2534 dico,
280 2486 394 2525 non
430 2476 618 2537 tuam,
648 2471 745 2526 sed
774 2472 1025 2538 alterius,
1050 2474 1159 2527 hac
1176 2475 1517 2540 aspicientis.
1539 2468 1629 2531 21,
1662 2466 1752 2524 22.
1770 2467 1846 2522 Ut
1872 2466 2006 2538 quid
2035 2466 2183 2521 enim
2207 2471 2591 2538 (licet,inquit,
2622 2472 2985 2525 tuzlibertati
3008 2472 3378 2540 idolothytum

132 2557 400 2620 comedere;
426 2573 545 2612 non
568 2562 755 2612 tamen
781 2562 904 2628 pali
928 2562 1068 2613 alios
1091 2565 1137 2613 te
1152 2566 1375 2629 propter
1395 2561 1491 2613 hoc
1518 2564 1769 2626 arguere)
1788 2562 1911 2622 υτ
1946 2556 2176 2611 libertas
2218 2574 2342 2611 mea
2358 2558 2647 2628 judicatur
2676 2559 2745 2612 ab
2776 2559 2960 2614 aliena
2984 2559 3325 2614 conscientia
3353 2559 3378 2612 7

131 2638 179 2693 Si
210 2658 303 2712 ego
327 2643 420 2715 23,
444 2644 544 2713 24,
572 2662 699 2701 cum
721 2647 905 2717 gratia
933 2648 1226 2719 participo,
1261 2648 1395 2718 quid
1420 2647 1776 2717 blasphemor
1791 2661 1892 2714 pro
1904 2662 1970 2698 eo
1986 2646 2133 2715 quod
2149 2646 2361 2716 gratias
2382 2646 2529 2717 ago?
2554 2647 2678 2701 Sive
2698 2663 2831 2718 ergo
2852 2648 3379 2719 manducatis(quia

1471 2734 2060 2791 COMMENTARIUS.

131 2820 401 2878 Promissit
414 2825 578 2879 enim
595 2826 654 2880 in
672 2826 865 2881 multis
885 2827 1299 2898 Scripturarum
1318 2842 1550 2880 suarum
1566 2822 1700 2877 locis
1717 2825 1766 2881 A
1784 2823 1916 2892 quia
1944 2823 2063 2894 ipse
2092 2839 2193 2877 nos
2221 2824 2464 2893 puniret.
2514 2824 2611 2878 Est
2641 2824 2788 2878 enim
2829 2824 2988 2878 nobis
3031 2824 3266 2892 fortior;
3322 2828 3382 2878 et

130 2911 371 2966 seﬁdeles
400 2931 544 2968 suos
574 2931 685 2969 non
716 2916 1090 2970 deserturum.
1786 2927 1887 2964 nos
1906 2927 2017 2965 non
2048 2928 2244 2965 sumus
2267 2912 2541 2977 fortiores,
2576 2928 2677 2965 nec
2705 2913 2962 2982 aequales.

191 2998 266 3052 12.
294 3003 663 3068 Proventum,
695 3003 752 3057 id
784 3009 887 3071 est,
914 3020 1042 3059 cum
1069 3002 1304 3057 tentatio
1353 3002 1586 3067 venerit,
1615 3000 1702 3054 fa-
1860 2997 1923 3054 19
1976 3000 2132 3053 Nihil
2158 3002 2576 3067 interrogantes.
2606 2998 2778 3062 Quasi
2804 2998 3008 3069 aliquis
3048 2998 3260 3053 diceret
3292 3015 3304 3049 ε
3331 2997 3380 3051 si

132 3082 222 3137 ciet
236 3087 400 3141 etiam
432 3090 755 3160 provenire.
1785 3086 2281 3156 interrogaveritis,
2335 3092 2391 3139 et
2416 3085 2570 3139 vobis
2612 3102 2942 3157 responsum
2998 3085 3184 3151 fuerit,
3230 3086 3381 3157 quod

192 3172 265 3229 13.
302 3179 537 3247 Propter
554 3180 699 3247 quod
727 3180 1062 3247 charissimi,
1092 3178 1148 3233 id
1170 3183 1273 3244 est,
1301 3178 1435 3248 quia.
1461 3177 1581 3230 sola
1607 3192 1706 3229 sa-
1786 3173 1950 3228 idolis
1974 3174 2438 3238 sitimmolatum,
2465 3174 2801 3228 conscientia
2832 3174 3106 3228 auditoris
3150 3170 3381 3227 robOra-

131 3270 387 3319 crementa
413 3266 550 3321 illos
574 3268 789 3335 salvare
809 3284 921 3322 non
941 3273 1220 3339 poterant.
1250 3268 1319 3321 Et
1345 3266 1440 3338 qui
1467 3270 1601 3334 stat,
1624 3264 1704 3318 vi-
1787 3262 1941 3317 bitur
1967 3263 2038 3316 ad
2061 3263 2398 3318 credendum
2425 3263 2572 3334 quod
2603 3262 2809 3334 aliquid
2837 3262 2913 3316 sit
2942 3263 3174 3317 idolum.

133 3346 243 3403 dere
269 3352 431 3409 debet
448 3371 528 3410 ne
555 3357 737 3411 cadat.
1858 3349 1948 3407 20.
1985 3354 2208 3406 Domini
2246 3358 2319 3406 est
2372 3357 2542 3406 terra.
2575 3352 2815 3407 Causam
2846 3352 3030 3406 reddit
3061 3368 3161 3406 cur
3184 3351 3389 3407 dixerit

187 3438 266 3494 14.
297 3443 460 3497 Galae
491 3446 901 3500 benedictionis.
941 3446 1176 3501 Summa
1203 3445 1379 3501 totius
1416 3444 1707 3500 sententiae
1789 3441 2229 3511 superius,omne
2244 3442 2385 3509 quod
2400 3444 2463 3495 in
2476 3444 2945 3496 macellumvamit
2960 3441 3258 3496 manduca.

135 3524 232 3581 hac
256 3536 370 3584 est:
404 3533 547 3603 quia
564 3550 767 3605 corpus
795 3535 1016 3589 Domini
1047 3535 1364 3598 comedens,
1395 3540 1453 3589 et
1478 3534 1706 3604 sangui-
1858 3528 1947 3585 21.
1981 3531 2228 3584 Ausaos.
2271 3530 2333 3583 (lt
2382 3531 2518 3598 quid
2566 3532 2715 3583 enim
2743 3531 2971 3584 libertas
2995 3535 3021 3582 ?
3058 3529 3178 3583 Hoc
3229 3527 3384 3591 dicit,

136 3628 242 3669 nem
265 3620 381 3689 ejus
410 3620 632 3687 bibens,
662 3623 825 3677 idolis
855 3624 1148 3678 immolata
1173 3625 1496 3693 contingere
1528 3628 1585 3676 et
1612 3639 1706 3676 co-
1790 3617 1921 3688 quia
1951 3634 2077 3672 cum
2109 3617 2179 3671 ab
2230 3617 2364 3671 idoli
2389 3617 2682 3671 devotione
2714 3616 3056 3671 conscientia
3085 3616 3160 3670 sit
3189 3615 3382 3681 libera,

139 3705 333 3761 medere
351 3726 466 3764 non
489 3709 693 3775 debet;
721 3728 853 3765 nam
884 3711 1160 3766 idolorum
1191 3712 1467 3782 particeps
1490 3712 1650 3765 ﬁeret
1690 3729 1702 3774 ;
1789 3706 1922 3776 quid
1955 3722 2094 3776 opus
2128 3711 2213 3759 est
2242 3711 2305 3760 ut
2336 3712 2566 3776 putetur
2625 3706 2758 3779 quia
2807 3705 3184 3761 venerationis
3220 3720 3390 3759 causa

139 3794 263 3861 qu0d
288 3797 489 3867 probat
523 3816 535 3851 :
574 3799 682 3863 Qui
707 3800 858 3854 enim
882 3800 1260 3855 bibitcalicem
1277 3800 1518 3865 Domini,
1544 3805 1601 3853 et
1614 3816 1708 3853 co-
1791 3793 1923 3847 edat
1949 3794 2113 3848 idolis
2144 3794 2450 3871 immolata.

136 3882 283 3937 medi:
323 3903 569 3958 panem,
619 3888 678 3942 id
732 3894 819 3943 est
867 3905 1068 3961 corpus
1107 3890 1249 3960 ejus,
1298 3888 1577 3960 particeps
1624 3894 1709 3943 est
1860 3881 1949 3938 22.
1985 3884 2372 3938 LANFRANCUS.
2414 3884 2475 3937 Ut
2505 3885 2645 3961 quid
2663 3886 2813 3938 enim
2858 3885 3101 3938 libertas.
3134 3880 3389 3936 Libertas

135 3966 303 4040 ipsius.
741 4036 750 4044 _
1792 3971 2239 4026 Christianorum
2302 3975 2389 4025 est
2439 3970 2700 4026 omnibus
2756 3970 2892 4025 cibis
2923 3987 3049 4025 cum
3072 3969 3386 4041 gratiarum

201 4060 269 4118 15.
300 4065 575 4131 Quoniam
597 4082 745 4120 unus
764 4070 948 4135 panis.
987 4067 1225 4139 Exponit
1250 4066 1479 4122 modum
1498 4072 1555 4121 et
1582 4083 1710 4121 cau-
1790 4061 2008 4115 actione
2038 4078 2201 4132 posse
2233 4060 2336 4115 uti.
2375 4060 2482 4114 Sed
2514 4060 2632 4113 haec
2660 4059 2891 4114 libertas
2924 4058 2993 4113 ab
3035 4058 3222 4113 aliena
3253 4074 3389 4113 con-

138 4162 253 4215 sam,
275 4169 380 4223 quo
407 4160 467 4209 et
494 4170 608 4226 qua
645 4155 785 4208 calix
842 4155 1242 4210 benedictionis
1296 4162 1353 4209 et
1401 4156 1561 4226 panis
1607 4155 1766 4234 quiB
1790 4150 2025 4204 scientia
2068 4150 2405 4220 judicatura,
2471 4147 2926 4219 reprehensibilis
2959 4152 3016 4203 et
3066 4147 3389 4202 damnanda

137 4234 383 4310 frangitur
422 4246 570 4298 ﬂant
624 4243 914 4315 accipienti
946 4261 1075 4299 caro
1106 4251 1163 4299 et
1191 4244 1423 4314 sanguis
1472 4244 1699 4299 Christi.
1789 4238 2120 4302 ostenditur,
2181 4238 2403 4309 quando
2435 4237 2725 4292 occasione
2753 4237 2930 4308 ipsius
2959 4236 3277 4323 libertatisq
3292 4235 3392 4290 ali-

140 4321 227 4378 Per
250 4330 519 4386 unitatem
546 4331 697 4386 enim
727 4332 884 4403 panis
915 4338 973 4388 et
996 4334 1273 4387 unitatem
1289 4332 1705 4404 corporis,cha-
1788 4326 1924 4396 quid
1954 4326 2207 4387 facimus,
2246 4327 2415 4394 unde,
2450 4327 2700 4382 videntes
2728 4343 2850 4388 nos,
2884 4325 3098 4397 aliquid
3152 4321 3387 4397 impium

139 4410 333 4471 ritatem
361 4426 586 4491 oportet
606 4419 842 4491 intelligi
861 4462 875 4489 ,
909 4439 1031 4492 qua:
1050 4421 1097 4475 si
1118 4421 1281 4485 desit,
1298 4421 1576 4491 judicium
1599 4420 1706 4474 sibi
1789 4420 1845 4468 et
1875 4415 2206 4487 sacrilegum
2240 4416 2309 4470 de
2341 4416 2499 4471 nobis
2530 4415 2805 4488 suspicari
2836 4419 3133 4485 coguntur.

141 4514 342 4562 sumunt
367 4511 463 4579 qui
483 4516 735 4564 sumunt.
766 4511 989 4582 Typice,
1032 4512 1166 4565 dum
1220 4528 1363 4565 unus
1419 4512 1596 4581 paniS,
1649 4518 1707 4567 et
1857 4503 1947 4559 23.
1976 4505 2039 4560 Si
2069 4520 2159 4572 ego
2188 4521 2313 4558 cum
2341 4509 2548 4573 gratia.
2581 4505 2752 4569 Quasi
2784 4504 2997 4559 diceret
3028 4522 3039 4557 :
3067 4504 3135 4558 Et
3160 4501 3207 4557 si
3227 4501 3393 4557 liber-

142 4599 285 4644 unum
308 4610 528 4666 corpus.
562 4596 808 4650 Ecclesia
832 4597 1039 4651 dicitur
1067 4597 1293 4655 Christi.
1326 4614 1427 4667 pro
1461 4602 1517 4651 te
1556 4597 1706 4651 vide-
1789 4597 1905 4646 tate
1937 4594 2267 4648 Christianae
2298 4594 2602 4664 religionis,
2638 4610 2766 4649 cum
2812 4593 3130 4664 gratiarum
3174 4592 3393 4648 actione

144 4673 263 4745 licet,
294 4685 420 4753 quia
448 4685 596 4740 sicut
624 4702 770 4740 unus
814 4686 973 4757 panis
1030 4702 1095 4741 ex
1144 4686 1334 4741 multis
1388 4686 1599 4757 granis,
1652 4693 1707 4740 et
1788 4682 2124 4754 participare
2157 4699 2385 4754 possum
2428 4683 2597 4737 etiam
2656 4683 2820 4738 idolis
2863 4682 3175 4747 immolata,
3210 4680 3393 4737 sciens

145 4778 289 4823 unum
337 4789 536 4846 corpus
590 4775 857 4829 membris
894 4776 1279 4846 componitur;
1333 4776 1413 4829 sic
1468 4776 1713 4830 Ecclesia
1792 4772 2007 4826 idolum
2038 4771 2177 4826 nihil
2208 4788 2328 4826 esse
2359 4778 2415 4825 et
2448 4771 2607 4826 bonis
2647 4772 2920 4826 creaturis
2952 4772 3053 4826 Dei
3084 4771 3224 4826 nihil
3254 4771 3389 4826 mali

147 4851 321 4913 Christi
360 4879 424 4916 ex
459 4862 651 4917 multis
682 4863 956 4931 ﬁdelibus,
987 4863 1260 4918 charitate
1326 4869 1708 4918 connectente.
1795 4877 1860 4914 ex
1906 4861 2003 4915 illa
2032 4861 2416 4939 immolatione
2448 4861 2725 4926 accedere,
2772 4866 2830 4916 et
2867 4860 2981 4915 illis
3013 4865 3235 4916 tantum
3267 4876 3388 4915 esse

203 4944 274 5003 16.
315 4952 481 5008 Videte
518 4955 692 5008 Israel
738 4956 1038 5008 secundum
1086 4970 1331 5009 carnem.
1391 4954 1710 5009 Similitudo
1793 4956 2101 5025 peccatum,
2129 4951 2223 5022 qui
2243 4967 2344 5022 pro
2376 4950 2686 5005 reverentia
2715 4950 2890 5022 ipsius
2919 4950 3053 5005 idoli
3092 4951 3393 5005 comedunt

147 5036 230 5098 est,
249 5038 311 5092 ad
336 5039 764 5113 intelligendum
794 5043 941 5113 quod
962 5043 1220 5115 superius
1243 5043 1453 5097 dictum
1471 5049 1574 5105 est,
1592 5060 1710 5098 car-
1790 5043 1940 5097 idolo
1963 5041 2338 5095 immolatum.
2363 5040 2611 5095 Stultum
2627 5039 2778 5094 enim
2810 5046 2894 5095 est
2909 5057 3009 5111 pro
3034 5041 3157 5111 ipsa
3182 5038 3393 5109 gratia-

150 5135 264 5189 ηθτη,
289 5127 345 5182 id
367 5137 471 5195 est,
504 5130 748 5185 carnalis
775 5132 914 5202 legis
932 5138 1209 5204 praecepta
1227 5138 1561 5187 servantem.
1789 5150 1915 5188 rum
1948 5131 2166 5186 actione
2198 5130 2398 5184 cadere
2429 5131 2486 5184 in
2521 5129 2940 5201 blasphemiam,
2959 5135 3017 5183 et
3036 5126 3392 5199 vituperatio-

205 5210 274 5267 17.
296 5219 588 5289 Participes
609 5224 977 5275 suntaltaris.
1029 5222 1119 5276 Sic
1139 5222 1236 5293 qui
1267 5223 1441 5277 edunt
1481 5240 1707 5277 carnem
1790 5239 1916 5277 nem
1951 5220 2342 5293 imperitorum
2378 5220 2670 5275 hominum
2697 5219 3017 5291 putantium
3048 5234 3137 5271 me
3177 5216 3390 5271 idolum

151 5296 339 5373 Christi,
368 5314 424 5362 et
459 5309 797 5381 sanguinem
829 5311 951 5380 ejus
978 5310 1195 5376 bibunt,
1238 5311 1536 5383 participes
1589 5313 1708 5382 ejus
1791 5312 2002 5384 aliquid
2033 5327 2301 5382 magnum
2341 5310 2679 5375 existimare,
2697 5308 2961 5380 quoniam
2981 5323 3070 5360 me
3087 5304 3393 5360 videntim—

150 5396 271 5446 sum"
1790 5402 2083 5458 molatium
2110 5416 2237 5455 cum
2267 5400 2580 5471 gratiarum
2612 5397 2829 5452 actione
2858 5394 3170 5450 comedere.

206 5479 277 5535 18.
307 5487 387 5542 An
403 5489 741 5545 mulamur
752 5490 1053 5545 Dominum
1073 5491 1195 5546 ?Ad
1214 5490 1562 5547 iracundiam
1577 5510 1705 5565 pro-
1858 5491 1948 5549 24.
1983 5491 2226 5546 Ansaos.
2258 5487 2321 5544 Si
2349 5504 2440 5557 ego
2468 5503 2595 5542 eum
2619 5488 2833 5554 gratia.
2864 5484 2925 5540 Si
2945 5500 3048 5556 ego
3071 5483 3270 5555 gratia
3288 5483 3391 5540 Dei

151 5579 386 5643 νοοιωαε,
429 5577 743 5651 idolothyta
770 5578 1160 5649 comedentes;
1194 5580 1344 5652 quod
1378 5597 1491 5637 non
1520 5582 1699 5651 decet,
1784 5579 2159 5647 communico,
2191 5577 2324 5651 quia
2370 5577 2428 5633 in
2459 5575 2633 5649 ipsius
2657 5573 2885 5632 nomine
2912 5573 3040 5646 edo,
3074 5573 3211 5649 quid
3252 5590 3391 5648 opus
