3912 6374
571 319 573 322 ⁴
589 292 702 352 ’191
1587 302 1652 356 Β.
1692 297 2506 362 ΒΑΝΕἮΑΝΟΓΟΑΝΤΗΔΕ
2533 299 2871 358 τΑΒσιΗΕΡ.
3771 296 3874 357 192

600 436 730 474 σωκ
752 424 1085 492 blasphemia
1115 429 1386 483 comedere
1413 443 1528 482 non
1551 427 1790 489 debetis),
1823 423 1936 478 sive
1965 423 2172 489 bibitis,
2203 424 2316 478 sive
2345 425 2497 480 aliud
2522 425 2657 496 quid
2681 425 2883 494 tacitis,
2915 424 3005 483 25,
3039 425 3231 481 omnia
3259 425 3319 481 in
3339 426 3599 496 gloriam,
3634 425 3711 478 ad
3742 427 3875 478 lau-

602 510 725 563 dem
745 511 847 568 Dei
869 512 1054 580 facite,
1085 516 1262 582 facere
1291 518 1508 582 debetis,
1540 514 1630 573 26.
1663 515 1785 570 sine
1812 513 2136 580 offensione,
2163 514 2224 568 id
2251 520 2327 567 est
2348 517 2640 581 placentes,
2669 519 2848 570 estote
2879 517 3076 570 debetis
3104 531 3211 568 esse
3224 515 3448 579 Judaais,
3480 513 3570 568 27.
3593 517 3653 566 et
3676 512 3874 584 genti-

603 596 709 652 bus
745 598 834 656 28.
871 608 928 656 et
953 602 1210 659 Ecclesiis
1247 605 1368 671 Dei,
1401 605 1546 660 sicut
1570 611 1627 659 et
1654 621 1757 674 ego
1799 621 1900 675 per
1926 603 2114 658 omnia
2140 601 2401 659 omnibus
2439 602 2649 673 placeo,
2683 619 2795 658 non
2837 619 3092 674 quaerens
3121 603 3272 673 quod
3303 602 3441 656 mihi
3472 606 3698 656 tantum
3729 601 3875 656 utile

606 691 712 754 est,
753 688 852 742 sed
883 692 1031 761 quod
1055 699 1130 747 est
1159 696 1297 747 utile
1321 693 1531 758 multis,
1558 697 1624 747 ut
1651 691 1788 746 salvi
1817 693 1974 746 ﬁant.

2051 814 2286 870 CAPUT
2319 815 2419 869 XI.

679 957 822 1023 Ergo
850 959 985 1026 quia
1013 959 1159 1026 quod
1173 959 1319 1012 vobis
1339 964 1388 1012 et
1406 959 1601 1013 multis
1629 961 1767 1012 utile
1793 963 1870 1012 est
1894 973 2096 1026 quaero,
2114 957 2427 1012 imitatores
2440 957 2553 1012 mei
2573 959 2923 1024 estote,sicut
2943 963 3000 1014 et
3018 976 3120 1030 ego
3138 957 3366 1014 Christi.
3395 957 3438 1013 ι.
3458 956 3650 1012 Laudo
3671 959 3875 1010 autem

605 1060 719 1108 vos,
739 1044 942 1099 fratres
961 1047 1170 1112 (ironia
1193 1051 1272 1100 vel
1282 1049 1425 1100 serio
1441 1063 1506 1100 ea:
1521 1050 1718 1114 parte).
1747 1047 1895 1118 quod
1923 1063 2023 1117 per
2040 1047 2232 1101 omnia
2257 1047 2367 1102 mei
2397 1063 2676 1102 memores
2695 1050 2846 1112 estis,
2883 1054 2940 1102 et
2968 1048 3112 1102 sicut
3139 1048 3343 1102 tradidi
3373 1046 3549 1108 vobis,
3584 1049 3878 1116 praecepta

603 1147 728 1185 mea
745 1133 969 1187 tenetis.
1000 1134 1138 1188 Volo
1165 1139 1353 1188 autem
1371 1151 1465 1188 vos
1481 1134 1622 1189 scire
1640 1136 1788 1206 quod
1800 1135 1983 1189 omnis
2007 1135 2110 1189 viri
2127 1135 2182 1191 ‘2.
2211 1142 2381 1208 caput
2405 1135 2660 1192 Christus
2678 1143 2789 1204 est;
2822 1143 2993 1209 caput
3012 1144 3199 1192 autem
3215 1136 3484 1202 mulieris,
3519 1135 3602 1188 vir
3639 1153 3652 1199 ;
3696 1136 3877 1203 caput

601 1237 730 1274 vero
761 1222 986 1288 Christi,
1018 1224 1167 1278 Deus
1185 1223 1237 1287 3,
1269 1222 1322 1279 4.
1349 1224 1545 1280 Omnis
1573 1224 1656 1279 vir
1685 1241 1852 1279 orans
1881 1230 1980 1279 aut
2008 1227 2212 1293 futura
2240 1225 2582 1296 prophetans
2613 1227 2794 1281 velato
2826 1227 3027 1296 capite,
3059 1227 3120 1285 5.
3158 1227 3422 1296 deturpat
3469 1229 3638 1294 caput
3675 1239 3853 1277 suum

563 1337 566 1340 '
600 1313 796 1373 Omnis
823 1318 1016 1368 autem
1046 1311 1250 1367 mulier
1276 1329 1444 1367 orans
1472 1319 1572 1368 aut
1599 1314 1940 1384 prophetans
1966 1329 2080 1368 non
2099 1313 2282 1368 velato
2317 1314 2518 1385 capite,
2548 1314 2812 1385 deturpat
2854 1314 3069 1388 [caput]
3123 1331 3323 1380 suum;
3365 1329 3540 1368 unum
3572 1311 3731 1366 enim
3766 1316 3879 1374 est,

595 1409 726 1470 ﬁs
746 1420 906 1458 orare
931 1419 1044 1457 non
1071 1405 1243 1456 velato
1257 1405 1452 1470 capite,
1483 1418 1549 1456 ac
1577 1401 1625 1455 si
1639 1402 1959 1456 deealvetur
1981 1403 2064 1468 (ab
2082 1405 2359 1456 anteriori
2374 1409 2532 1470 parte
2553 1406 2780 1471 capillos
2803 1406 2872 1457 ab
2896 1407 3133 1458 invicem
3153 1407 3392 1472 separat,
3419 1418 3544 1456 cum
3565 1406 3738 1468 caput
3764 1415 3880 1452 non

597 1496 842 1546 velatum
872 1492 1069 1559 habet).
1098 1490 1241 1543 Nam
1271 1489 1320 1542 si
1339 1505 1454 1543 non
1482 1490 1698 1545 velatur
1716 1490 1936 1554 mulier,
1956 1489 2276 1554 tondeatur,
2292 1495 2410 1554 aut,
2432 1493 2639 1560 inquit,
2661 1492 2839 1550 velari
2855 1493 3002 1546 debet
3027 1497 3126 1546 aut
3147 1493 3364 1546 tonderi
3383 1509 3398 1554 ;
3419 1506 3528 1544 non
3547 1495 3743 1542 autem
3756 1489 3878 1541 hoc»

599 1581 751 1634 illud
777 1581 974 1647 igitur.
1009 1577 1069 1632 Si
1097 1593 1226 1632 vero
1257 1581 1424 1649 turpe
1435 1583 1524 1632 est
1544 1579 1765 1633 mulieri
1779 1577 2000 1632 tonderi
2016 1582 2117 1631 aut
2139 1577 2435 1645 decalvari,
2454 1577 2602 1634 velet
2613 1584 2799 1650 caput.
2822 1579 2923 1633 Vir
2936 1579 3163 1650 quidem
3182 1595 3294 1634 non
3311 1577 3479 1632 debet
3494 1577 3681 1631 velare
3698 1580 3882 1648 caput

601 1683 786 1734 suum,
815 1666 1082 1738 quoniam
1098 1666 1149 1732 6,
1170 1665 1220 1718 7.
1254 1666 1441 1737 imago
1473 1671 1531 1721 et
1556 1667 1737 1736 gloria
1756 1667 1858 1721 Dei
1889 1667 2204 1730 est,mulier
2230 1672 2420 1722 autem
2447 1668 2630 1738 gloria
2647 1668 2753 1722 viri
2781 1673 2884 1724 est.
2917 1671 3177 1724 Removet.
3215 1669 3341 1723 Non
3367 1667 3516 1722 enim
3554 1666 3664 1732 vir,
3706 1667 3772 1718 id
3805 1672 3882 1718 cst

600 1759 800 1822 Adam,
832 1773 900 1810 ex
929 1755 1184 1821 muliere,
1219 1758 1280 1809 id
1301 1761 1395 1820 est,
1427 1757 1540 1810 Eva
1568 1762 1670 1820 est,
1707 1756 1806 1811 sed
1831 1756 2035 1810 mulier
2062 1773 2128 1810 ex
2153 1755 2269 1810 viro
2303 1758 2359 1825 (a
2388 1761 2532 1822 toto),
2569 1760 2845 1810 aliaratio
2873 1759 3138 1826 quomodo
3171 1761 3378 1811 mulier
3398 1759 3580 1824 gloria
3620 1760 3703 1808 est
3733 1758 3878 1809 viri.

602 1845 823 1900 Etenim
857 1859 967 1898 non
996 1849 1083 1898 est
1110 1848 1331 1898 creatus
1353 1844 1439 1898 vir
1468 1849 1696 1914 propter
1726 1844 2018 1898 mulierem
2053 1846 2344 1912 (removet),
2371 1844 2469 1898 sed
2487 1843 2540 1898 8.
2571 1845 2773 1900 mulier
2785 1852 3014 1916 propter
3028 1847 3230 1901 virum.
3249 1845 3381 1900 Ideo
3395 1843 3562 1898 debet
3576 1840 3627 1899 9.
3657 1843 3882 1898 mulier

601 1939 938 2007 potestatem
969 1933 1176 1987 habere
1206 1949 1378 2004 supra
1403 1938 1574 2004 caput
1599 1949 1784 1987 suum.
1817 1931 1906 1989 10.
1932 1934 2168 2004 Propter
2193 1933 2441 2003 angelos,
2468 1935 2867 2001 praedicatores,
2899 1937 2980 1988 vel
3004 1935 3334 2001 angelorum
3359 1936 3744 2002 praesentiam.
3791 1931 3878 1987 ll.

597 2023 1001 2078 Verumtamen
1030 2038 1210 2093 neque
1234 2021 1318 2074 vir
1345 2021 1465 2075 sine
1495 2021 1748 2086 muliere,
1788 2037 1970 2090 neque
2007 2021 2212 2075 mulier
2241 2022 2363 2075 sine
2391 2021 2531 2086 viro,
2562 2022 2621 2076 in
2657 2021 2914 2088 Domino,
2947 2023 3006 2074 id
3038 2026 3135 2086 est,
3169 2024 3233 2076 in
3261 2023 3489 2076 Domini
3530 2021 3878 2088 operatione.

594 2112 742 2167 Nam
783 2111 931 2166 sicut
953 2110 1156 2164 mulier
1177 2110 1248 2163 de
1278 2110 1416 2176 viro,
1438 2109 1520 2163 ita
1541 2111 1766 2163 ethodie
1778 2109 1968 2180 virper
1981 2109 2309 2176 mulierem;
2345 2109 2428 2165 l2.
2461 2110 2652 2164 omnia
2666 2115 2875 2174 autem,
2893 2116 2941 2166 et
2955 2113 3062 2174 vir,
3080 2115 3129 2164 et
3141 2112 3346 2164 mulier
3365 2126 3434 2164 ex
3463 2108 3598 2163 Deo.
3626 2107 3750 2161 Vos
3771 2107 3882 2177 ipsi

575 2201 842 2274 judicate
870 2219 883 2268 ;
918 2201 1079 2255 decet
1097 2199 1394 2255 mulierem
1413 2215 1528 2254 non
1555 2199 1794 2254 velatam
1821 2201 1996 2267 capite
2029 2213 2190 2252 orare
2217 2198 2443 2252 Deum?
2500 2199 2617 2253 Nec
2646 2199 2770 2270 ipsa
2808 2203 3030 2266 natura,
3062 2201 3348 2256 naturalis
3379 2201 3554 2262 ratio,
3579 2195 3754 2250 docet
3782 2211 3884 2261 vos

1946 2337 2542 2395 COMMENTARIUS.

597 2486 686 2540 est
711 2484 828 2538 haec
854 2481 1118 2536 arbitrari
1142 2480 1388 2552 aliquem
1419 2479 1552 2552 quia
1594 2495 1697 2550 ego
1754 2479 1903 2534 idolo
1957 2479 2188 2534 devotus
2199 2483 2446 2547 Agloria
2471 2484 2545 2532 est
2578 2481 2688 2535 Dei.
2723 2479 2903 2534 Credo
2928 2479 3067 2534 illud
3097 2494 3222 2534 esse
3267 2478 3327 2533 in
3370 2483 3576 2533 natura
3601 2477 3884 2535 humanae

599 2573 727 2638 sim,
761 2573 894 2626 dum
929 2587 1041 2625 non
1077 2571 1278 2625 horreo
1305 2587 1428 2642 quae
1451 2569 1633 2624 oblata
1665 2573 1798 2623 sunt
1827 2567 2012 2622 idolo?
2270 2569 2474 2622 mentis
2529 2568 2820 2622 mulierem
2875 2585 3004 2623 cum
3050 2568 3168 2622 viro
3225 2584 3346 2631 suo,
3406 2567 3716 2638 imaginem
3777 2569 3886 2623 Dei

668 2658 758 2717 25.
794 2660 996 2716 Omnia
1043 2663 1106 2713 in
1160 2661 1343 2726 gloria
1386 2661 1496 2713 Dei.
1559 2658 1624 2712 In
1649 2656 1832 2726 gloria
1853 2656 1951 2710 Dei
1979 2655 2187 2727 aliquid
2273 2671 2412 2720 esse,
2437 2655 2664 2728 [ad.,ut
2683 2655 3022 2729 una]imago
3040 2655 3883 2712 sittotaillasubstantia.Cum

599 2750 684 2815 fit,
716 2765 843 2803 cum
875 2749 934 2802 in
963 2746 1177 2802 actibus
1195 2753 1253 2802 et
1276 2747 1694 2802 conversatione
1710 2745 2015 2800 Christiani
2043 2745 2193 2798 Deus
2273 2752 2460 2799 autem
2475 2745 2545 2799 ad
2558 2745 2898 2814 adjutorium
2911 2745 3439 2816 distribuitur,quod
3456 2745 3527 2800 ad
3538 2761 3662 2799 eam
3688 2747 3884 2800 solam

599 2837 882 2894 laudatur.
2273 2835 2495 2899 attinet,
2529 2850 2640 2888 non
2681 2839 2769 2888 est
2798 2834 2984 2904 imago
3014 2834 3134 2888 Dei.
3168 2834 3328 2898 Quod
3359 2840 3547 2888 autem
3578 2833 3649 2887 ad
3683 2835 3886 2889 virum

669 2923 758 2981 26.
791 2925 921 2981 Sine
958 2927 1265 2992 offensione.
1301 2923 1546 2978 Oﬂ'ensio
1577 2921 1782 2977 Iudaeis
1811 2922 1892 2985 ﬁt,
1922 2937 2049 2974 cum
2070 2920 2193 2975 ido-
2274 2923 2454 2976 solum
2489 2923 2708 2987 attinet,
2743 2922 2929 2992 imago
2956 2922 3054 2975 Dei
3087 2926 3192 2985 est,
3213 2927 3330 2975 tam
3346 2922 3510 2992 plena
3529 2926 3704 2992 atque
3736 2922 3887 2977 inte-

557 3021 559 3024 ‘
599 3015 673 3081 la,
704 3030 829 3086 quae
855 3013 938 3067 illi
958 3012 1369 3076 abominantur,
1395 3011 1764 3077 Christianos,
1793 3010 1889 3081 qui
1917 3011 2096 3079 legem
2137 3014 2195 3063 et
2273 3027 2376 3081 gra
2397 3016 2462 3064 ut
2480 3011 2603 3080 [ειη
2635 3011 2823 3082 quam]
2847 3010 2902 3063 in
2934 3026 3110 3064 unum
3137 3011 3432 3080 conjuncta
3459 3009 3730 3066 muliere.

599 3102 902 3174 prophetas
930 3101 1228 3172 accipiunt,
1261 3101 1451 3155 vident
1471 3116 1582 3154 non
1612 3100 1859 3153 horrere.
2345 3099 2395 3152 7.
2431 3100 2635 3155 LAM‘R.
2671 3102 2858 3166 Imago
2889 3102 3001 3165 Dei,
3055 3104 3160 3152 etc;
3209 3099 3306 3152 Vir
3357 3098 3752 3169 principaliter
3810 3101 3884 3154 ad

671 3189 760 3246 27.
792 3191 860 3244 Et
885 3191 1154 3258 gentibus.
1207 3189 1416 3243 Graecis
1445 3205 1593 3246 vero.
1638 3187 1694 3241 id
1739 3192 1824 3241 est
1864 3185 2189 3257 gentilibus,
2272 3187 2577 3258 imaginem
2606 3187 2709 3241 Dei
2741 3193 2962 3241 creatus
2994 3191 3097 3240 est.
3139 3187 3341 3241 Mulier
3372 3205 3402 3241 e
3440 3193 3593 3241 costa
3624 3186 3740 3241 viri
3773 3206 3886 3259 .po-

600 3278 719 3332 haec
747 3282 834 3332 est
887 3276 1140 3340 offensio,
1184 3276 1231 3330 si
1262 3277 1320 3330 in
1353 3292 1418 3330 eo
1455 3275 1513 3329 in
1542 3292 1651 3347 quo
1684 3281 1835 3340 sunt,
1864 3292 1978 3329 non
2007 3275 2189 3328 solum
2273 3281 2394 3330 stea
2416 3276 2657 3329 formata
2677 3280 2794 3342 est;
2825 3280 2994 3346 atque
3013 3274 3097 3328 vir
3122 3273 3537 3346 discoopertum
3563 3281 3748 3345 caput
3780 3276 3886 3331 de-

599 3381 714 3421 non
743 3371 1072 3436 arguantur,
1102 3365 1201 3418 sed
1241 3369 1298 3418 et
1326 3364 1698 3435 promptiores
1718 3365 1874 3429 ﬁant,
1918 3364 2054 3417 dum
2079 3379 2191 3416 non
2272 3364 2366 3418 bet
2395 3364 2620 3418 habere.

600 3453 780 3508 vitant
810 3459 934 3508 vota
970 3452 1267 3508 idolorum.
2341 3451 2392 3508 8.
2429 3455 2646 3507 Mulier.
2676 3453 2770 3506 Est
2792 3457 2847 3506 et
2875 3450 3078 3504 mulier
3111 3451 3294 3522 gloria
3319 3450 3439 3515 Dei,
3494 3465 3528 3504 a
3576 3466 3685 3520 quo
3717 3458 3784 3506 et
3813 3455 3889 3508 ad

671 3539 760 3599 28.
797 3543 1046 3597 Ecclesiis
1080 3543 1190 3596 Dei.
1234 3541 1494 3596 Ecclesia)
1523 3539 1625 3594 Dei
1669 3539 1733 3592 fit
1773 3537 2186 3603 offendiculum,
2274 3559 2438 3613 quem
2476 3541 2906 3612 gloriﬁcandum
2935 3545 3124 3594 creata
3155 3546 3259 3607 est,
3290 3540 3390 3594 sed
3418 3544 3474 3593 et
3505 3539 3760 3594 secundo
3797 3543 3887 3596 lo-

602 3631 826 3702 quando
848 3630 1118 3702 quosdam
1143 3646 1208 3685 ex
1234 3646 1469 3685 numero
1497 3645 1599 3683 suo
1638 3627 1787 3681 videt
1817 3626 1904 3680 his
1934 3642 2055 3697 qua:
2081 3626 2191 3681 ini-
2273 3647 2339 3685 co
2363 3650 2375 3696 ;
2412 3629 2795 3702 principaliter
2813 3629 2963 3682 enim
2995 3629 3093 3681 vir.

601 3719 745 3774 mica
765 3725 898 3775 sunt
921 3720 1037 3774 Deo
1067 3719 1368 3774 adhaerere.
2211 3723 2255 3780 Β
2343 3717 2393 3774 9.
2432 3721 2679 3772 AMBROS.
2716 3718 2917 3770 Mulier
2942 3721 3256 3784 potestatem
3286 3715 3495 3768 habere.
3532 3717 3635 3767 etc.
3668 3715 3893 3774 Mulier

673 3809 828 3864 CAP.
862 3810 958 3864 XI.
991 3834 1050 3851 -ο
1085 3811 1133 3863 1.
1163 3811 1406 3864 Aueaos.
1445 3807 1624 3860 Laudo
1653 3820 1760 3858 vos.
1801 3804 1927 3858 Non
1947 3803 2052 3858 hoc
2067 3821 2194 3859 con-
2274 3807 2333 3860 in
2365 3806 2616 3870 ecclesia,
2666 3810 2894 3876 pr0pter
2923 3804 3294 3858 reverentiam
3331 3801 3729 3873 episcopalem,
3768 3823 3893 3862 non

597 3899 805 3965 ﬁrmat,
839 3898 938 3954 sed
967 3903 1257 3953 succenset
1300 3897 1412 3964 eis;
1459 3894 1591 3967 quia
1619 3911 1746 3949 cum
1778 3904 1926 3953 esset
1961 3897 2194 3965 Aposto-
2273 3894 2478 3949 habeat
2505 3899 2675 3965 caput
2707 3893 2964 3957 liberum,
3010 3893 3108 3947 sed
3157 3891 3434 3946 velamine
3482 3897 3732 3956 tectum;
3782 3913 3895 3950 nec

596 3988 685 4043 lus
707 4004 921 4054 eorum,
952 3987 1312 4041 immemores
1326 3992 1488 4040 erant
1515 3987 1883 4042 traditionum
1911 3989 2048 4057 ejus.
2273 3984 2479 4037 habeat
2500 3987 2833 4054 potestatem
2862 3981 3148 4052 loquendi,
3185 3980 3315 4052 quia
3349 3980 3643 4050 episc0pus
3675 3998 3893 4051 perso-

667 4074 721 4128 2.
757 4077 930 4144 Caput
951 4092 1075 4130 vero
1114 4076 1340 4131 Christi.
1372 4074 1550 4128 Aliter
1597 4083 1762 4146 caput
1806 4077 1910 4130 viri
1936 4076 2192 4130 Christus
2273 4089 2403 4126 nam
2435 4072 2644 4145 Christi
2683 4070 2870 4125 habet.
2913 4069 3084 4134 Quasi
3136 4086 3268 4140 ergo
3318 4075 3449 4122 ante
3485 4069 3761 4138 judicem,
3803 4074 3892 4126 sic

600 4169 716 4232 est;
750 4169 806 4218 et
824 4164 990 4218 aliter
1036 4165 1120 4218 vir
1147 4163 1399 4218 mulieris
1433 4182 1444 4230 ;
1488 4169 1544 4216 et
1575 4163 1740 4217 aliter
1779 4166 1926 4219 Deus
1958 4164 2186 4220 Christi.
2274 4177 2407 4231 ergo
2436 4166 2568 4215 ante
2597 4160 2939 4231 episcopum,
2975 4159 3070 4228 qui
3101 4163 3184 4212 est
3219 4157 3454 4211 vicarius
3486 4157 3610 4226 Dei,
3636 4166 3892 4230 propter

596 4251 750 4309 Deus
781 4253 1009 4317 Christi,
1047 4253 1178 4323 quia
1203 4251 1272 4305 ab
1304 4253 1424 4322 ipso
1443 4251 1668 4322 genitus
1681 4259 1782 4307 est.
1808 4253 2056 4308 Mulieris
2085 4253 2187 4318 vir,
2273 4255 2463 4304 reatus
2495 4249 2768 4319 originem
2800 4247 3048 4318 subjecta
3077 4245 3243 4302 debet
3271 4247 3464 4300 videri.

599 4341 732 4414 quia
758 4357 821 4395 ex
848 4342 970 4412 ejus
1000 4347 1171 4406 costa,
1205 4339 1306 4393 Dei
1349 4339 1554 4392 virtute
1598 4340 1839 4394 formata
1869 4346 1970 4395 est.
2033 4341 2192 4395 Chri-
2349 4336 2431 4395 10.
2466 4339 2677 4394 Lmen.
2705 4340 2932 4405 Propter
2983 4340 3221 4402 angelos.
3272 4335 3513 4405 Angelos
3542 4339 3705 4388 vocat
3734 4354 3891 4407 prae-

2271 4425 2670 4497 dicatores,qui
2691 4426 2749 4480 in
2766 4425 2952 4480 altiori
2969 4426 3088 4478 loco
3103 4423 3504 4489 consistebant,
3524 4440 3652 4477 cum
3674 4428 3892 4495 praedi-

2269 4520 2480 4581 carent,
2527 4521 2755 4587 propter
2807 4515 2908 4568 hos
2958 4513 3094 4567 dicit
3147 4513 3410 4566 mulieres
3461 4513 3648 4566 velare
3702 4521 3894 4585 caput

597 4435 718 4489 stus
753 4430 876 4495 viri,
911 4428 1043 4500 quia
1074 4445 1174 4500 per
1212 4429 1399 4499 ipsum
1435 4433 1656 4483 creatus
1687 4435 1788 4485 est.

581 4517 585 4520 ’
669 4515 720 4577 3.
752 4521 942 4574 Omnis
968 4521 1059 4572 vir
1078 4534 1264 4574 orans.
1299 4517 1473 4572 Orare
1525 4518 1662 4572 dicit
1710 4518 2021 4590 deprecari,
2065 4534 2191 4589 pro-

592 4609 840 4682 phetare,
880 4608 1182 4664 adventum
1214 4607 1434 4662 Domini
1458 4608 1595 4674 fore,
1629 4622 1757 4662 voce
1787 4606 2024 4678 symboli
2062 4611 2190 4678 post

595 4699 906 4754 orationem
937 4696 1113 4752 effari.

661 4783 714 4844 4.
749 4788 963 4844 Lara.
1009 4787 1199 4843 Omnis
1236 4789 1326 4840 vir
1355 4801 1542 4849 orans,
1577 4791 1682 4840 etc.
1717 4783 1942 4839 Transit
1986 4783 2058 4836 ad
2084 4783 2188 4837 hoc

592 4877 990 4944 removendum
1038 4876 1186 4948 quod
1230 4875 1379 4947 apud
1407 4875 1726 4931 Corinthios
1757 4873 1860 4926 viri
1893 4873 2092 4937 velato,
2128 4877 2185 4925 et

518 4969 522 4978 '
589 4966 855 5022 mulieres
883 4965 1122 5021 orabant
1147 4965 1204 5020 in
1232 4965 1463 5020 ecclesia
1489 4963 1670 5035 capite
1695 4979 1808 5016 non
1828 4962 2031 5027 velato,
2064 4966 2186 5015 tan-

552 5061 556 5066 ’
590 5073 758 5130 quam
803 5055 1066 5110 mulieres
1098 5055 1229 5110 viris
1280 5071 1392 5109 non
1426 5053 1667 5107 debeant
1691 5049 1873 5104 subdi.
1903 5050 2050 5114 Quia
2077 5049 2184 5104 illm

2269 4621 2434 4660 suum
2461 4623 2473 4671 ;
2508 4604 2640 4676 quia
2669 4602 2878 4674 sparsis
2903 4601 3150 4656 crinibus
3187 4601 3406 4655 facilius
3434 4600 3776 4672 aspicientes
3809 4605 3889 4658 ad

2267 4694 2549 4750 luxuriam
2577 4693 2889 4747 irritarent.

2343 4783 2428 4840 11.
2474 4786 2874 4838 Verumtamen.
2921 4778 3186 4845 Quamvis
3216 4777 3430 4851 primus
3454 4777 3621 4831 homo
3647 4792 3770 4832 non
3810 4781 3896 4834 sit

2265 4892 2327 4929 ex
2362 4874 2618 4942 muliere,
2647 4871 2744 4926 sed
2773 4871 2977 4925 mulier
3001 4886 3068 4924 ex
3089 4870 3210 4940 ipso
3246 4882 3256 4915 ε
3291 4868 3350 4921 in
3387 4865 3758 4936 subsequenti
3789 4875 3891 4924 ta-

2266 4980 2396 5018 men
2435 4961 2838 5034 procreatione,
2868 4975 2979 5014 non
2996 4964 3082 5013 est
3117 4958 3242 5012 hoc.
3272 4955 3468 5011 Omnis
3489 4955 3638 5009 enim
3660 4955 3752 5009 vir
3782 4975 3894 5028 po-

2267 5059 2388 5107 stea
2417 5057 2741 5122 procreatus
2767 5055 2852 5104 est
2883 5065 2946 5102 ex
2975 5048 3226 5111 muliere,
3263 5052 3320 5100 et
3348 5044 3550 5099 mulier
3606 5060 3674 5097 ex
3730 5045 3888 5101 viro.

585 5146 750 5203 subdi
781 5145 1003 5211 debent,
1035 5150 1092 5200 et
1115 5144 1217 5199 viri
1242 5161 1355 5199 non
1386 5144 1586 5208 velato,
1610 5147 1666 5195 et
1691 5140 1954 5194 mulieres
1978 5138 2242 5218 debentc
2268 5142 2332 5195 In
2361 5142 2599 5195 Domino
2629 5143 2819 5193 autem
2849 5137 3148 5209 procreati,
3171 5136 3228 5190 id
3257 5141 3339 5189 est
3363 5135 3420 5188 in
3453 5132 3744 5188 creatione
3771 5135 3895 5191 Do-

587 5253 750 5292 orare
781 5235 960 5290 velato
983 5235 1182 5306 capite.
2267 5230 2406 5284 mini
2436 5229 2495 5283 in
2527 5246 2638 5300 qua
2668 5229 2812 5282 alter
2836 5228 2956 5281 sine
2985 5227 3164 5280 altero
3193 5241 3305 5278 non
3338 5228 3581 5277 creatur.

657 5325 708 5384 5.
743 5328 1009 5393 Deturpat
1039 5330 1201 5394 caput
1218 5339 1404 5378 suum.
1425 5318 1845 5390 Mulierinquit,
1875 5317 2040 5372 debet
2057 5334 2180 5373 ora-
2338 5317 2424 5375 12.
2456 5319 2704 5372 Auaaos.
2750 5317 2952 5370 Omnia
2989 5320 3171 5370 autem
3199 5330 3263 5366 ea;
3285 5315 3409 5367 Deo.
3444 5312 3518 5366 Ut
3540 5325 3725 5381 neque
3755 5329 3895 5369 mu-

585 5433 648 5475 re
674 5417 854 5471 velato
876 5415 1087 5489 capite;
1125 5416 1288 5470 aliter
1308 5412 1456 5467 enim
1476 5411 1740 5482 deturpat
1765 5409 1978 5483 [caput]
1994 5426 2178 5478 suum,
2235 5453 2240 5458 .
2264 5407 2369 5463 lier
2396 5406 2755 5476 subiectionis
2811 5421 2925 5460 suae
2957 5420 3125 5459 causa
3153 5402 3537 5466 contristatur,
3568 5415 3758 5470 neque
3795 5404 3894 5458 vir

585 5523 690 5580 par
716 5499 865 5564 enim
887 5506 1026 5565 facit
1055 5521 1120 5566 ac
1157 5505 1206 5560 'si
1234 5499 1578 5559 decal‘vetur.
1808 5572 1811 5576 .
2243 5497 2543 5555 excitatus
2565 5495 2900 5570 superbiret.

554 5589 582 5619 ’¹
655 5588 983 5656 6.’”Λυῡυετ.
1007 5597 1139 5670 ’(ιίὺ.
1168 5597 1242 5651 ιίΙ
1290 5593 1362 5650 De
1401 5593 1618 5659 'Trin.,"
1648 5597 1785 5662 cap.
1829 5587 1882 5660 7)
1906 5591 2104 5659 ‘Imago
2133 5595 2182 5643 et
