3912 6364
100 334 176 388 193
773 337 849 391 ΙΝ
887 337 952 390 D.
993 335 1207 392 PAULI
1245 327 1476 390 EPIST.
1509 327 1882 391 OOMMEN-T.
1925 365 1989 380 —-
2032 332 2317 393 EPIST..I
2358 336 2453 390 AD
2491 335 2654 392 COR.
3223 339 3328 395 194

94 474 188 512 eam
213 471 366 512 mre
397 473 514 512 non
546 459 900 531 vetata,quod
919 459 1005 514 vir
1026 459 1251 531 quidem
1283 458 1330 513 si
1342 471 1558 513 comam
1583 459 1817 523 nutriat,
1834 457 2146 527 ignominia
2165 462 2252 512 est
2271 457 2386 522 illi;
2423 456 2626 512 mulier
2643 472 2772 511 vero
2797 459 2846 512 si
2877 473 3094 512 comam
3116 460 3330 516 nutriat

92 546 240 616 gloria
265 545 481 612 estilli;
516 551 723 616 (causa)
754 551 1019 620 quoniam
1046 549 1232 619 capilli
1265 565 1365 618 pro
1389 548 1667 602 Velamina
1687 547 1736 602 ei
1761 548 1878 602 dati
1900 547 2070 601 sunt?
2091 546 2139 599 si
2160 546 2286 617 quis
2309 552 2500 601 autem
2522 547 3136 602 videturcontentiosus
3154 564 3278 603 esse
3310 568 3321 603 :

97 640 272 700 {contra
292 636 417 699 hac,
438 637 526 689 vel
551 639 670 690 alia
689 654 812 691 mea
827 640 975 692 dicta
996 639 1266 703 dicemus,
1291 640 1494 690 scilicet
1507 651 1602 688 nos
1625 651 1736 689 non
1749 637 2012 689 habemus
2031 640 2354 688 consuetum
2381 636 2642 688 mulieres
2670 651 2781 688 non
2803 639 2982 690 celare
3006 636 3194 705 caput)
3223 653 3326 693 nos

94 727 232 776 talem
260 723 732 778 consuetudinem
757 742 867 779 non
895 725 1186 789 habemus,
1216 741 1396 796 neque
1423 723 1668 778 Ecclesia
1681 723 2035 779 Dei.l3.Hoc
2050 729 2240 777 autem
2264 723 2524 794 praecipio
2545 725 2632 786 (ut
2653 740 2808 777 nemo
2836 727 2908 777 sit
2933 727 3325 791 contentiosus,

96 815 156 864 vel
181 816 232 862 ut
262 813 411 864 nulli
438 815 623 865 velent
651 815 876 881 capita);
902 828 1015 869 non
1044 812 1282 868 laudans
1301 811 1450 882 quod
1482 827 1594 865 non
1624 810 1683 864 in
1709 811 1927 871 melius,
1953 813 2013 865 id
2040 819 2135 874 est,
2165 813 2388 876 bonum,
2421 812 2517 866 sed
2550 811 2608 866 in
2629 811 2897 872 deterius.
2918 814 2980 866 id
2999 818 3092 878 est,
3112 816 3331 867 malum

94 900 382 964 convenitis,
401 900 484 954 ad
505 917 878 956 commemora
903 905 1084 956 ionem
1105 902 1406 957 Dominicae
1430 915 1604 955 caena.
1627 900 1880 954 Primum
1903 903 2053 954 enim
2073 901 2193 953 dico
2208 903 2341 968 quia
2358 899 2583 970 quidem
2611 899 3068 954 convenientibus
3097 900 3250 956 vobis
3270 901 3329 956 in

95 989 378 1053 Eoclesiam,
413 989 593 1043 audio
623 989 895 1044 scissuras
924 989 1073 1043 inter
1091 991 1389 1055 vos(Pauli
1411 991 1562 1042 enim
1583 1001 1681 1055 per
1708 1003 1780 1050 se,
1801 989 1945 1040 Petri
1956 1001 2055 1055 per
2073 1003 2128 1040 sc
2152 987 2419 1054 discipuli
2428 988 2719 1041 sanabant
2737 989 3096 1055 dedignantes
3113 991 3328 1044 alteru-

96 1084 235 1144 trum)
253 1093 371 1131 esse
401 1083 463 1131 et
485 1094 558 1130 ex
589 1083 749 1147 parte
777 1079 943 1132 credo
974 1093 1082 1131 esse
1112 1080 1400 1130 scissuras.
1423 1076 1570 1129 Nam
1584 1075 1877 1142 Scriptura
1893 1076 2056 1128 dicit:
2084 1075 2320 1144 Oportet
2343 1079 2400 1127 et
2422 1074 2662 1128 haereses
2673 1091 2815 1140 esse,
2832 1080 2897 1129 ut
2915 1081 2971 1130 et
2991 1077 3086 1146 qui
3108 1076 3330 1147 probati

93 1172 212 1226 sunt,
227 1165 512 1219 manifesti
540 1166 680 1220 ﬁant
703 1165 761 1220 in
779 1165 949 1220 vobis.
978 1169 1112 1230 σο
1143 1162 1226 1228 14,
1267 1164 1343 1220 15.
1365 1162 1838 1218 Convenientibus
1868 1180 2000 1233 ergo
2023 1163 2175 1216 vobis
2197 1161 2255 1216 in
2278 1178 2474 1229 unum,
2481 1163 2599 1232 jam
2620 1178 2734 1216 non
2762 1170 2848 1217 est
2873 1159 2953 1219 16.
2979 1164 3330 1220 Dominicam

93 1269 272 1307 canam
301 1253 675 1319 manducare,
693 1270 806 1307 non
834 1258 909 1307 est
929 1256 1079 1308 enim
1112 1254 1446 1317 communis,
1462 1256 1523 1304 ut
1551 1253 1845 1306 Dominica
1879 1267 2029 1306 caena
2047 1247 2282 1318 fuit.l7.
2317 1251 2715 1322 Unusquisque
2744 1252 2896 1306 enim
2915 1268 3076 1308 suam
3103 1269 3328 1310 ccenam

94 1342 368 1410 praesumit,
389 1345 695 1411 anticipat,
720 1359 832 1396 non
849 1349 1158 1410 exspectans
1183 1343 1345 1400 alios,
1373 1339 1444 1393 ad
1473 1340 1948 1394 manducandum.
1982 1339 2052 1393 Et
2073 1340 2220 1394 alius
2240 1339 2467 1410 quidem
2496 1355 2709 1408 pauper
2737 1341 2931 1405 esurit,
2963 1341 3108 1396 alius
3136 1348 3327 1398 autem

94 1433 209 1485 dim
235 1431 420 1486 ebrius
442 1438 555 1486 est.
577 1432 844 1502 Nunquid
858 1432 1052 1486 domos
1071 1447 1183 1486 non
1206 1429 1425 1484 habetis
1454 1428 1522 1482 ad
1551 1429 2005 1484 manducandum
2027 1435 2085 1483 et
2103 1429 2404 1482 bibendum
2425 1427 2450 1480 ’l
2469 1433 2571 1482 aut
2593 1428 2883 1484 ecclesiam
2906 1429 3008 1483 Dei
3023 1430 3331 1485 contemni-

95 1522 151 1573 tis
169 1521 355 1590 [satius
384 1524 546 1575 enim
579 1527 714 1576 esset
742 1523 896 1575 domi
925 1523 1200 1576 comedere
1225 1536 1396 1588 quam
1428 1523 1493 1573 in
1521 1519 1740 1572 ecclesia
1768 1523 1897 1572 ante
1924 1519 2123 1571 horam
2149 1517 2332 1587 canae]
2363 1522 2421 1570 et
2443 1517 2787 1572 confunditis
2807 1521 3330 1584 eos,verecundiam

97 1611 246 1665 facitis
272 1613 346 1664 eis
376 1610 480 1681 qui
510 1626 628 1664 non
657 1610 904 1665 habent?
925 1610 1072 1674 Quid
1093 1610 1277 1664 dicam
1300 1607 1497 1662 vobis?
1523 1603 1604 1663 18.
1627 1605 1820 1660 Laudo
1846 1606 1981 1660 vos?
2002 1607 2065 1660 In
2095 1605 2199 1659 hoc
2217 1621 2328 1659 non
2354 1605 2685 1674 laudo,quia
2701 1607 3195 1664 nonobservatisea
3209 1625 3329 1676 quae

96 1701 242 1764 accepi
264 1715 300 1752 a
319 1700 569 1753 Domino
589 1701 654 1754 de
681 1703 1154 1754 commendatione
1173 1714 1349 1753 coenas.
1372 1697 1488 1766 Ego
1503 1694 1654 1748 enim
1683 1694 1870 1764 accepi
1887 1710 1923 1747 a
1941 1694 2179 1748 Domino
2205 1695 2355 1765 quod
2374 1700 2432 1749 et
2454 1694 2663 1748 tradidi
2686 1693 2858 1760 vobis,
2876 1698 3080 1749 scilicet
3100 1701 3162 1750 ut
3181 1711 3331 1752 cana

98 1787 344 1853 equaliter
364 1789 911 1843 dislribueturinter
931 1786 1316 1858 vos,quoniam
1339 1785 1613 1840 Dominus
1641 1784 1670 1837 J
1676 1800 1804 1837 esus
1825 1783 1883 1836 in
1905 1799 2018 1852 qua
2045 1789 2207 1838 nocte
2242 1783 2590 1848 tradebatur,
2622 1784 2836 1854 accepit
2864 1800 3088 1854 panem,
3114 1791 3174 1840 et
3199 1801 3332 1855 gra-

99 1873 181 1926 tias
204 1890 368 1944 agens
400 1875 596 1945 fregit,
630 1882 686 1930 et
705 1875 845 1930 dixit
872 1894 882 1929 :
917 1876 1165 1946 Accipite
1195 1880 1253 1928 et
1272 1873 1607 1928 manducate
1628 1913 1641 1938 ,
1669 1872 1775 1925 hoc
1804 1876 1893 1924 est
1915 1887 2118 1941 corpus
2139 1873 2500 1942 meum,quod
2524 1889 2625 1943 pro
2646 1871 2797 1927 vobis
2827 1872 3114 1941 tradetur;
3134 1874 3240 1932 hoc
3257 1874 3336 1930 fa-

100 1960 199 2024 cite,
227 1964 282 2015 id
305 1969 399 2024 est,
423 1964 533 2016 hoc
560 1979 756 2031 corpus
785 1967 1186 2018 consecratione
1213 1964 1382 2030 facite
1412 1962 1468 2015 in
1503 1977 1686 2015 meam
1708 1959 2320 2032 commemorationem.
2353 1960 2625 2014 Similiter
2652 1967 2710 2015 et
2737 1961 2990 2027 calicem,
3031 1968 3334 2033 postquam

99 2050 315 2114 coenavit,
340 2051 543 2105 dicens
579 2068 592 2104 :
623 2051 705 2106 l9.
735 2051 837 2105 Hic
859 2053 1000 2106 calix
1032 2067 1237 2106 novum
1266 2055 1671 2105 testamentum
1693 2049 2021 2106 estiameo
2035 2048 2309 2119 sanguine
2331 2067 2343 2114 ;
2365 2049 2468 2102 hoc
2496 2048 3139 2121 facite,quotiescunque
3170 2051 3327 2107 bibe-

101 2137 169 2200 tis,
193 2138 243 2192 in
271 2156 456 2194 meam
484 2141 1102 2196 commemorationem.
1150 2142 1389 2208 Exponit
1418 2142 1482 2193 in
1512 2155 1683 2207 quam
1714 2138 1925 2192 Christi
1947 2140 2542 2192 commemorationem.
2575 2137 2664 2192 20.
2700 2138 3152 2209 Quotiescunque
3180 2139 3331 2198 enim

103 2228 480 2283 manducabitis
506 2245 716 2300 panem
749 2230 915 2294 hunc,
939 2235 996 2284 et
1018 2229 1251 2284 calicem
1281 2227 1480 2282 bibetis
1516 2225 1606 2282 21.
1637 2232 1876 2280 mortem
1924 2226 2148 2280 Domini
2165 2230 2290 2294 jam
2321 2228 2528 2294 factam
2558 2227 2982 2291 annuntiabitis,
3017 2227 3104 2284 2'2.
3158 2230 3335 2284 donec

103 2315 254 2370 veniat
273 2317 551 2372 Dominus
579 2321 654 2372 ad
669 2321 976 2388 judicium.
1009 2317 1098 2376 23.
1124 2319 1321 2388 Itaque
1349 2316 1668 2388 quicunque
1701 2314 2125 2370 manducaverit
2160 2333 2364 2386 panem
2407 2321 2530 2382 eo
2555 2317 2722 2379 hunc,
2757 2318 2842 2373 vel
2869 2317 3074 2372 biberit
3099 2319 3331 2374 calicem

104 2403 291 2459 Domini
304 2406 563 2477 indigne,
580 2407 670 2462 24.
709 2424 840 2463 reus
853 2408 961 2462 erit
979 2407 1226 2478 corporis
1243 2412 1298 2460 et
1314 2404 1604 2476 sanguinis
1625 2403 1866 2459 Domini.
1883 2403 2090 2458 Probet
2112 2409 2325 2467 autem,
2347 2406 2580 2472 probum
2599 2407 2774 2473 faciat
2796 2406 3045 2477 seipsum
3058 2407 3250 2472 homo,
3271 2412 3332 2463 et

105 2491 164 2545 sic
175 2495 424 2560 probatus
450 2496 525 2550 de
547 2511 694 2567 pane
721 2496 819 2551 illo
847 2497 978 2552 edat
997 2502 1054 2551 et
1078 2497 1148 2552 de
1176 2494 1347 2550 calice
1379 2494 1552 2552 bibat.
1577 2493 1685 2559 Qui
1704 2492 1857 2550 enim
1887 2491 2196 2548 manducet
2213 2498 2272 2549 et
2285 2491 2428 2548 bibit
2455 2493 2703 2563 indigne,
2721 2495 2996 2565 judicium
3021 2497 3340 2553 damnatio-

1415 2740 2000 2799 COMMENTARIUS.

163 2952 231 3012 l3.
257 2958 508 3011 Aunusr.
544 2957 661 3023 (lib.
684 2959 758 3010 De
785 2972 940 3024 opere
969 2972 1124 3013 mon.
1142 3000 1154 3022 ,
1187 2972 1236 3010 c.
1266 2954 1354 3019 31,
1385 2960 1521 3010 tom.
1553 2954 1660 3025 III)
1677 2959 1728 3018 Α
1745 2954 1863 3008 nati
1892 2954 2096 3010 fratres
2115 2955 2184 3009 ad
2210 2956 2348 3010 illud
2369 2961 2782 3010 sacramentum
2805 2957 3186 3028 accipiendum
3203 2975 3339 3014 con-

110 3043 193 3095 lloc
215 3052 389 3097 aut»:
421 3047 708 3113 praecipio.
743 3045 861 3098 Hoc
895 3049 1085 3098 autem
1115 3044 1393 3115 praecipio,
1429 3049 1494 3098 ut
1520 3043 1667 3097 scili-
1747 3045 1936 3099 venire
1959 3045 2190 3112 debent;
2235 3053 2334 3100 aut
2374 3046 2521 3100 sicut
2569 3045 2846 3100 faciebant
2873 3063 3011 3117 quos
3038 3048 3341 3119 Apostolus

109 3134 177 3182 oet
207 3147 307 3186 non
330 3133 667 3186 disserentis
704 3131 934 3186 solertia
973 3132 1316 3204 requiratur,
1347 3132 1446 3186 sed
1485 3131 1662 3204 perci-
1745 3133 1952 3202 arguit,
2010 3139 2068 3187 et
2108 3135 2467 3189 commendat
2510 3133 2632 3207 |al.,
2667 3133 2957 3208 emendat]
2985 3136 3192 3192 mensis
3221 3138 3340 3194 suis

109 3217 278 3286 pientis
296 3221 610 3276 auctoritas
638 3222 978 3286 attendatur,
1745 3222 1854 3276 ista
1879 3223 2130 3276 miscere.

165 3306 235 3360 14.
254 3311 503 3364 ΛιιΒιῑοεκ
541 3312 996 3364 Uonrenientibus
1019 3313 1184 3364 vobis.
1220 3311 1334 3364 Hos
1363 3314 1542 3372 notat,
1571 3309 1668 3380 qui
1828 3308 1908 3366 18.
1941 3310 2144 3365 Laan.
2174 3313 2357 3366 Laudo
2376 3327 2484 3365 vos.
2505 3311 2632 3366 Non
2661 3312 2829 3366 laudo
2858 3328 2957 3368 vos
2984 3313 3045 3368 in
3072 3313 3177 3369 hoc
3192 3316 3370 3387 quod'

114 3392 236 3449 sicin
264 3399 557 3452 ecclesiam
579 3397 998 3464 conveniebant,
1022 3404 1104 3461 ut,
1141 3415 1375 3452 munera
1401 3415 1505 3452 sua
1531 3399 1667 3452 oll'e-
1749 3415 1861 3454 non
1889 3399 2264 3454 communiter
2283 3400 2525 3454 sumitis.
2551 3402 2695 3455 Nam
2725 3401 2805 3455 rei
2838 3402 2972 3456 estis
3011 3404 3258 3474 corporis
3287 3411 3345 3460 et

114 3490 282 3551 rentes,
325 3486 760 3542 advenientibus
799 3487 1157 3558 presbyteris,
1192 3493 1374 3542 totum
1416 3487 1540 3552 sibi,
1572 3487 1667 3558 qui
1748 3489 2037 3558 sanguinis
2058 3488 2305 3556 Domini;
2338 3505 2405 3542 ea
2435 3490 2582 3543 enim
2610 3489 2840 3560 indigne
2865 3491 3108 3545 sumitis.
3147 3493 3204 3547 Si
3224 3493 3344 3564 ipse

115 3571 372 3641 obtulerat,
405 3576 738 3630 vindicaret.
791 3576 1174 3630 Dissentiones
1214 3577 1363 3630 enim
1395 3577 1544 3630 inter
1573 3592 1667 3630 eos
1748 3577 1927 3647 panis.
1953 3584 2010 3630 et
2036 3578 2174 3630 calix
2205 3594 2372 3648 quem
2402 3578 2644 3643 sumitis,
2675 3584 2758 3632 est
2801 3580 3030 3648 sanguis
3061 3586 3119 3634 et
3145 3597 3346 3654 corpus

114 3663 536 3736 pseudoapostoli
568 3665 1087 3726 seminaveruntdta
1113 3671 1177 3720 ut
1203 3666 1513 3720 oblationes
1539 3680 1668 3719 suas
1753 3665 1981 3730 Christi,
2029 3672 2162 3719 tunc
2191 3665 2419 3736 indigne
2447 3666 2669 3721 sumitis
2697 3683 2898 3738 corpus
2922 3674 2977 3722 et
3006 3670 3343 3740 sanguinem

116 3749 404 3820 zelarentnr,
428 3770 562 3810 cum
593 3771 708 3808 una
737 3747 1042 3825 eademque
1061 3770 1223 3824 prece
1246 3755 1497 3808 omnium
1513 3753 1672 3808 obla-
1753 3754 1990 3820 Christi;
2016 3754 2172 3826 atqui
2201 3755 2338 3809 illud
2358 3761 2461 3809 est.
2491 3756 2635 3809 Nam
2660 3755 2933 3810 Dominus
2963 3757 3102 3812 dixit
3122 3759 3348 3830 quando

116 3835 259 3894 tiones
285 3841 769 3909 benedicerentur,
803 3850 868 3897 ut
892 3843 1006 3914 qui,
1050 3848 1115 3898 ut
1143 3844 1350 3898 assolet
1379 3844 1520 3909 fieri,
1557 3859 1671 3897 non
1752 3842 2080 3898 tradebatur
2109 3862 2120 3896 :
2155 3844 2269 3913 Ego
2300 3844 2452 3898 enim
2481 3846 2665 3915 accepi
2700 3861 2733 3898 τι
2775 3844 3034 3912 Domino,
3085 3853 3143 3901 et
3194 3864 3348 3903 acce-

118 3924 412 3998 obtulerant,
431 3938 537 3988 aut
551 3933 700 3987 unde
721 3932 985 3987 offerrent
997 3949 1109 3987 non
1134 3932 1434 3998 habebant,
1459 3932 1670 4004 pudore

121 4021 320 4074 correcti
359 4021 865 4087 contunderentur,
896 4038 1006 4076 non
1038 4028 1322 4076 sumentes
1346 4027 1590 4093 partem.

175 4107 246 4160 15.
266 4109 464 4164 Lassa.
503 4111 976 4165 Convenienlibus.
1003 4111 1478 4165 Consuetudinem
1503 4115 1672 4164 antea

122 4190 360 4253 habebant
380 4200 554 4254 certis
583 4200 928 4271 temporibus
949 4201 1019 4254 ad
1041 4201 1328 4255 ecclesiam
1351 4200 1667 4266 convenire,

1751 3937 1911 4003 ptum
1939 3931 2149 3986 tradidi
2172 3931 2346 3986 vobis.

1820 4021 1909 4076 19.
1962 4023 2061 4076 Hic
2092 4024 2239 4075 calix
2278 4037 2503 4087 novum,
2537 4025 2644 4075 etc.
2693 4021 2862 4076 Ordo.
2898 4021 3000 4076 Hic
3029 4022 3172 4077 calix
3201 4040 3344 4080 novo

1751 4111 2025 4179 sanguine
2068 4116 2154 4165 est
2177 4127 2381 4166 novum
2410 4114 2832 4175 testamentum,
2851 4110 2906 4165 id
2924 4116 3028 4176 est,
3044 4129 3144 4184 per
3158 4130 3348 4170 meum

1753 4200 2087 4272 sanguinem
2126 4201 2494 4254 conﬁrmatur
2523 4215 2728 4253 novum
2759 4205 3182 4270 testamentum,
3222 4204 3355 4276 quia

125 4285 180 4344 et,
207 4295 356 4354 prout
377 4291 583 4360 cuique
595 4288 830 4343 facultas
857 4294 999 4356 erat,
1015 4289 1203 4344 cibum
1234 4295 1291 4344 et
1313 4298 1506 4360 potum
1535 4289 1672 4344 illuc
1689 4296 1733 4356 Β
1753 4293 2155 4343 testamentum
2185 4289 2242 4343 in
2273 4287 2509 4343 mortuis
2535 4289 2924 4344 confirmatur.
2949 4290 3050 4345 Vel
3077 4309 3178 4362 per
3200 4293 3348 4348 hunc

125 4368 319 4440 deferre,
333 4385 388 4432 et
413 4379 585 4434 simul
615 4393 810 4432 omnes
831 4384 889 4433 et
916 4395 1190 4450 pauperes
1223 4385 1281 4433 et
1308 4378 1509 4433 divites
1539 4395 1669 4450 par-
1751 4375 1969 4431 habetis
1989 4393 2189 4431 novam
2211 4375 2660 4448 promissionem,
2693 4377 2750 4432 id
2779 4384 2883 4445 est,
2909 4380 3132 4450 plenam
3157 4383 3354 4438 remis-

127 4457 340 4533 ticipare;
372 4475 427 4522 et
454 4469 561 4522 hoc
590 4466 863 4521 vocabant
888 4465 1241 4522 Dominicam
1269 4483 1506 4533 coenam,
1541 4466 1674 4538 quia
1753 4465 1968 4520 sionem
1997 4471 2369 4536 peccatorum.

130 4545 174 4600 in
197 4557 504 4611 memoriam
535 4556 838 4611 Dominicae
882 4573 1070 4622 cmnae,
1105 4557 1208 4610 hoc
1240 4556 1426 4612 ﬁebat.
1460 4557 1672 4612 Verum
1824 4552 1914 4611 20.
1933 4556 2381 4624 Quotiescunque.
2409 4555 2669 4627 Exponit,
2688 4555 2939 4628 inquam,
2964 4557 3189 4613 Domini
3203 4575 3354 4615 com-

130 4633 220 4693 ite
243 4646 575 4702 consuetudo
604 4645 911 4716 depravata
930 4653 1081 4710 erat;
1115 4645 1316 4700 divites
1365 4645 1513 4700 enim
1543 4663 1676 4701 suas
1757 4642 2245 4709 memorationem,
2280 4644 2479 4698 mortis
2507 4644 2782 4700 videlicet.

131 4740 278 4798 cenas
325 4736 716 4808 anticipantes,
762 4734 1146 4790 comedebant.
1207 4736 1490 4806 Pauperes
1547 4752 1676 4791 vero
1827 4731 1913 4789 21.
1951 4735 2176 4787 Mortem
2198 4734 2426 4787 Domini
2440 4735 2874 4791 annuntiabitis.
2893 4735 2958 4791 In
2988 4736 3353 4795 Sacramenta

132 4828 291 4882 parum
315 4822 580 4880 habentes
599 4823 656 4878 in
679 4829 983 4895 conspectu
1001 4840 1204 4880 eorum
1228 4823 1520 4879 comedere
1546 4841 1676 4880 eru-
1758 4821 2005 4893 corporis
2017 4821 2248 4884 Christi,
2273 4837 2424 4877 mors
2443 4822 2563 4892 ejus
2587 4824 2978 4886 annuntiatur.
2997 4826 3132 4898 quia
3159 4828 3218 4882 in
3243 4845 3356 4884 me-

136 4900 399 4967 bescebant.
435 4915 554 4968 Hor.
579 4913 872 4983 redarguit
889 4913 1206 4984 Apostolus,
1235 4919 1294 4968 et
1313 4914 1449 4968 dicit
1476 4915 1677 4969 melius
1759 4911 1998 4965 moriam
2027 4911 2225 4966 mortis
2251 4911 2374 4982 ejus
2402 4911 2652 4983 quotidie
2681 4929 2716 4966 a
2736 4913 2994 4970 fidelibus
3016 4917 3349 4972 celebratur.

136 5006 227 5048 esse
245 4998 359 5067 illis,
390 5003 436 5056 si
461 5003 611 5074 apud
639 5002 835 5056 domos
864 5018 995 5057 suas
1015 5003 1357 5058 manducent
1381 5009 1436 5058 et
1463 5003 1674 5070 bibant,

140 5096 267 5150 quam
291 5089 343 5144 in
365 5095 750 5164 contemptum
763 5091 1026 5158 ecclesia,
1051 5099 1109 5147 et
1135 5093 1517 5148 confusionem
1539 5109 1680 5166 pau-

141 5183 292 5238 perum
318 5182 663 5237 conveniant.

1830 5001 1917 5059 2?.
1941 5005 2117 5058 Donec
2137 5007 2340 5058 veniat.
2370 5003 2453 5057 Ad
2482 5004 2762 5074 judicium
2792 5007 3010 5074 veniat;
3066 5008 3190 5062 ideo
3220 5008 3356 5064 dicit

1763 5092 1894 5164 quia
1920 5091 2255 5148 sacrificium
2286 5093 2390 5148 hoc
2419 5109 2533 5148 non
2561 5095 2874 5151 mutabitur
2894 5113 3072 5168 usque
3096 5097 3154 5152 in
3185 5099 3356 5153 finem

1761 5181 1966 5248 seculi,
2007 5181 2152 5237 sicut
2169 5192 2523 5253 sacramenta
2547 5183 2870 5240 Judaaorum
2892 5171 3111 5240 mutata
3128 5192 3279 5242 sunt.

199 5262 264 5318 16.
291 5271 528 5327 Ausus'r.
563 5271 748 5343 (epist.
788 5270 887 5328 118
905 5273 977 5326 ad
998 5273 1262 5338 Januar.,
1297 5289 1339 5326 c.
1370 5272 1424 5337 5,
1446 5277 1583 5326 tom.
1607 5272 1678 5341 II)

145 5347 429 5415 Dominicam
461 5377 691 5417 canam.
720 5361 912 5432 Ipsam;
930 5361 1308 5432 acceptionem
1328 5361 1680 5416 eucharistiaa

146 5435 433 5504 Dominicam
463 5467 680 5505 coenam
705 5455 862 5504 vocat
936 5458 940 5466 '

195 5529 267 5586 17.
297 5539 461 5608 (ibid,
493 5558 540 5595 c.
565 5542 649 5611 ti.)
672 5540 1066 5609 Unusquisque.
1104 5539 1297 5612 Neque
1335 5539 1490 5594 enim
1543 5540 1678 5611 quia

1833 5271 1921 5328 23.
1951 5273 2143 5341 Itaque
2169 5275 2507 5342 quicunque.
2548 5273 2666 5329 Hoc
2695 5291 2760 5328 ex
2789 5275 3044 5345 superius
3071 5273 3235 5329 dictis
3253 5275 3357 5332 Re-

1762 5360 2070 5432 demptoris
2090 5361 2275 5416 verbis
2299 5362 2587 5433 colligitur
2619 5381 2630 5416 :
2668 5365 2780 5418 Hoc
2810 5369 2884 5417 est
2915 5379 3113 5432 corpus
3146 5380 3352 5426 meum.

1725 5451 1832 5505 ’Et
1856 5468 1867 5504 :
1913 5453 1978 5506 In
2005 5467 2122 5505 meo
2145 5455 2438 5520 sanguine.

1828 5539 1916 5597 24.
1936 5541 2182 5596 Auenos.
2201 5543 2335 5597 Reus
2354 5544 2462 5595 erit
2488 5543 2750 5610 corporis.
2781 5541 2928 5607 Quid
2959 5548 3045 5600 est
3069 5562 3353 5618 reosesse,

150 5627 244 5684 Ροδῐ
262 5625 394 5682 cibos
412 5630 687 5686 Dominus
709 5628 886 5695 dedit,
914 5634 1216 5702 propterea
1237 5630 1428 5702 pransi
1455 5636 1554 5684 aut
1569 5646 1675 5684 cm-
1694 5621 1738 5684 Ο
1760 5628 1868 5684 nisi
1894 5645 2089 5702 poenas
2116 5630 2314 5686 mortis
2335 5630 2470 5685 dare
2500 5630 2770 5688 Domini?
