3912 6352
521 296 659 355 195,
1520 294 1585 351 Β.
1626 294 2038 352 LANFRANCI
2077 293 2131 347 Ο.

2223 288 2431 345 TUAR.
2472 284 2808 343 ARCHIEP:
2894 306 2899 315 ’
3685 279 3805 336 196

518 434 648 474 nam
673 418 781 474 sibi
811 419 1123 475 manducet
1152 424 1209 474 et
1238 419 1399 483 bibit,
1423 419 1513 477 ‘25.
1531 436 1641 474 non
1666 420 1982 490 dijudicans
2019 433 2218 489 corpus
2251 414 2494 478 Domini,
2527 429 2639 467 non
2681 414 2995 466 discernens
3023 425 3218 478 corpus
3246 410 3478 463 Domini
3502 424 3538 462 a
3576 410 3804 462 caeteris

521 511 656 563 cibis
678 513 1039 564 veneratione
1066 512 1371 577 singulari.
1398 510 1551 574 Ideo,
1578 513 1713 578 quia
1735 512 1964 576 indigne
1980 511 2246 566 sumitur.
2271 505 2420 558 inter
2435 519 2529 555 vos
2553 501 2714 554 multi
2742 499 2972 563 inﬁrmi,
2997 504 3053 552 et
3072 499 3378 553 imbecilles
3393 504 3539 561 sunt,
3573 505 3633 552 et
3655 499 3804 551 dor-

524 596 711 650 miunt
736 601 1075 650 moriuntur
1102 596 1284 649 multi.
1311 597 1381 652 ‘26
1428 598 1586 661 Quod
1609 599 1656 651 si
1685 598 2059 667 nosmetipsos
2088 595 2539 665 dijudicaremus,
2568 592 2998 656 intelligeremus
3023 592 3070 640 et
3095 591 3506 655 pwniteremus,
3534 603 3654 640 non
3688 585 3810 639 uti-

521 702 632 756 que
649 685 1108 755 dijudicaremur,
1156 687 1580 739 damnaremur.
1615 687 1759 740 Dum
1779 686 2098 756 judicamur
2117 689 2326 746 autem,
2356 699 2390 735 a
2424 679 2651 733 Domino
2678 677 3033 747 corripimur,
3066 679 3346 744 punimur
3365 679 3427 729 in
3448 677 3545 729 hoc
3569 677 3804 739 saeculo,

527 780 594 828 ut
612 790 726 829 non
756 790 883 828 cum
909 774 1014 827 hoc
1037 773 1247 828 mundo
1276 773 1628 828 damnemur.
1655 776 1868 845 Itaque,
1907 774 2107 827 fratres
2137 772 2264 832 mei,
2308 771 2574 838 quoniam
2606 770 2819 847 malum
2848 772 2945 831 est,
2979 781 3427 833 unumquemque
3454 779 3808 832 praesumere

537 878 906 927 caenam,cum
935 861 1243 916 convenitis
1263 862 1333 915 ad
1366 863 1837 923 manducandum,
1870 861 2109 915 invicem
2137 864 2471 929 exspectate.
2505 855 2595 911 27.
2625 856 2685 910 Si
2706 854 2831 926 quis
2852 854 3048 920 esurit,
3066 853 3221 907 domi
3241 853 3563 917 manducet,
3588 858 3656 906 ut
3679 868 3809 906 non

529 948 592 1003 in
617 949 895 1020 judicium
924 948 1282 1004 conveniatis.
1319 949 1539 1005 Caetera
1567 956 1776 1011 autem,
1806 966 1934 1005 cum
1956 966 2178 1015 venero,
2209 946 2527 1017 disponam.

1968 1091 2203 1146 CAPUT
2239 1090 2362 1144 XII.

600 1230 650 1289 1.
687 1231 767 1288 De
792 1228 1178 1303 spiritualibus
1200 1236 1535 1301 autem,qu.e
1548 1233 1803 1299 superius
1821 1234 1975 1296 dimi;
1999 1233 2083 1285 vel
2098 1234 2283 1300 potius
2303 1247 2420 1299 quae
2439 1235 2502 1287 in
2525 1231 2769 1304 sequenti
2781 1224 3119 1290 dicam,nolo
3140 1240 3235 1278 vos
3254 1224 3535 1295 ignorare,
3561 1224 3805 1279 fratres.

532 1321 698 1375 Scitis
718 1322 1005 1392 quoniam,
1030 1336 1160 1375 cum
1188 1327 1388 1390 gentes
1409 1319 1623 1384 essetis,
1641 1322 1925 1387 gentiliter
1941 1323 2181 1373 viventes
2202 1323 2403 1388 essetis,
2423 1322 2493 1375 ad
2512 1321 2817 1377 simulacra
2838 1319 2996 1369 muta
3016 1319 3186 1384 prout
3212 1313 3808 1382 ducebamini,utpla-

524 1415 641 1465 cuit
655 1413 1264 1477 sacerdotibus,euntes,
1292 1413 1482 1476 eratis,
1496 1414 1575 1464 vel
1597 1413 1779 1463 ibatis.
1798 1409 1833 1461 2
1874 1410 2004 1464 Ideo
2018 1414 2150 1479 quia
2175 1412 2479 1478 gentilitati
2497 1412 2765 1473 obedistis,
2786 1416 2984 1460 notum
3002 1402 3155 1457 vobis
3174 1403 3364 1466 facio.(
3371 1406 3531 1473 quasi
3550 1405 3769 1457 diceret
3791 1421 3806 1454 :

525 1502 661 1568 quia
680 1502 743 1553 in
762 1501 1071 1567 gentilitate
1102 1501 1271 1552 etiam
1300 1500 1374 1552 ad
1402 1501 1617 1552 malum
1647 1501 1944 1552 obedientes
1960 1502 2167 1567 fuistis,
2193 1500 2348 1553 credo
2376 1502 2519 1567 quod
2547 1504 2611 1552 in
2643 1499 2745 1565 ﬁde
2767 1496 2973 1549 Christi
3000 1494 3073 1546 ad
3104 1494 3244 1546 bona
3284 1494 3461 1560 magis
3492 1494 3811 1546 obedientes

537 1588 871 1658 eritis)quod
892 1604 1057 1642 nemo
1077 1588 1135 1641 in
1156 1587 1388 1658 Spiritu,
1407 1604 1507 1656 per
1526 1586 1826 1656 Spiritum,
1852 1590 1952 1643 Dei
1981 1589 2237 1659 loquens,
2254 1587 2390 1640 dicit
2414 1588 2715 1642 anathema
2747 1586 2775 1639 J
2781 1600 2903 1649 esu,
2924 1583 3209 1637 Christum
3227 1586 3594 1649 separatuma
3609 1583 3807 1644 Patre,

537 1676 836 1729 anathema
864 1679 991 1730 Jesu
1021 1678 1200 1729 dicere
1218 1682 1312 1740 est,
1346 1680 1426 1729 vel
1457 1678 1630 1730 Deum
1662 1693 1773 1730 non
1800 1694 1925 1743 esse,
1947 1680 2031 1731 vel
2052 1695 2115 1730 ea:
2134 1679 2238 1731 Deo
2263 1693 2375 1730 non
2397 1694 2502 1731 csse
2522 1681 2725 1745 ipsum,
2739 1680 2956 1743 putare,
2982 1669 3032 1735 3,
3050 1669 3101 1724 4.
3123 1671 3191 1723 Et
3204 1686 3370 1723 nemo
3386 1673 3570 1740 potest
3584 1669 3810 1734 dicere,

540 1765 609 1831 (et
636 1764 871 1831 credere)
902 1763 1173 1817 Dominus
1198 1764 1691 1828 Jesus,Dominum
1710 1766 1895 1818 Jesum
1912 1765 2151 1831 essc,nisi
2170 1766 2227 1819 in
2259 1765 2470 1836 Spiritu
2489 1770 2701 1827 sancto,
2726 1765 2841 1816 nisi
2852 1777 2949 1830 per
2965 1760 3244 1827 Spiritum
3266 1757 3813 1811 sanctumDivisio-

530 1867 631 1905 nes
661 1868 791 1905 vero
824 1851 1134 1921 gratiamm
1163 1858 1313 1917 sunt,
1331 1852 1476 1905 idem
1507 1858 1694 1906 autem
1730 1852 2214 1923 Spiritus,divcrsa
2231 1857 2455 1923 quidem
2484 1860 2613 1908 sunt
2631 1854 2877 1921 Spiritus
2897 1853 3076 1904 sancti
3087 1850 3355 1904 dona.sed
3374 1850 3605 1916 spiritus
3620 1849 3782 1901 idem

532 1941 813 1994 Monstrat
842 1943 906 1993 in
928 1942 1201 2007 partibus.
1227 1943 1490 2008 quoniam
1515 1943 1731 1994 diversa
1744 1944 1965 2009 quidem
1990 1948 2042 2008 θ
2064 1950 2096 2007 Ι
2130 1950 2261 1997 sunt
2282 1945 2638 2007 charismata,
2662 1943 2908 2010 Spiritus
2924 1939 3091 1992 idem.
3119 1938 3186 1991 Et
3204 1936 3555 1990 5divisioues
3568 1937 3811 1989 diversa

532 2044 716 2097 opera,
742 2028 1225 2082 ministrationum
1250 2035 1403 2087 sunt.
1432 2029 1580 2083 idem
1612 2036 1803 2084 autem
1834 2030 2135 2085 Dominus.
2168 2032 2238 2085 Et
2261 2032 2560 2087 divisiones
2591 2029 2980 2101 operationum
3012 2030 3163 2089 sunt,
3184 2024 3332 2078 idem
3357 2040 3486 2077 vero
3508 2024 3681 2088 Deus,
3702 2026 3811 2077 Pa-

535 2122 639 2185 ter,
672 2118 768 2188 qui
794 2124 1062 2189 operatur
1088 2118 1280 2172 omnia
1310 2120 1368 2173 in
1397 2119 1677 2173 omnibus.
1712 2120 2024 2189 Unicuique
2054 2125 2243 2174 autem
2291 2121 2479 2187 datur,
2528 2126 2576 2173 et
2609 2126 2791 2174 tamen
2816 2118 3118 2183 unicuique
3147 2116 3335 2178 datur,
3378 2112 3798 2178 manifestatio,

532 2208 830 2274 manifesta
857 2210 1045 2274 gratia
1076 2207 1328 2277 spiritus,
1362 2208 1432 2261 ad
1463 2208 1766 2262 utilitatem
1796 2226 1957 2262 suam
1986 2212 2067 2260 vel
2096 2208 2629 2276 proximorum.Alii
2661 2207 2887 2278 quidem
2916 2220 3019 2274 per
3046 2203 3293 2255 eumdem
3329 2201 3602 2271 Spiritum
3625 2201 3815 2255 datur

532 2291 584 2347 6.
615 2309 800 2347 sermo
827 2293 1117 2364 sapientiae
1149 2296 1212 2347 de
1240 2297 1483 2358 divinis;
1520 2296 1616 2349 alii
1642 2302 1829 2349 autem
1864 2312 2047 2349 sermo
2076 2295 2338 2360 scientiae,
2372 2299 2435 2351 de
2460 2298 2776 2351 humilitate
2803 2296 3012 2348 Christi
3032 2290 3339 2345 secundum
3370 2289 3627 2343 eumdem
3668 2289 3811 2360 Spi-

530 2382 734 2449 ritum;
762 2382 923 2436 alteri
947 2383 1103 2443 tides.
1132 2389 1195 2437 ut
1220 2386 1338 2437 sine
1367 2385 1704 2439 hzsitationc
1729 2388 1965 2452 con/idat
1993 2388 2119 2452 ﬁeri
2144 2388 2288 2454 quod
2320 2391 2605 2453 precatur,
2649 2384 2706 2437 in
2737 2383 2933 2437 eodem
2965 2380 3179 2451 Spiritu
3205 2398 3217 2446 ;
3250 2379 3346 2432 alii
3374 2379 3559 2449 gratia
3587 2378 3816 2432 sanita-

531 2475 675 2536 tum,
709 2473 926 2525 curatio
956 2474 1325 2537 inﬂrmorum
1355 2471 1412 2525 in
1437 2488 1549 2526 uno
1571 2473 1814 2542 Spiritu;
1850 2473 1945 2526 alii
1991 2473 2241 2543 operatio
2270 2474 2561 2540 virtutum,
2594 2473 2963 2527 ressuscitatio
3006 2475 3394 2531 mortuorum;
3428 2467 3524 2521 alii
3552 2468 3814 2539 prophe-

546 2559 647 2624 tia,
675 2556 726 2613 7.
756 2558 852 2612 alii
881 2558 1142 2612 discretio
1173 2559 1501 2629 spirituum,
1527 2567 1588 2614 ut
1618 2564 1752 2614 sciat
1785 2562 2093 2614 discernere
2142 2578 2260 2630 quae
2288 2565 2636 2629 cogitationes
2665 2578 2700 2615 a
2728 2562 2851 2625 Deo,
2878 2574 2996 2628 quae
3025 2561 3323 2612 mittantur
3344 2573 3380 2610 a
3410 2558 3626 2610 diabolo
3649 2576 3669 2621 ;
3710 2556 3813 2611 alii

546 2662 757 2717 genera
785 2647 1128 2717 linguarum,
1159 2645 1212 2703 8.
1243 2648 1340 2702 alii
1383 2648 1771 2719 interpretatio
1818 2665 2161 2703 sermonum.
2199 2648 2251 2703 9.
2301 2650 2430 2703 Haec
2472 2654 2662 2704 autem
2710 2647 2906 2703 omnia
2944 2650 3211 2717 operatur
3254 2661 3397 2700 unus
3436 2649 3604 2714 atque
3644 2643 3816 2699 idem

1874 2790 2468 2847 COMMENTARIUS.

606 2895 696 2953 25.
728 2895 943 2954 ΙΑΑΝΡΡ..
972 2898 1091 2952 Νοη
1112 2899 1429 2966 diiudicans
1450 2915 1644 2967 corpus
1662 2897 1907 2964 Domini,
1927 2898 1985 2953 id
2015 2903 2119 2962 est,
2142 2899 2309 2962 Ahoc
2321 2898 2481 2969 argui
2503 2914 2561 2952 se
2579 2897 2812 2952 minime
2840 2899 3185 2967 paterentur,
3207 2893 3353 2947 sicut
3369 2894 3428 2947 in
3447 2893 3803 2973 simulacris;

538 2999 651 3039 non
683 2984 1061 3056 intelligentes
1114 3003 1315 3058 corpus
1344 2988 1569 3041 Domini
1603 2987 1663 3042 in
1709 2988 2128 3042 damnationem
2211 2988 2455 3042 ostendit
2494 2987 2710 3041 nullum
2742 2986 3077 3039 beneﬁcium
3109 3000 3230 3038 esse
3277 2984 3588 3037 humanum
3618 2982 3678 3036 in
3718 3000 3813 3052 eo,

536 3072 681 3128 sumi
706 3073 775 3127 ab
803 3074 1067 3145 indignis.

607 3161 699 3215 26.
732 3164 980 3217 AMBROS.
1016 3165 1167 3230 Quod
1193 3166 1243 3217 si
1271 3166 1634 3233 nosmetipsos.
1670 3164 1788 3219 Hoc
1806 3165 1959 3230 dicit,
1996 3164 2127 3236 quia

537 3251 585 3305 si
622 3252 952 3321 nosmetipsi
982 3268 1201 3306 errores
1229 3258 1450 3307 nostros
1476 3253 1902 3323 corrigeremus,
1945 3271 2057 3308 non
2094 3271 2129 3307 a

536 3338 779 3393 Domino
803 3339 1224 3409 judicaremur;
1274 3346 1347 3403 et,
1385 3341 1536 3411 quia,
1567 3342 1919 3413 corripimur,
1936 3349 2128 3397 tamen

538 3443 640 3498 pro
670 3427 831 3481 nobis
852 3434 954 3495 est,
986 3434 1050 3483 ut
1076 3429 1278 3483 timore
1304 3429 1424 3500 ipso
1448 3430 1830 3484 emendemur.

608 3513 699 3572 ‘27.
730 3516 940 3571 LANFR.
973 3517 1038 3573 Si
1065 3520 1188 3586 quis
1225 3522 1413 3572 esurit.
1446 3519 1504 3574 Si
1533 3518 1678 3590 quis,
1716 3519 1915 3590 inquit,
1950 3525 2129 3575 statu-

547 3609 691 3672 tum,
728 3611 963 3676 cogente
993 3606 1157 3673 fame,
1189 3608 1515 3662 comedendi
1545 3608 1867 3675 terminum,
1898 3626 2011 3664 non
2029 3627 2131 3681 po-

541 3700 655 3749 test
685 3701 1005 3767 exspectare
1034 3695 1184 3749 domi
1205 3696 1535 3768 suae.potius
1564 3698 1863 3752 manducet
1885 3716 2015 3770 ;per
2036 3700 2131 3754 ho-

539 3800 658 3838 ram
689 3783 807 3854 (51)
834 3784 1089 3839 caenandi
1119 3785 1404 3856 anticipet.

607 3874 764 3929 CAP.
795 3873 919 3932 XII.
963 3908 1016 3918 -
1041 3874 1095 3929 1.
1130 3875 1334 3929 LANFR.
1384 3876 1456 3928 De
1484 3876 1878 3942 spiritualibus
1919 3881 2123 3931 autem.

546 3964 829 4031 Carnalia,
882 3964 1085 4034 inquit,
1134 3963 1287 4017 vobis
1315 3963 1556 4028 innotui,
1582 3964 1639 4017 id
1681 3972 1785 4030 est,
1818 3966 2131 4037 idolothyta

537 4069 650 4107 non
662 4052 974 4118 comedere,
999 4051 1266 4106 mulieres
1285 4050 1506 4106 intectis
1525 4053 1799 4122 capitibus
1820 4072 1932 4109 non
1943 4072 2125 4110 orare.

536 4140 868 4213 Spiritualia
893 4157 1115 4211 quoque
1142 4141 1265 4195 volo
1294 4140 1448 4195 vobis
1486 4140 1767 4211 intimare,
1801 4143 2003 4214 quibus
2034 4161 2127 4199 vos

2209 3094 2337 3131 cum
2364 3077 2568 3131 dicitur
2588 3076 2860 3129 Dominus
2897 3076 3079 3140 Jesus,
3113 3072 3208 3127 sed
3235 3073 3414 3142 magis
3436 3072 3645 3125 donum
3676 3073 3814 3142 Dei,

2210 3166 2305 3235 qui
2327 3166 2590 3235 dignatus
2610 3170 2694 3219 est
2722 3164 3054 3236 mysterium
3079 3178 3244 3217 suum
3266 3160 3586 3215 hominibus
3615 3161 3818 3217 decla-

2210 3275 2336 3313 rare
2344 3300 2354 3312 .

2283 3347 2642 3401 5.I)ivisiones
2663 3349 3168 3400 ministrationum.
3182 3346 3306 3399 Non
3322 3348 3407 3398 est
3425 3343 3601 3397 divisa
3619 3344 3821 3412 gratia

2212 3453 2311 3507 per
2340 3451 2604 3507 personas
2635 3435 2835 3502 Patris,
2861 3440 2918 3488 et
2946 3435 3090 3500 Filii,
3125 3441 3181 3488 et
3204 3433 3444 3504 Spiritus
3471 3433 3667 3496 sancti,
3706 3434 3818 3488 sed

2210 3525 2512 3578 indiscreta
2539 3523 2771 3578 unitatis
2795 3530 3016 3590 natura,
3049 3528 3107 3577 et
3135 3522 3308 3576 trium
3338 3538 3514 3576 unum
3544 3536 3682 3591 opus
3726 3522 3819 3575 in-

2211 3613 2503 3683 telligitur.

2282 3699 2332 3757 6.
2366 3704 2610 3758 AUGUST.
2641 3704 2764 3776 (tib.
2805 3718 2884 3757 xu
2914 3705 2977 3757 dc
3014 3705 3205 3769 Trin.,
3236 3719 3357 3772 cap.
3391 3699 3478 3754 14.
3505 3706 3643 3753 tom.
3677 3699 3813 3768 III).

2212 3790 2401 3845 Sermo
2429 3795 2735 3860 sapientiae.
2766 3792 2991 3846 Invenio
3012 3792 3281 3862 scriptum
3299 3806 3419 3844 esse
3435 3789 3491 3843 in
3509 3788 3650 3842 libro
3669 3789 3810 3857 Job,

2212 3880 2407 3933 eodem
2450 3884 2643 3933 sancto
2669 3881 2929 3951 loquente
2962 3899 2972 3932 :
3008 3881 3135 3934 Ecce
3166 3884 3341 3947 pietas
3375 3885 3447 3932 est
3488 3880 3812 3946 sapientia;

2210 3971 2483 4023 abstinere
2501 3974 2688 4023 autem
2707 3986 2741 4023 α
2762 3972 2926 4024 malis
2956 3972 3186 4023 scicntia
3208 3975 3300 4021 est.
3330 3969 3394 4022 In
3418 3969 3520 4021 hac
3548 3967 3819 4021 differen-

2209 4057 2292 4110 tia
2321 4057 2749 4128 intelligendum
2798 4064 2884 4112 est
2921 4058 2991 4112 ad
3022 4057 3550 4128 contemplationem
3587 4056 3818 4126 sapien-

2210 4146 2384 4213 tiam;
2419 4148 2489 4200 ad
2516 4148 2795 4201 actionem
2838 4147 3149 4213 scientiam,
3196 4146 3496 4217 pertinere.
3528 4146 3817 4200 Pietatem

536 4231 702 4284 modo
732 4229 1037 4284 Christiani
1065 4228 1197 4283 facti
1229 4228 1533 4298 obedietis;
1568 4230 1662 4302 qui
1693 4249 1818 4286 cum
1846 4233 2134 4303 gentiliter
2153 4226 2424 4305 Bquippe
2444 4236 2549 4289 hoc
2567 4237 2705 4301 loco,
2733 4236 2918 4306 posuit
2936 4236 3149 4289 cultum
3181 4236 3281 4289 Dei
3306 4254 3317 4303 ;
3348 4252 3470 4306 quae
3488 4235 3678 4288 Graece
3699 4233 3817 4288 dici

536 4319 813 4383 viveretis,
840 4319 911 4372 ad
941 4318 1296 4373 sacerdotum
1317 4325 1488 4374 nutus
1522 4321 1836 4376 simulacris
1864 4323 2130 4377 obedien-

538 4414 628 4464 ter
648 4407 980 4463 serviebatis
1004 4426 1017 4474 ;
1050 4408 1199 4479 quod
1228 4407 1401 4462 scitis.

606 4497 660 4551 2.
680 4499 804 4553 Ideo
833 4503 1028 4552 notum
1066 4499 1231 4551 vobis.
1261 4497 1431 4560 Quasi
1461 4498 1672 4555 diceret
1702 4520 1713 4555 :
1749 4501 1892 4565 Quia
1920 4501 1978 4555 in
1997 4516 2132 4571 gen-

535 4585 742 4642 tilitate
780 4586 951 4641 etiam
995 4586 1065 4640 ad
1114 4586 1325 4642 malum
1376 4589 1666 4644 audientes
1713 4590 1917 4655 fuistis,
1969 4590 2133 4644 credo

540 4676 690 4748 quod
710 4676 770 4729 in
796 4675 905 4730 ﬁde
934 4676 1141 4730 Christi
1169 4677 1241 4731 ad
1270 4676 1416 4732 bona
1449 4678 1627 4750 magis
1666 4679 1957 4733 audientes
1989 4678 2128 4732 sitis.

608 4763 661 4822 3.
687 4768 937 4821 AuoUs'r.
975 4768 1167 4835 (cmpos.
1189 4770 1252 4821 in
1278 4767 1486 4836 Evang.
1512 4772 1673 4824 Joan.
1698 4772 1862 4822 tract.
1896 4766 1967 4821 74
1992 4772 2128 4821 tom.

538 4853 633 4921 IX)
671 4854 839 4908 Nemo
869 4859 1042 4923 potest
1068 4856 1263 4910 dicere.
1304 4857 1624 4927 Apostolica
1663 4872 1763 4911 vox
1804 4859 1907 4909 est.
1941 4857 2128 4923 Nemo,

538 4946 674 5000 dicit
698 4939 969 4998 Dominus
987 4946 1159 5005 Jesus,
1195 4947 1310 4999 nisi
1335 4948 1396 4999 in
1419 4944 1637 5014 Spiritu
1664 4951 1868 4998 sancto.
1908 4944 1977 4997 Et
2006 4943 2131 5014 quis

536 5033 837 5091 Dominum
866 5034 1077 5097 Jesum,
1102 5034 1207 5089 nisi
1226 5034 1322 5105 qui
1342 5033 1526 5105 diligit
1555 5031 1730 5106 |addc,
1750 5031 1929 5106 eum],
1957 5033 2131 5087 dicit?

538 5122 585 5180 si
639 5141 705 5180 eo
751 5122 917 5178 modo
965 5121 1127 5180 dicit.
1153 5140 1264 5194 quo
1309 5122 1548 5193 intelligi
1593 5124 1893 5193 Apostolus
1935 5122 2125 5177 voluit.

538 5212 694 5268 Multi
722 5212 875 5268 enim
902 5227 1034 5266 voce
1076 5211 1286 5280 dicunt,
1322 5212 1486 5267 corde
1515 5217 1704 5267 autem
1744 5219 1800 5267 et
1838 5212 2000 5267 factis
2029 5228 2129 5266 ne-

537 5309 693 5372 gent.

610 5392 662 5446 4.
686 5392 931 5447 Αλωειοε.
960 5392 1130 5447 Nemo
1149 5397 1323 5462 potest
1342 5392 1536 5446 dicere.
1556 5391 1640 5447 Ne
1661 5391 1955 5447 hominum
1972 5391 2129 5446 favo-
2160 5424 2180 5441 .

540 5497 662 5536 rem
697 5480 1085 5538 existimarent
1112 5483 1170 5537 in
1202 5481 1400 5553 regula
1428 5480 1764 5550 Christiana,
1818 5488 2131 5555 etpropter

615 5565 723 5648 (5|)
755 5571 958 5628 Deesse
986 5571 1224 5640 videtur,
1260 5578 1484 5642 tempus.

2213 4329 2309 4377 tur
2361 4324 2648 4378 theosebia
2685 4327 2993 4391 (Οεοσέὸεια).
3037 4327 3178 4378 Nam
3218 4324 3322 4378 hoc
3362 4323 3593 4378 verbum
3636 4322 3817 4377 habet

2213 4412 2327 4467 ista
2353 4413 2633 4467 sententia
2671 4413 2727 4467 in
2758 4412 3040 4468 codicibus
3062 4414 3289 4468 Graecis.

2287 4504 2338 4556 7.
2371 4503 2618 4557 AUGUST.
2651 4505 2768 4571 (lib.
2801 4517 2879 4556 x11
2910 4504 2980 4557 De
3019 4503 3300 4557 Genesiad
3327 4504 3501 4566 liter.,
3554 4517 3677 4572 cap.
3714 4501 3811 4571 ‘13,

2213 4595 2351 4645 tom.
2384 4591 2487 4649 ΙΙΙ)
2515 4593 2633 4646 Alii
2661 4593 2935 4646 discretio.
2978 4591 3248 4645 Discretio
3289 4606 3423 4645 sane
3453 4589 3810 4659 difﬁcillima,

2216 4695 2345 4734 cum
2377 4680 2656 4750 malignus
2686 4679 2937 4750 spiritus,
2970 4678 3131 4750 quasi
3172 4679 3511 4750 tranquillus
3557 4677 3701 4748 agit;
3747 4696 3818 4734 ac

2215 4769 2336 4824 sine
2364 4770 2654 4825 vexatione
2683 4769 2873 4840 aliqua
2917 4768 3184 4838 corporis,
3231 4773 3518 4838 assumpto
3559 4767 3814 4822 humano

2214 4859 2413 4930 spiritu
2437 4860 2573 4913 dicit
2603 4858 2747 4928 quod
2782 4857 3227 4928 potest.Quando
3249 4857 3420 4910 etiam
3441 4873 3572 4910 vera
3592 4855 3816 4921 dicit,et

2212 4949 2376 5002 utilia
2403 4948 2687 5019 praedicat,
2719 4948 3128 5017 transfigurans
3153 4964 3214 5000 se
3245 4947 3304 5000 in
3329 4946 3591 5016 angelum
3614 4965 3625 5013 ;
3662 4945 3816 5001 sicut

2213 5038 2481 5108 scriptum
2514 5043 2616 5100 est,
2652 5036 2806 5091 velut
2833 5037 3098 5107 angelum
3129 5035 3285 5089 lucis.

2253 5124 2563 5182 8.LANFR.A
2576 5128 2643 5179 lii
2660 5128 3041 5194 interpretatio
3054 5141 3373 5179 sermonum
3386 5167 3396 5179 .
3407 5125 3705 5180 Sermones
3718 5142 3815 5180 vo-

2214 5216 2657 5285 cat,allegoricas
2680 5214 3041 5286 prolationes,
3063 5231 3161 5268 seu
3187 5214 3246 5268 in
3267 5214 3734 5276 dictionibus,seu
3749 5214 3812 5269 in

2215 5305 2578 5369 orationibus,
2604 5322 2725 5375 quae
2754 5304 2812 5357 in
2842 5304 3128 5375 pr0phctis
3155 5309 3212 5357 et
3228 5302 3544 5374 Evangeliis
3569 5301 3662 5357 ubi
3690 5303 3812 5359 fere

2211 5394 2733 5466 reperiuntur,quas
2744 5392 2838 5464 qui
2856 5391 3217 5463 interpretari
3234 5391 3432 5449 sciunt.
3446 5408 3545 5462 per
3561 5390 3809 5462 gratiam

2212 5484 2391 5538 sancti
2407 5483 2827 5554 Spiritus,illam
2843 5482 3135 5537 scientiam
3149 5481 3374 5536 habent.
3385 5482 3687 5537 Possumus
3703 5497 3811 5551 per
