3912 6422
134 390 210 448 197
776 387 855 443 ΙΝ
890 389 957 444 Ι).
999 383 1213 443 PAULI
1250 378 1477 438 EPIST.
1519 375 1668 436 COM

1771 379 1897 442 ιΝΤ.
1934 412 2005 428 -
2044 378 2267 439 EPIST.
2310 384 2334 438 Ι
2370 382 2468 438 AD
2506 385 2668 442 COR.
3218 388 3319 448 198

131 515 331 586 spiritus,
360 511 606 567 dividens
627 511 863 582 singulis
891 514 1059 583 prout
1098 508 1238 572 vult,
1285 506 1382 560 hoc
1414 505 1563 569 huic,
1609 503 1760 559 illud
1791 507 1901 571 illi,
1933 509 2042 561 alii
2079 510 2224 576 plus,
2252 509 2359 561 alii
2389 510 2598 563 minus.
2633 507 2720 568 10.
2752 510 2910 569 Sicut
2938 512 3089 569 enim
3115 527 3318 584 corpus

132 618 269 657 unum
292 607 387 667 est,
415 606 473 655 et
498 599 752 654 membra
772 598 943 653 habet
967 598 1176 661 multa;
1213 594 1296 651 11.
1330 592 1521 647 omnia
1549 596 1737 647 autem
1767 593 2023 650 membra
2048 595 2316 667 corporis,
2357 612 2485 650 cum
2531 597 2648 652 sint
2693 601 2890 665 multa,
2921 618 3099 657 unum
3127 607 3320 657 tamen

132 707 288 761 corpus
302 694 447 756 sunt,
473 688 558 743 ita
581 693 637 742 et
660 688 935 751 Christus,
968 688 1028 740 id
1055 689 1149 749 est,
1169 685 1351 750 caput,
1385 685 1435 733 et
1459 695 1671 748 corpus,
1695 697 1814 749 quae
1838 686 1911 736 est
1937 683 2195 737 Ecclesia.
2217 684 2343 748 Nos,
2368 686 2575 754 inquit,
2607 690 2855 744 membra
2873 691 3121 745 Ecclesia
3138 707 3323 746 unum

132 794 300 833 sumus.
334 777 547 832 Etenim
577 776 634 830 in
664 792 778 831 uno
808 773 1019 845 Spiritu
1041 786 1235 827 omnes
1272 784 1375 822 nos
1406 771 1467 821 ut
1515 772 1691 823 simus
1740 769 1801 823 in
1843 786 2018 825 unum
2050 788 2252 843 corpus
2296 773 2563 844 baptizati
2590 793 2803 845 sumus,
2836 778 2950 833 sive
2980 779 3178 846 Judaei,
3208 778 3325 835 sive

131 865 338 937 gentiles,
367 864 479 919 sive
504 865 671 929 servi,
704 863 819 918 sive
850 860 1039 929 liberi;
1073 864 1132 913 et
1169 872 1362 912 omnes
1398 855 1457 909 in
1503 871 1616 910 uno
1655 856 1867 927 Spiritu
1901 860 2080 930 potati
2110 877 2323 916 sumus.
2372 863 2518 917 Nam
2558 869 2617 919 et
2652 881 2854 938 corpus
2882 884 2996 923 non
3027 874 3114 924 est
3141 883 3321 925 unum

130 953 408 1019 membrum,
438 953 537 1008 sed
571 953 768 1007 multa.
796 953 958 1015 Licet,
984 950 1196 1018 inquit,
1228 949 1405 1000 simus
1432 959 1611 998 unum
1639 960 1857 1014 corpus,
1884 961 1996 1000 non
2017 953 2203 1005 tamen
2222 965 2408 1004 omnes
2426 966 2608 1006 unum
2634 956 2980 1021 membrum;
3009 958 3153 1011 sicut
3181 962 3230 1011 el
3250 960 3318 1013 in

129 1058 317 1110 corpore.
346 1041 432 1099 12.
465 1041 525 1097 Si
555 1040 761 1095 dixerit
786 1056 922 1112 pes:
958 1042 1081 1104 α,
1114 1033 1381 1108 quoniam
1407 1048 1520 1086 non
1550 1047 1678 1086 sum
1716 1049 1936 1101 manus,
1967 1051 2081 1091 non
2110 1053 2233 1091 sum
2263 1037 2334 1092 de
2363 1054 2595 1110 corpore
2628 1058 2640 1093 :
2677 1058 2812 1097 num
2832 1042 2959 1099 ideo
2986 1058 3099 1099 non
3126 1048 3216 1100 est
3250 1043 3321 1099 de

129 1131 345 1201 corpore?
368 1132 485 1186 Etsi
506 1132 737 1201 quidam
766 1132 830 1183 in
847 1128 1085 1183 Ecclesia
1112 1140 1226 1179 non
1253 1125 1368 1177 sint
1392 1122 1793 1191 pradicatores,
1818 1138 1927 1177 non
1950 1125 2067 1177 ideo
2097 1140 2207 1179 non
2225 1130 2358 1180 sunt
2383 1127 2447 1181 de
2474 1127 2748 1197 Ecclesia;
2765 1133 2908 1185 sicut
2932 1147 3041 1201 pes,
3063 1134 3187 1187 licet
3209 1147 3325 1188 non

128 1221 181 1273 sit
196 1236 389 1283 manus,
416 1236 531 1275 non
556 1220 674 1273 ideo
706 1233 819 1272 non
843 1221 917 1270 est
933 1218 994 1270 de
1022 1217 1271 1283 corpore?
1290 1210 1358 1264 Et
1372 1209 1420 1263 si
1441 1208 1646 1263 dixerit
1673 1209 1856 1264 auris:
1878 1210 2145 1280 quoniam
2165 1228 2276 1267 non
2299 1229 2425 1267 sum
2450 1214 2785 1280 oculus,non
2807 1235 2933 1273 sum
2953 1219 3024 1275 de
3051 1236 3317 1293 corpore:

128 1323 229 1361 num
252 1308 365 1362 ideo
391 1324 505 1362 non
535 1314 625 1363 est
648 1307 720 1361 de
748 1303 1019 1376 corpore?
1052 1302 1110 1358 Si
1134 1300 1226 1370 13,
1263 1298 1343 1355 l4.
1377 1302 1562 1352 totum
1589 1311 1791 1367 corpus
1813 1298 2008 1353 oculus
2038 1317 2051 1367 ;
2081 1298 2177 1354 ubi
2192 1301 2456 1357 auditus?
2486 1303 2544 1358 Si
2563 1309 2744 1361 totum
2774 1307 3034 1372 auditus,
3068 1308 3166 1364 ubi
3193 1309 3325 1364 odo-

128 1394 277 1449 ratus?
299 1412 333 1449 a
348 1397 548 1450 simili.
578 1396 743 1450 Nunc
769 1398 958 1447 autem
981 1389 1171 1462 posuit
1185 1388 1336 1442 Deus
1363 1382 1640 1452 membra,
1661 1388 2104 1459 unumquodque
2121 1405 2315 1445 eorum
2334 1390 2394 1445 in
2407 1407 2657 1463 corpore,
2679 1394 2825 1450 sicut
2841 1396 3033 1452 voluit.
3060 1397 3141 1454 15.
3165 1399 3327 1463 Quod

126 1484 159 1536 si
180 1488 339 1538 essent
357 1484 548 1538 omnia
576 1498 752 1538 unum
784 1479 1120 1544 membrum,
1137 1475 1234 1532 ubi
1262 1470 1504 1544 corpus?
1523 1474 1667 1542 Ergo
1697 1489 1810 1528 non
1833 1481 1966 1529 sunt
1987 1481 2181 1532 omnia
2196 1484 2440 1549 corporis
2465 1496 2647 1535 unum
2666 1485 2996 1552 membrum,
3017 1489 3108 1541 sed
3120 1489 3324 1557 multa,

125 1576 170 1623 ut
187 1587 330 1625 suum
342 1574 500 1625 sistat
517 1587 741 1640 corpus;
753 1574 845 1624 sin
861 1573 1032 1623 essent
1053 1567 1244 1621 omnia
1267 1578 1449 1617 unum
1465 1563 1798 1629 membrum,
1824 1579 1936 1618 non
1955 1566 2269 1622 subsisteret
2287 1569 2674 1637 corpus.Nunc
2691 1577 2882 1628 autem
2900 1574 3081 1630 multa
3097 1576 3328 1647 quidem

125 1660 347 1722 membra,
378 1676 558 1715 unum
588 1664 777 1713 autem
800 1672 1021 1727 corpus,
1052 1656 1366 1708 humanum
1390 1664 1588 1718 corpus
1618 1652 1925 1720 dicit,quod
1948 1657 2140 1723 nequit
2154 1672 2280 1719 esse,
2294 1660 2408 1711 nisi
2437 1661 2632 1713 multis
2662 1664 2924 1718 membris
2945 1671 3164 1719 constet.
3196 1666 3325 1722 Non

124 1750 267 1814 potest
290 1751 473 1801 autem
497 1749 621 1816 (per
632 1748 816 1801 simile
841 1745 1076 1799 ostendit
1096 1742 1343 1797 Ecclesiae
1361 1738 1610 1792 membra
1621 1741 1855 1793 invicem
1876 1756 1982 1795 esse
2003 1747 2326 1805 necessaria,
2340 1744 2405 1815 [f.
2425 1744 2558 1799 licet
2570 1746 2711 1820 sint]
2724 1754 2787 1803 ut
2810 1765 2924 1805 non
2943 1754 3057 1806 sint
3069 1753 3328 1820 differen-

124 1834 282 1905 tia)16.
298 1836 487 1891 oculus
509 1835 697 1890 dicere
716 1833 910 1889 manui
927 1852 940 1886 :
959 1847 1129 1903 opera
1142 1836 1243 1885 tua
1264 1844 1377 1883 non
1401 1825 1753 1896 indigeo,aut
1764 1826 1968 1882 iterum
1982 1835 2152 1900 caput
2161 1830 2397 1901 pedibus
2418 1849 2431 1885 :
2458 1848 2572 1886 non
2584 1833 2718 1887 estis
2734 1835 2873 1890 mihi
2889 1837 3329 1894 necessarii.Sed

122 1923 256 1978 multo
269 1925 440 1995 magis
450 1941 579 1997 quae
592 1924 856 1978 videntur
874 1920 1126 1976 membra
1141 1917 1389 1989 corporis
1413 1914 1960 1976 inﬁrmioramiliora
1981 1933 2124 1977 esse.
2145 1919 2528 1974 necessariora
2546 1928 2709 1976 sunt:
2742 1922 2817 1978 l7.
2851 1929 2909 1979 et
2924 1942 3047 1996 qum
3062 1931 3329 1998 putamus

120 2010 401 2079 ignobiliora
426 2012 685 2068 membra
714 2029 837 2067 esse
866 2010 1133 2083 corporis,
1167 2006 1474 2077 (pudendas
1494 2008 1680 2071 partes
1708 2005 1954 2072 corporis
1981 2006 2142 2074 dicit)
2175 2005 2263 2061 his
2292 2007 2561 2063 honorem
2591 2009 3085 2081 abundantiorem,
3119 2018 3328 2071 honore

119 2098 740 2163 oestium,circumdamus
758 2098 850 2153 18.
867 2103 926 2152 et
940 2112 1063 2168 quae
1074 2095 1373 2150 inhonesta
1384 2095 1518 2146 sunt
1533 2095 1728 2145 nostra
1744 2089 2213 2148 abundantiorem
2232 2095 2586 2152 honestatem
2611 2103 3067 2157 vestimenton
3092 2102 3325 2159 habent.

117 2180 181 2239 19.
204 2186 432 2242 Honesta
461 2194 660 2243 autem
688 2192 904 2250 nostra,
930 2191 992 2240 ul
1012 2186 1181 2250 oculi,
1198 2198 1383 2244 nares,
1412 2195 1596 2246 aures,
1614 2179 2059 2236 nulliushonoris
2082 2186 2534 2240 vestimentorum
2562 2192 2732 2257 egent
2762 2208 2775 2242 :
2807 2190 2905 2245 sed
2935 2192 3082 2247 Deus
3110 2197 3329 2265 tempe-

119 2274 225 2329 ravit
245 2293 453 2349 corpus,
484 2277 653 2344 ei,cui
671 2277 866 2332 deerat
892 2273 1360 2331 abundantiorem
1387 2269 1689 2325 tribuendo
1716 2272 2167 2327 vestimentorum
2194 2274 2485 2342 honorem,
2512 2281 2578 2331 ut
2603 2293 2715 2332 non
2738 2279 2814 2333 sit
2844 2280 3087 2336 schisma
3115 2281 3175 2337 in
3203 2298 3329 2337 cor-

118 2378 233 2432 pore,
258 2365 347 2421 sed
373 2365 625 2437 idipsum
654 2382 757 2437 pro
794 2365 1029 2419 invicem
1059 2362 1300 2418 sollicita
1325 2360 1441 2415 sint
1469 2356 1741 2413 membra.
1769 2357 1839 2412 Et
1864 2357 1912 2411 si
1939 2359 2072 2429 quid
2103 2360 2317 2431 patitur
2344 2376 2522 2417 unum
2548 2364 2884 2433 membrum,
2913 2369 3331 2440 competiuntur

117 2452 263 2506 omnia
284 2453 536 2509 membra
555 2473 567 2509 :
586 2453 703 2508 sive
720 2452 996 2524 gloriatur
1018 2466 1196 2507 unum
1229 2448 1565 2512 membrum,
1591 2445 1948 2515 congaudent
1972 2450 2165 2505 omnia
2192 2450 2466 2508 membra.
2489 2453 2597 2510 ‘ZOC
2612 2454 2725 2509 Vos
2755 2462 2947 2512 autem
2968 2461 3106 2514 estis
3126 2474 3330 2532 corpus

1379 2551 1971 2611 COMMENTARIUS.

116 2661 365 2717 sermones,
387 2649 659 2722 mysticae
669 2647 840 2703 etiam
858 2646 1096 2702 visiones
1114 2639 1651 2715 intelligere,quales
1668 2642 1711 2699 A
1729 2659 1843 2697 non
1868 2643 2029 2703 decet
2057 2652 2241 2704 totum
2269 2666 2472 2723 corpus
2500 2669 2624 2708 esse
2661 2652 2893 2723 oculus;
2946 2655 2995 2711 si
3039 2655 3193 2712 enim
3223 2657 3331 2712 hoc

116 2750 372 2808 apparuere
420 2736 708 2794 Pharaoni
746 2742 805 2791 et
850 2734 1383 2792 Nabuchodonosor.
1414 2734 1575 2790 Unde
1603 2740 1663 2790 et

116 2823 275 2897 Ioseph
299 2828 432 2884 dicit
463 2846 475 2882 :
505 2829 585 2883 Eo
604 2828 750 2898 quod
766 2829 864 2895 ﬁat
883 2841 1059 2880 sermo
1086 2826 1212 2881 Dei.
1250 2824 1321 2878 Et
1344 2823 1404 2877 in
1428 2824 1662 2879 Daniele

118 2911 301 2984 legitur:
327 2919 425 2972 Dic
443 2919 811 2983 somnium,et
838 2915 1348 2991 interpretationem
1371 2916 1487 2982 ejus
1515 2915 1662 2968 indi-

119 3006 335 3063 cabinms.
368 3007 437 3062 Et
461 3022 562 3061 rex
583 3000 706 3059 ait':
739 3006 930 3060 Sermo
954 3005 1168 3057 recessit
1198 3018 1235 3055 a
1260 3018 1361 3056 me.
1394 3002 1549 3066 Quas
1580 3002 1661 3057 in-

116 3094 363 3163 terpretari
390 3095 626 3165 utrique
651 3093 836 3147 divino
866 3108 1100 3147 munere
1142 3090 1407 3145 collatum
1437 3096 1541 3145 est.
1567 3088 1662 3145 Ait

117 3179 229 3234 enim
252 3183 452 3255 Joseph
485 3199 498 3232 :
528 3185 742 3251 Absque
772 3198 856 3236 me
874 3183 1015 3236 Deus
1035 3182 1375 3250 respondebit
1400 3195 1663 3249 prospera

116 3268 367 3325 Pharaoni.
404 3273 475 3326 Et
520 3271 724 3326 Daniel
762 3290 775 3324 :
822 3270 1114 3326 Ostendisti
1144 3268 1284 3322 mihi
1313 3285 1430 3339 quae
1450 3272 1665 3337 rogavi-

117 3371 208 3411 mus
229 3365 269 3414 le
280 3378 302 3428 ,'
326 3369 459 3430 quia
481 3376 794 3415 sermonem
816 3361 956 3428 regis
984 3360 1255 3428 aperuisti
1275 3359 1447 3413 nobis.

166 3443 208 3501 9.
248 3449 494 3506 “suos.
539 3452 666 3505 [lac
713 3454 897 3502 autem
939 3451 1149 3502 omnia.
1202 3446 1361 3511 Quod
1405 3445 1664 3519 superius

119 3534 251 3591 trium
283 3556 652 3610 personarum
690 3538 842 3603 dicit,
872 3554 1022 3592 nunc
1061 3554 1161 3609 per
1190 3554 1364 3592 unum
1392 3537 1665 3609 Spiritum

119 3634 325 3682 sanctum
352 3629 521 3700 dirigi
551 3629 678 3700 [al.,
711 3627 825 3698 agi]
856 3628 1168 3699 proﬁtetur.
1204 3627 1295 3687 Ut,
1333 3625 1467 3697 quia
1494 3626 1666 3681 unius

119 3719 290 3772 naturae
325 3724 475 3785 sunt,
535 3723 596 3772 et
643 3716 790 3788 quod
831 3733 980 3772 unus
1027 3719 1313 3787 operatur,
1361 3720 1668 3787 operentur

119 3806 205 3856 tres

171 3888 239 3949 10.
266 3893 473 3954 Leues.
511 3896 674 3953 Sicut
701 3896 851 3951 enim
870 3910 1064 3965 corpus
1092 3911 1275 3950 unum
1302 3898 1397 3949 est.
1422 3895 1472 3949 A
1495 3894 1667 3949 simili

1742 2738 1889 2788 esset
1908 2735 2028 2806 jam
2056 2753 2170 2792 non
2200 2745 2348 2794 esset
2373 2741 2559 2812 ipsum
2591 2758 2814 2814 corpus,
2848 2745 2984 2816 quia
3027 2761 3142 2801 non
3186 2748 3337 2801 esset

1742 2823 1968 2879 auditus
1986 2830 2045 2880 et
2071 2831 2285 2882 caterua
2313 2834 2502 2899 partes
2532 2829 2800 2903 corporis.

1812 2913 1901 2967 15.
1933 2915 2180 2970 Manes.
2215 2918 2367 2983 Quod
2386 2921 2438 2971 si
2460 2925 2630 2973 essent
2650 2923 2841 2973 omnia
2860 2936 3065 2977 unum.
3097 2921 3335 2978 Manife-

1742 3004 1891 3056 stum
1915 3008 2001 3056 est
2030 3000 2179 3074 quia,
2214 3002 2261 3058 si
2293 3019 2487 3060 omnes
2530 3007 2698 3061 unius
2732 3007 2974 3063 fuissent
3017 3009 3331 3081 dignitatis,

1744 3104 1857 3143 non
1882 3089 2203 3145 dicerentur
2224 3092 2494 3159 membra,
2534 3111 2715 3166 neque
2748 3111 2949 3167 corpus
2982 3114 2994 3150 :
3043 3097 3170 3152 ideo
3201 3098 3338 3169 quia

1746 3179 1868 3249 [al.,
1896 3179 2156 3252 ideoque]
2182 3182 2348 3237 variis
2378 3183 2759 3240 membrorum
2783 3185 2980 3241 officiis
3006 3204 3209 3259 corpus
3234 3204 3336 3261 gu-

1743 3265 2013 3323 bernatur
2026 3312 2038 3324 .

1816 3353 1902 3413 16.
1934 3358 2133 3413 Oculus
2160 3359 2338 3414 dicere
2374 3364 2594 3428 manui,
2617 3361 2723 3417 hoc
2751 3368 2856 3427 est,
2889 3378 3004 3419 non
3032 3370 3218 3437 potest
3236 3381 3341 3438 po-
3415 3412 3419 3423 .

1745 3444 1858 3501 tior
1883 3444 2067 3501 dicere
2095 3445 2343 3502 inferiori
2374 3468 2385 3503 :
2423 3448 2547 3504 Non
2569 3449 2706 3506 mihi
2736 3469 2876 3524 opus
2904 3470 2982 3508 es.

1818 3534 1907 3589 17.
1939 3536 2005 3590 Et
2035 3552 2153 3605 quae
2162 3543 2447 3606 putamus.
2480 3537 2766 3611 Despectis
2793 3542 2878 3596 vel
2906 3540 3213 3599 humilibus
3244 3561 3341 3601 ex-

1747 3623 1992 3678 hortatio
2023 3624 2341 3680 necessaria
2368 3631 2472 3695 est,
2512 3644 2614 3700 per
2634 3644 2806 3701 quam
2837 3631 3085 3687 addatur
3110 3633 3222 3688 illis
3245 3634 3344 3690 ho-

1749 3728 1873 3777 nor,
1903 3718 1968 3768 ut
1994 3713 2136 3768 ﬁant
2163 3713 2351 3770 utiles.

1826 3799 1908 3858 18.
1940 3802 2009 3857 Et
2029 3819 2147 3871 quae
2167 3805 2454 3859 inhonesta
2481 3812 2633 3861 sunt.
2685 3809 2831 3863 Nam
2856 3810 3041 3865 solent
3068 3812 3343 3867 succincti

1746 3890 2014 3945 vesticula
2031 3890 2249 3958 tetrica,
2278 3892 2419 3963 pede
2447 3893 2599 3948 nudo
2622 3894 2898 3951 incedere.
2930 3898 3073 3953 Cum
3095 3914 3228 3970 ergo
3255 3899 3346 3954 vi-

119 3983 317 4038 ostendit
340 3986 574 4056 quidem
604 4002 782 4040 unum
824 4001 947 4040 esse
974 3984 1253 4056 spiritum,
1287 3989 1345 4039 et
1371 3984 1491 4054 ejus
1519 3983 1668 4038 dona
1685 3995 1734 4058 Β
1752 3979 1993 4034 deantur
2021 3980 2487 4051 contemptibiles,
2539 3983 2721 4054 magis
2749 3984 2950 4040 honori
2996 3992 3154 4055 sunt;
3211 3986 3345 4058 quia

120 4084 213 4126 esse
258 4074 605 4147 multiplicia,
636 4074 782 4129 sicut
808 4069 983 4129 unum
1027 4078 1114 4128 est
1150 4090 1376 4145 corpus,
1418 4072 1673 4129 membra

119 4155 289 4216 habens
312 4164 509 4219 multa.
536 4163 705 4218 Ponit
723 4167 911 4218 autem
937 4161 1244 4230 Christum,
1265 4162 1324 4217 id
1353 4166 1459 4230 est,
1482 4167 1671 4235 caput,

120 4250 163 4300 et
182 4264 276 4305 non
292 4268 488 4325 corpus
518 4268 644 4323 quae
672 4256 759 4306 est
790 4251 1052 4319 Ecclesia,
1078 4267 1179 4323 pro
1219 4250 1422 4324 spiritu
1444 4268 1554 4323 quo
1576 4250 1674 4306 illa

121 4333 199 4389 sibi
218 4346 336 4395 sunt
363 4341 726 4396 cohaerentia.

173 4426 246 4481 1|.
272 4431 513 4487 Auuusr.
553 4431 784 4502 (Enarr.
822 4432 885 4484 in
910 4432 1049 4500 psal.
1071 4430 1199 4496 xxx)
1259 4430 1462 4485 Omnia
1487 4434 1673 4484 autem

126 4519 343 4573 membra.
373 4521 638 4592 Loquens
656 4519 728 4574 de
745 4518 1011 4573 membris
1031 4518 1259 4585 Christi,
1282 4519 1388 4573 hoc
1417 4518 1505 4574 est
1535 4518 1674 4574 ﬁde-

124 4599 253 4670 libus,
280 4624 386 4663 non
412 4610 498 4665 ait
528 4626 543 4664 :
572 4608 664 4664 Sic
688 4612 747 4663 et
772 4607 1024 4663 membra
1049 4608 1277 4663 Christi.
1313 4608 1422 4663 Sed
1454 4608 1559 4663 hoc
1586 4613 1673 4662 to-

127 4695 217 4747 tum
230 4698 363 4766 quod
380 4699 543 4763 dixit,
558 4697 844 4755 Christum
862 4696 1182 4769 appellavit.
1197 4696 1451 4752 Membra
1471 4698 1672 4767 multa,

126 4792 264 4838 unum
289 4802 485 4859 corpus
514 4787 773 4843 Christus
794 4805 808 4853 ;
829 4803 971 4865 ergo
995 4785 1162 4842 simul
1190 4803 1385 4841 omnes
1403 4803 1525 4856 nos,
1545 4803 1676 4843 cum

128 4874 270 4943 capite
296 4885 501 4944 nostro,
538 4876 816 4932 Christus.

187 4961 253 5018 l‘l.
295 4967 539 5023 Manes.
592 4965 657 5021 Si
705 4967 911 5020 dixerit
944 4982 1055 5035 pes.
1108 4965 1227 5020 Hoc
1254 4969 1340 5019 est
1368 4981 1480 5020 non
1511 4982 1676 5038 posse

132 5063 230 5105 eum
250 5056 337 5125 qui
362 5056 622 5111 inﬁrmus
652 5054 871 5110 videtur
897 5055 1046 5110 inter
1069 5053 1294 5121 fratres,
1309 5070 1520 5125 negare
1547 5052 1670 5128 [al.,

132 5142 308 5213 negari]
335 5160 455 5200 esse
483 5145 557 5200 de
575 5159 824 5216 corpore,
859 5143 992 5215 quia
1018 5160 1133 5198 non
1154 5160 1281 5198 sum
1303 5149 1520 5215 potens.

1755 4069 1938 4124 solent
1958 4069 2129 4124 vitam
2148 4068 2356 4125 habere
2394 4071 2751 4127 mundiorem
2765 4112 2779 4126 .

1825 4157 1914 4213 19.
1941 4160 2174 4213 Honesta
2215 4163 2403 4213 autem
2457 4165 2666 4215 nostra.
2707 4161 3017 4232 Fratribus,
3054 4164 3115 4219 in
3144 4163 3348 4236 quibus

1755 4247 2002 4301 studium
2031 4247 2247 4319 peritiae
2275 4253 2332 4302 et
2353 4249 2793 4305 conversationis
2815 4252 2984 4324 viget,
3006 4258 3065 4309 et
3088 4253 3352 4310 honesta-

1755 4336 1828 4391 tis
1856 4335 1996 4390 nihil
2025 4342 2112 4391 est
2141 4336 2291 4409 quod
2309 4353 2344 4392 a
2363 4336 2523 4392 nobis
2561 4338 2824 4396 addatur.

1824 4423 1895 4481 20
1916 4425 2120 4480 LANFR.
2156 4427 2245 4481 Vos
2271 4431 2459 4481 autem
2487 4429 2632 4483 estis.
2663 4429 2903 4501 Coaptat
2927 4429 3347 4501 similitudines,

1757 4530 1897 4585 quas
1925 4514 2183 4586 superius
2211 4515 2348 4570 dicit
2369 4515 2440 4570 de
2464 4532 2715 4588 corpore,
2759 4518 2832 4573 ad
2860 4519 2967 4573 hoc
2985 4520 3136 4591 quod
3163 4520 3304 4577 dixit
3335 4542 3348 4577 :

1761 4603 1966 4671 Corpus
2007 4619 2188 4659 unum
2217 4610 2312 4673 est,
2343 4609 2392 4658 et
2433 4607 2681 4660 membra
2711 4608 2913 4661 multa.
2946 4607 3221 4664 Convenit
3245 4609 3352 4664 hoc

1760 4692 1908 4765 quod
1953 4692 2089 4748 dicit
2131 4710 2143 4747 :
2209 4695 2296 4748 Vos
2345 4700 2533 4749 autem
2585 4697 2711 4749 estis
2751 4711 2946 4765 corpus
3010 4699 3236 4767 Christi,
3302 4703 3354 4754 et

1757 4784 2006 4837 membra
2023 4784 2087 4836 de
2098 4782 2460 4837 membro.Ad
2486 4783 2594 4838 hoc
2616 4785 2765 4855 quod
2793 4785 2960 4840 dixit:
2986 4787 3148 4842 Nunc
3168 4793 3357 4844 autem

1751 4874 1938 4942 posuit
1990 4872 2132 4926 Deus
2170 4874 2438 4936 membra,
2470 4876 2919 4945 unumquodque,
2966 4879 3110 4931 sicut
3154 4879 3351 4933 voluit.

1758 4960 2032 5016 Convenit
2059 4960 2209 5032 quod
2237 4960 2379 5015 dixit
2405 4978 2417 5014 :
2445 4959 2515 5017 Et
2535 4964 2801 5032 quosdam
2832 4967 3054 5034 quidem
3077 4969 3265 5036 posuit
3289 4970 3356 5021 in

1758 5051 1997 5105 Ecclesia
2026 5066 2046 5104 :
2068 5053 2325 5119 primum
2344 5054 2631 5119 apostolos,
2649 5056 2884 5108 secundo
2899 5056 3355 5124 prophetas,sicut

1760 5140 2032 5207 Agabum,
2053 5142 2105 5193 et
2129 5141 2270 5193 duas
2305 5141 2453 5206 ﬁlias
2473 5140 2739 5210 Philippi,
2764 5146 2924 5197 tertio
2966 5146 3220 5207 doctores,
3248 5146 3356 5198 etc.

183 5228 257 5286 13.
277 5232 333 5288 Si
357 5239 532 5288 totum
551 5249 747 5303 corpus
764 5233 973 5299 oculus,
993 5231 1052 5287 id
1077 5237 1177 5299 est,
1211 5231 1258 5286 si
1278 5248 1472 5287 omnes
1493 5238 1682 5289 essent
1766 5228 1851 5282 Ad
1896 5228 2002 5283 hoc
2045 5228 2195 5300 quod
2224 5227 2364 5282 dixit
2390 5245 2401 5281 :
2452 5227 2516 5283 Si
2549 5232 2725 5285 totum
2754 5248 2949 5301 corpus
2979 5239 3109 5286 esset
3145 5235 3355 5299 oculus,

134 5313 267 5370 unius
291 5322 489 5392 aperis,
543 5321 823 5395 quomodo
858 5321 1190 5394 impleretur
1232 5320 1450 5394 reliqua
1480 5321 1747 5419 ncessi-c
1768 5319 1866 5373 ubi
1899 5320 2168 5373 auditus?
2205 5317 2479 5419 Convenit
2516 5319 2623 5373 hoc
2665 5321 2815 5391 quod
3039 5337 3067 5419 ε⁵
3088 5320 3369 5419 Nunquid

134 5404 202 5456 188
221 5412 470 5481 corporis,
501 5428 633 5466 cum
677 5417 895 5466 constet
942 5410 1134 5466 multis
1161 5409 1360 5466 ofﬁciis
1388 5427 1530 5483 Opus
1557 5427 1677 5467 esse
1698 5404 1747 5419 “”
1766 5425 1957 5464 omnes
1992 5410 2267 5478 apostoli?
2311 5406 2588 5480 Nunquid
2630 5425 2815 5462 omnes
2842 5410 3154 5478 prophetae?
3196 5408 3361 5474 Quod

135 5489 187 5543 id
209 5499 570 5565 gubernacula
597 5502 872 5573 corporis.
1426 5495 1459 5545 ’ν
1768 5498 1970 5554 sectari
1999 5496 2170 5553 debet
2195 5497 2488 5565 charitate,
2532 5497 2617 5552 uti
2645 5497 2705 5551 in
2733 5498 2847 5552 fine
2876 5497 3137 5570 Epistolas
3165 5502 3217 5555 si
3244 5502 3362 5556 lin-

189 5582 258 5637 14·
301 5586 500 5646 Luna.
532 5591 597 5647 Si
636 5595 810 5646 totum
840 5607 1035 5663 corpus
1069 5595 1280 5648 oculus.
1312 5589 1431 5647 Nec
1457 5592 1682 5661 debent,
1766 5589 2025 5662 guis,etc.
2051 5585 2351 5644 concordet
2372 5587 2472 5655 sic,
2497 5589 2789 5642 sectamini
2810 5587 2985 5660 igitur
3004 5589 3357 5647 charilatem.

137 5665 300 5743 inquit,
334 5694 526 5737 omnes
573 5679 634 5735 in
665 5678 912 5737 Ecclesia
936 5697 1060 5740 esse
1099 5679 1515 5755 pmdicatores,
1551 5682 1686 5754 quia
1769 5680 1951 5736 Omne
1989 5675 2136 5754 quod
2170 5677 2371 5734 melius
2408 5683 2495 5733 est
2535 5682 2592 5734 et
2616 5676 2975 5737 excellentius
3004 5678 3130 5737 aliis
3157 5677 3363 5742 sectari
