3912 6404
578 316 683 389 199.

1556 310 1617 362 Β.
1661 307 2074 363 LANFRANCI
2114 307 2472 361 CANTUAR.
2512 307 2847 362 ARCHIEP.

3727 306 3825 364 200

566 439 795 505 Christi,
827 444 887 493 et
910 436 998 494 2i.
1033 435 1285 490 membra
1313 434 1381 488 de
1411 432 1683 487 membro.
1721 432 1790 485 Et
1821 431 2090 501 quosdam
2143 431 2366 501 quidem
2414 431 2601 501 posuit
2634 432 2781 485 Deus
2813 431 2869 485 in
2901 431 3144 485 Ecclesia
3184 449 3195 484 :
3230 431 3472 502 primum
3511 433 3819 510 apostolos,

563 526 660 586 22.
701 526 945 582 secundo
978 524 1297 596 prophetas,
1332 521 1417 575 23.
1453 521 1622 574 tertio
1652 520 1925 579 doctores.
1964 523 2245 587 episcopos,
2278 518 2477 571 deinde
2506 519 2761 582 virtutes,
2789 537 2870 573 eos
2917 524 3016 589 qui
3046 523 3322 573 miracu'a
3351 521 3591 586 faciunt;
3627 520 3825 574 exinde

562 614 776 686 gratias
804 613 1180 675 curationum,
1232 627 1315 663 eos
1343 612 1442 678 qui
1469 612 1720 673 inﬁrmos
1760 611 1981 671 curant,
2022 606 2437 675 opitulationes,
2474 610 2590 674 quae
2634 611 2693 660 in
2738 610 2967 661 diversis
2996 610 3231 671 artibus,
3270 610 3486 674 ofﬁciis,
3525 609 3828 661 industriis

565 702 1009 763 considerantur,
1036 696 1127 752 24.
1160 693 1613 765 gubernationes,
1650 695 1934 745 minorum
1973 710 2337 759 rersonarum
2383 697 2747 761 prwlationes,
2781 712 2993 765 genera
3027 696 3370 765 linguarum,
3399 698 3576 748 variis
3609 699 3823 763 linguis

565 794 859 861 loquentes,
894 784 1388 856 interpretationes
1416 796 1759 835 sermonum.
1783 780 2052 850 Nunquid
2082 799 2278 836 omnes
2307 783 2579 852 apostoli?
2609 786 2892 851 quosdam,
2928 786 3133 852 inquit,
3163 786 3346 851 posuit
3366 786 3651 850 apostolos,
3698 799 3829 838 nam

565 895 691 934 cum
720 882 954 946 aliquos,
990 890 1099 928 non
1129 888 1313 926 omnes
1338 872 1519 939 posuit
1550 871 1830 935 apostolos,
1864 874 1943 921 sic
1968 870 2031 922 de
2061 874 2292 939 reliquis
2346 870 2613 941 Nunquid
2641 887 2834 926 omnes
2854 871 3460 943 propheta7Nunquid
3480 887 3678 925 omnes
3706 873 3831 926 doc-

562 967 749 1023 tores?
778 963 1042 1036 Nunquid
1066 978 1260 1016 omnes
1288 959 1523 1012 virtutes
1545 956 1572 1008 ?
1603 956 1869 1025 Nunquid
1913 974 2106 1011 omnes
2133 958 2373 1028 gratiam
2406 959 2612 1013 habent
2657 961 3054 1014 curationum?
3090 960 3358 1030 Nunquid
3399 976 3592 1013 omnes
3621 959 3830 1030 linguis

560 1056 911 1128 loquuntur?
935 1049 1202 1123 Nunquid
1231 1065 1425 1103 omnes
1450 1046 1937 1117 interpretantur?
1965 1045 2034 1101 25
2090 1047 2460 1101 ziEmulamini
2492 1058 2683 1102 autem
2705 1051 3048 1104 charismata
3078 1051 3329 1104 meliora.
3354 1051 3422 1104 Et
3438 1049 3621 1104 adhuc
3654 1050 3829 1104 excel-

560 1144 855 1199 lentiorem
883 1144 1017 1215 (quae
1043 1140 1297 1208 superius
1327 1140 1587 1204 dixerim)
1620 1133 1767 1187 viam
1798 1136 1871 1188 ad
1904 1136 2298 1189 beatitudinem
2328 1136 2481 1190 vobis
2510 1137 2931 1197 demonstrabo.

1992 1250 2225 1305 CAPUT
2252 1251 2403 1307 XIII.

632 1374 692 1428 Si
717 1371 929 1442 linguis
955 1368 1246 1424 hominum
1277 1367 1561 1437 loquar,et
1577 1369 1741 1419 etiam
1761 1364 2089 1434 angelorum
2110 1367 2521 1435 (exaggeratio)
2535 1366 2866 1422 charitatem
2888 1373 3077 1423 autem
3099 1386 3212 1423 non
3239 1368 3686 1435 habeam,factus
3707 1387 3828 1425 sum

557 1462 712 1518 velut
728 1478 804 1515 aes
822 1474 1048 1522 sonans,
1071 1473 1182 1510 non
1202 1455 1494 1524 proﬁciens
1519 1454 1786 1519 mihi,aut
1804 1452 2118 1523 cymbalum
2140 1454 2482 1509 tinniens.Et
2500 1455 2548 1509 si
2568 1456 2814 1511 habuero
2836 1459 3208 1528 pr0phetiam,
3229 1465 3287 1513 et
3296 1459 3542 1513 noverim
3560 1460 3835 1530 mysteria

558 1550 831 1615 omnia,et
843 1562 1068 1602 omnem
1084 1544 1375 1598 scientiam
1385 1548 1462 1609 ;et
1476 1542 1523 1595 si
1544 1541 1791 1595 habuero
1802 1558 2025 1595 omnem
2042 1542 2207 1596 fidem
2229 1543 2309 1596 ita
2321 1548 2386 1596 ut
2397 1549 2614 1597 montes
2631 1546 3056 1611 transferamﬁtn
3080 1550 3189 1601 loco
3200 1549 3274 1600 ad
3286 1548 3833 1613 locum,charitatem

560 1643 749 1693 autem
768 1653 880 1691 non
904 1632 1322 1699 habuero,nihil
1340 1632 1563 1686 sum.Et
1580 1631 1628 1684 si
1647 1630 1986 1685 distribuere
2002 1630 2057 1683 in
2072 1631 2222 1685 cibos
2238 1648 2546 1702 pauperum
2560 1649 2753 1686 omnes
2772 1634 3065 1689 facultates
3088 1641 3324 1699 meas,et
3340 1636 3387 1689 si
3407 1636 3700 1690 tradidero
3718 1654 3835 1690 cor-

559 1744 666 1798 pus
688 1742 876 1780 meum
898 1725 982 1778 ita
1003 1730 1068 1777 ut
1094 1723 1343 1787 ardeam,
1367 1720 1699 1775 charitatem
1717 1726 1904 1773 autem
1924 1736 2035 1773 non
2051 1720 2319 1785 habuero,
2342 1722 2485 1776 nihil
2508 1724 2645 1776 mihi
2668 1725 2912 1793 prodest.
2938 1725 3196 1778 Charitas
3212 1726 3432 1795 patiens
3455 1731 3558 1790 est,
3583 1725 3837 1796 benigna

558 1822 646 1870 est
663 1834 676 1881 ;
693 1814 938 1869 Charitas
951 1829 1063 1866 non
1079 1810 1515 1875 aemulaturmon
1528 1825 1647 1862 eam
1659 1811 1895 1875 felicitas
1907 1811 2094 1862 aliena
2118 1813 2432 1875 contristat,
2458 1828 2570 1865 non
2592 1812 2711 1880 agit
2739 1829 3054 1882 perperam,
3092 1813 3105 1868 1
3125 1855 3136 1867 .
3158 1830 3268 1867 non
3292 1814 3544 1879 inflatur,
3562 1818 3702 1882 quia
3722 1831 3835 1868 non

559 1920 682 1959 eam
698 1907 908 1958 extollit
929 1919 1031 1955 sua
1045 1903 1302 1969 felicitas,
1322 1914 1433 1953 non
1454 1904 1538 1951 est
1561 1897 1878 1959 ambitiosa,
1910 1898 2153 1961 honoris,
2185 1905 2266 1951 vel
2297 1903 2632 1965 alienorum,
2670 1916 2780 1954 non
2810 1902 3012 1970 quaerit
3040 1905 3207 1955 etiam
3242 1918 3366 1972 quae
3394 1918 3496 1955 sua
3519 1910 3676 1967 sunt,
3711 1919 3828 1956 non

556 1995 954 2060 irritatur,non
975 1991 1187 2061 cogitat
1203 1990 1550 2053 malum,non
1567 1986 1775 2057 gaudet
1794 2002 1963 2056 super
1980 1985 2307 2056 iniquitate;
2337 1989 2653 2057 congaudet
2683 1995 2870 2043 autem
2905 1990 3149 2056 veritati,
3176 1994 3426 2058 aquitati
3443 2007 3465 2057 ;
3492 1991 3686 2045 omnia
3706 1992 3829 2045 suf-

555 2078 1076 2150 fert,su/]‘erenda,‘2.
1102 2078 1292 2132 omnia
1310 2082 1583 2141 εει-τά
1605 2075 2094 2139 credit,credenda,
2119 2073 2150 2131 3
2192 2075 2381 2128 omnia
2394 2079 3106 2146 sperat,speranda,omnia
3127 2080 3387 2137 sustinet.
3409 2081 3761 2133 sustinenda.
3778 2081 3832 2146 4,

556 2172 607 2230 5.
641 2171 902 2229 Charitas
929 2183 1217 2239 nunquam
1238 2165 1461 2231 excidit,
1494 2166 1553 2219 id
1582 2170 1676 2230 est,
1697 2167 1862 2225 cadit,
1888 2166 2022 2231 quia
2052 2166 2115 2215 in
2142 2163 2239 2215 hoc
2265 2168 2458 2217 saeculo
2484 2169 2576 2229 est,
2592 2170 2644 2218 et
2672 2168 2734 2219 in
2765 2168 2960 2232 futuro
2983 2171 3125 2220 erit:
3148 2169 3296 2234 ﬁdes,
3329 2184 3462 2235 spes,
3493 2173 3599 2221 etc.
3626 2170 3694 2221 in
3728 2170 3838 2222 hoc

553 2266 745 2317 seculo
777 2265 1017 2325 tantum,
1049 2258 1165 2310 sive
1194 2256 1245 2309 6.
1294 2253 1603 2325 prOphetias
1640 2252 2078 2317 evacuabuntur,
2111 2251 2225 2304 sive
2254 2251 2459 2321 linguae
2497 2253 2818 2317 cessabunt,
2853 2255 2970 2308 sive
3004 2255 3615 2316 scientia_destruetur.
3652 2256 3707 2307 7.
3743 2257 3828 2310 Ex

554 2355 714 2422 parte
738 2349 891 2404 enim
918 2344 1324 2416 cognoscimus,
1346 2349 1405 2397 et
1432 2359 1499 2396 ex
1526 2347 1685 2413 parte
1713 2341 2134 2412 prophetamus.
2168 2337 2223 2395 8.
2255 2342 2396 2395 Cum
2420 2349 2610 2397 autem
2640 2344 2855 2398 venerit
2878 2346 3027 2415 quod
3049 2345 3358 2417 perfectum
3387 2350 3490 2411 est,
3522 2345 3831 2399 evacuabi-

1901 2455 2493 2511 COMMENTARIUS.

553 2583 841 2639 debemus.
895 2579 1154 2635 Charitas
1218 2579 1407 2629 autem
1468 2571 1827 2647 excellentior
1891 2576 1977 2625 est
2022 2570 2424 2634 aliisAcredit,
2458 2573 2557 2627 sed
2587 2574 2720 2641 Deo,
2745 2576 2877 2646 quia
2900 2592 3012 2630 non
3040 2576 3254 2631 dictum
3282 2582 3403 2646 est;
3431 2576 3694 2632 omnibus
3715 2595 3837 2633 cre-

554 2672 717 2743 donis
774 2669 1016 2743 Spiritus
1074 2665 1271 2727 sancti,
1351 2662 1499 2735 quod
1563 2669 1649 2716 est
1707 2663 2143 2715 excellentiorem

552 2738 725 2823 viam,
759 2738 865 2813 etc.
902 2759 1067 2827 Ergo,
1114 2760 1219 2811 etc.
1270 2752 1483 2807 Deinde
1539 2768 1607 2805 ea
1660 2750 1781 2804 sola
1826 2748 2034 2803 sufficit
2073 2748 2145 2803 ad

551 2848 980 2910 beatitudinem,
1011 2845 1124 2899 alia
1157 2858 1269 2897 non
1309 2842 1427 2895 sine
1462 2841 1578 2894 illa.
1612 2840 1753 2903 Quia
1782 2855 1964 2909 neque
1993 2838 2145 2909 loqui

550 2938 778 3010 linguis,
836 2952 1018 3007 neque
1065 2932 1378 3006 pr0phetia,
1418 2947 1600 3001 neque
1655 2928 1905 2992 scientia,
1963 2944 2144 2998 neque

549 3028 709 3092 ﬁdes,
759 3042 941 3097 neque
983 3024 1356 3093 eleemosyna,
1404 3036 1587 3090 neque
1629 3017 1964 3089 martyrium
1996 3017 2147 3070 sufﬁ-

547 3108 706 3172 ciunt
730 3115 800 3169 ad
818 3112 1244 3176 beatitudinem,
1278 3110 1398 3163 sine
1435 3108 1709 3161 charitate
1734 3126 1746 3172 ;
1780 3105 2023 3160 charitas
2052 3122 2147 3159 au-

552 3212 668 3261 tem
722 3205 843 3259 sola
877 3201 1101 3265 sufficit,
1135 3205 1192 3254 et
1222 3200 1325 3252 hoc
1364 3203 1451 3251 est
1500 3197 1647 3267 quod
1677 3196 1813 3249 dicit
1844 3206 1855 3241 ε
1892 3197 2147 3251 Charitas

542 3297 764 3366 patiens
793 3298 888 3356 est,
922 3295 1027 3345 etc.
1045 3306 1224 3360 usque
1251 3288 1341 3353 ad,
1363 3302 1653 3354 nunquam
1684 3285 1900 3338 excidit.
1928 3284 2071 3338 Nam
2092 3288 2149 3337 et

548 3382 784 3439 scientia
831 3387 888 3435 et
933 3378 1228 3451 prophetia
1272 3375 1691 3430 evacuabuntur
1738 3392 1749 3426 :
1791 3389 1958 3427 omne
1996 3372 2144 3427 enim

548 3471 938 3547 imperfectum
996 3466 1239 3540 perfecto
1297 3462 1740 3535 superveniente,
1785 3467 2085 3516 evacuatur
2122 3480 2134 3514 :

548 3548 706 3633 atqui
731 3556 1029 3631 prophetia
1076 3563 1134 3610 et
1184 3553 1419 3609 scientia
1446 3556 1576 3606 sunt
1615 3550 1980 3621 imperfecta;
2007 3567 2139 3620 ergo

546 3648 987 3706 evacuabuntur.
1020 3644 1179 3709 Quod
1207 3650 1398 3698 autem
1436 3642 1607 3695 dicit:
1647 3657 1773 3694 cum
1813 3657 1975 3694 essem
1999 3655 2141 3708 par-

541 3741 724 3808 vulus,
756 3736 956 3809 probat
989 3750 1154 3789 omne
1182 3731 1571 3804 imperfectum
1601 3729 1844 3800 perfecto
1874 3745 2138 3800 superve-

538 3830 731 3885 niente
759 3823 1037 3881 evacuari.

2227 2661 2333 2718 dit.
2992 2714 2998 2719 .

2297 2749 2351 2805 3.
2388 2751 2588 2805 Omnia
2615 2758 2817 2821 sperat.
2853 2754 2996 2807 Nam
3019 2753 3145 2808 ideo
3165 2755 3369 2809 tolerat
3397 2754 3661 2809 omniain
3689 2773 3838 2827 prae-

2227 2839 2372 2911 senti
2400 2840 2531 2906 vita,
2567 2841 2701 2911 quia
2726 2843 2903 2896 credit
2932 2844 3123 2897 omnia
3143 2844 3211 2897 de
3232 2844 3423 2898 futura
3450 2845 3578 2897 vita.
3605 2845 3676 2897 Et
3709 2848 3841 2900 suf-

2226 2910 2336 2981 fert
2363 2929 2553 2983 omnia
2582 2946 2704 3000 quae
2725 2930 2813 2984 hic
2833 2931 3245 3001 immittuntur,~
3257 2934 3391 3002 quia
3418 2939 3609 3004 sperat
3636 2935 3841 2989 omnia

2229 3032 2350 3086 qum
2378 3014 2452 3069 ibi
2475 3017 2882 3087 promittuntur
2931 3021 3130 3074 Merito
3167 3038 3298 3091 ergo
3328 3037 3616 3090 nunquam
3645 3023 3830 3077 cadit.

2299 3103 2352 3159 4.
2394 3107 2639 3160 AUGUST.
2678 3109 2766 3169 (In
2807 3110 2967 3162 Joan.
3003 3123 3079 3173 1v,
3120 3126 3170 3163 c.
3228 3108 3324 3172 l6;
3358 3126 3543 3178 capas.
3574 3112 3636 3162 in
3664 3111 3698 3162 Ι
3730 3112 3838 3180 Ep.

2227 3196 2387 3247 Joan.
2422 3199 2571 3248 tract
2623 3194 2678 3262 9,
2710 3200 2735 3249 t
2787 3196 2886 3253 IX.
2916 3198 3173 3253 Charitas
3210 3214 3521 3266 nunquam.
3564 3199 3713 3252 Deus
3747 3202 3839 3254 di-

2229 3285 2383 3336 lectio
2409 3288 2481 3336 est
2496 3302 2513 3348 ;
2547 3289 2592 3337 et
2624 3288 2723 3352 qui
2750 3291 2954 3353 manet,
2988 3285 3192 3356 inquit,
3215 3290 3277 3340 in
3301 3289 3607 3351 dilectione,
3634 3289 3699 3339 in
3724 3290 3843 3343 Deo

2227 3378 2432 3435 manet,
2466 3378 2513 3425 et
2554 3373 2691 3426 Deus
2738 3377 2799 3428 in
2842 3376 2942 3428 illo
2973 3381 3181 3428 manet.
3220 3375 3277 3429 Si
3323 3374 3424 3428 tibi
3472 3375 3670 3428 domus
3702 3377 3840 3441 Dei,

2224 3465 2342 3513 esto
2386 3460 2585 3515 domus
2637 3462 2757 3515 Dei.
2795 3464 2957 3517 Mane
3004 3464 3062 3517 in
3114 3465 3248 3528 Deo,
3290 3470 3347 3517 et
3400 3474 3624 3517 maneat
3662 3464 3729 3518 in
3777 3472 3840 3521 te

2223 3549 2391 3603 Deus.
2430 3551 2621 3605 Manet
2647 3551 2703 3605 in
2733 3557 2788 3604 te
2820 3552 2988 3615 Deus,
3014 3560 3079 3606 ut
3108 3559 3163 3606 te
3193 3553 3508 3620 contineat;
3540 3570 3745 3609 manes
3776 3556 3839 3610 in

2222 3638 2356 3700 Deo,
2390 3656 2459 3692 ne
2478 3640 2666 3693 cadas.
2698 3640 2841 3704 Quia
2870 3641 2949 3695 sic
2975 3642 3044 3696 de
3070 3642 3193 3713 ipsa
3221 3643 3495 3696 charitate
3514 3643 3839 3712 Apostolus

2221 3727 2401 3781 dicit:
2456 3729 2709 3783 Charitas
2768 3747 3059 3801 nunquam
3122 3730 3290 3787 cadit.
3333 3730 3622 3795 Quomodo
3668 3734 3844 3788 cadit

2221 3834 2389 3886 quem
2413 3818 2663 3871 continet
2691 3819 2882 3872 Deus?

570 3902 577 3907 “
606 3917 696 3977 21.
730 3917 977 3972 Membra
1025 3915 1089 3967 de
1136 3914 1399 3967 membro.
1449 3910 1520 3963 Se
1572 3912 1734 3962 vocat
1764 3905 2075 3960 membrum
2107 3902 2202 3960 aB
2295 3908 2345 3959 5.
2380 3907 2587 3959 LANFR.
2619 3908 2876 3962 Charitas
2920 3925 3213 3977 nunquam
3243 3910 3460 3973 excidit,
3494 3908 3551 3962 id
3582 3914 3684 3972 est,
3727 3928 3838 3967 ca-

534 4026 669 4080 quo,
716 4004 773 4061 id
824 4011 929 4071 est,
983 4021 1019 4057 a
1063 4005 1224 4073 cujus
1269 3999 1666 4071 praedicatione
1715 3996 2008 4062 Corinthii,
2044 3996 2140 4067 qui

536 4101 701 4152 erant
723 4093 977 4149 membra
1001 4091 1228 4155 Christi,
1268 4092 1685 4161 processerunt,
1717 4086 1803 4139 vel
1833 4086 2137 4154 Christum,

542 4185 638 4260 qui
670 4182 926 4239 Ecclesiae
948 4186 1118 4251 caput
1147 4185 1252 4233 est.

606 4271 696 4330 22.
728 4273 973 4325 AMBROS.
996 4268 1241 4323 Secundo
1264 4265 1570 4334 prophetas.
1600 4263 1912 4334 Prophetas
1930 4263 2137 4318 intelli-

534 4362 721 4433 gimus
742 4360 935 4414 futura
956 4357 1222 4420 dicentes,
1246 4358 1300 4407 et
1331 4353 1647 4425 Scripturas
1668 4353 1997 4409 revelantes.

607 4449 696 4507 23.
733 4450 910 4504 Tertio
931 4448 1188 4501 doctores.
1230 4444 1497 4498 Doctores
1535 4442 1688 4508 dicit,
1722 4442 1817 4514 qui
1845 4442 2050 4496 litteris
2078 4446 2136 4496 et

534 4537 868 4595 lectionibus
898 4552 1102 4608 pueros
1123 4532 1466 4587 imbuebant.

613 4629 710 4687 ‘24.
778 4626 1235 4684 Gubernationes.
1301 4622 1444 4677 Sunt
1490 4626 1548 4676 et
1581 4619 2007 4693 gubernatores,
2042 4620 2137 4690 qui

538 4714 928 4793 spiritualibus
954 4711 1348 4786 gubernaculis
1378 4711 1711 4766 documento
1741 4713 1893 4763 sunt.

604 4808 694 4866 25.
763 4807 975 4862 LANFR.
1034 4803 1407 4859 zEmulamini
1457 4802 1814 4855 charismata.
1858 4797 2134 4852 Corinthii

534 4911 893 4968 summopere
941 4889 1337 4947 desiderabant
1362 4890 1604 4960 gratiam
1638 4887 1990 4956 linguarum;
2036 4885 2134 4939 sed

534 4988 797 5045 hortatur
826 5000 920 5039 eos
956 4979 1257 5053 Apostolus
1287 4986 1352 5033 ut
1379 4978 1615 5032 meliora
1661 4975 2007 5029 charismata
2034 4974 2133 5027 de-

2222 3994 2472 4065 dit,quia
2495 4001 2554 4048 et
2579 3995 2635 4048 in
2653 3996 2757 4049 hoc
2773 3997 2973 4050 saeculo
2996 4003 3101 4061 est,
3126 4004 3182 4051 et
3207 3997 3265 4051 in
3294 3999 3504 4052 futuro.
3538 3998 3659 4052 Erit
3678 3999 3840 4056 ﬁdes

2225 4091 2281 4138 et
2309 4101 2434 4155 spes
2463 4085 2522 4138 in
2554 4085 2658 4139 hoc
2700 4087 2899 4140 sazculo
2924 4093 3164 4141 tantum.

2293 4174 2351 4229 6.
2383 4175 2679 4242 Ρνορὴσείέε
2707 4178 3140 4229 evacuabuntur.
3175 4176 3238 4230 In
3269 4176 3360 4229 die
3374 4176 3570 4246 judicii
3600 4182 3658 4231 et
3686 4194 3838 4248 pro-

2219 4261 2411 4332 phetia
2442 4261 2818 4330 evacuabitur,
2853 4270 2909 4317 et
2936 4264 3175 4317 varietas
3203 4264 3524 4333 linguarum
3554 4266 3839 4337 cessabit,

2218 4356 2275 4403 et
2312 4349 2548 4403 scientia
2574 4350 2689 4403 sive
2718 4353 3133 4405 mundanarum
3165 4368 3375 4418 rerum,
3401 4354 3516 4406 sive
3553 4353 3625 4407 ad
3647 4370 3838 4425 quam

2216 4438 2638 4510 dispositionem
2661 4441 2998 4510 pervenitur,
3032 4441 3378 4498 destruetur.

2289 4525 2343 4582 7.
2376 4529 2458 4581 Ea:
2483 4533 2641 4596 parte
2665 4533 2834 4584 enim.
2880 4530 3048 4594 Quasi
3079 4531 3290 4585 diceret
3318 4550 3329 4585 :
3364 4531 3497 4586 Ideo
3518 4533 3838 4604 prophetia

2219 4616 2580 4671 evacuabitur
2617 4623 2673 4671 et
2715 4619 2949 4673 scientia
2995 4621 3334 4688 destruetur,
3368 4621 3502 4692 quia
3547 4638 3614 4676 ex
3654 4631 3837 4695 parte

2218 4713 2351 4762 sunt
2374 4726 2386 4774 ;
2411 4723 2578 4762 omne
2607 4713 2795 4762 autem
2829 4709 2976 4779 quod
3007 4726 3071 4763 ex
3101 4716 3258 4780 parte
3289 4716 3391 4775 est,
3424 4709 3836 4781 imperfectum

2216 4802 2338 4865 est;
2374 4813 2539 4851 omne
2586 4802 2773 4852 autem
2824 4798 2972 4869 quod
3022 4798 3409 4871 imperfectum
3448 4804 3549 4866 est,
3584 4817 3841 4859 evacua-

2217 4885 2384 4943 bitur.

2285 4976 3257 5047 8.ACGCST.(l)eper/cc.justitiae,c.8
3275 4978 3583 5045 t.VII)Cum
3601 4987 3837 5040 venerit

533 5076 803 5141 siderent,
827 5078 882 5129 et
912 5070 1152 5127 maxime
1176 5068 1416 5141 gratiam
1441 5062 1836 5138 prophetandi.
2214 5067 2359 5133 quod
2389 5070 2713 5149 perlectum.
2750 5067 2890 5121 Cum
2934 5068 3147 5121 venerit
3176 5068 3319 5139 quod
3352 5067 3659 5139 perfectum
3710 5078 3813 5129 est

548 5158 553 5161 ’
602 5165 767 5222 CAP.
804 5161 1032 5218 XlIl.-—
1060 5160 1107 5216 ι.
1143 5160 1386 5213 Αυουετ.
1422 5157 1512 5225 (De
1535 5154 1717 5209 Genes.
1747 5153 1821 5205 ad
1851 5153 1959 5218 lit.,
1992 5152 2029 5207 ι.
2054 5168 2128 5220 x1,
2216 5155 2365 5225 quod
2386 5172 2451 5209 ex
2471 5166 2628 5226 parte
2652 5162 2734 5210 est
2756 5157 3156 5221 destruetur,id
3178 5158 3521 5227 est,nonjam
3540 5174 3604 5211 ex
3623 5168 3834 5231 parte,

527 5271 649 5328 cap.
687 5258 745 5324 5,
774 5252 876 5308 sub
899 5251 1062 5311 med.)
1092 5249 1217 5304 Non
1256 5249 1516 5317 inﬂatur,
1546 5241 1602 5295 id
1634 5250 1736 5305 est,
1768 5256 1881 5293 non
1913 5231 2185 5310 privataC
2209 5244 2306 5298 sed
2340 5261 2401 5298 ex
2433 5251 2551 5299 toto
2578 5244 2705 5312 erit,
2736 5247 2866 5316 quia
2885 5246 3013 5300 ﬁdei
3034 5253 3090 5300 et
3110 5246 3249 5316 spei,
3276 5247 3392 5315 jam
3416 5263 3504 5299 res
3524 5246 3667 5316 ipsa,
3698 5267 3837 5308 non

530 5330 856 5401 excellentia
881 5340 1104 5395 laetatur
1126 5357 1140 5406 ;
1173 5335 1374 5391 merito
1404 5349 1537 5402 ergo
1558 5347 1669 5384 non
1700 5330 1956 5388 inﬂatur.
2208 5353 2329 5407 quin
2349 5336 2611 5389 credatur
2632 5343 2688 5389 et
2712 5337 3087 5406 speretur,sed
3108 5353 3228 5406 quae
3246 5337 3498 5389 videatur
3516 5340 3837 5393 teneatur-

543 5412 555 5432 ὖ
594 5433 649 5491 2.
704 5434 951 5489 AUGUST.
996 5431 1086 5499 (De
1131 5428 1315 5495 spirit.
1364 5429 1410 5476 et
1452 5425 1561 5485 lit.,
1604 5438 1721 5491 cap.
1774 5418 1862 5486 32,
1907 5426 1949 5474 t.
1984 5422 2125 5492 ΙΙΙ.)
2208 5442 2314 5496 que
2370 5426 2644 5479 succedet.
2688 5425 2945 5479 Charitas
2976 5432 3165 5479 autem
3194 5442 3316 5496 qua:
3344 5425 3433 5478 his
3464 5423 3568 5496 [αι.
3602 5425 3660 5479 ἱη
3696 5428 3831 5503 his]

527 5525 729 5582 Omnia
758 5524 948 5579 credit.
982 5520 1113 5590 Ipsa
1131 5514 1400 5579 Charitas,
1427 5527 1548 5583 quae
1578 5509 1766 5564 omnia
1794 5510 1989 5578 credit,
2009 5528 2121 5565 non
2207 5515 2387 5569 tribus
2427 5516 2610 5585 major
2651 5521 2759 5584 est,
2799 5533 2910 5570 non
2939 5516 3247 5580 auferatur,
3283 5514 3381 5568 sed
3412 5520 3714 5584 augeatur,
3755 5529 3835 5576 et

523 5614 677 5701 qmni
722 5610 945 5689 spiritui
982 5605 1179 5665 credit.
1222 5605 1300 5658 Ac
1343 5616 1445 5675 per
1472 5601 1598 5668 hoc,
1642 5598 1833 5655 omnia
1887 5602 2116 5672 quidem
2199 5603 2504 5675 impleatur
2542 5604 2665 5674 [at.,
2717 5604 3040 5675 augebitur,
3087 5609 3144 5657 et
3174 5602 3522 5675 implebitur]
3552 5610 3833 5662 contem-
