3912 6358
73 341 153 401 201
727 296 817 392 IN‘
846 336 913 390 D.
955 336 1169 393 PAULI
1201 335 1431 393 EPIST.
1472 336 1845 393 COMMENT.
1880 365 1944 377 -
1971 334 2196 392 EPIST.
2241 336 2267 391 1
2303 336 2401 391 AD
2438 335 2602 391 con.
3191 333 3299 396 202

75 472 153 519 tur
168 463 307 534 quod
334 478 399 518 ex
427 467 589 534 parte
606 466 694 517 est
721 463 1163 531 (Transsumptio
1191 464 1265 517 ad
1292 465 1501 529 minus,
1534 478 1652 531 qua
1676 466 1862 516 tamen
1878 475 1981 528 pro
2000 460 2182 514 simili
2200 461 2412 519 sumit).
2444 459 2587 515 Cum
2605 474 2785 514 essem
2805 460 3092 531 parvulus,
3110 463 3306 534 loque-

78 552 162 605 bar
183 557 243 606 ut
260 552 545 623 parvulus,
576 549 864 621 sapiebam
891 554 958 605 ut
984 550 1267 622 parvulus,
1302 548 1618 620 cogitabam
1641 553 1705 603 ut
1734 548 2018 619 parvulus.
2050 547 2286 612 Quando
2315 552 2507 603 autem
2532 548 2713 604 factus
2738 564 2867 604 sum
2893 548 2997 617 vir,
3026 551 3305 618 evacuavi,

78 642 223 708 abjeci
246 656 281 693 a
307 656 410 706 me,
463 656 590 710 quas
619 644 783 694 erant
809 639 1046 710 parvuli.
1076 638 1344 693 Videmus
1372 654 1521 693 nunc
1537 638 1634 707 (ad
1652 637 1713 690 id
1738 636 1881 705 quod
1899 637 2063 703 dixit,
2087 651 2152 690 ea:
2171 640 2335 705 parte
2355 637 2768 707 prophetamus)
2805 652 2909 709 per
2934 639 3228 710 speculum
3253 639 3314 693 in

82 728 344 799 aenigmate
368 747 381 782 :
414 727 469 783 9.
505 733 641 783 tunc
660 732 851 783 autem
875 727 1036 794 facie,
1059 743 1269 794 revera,
1302 726 1375 781 ad
1401 726 1620 781 faciem.
1653 724 1815 778 Nunc
1837 724 1934 791 (ad
1958 725 2021 780 id
2045 727 2193 793 quod
2217 727 2381 794 dixit,
2413 741 2482 780 eae
2500 731 2663 795 parte
2689 727 3088 800 cognoscimus)
3106 743 3312 799 cogno-

81 832 157 870 sco
174 832 233 871 ex
257 821 450 886 parte;
481 821 619 870 tunc
645 821 836 871 autem
864 828 1218 886 cognoscam,
1247 815 1393 870 sicut
1420 820 1481 869 et
1500 812 1756 884 cognitus
1782 826 1932 877 sum,
1975 819 2108 868 tunc
2128 815 2361 884 perfecte
2387 830 2704 884 cognoscam
2732 816 2928 882 Deum,
2955 820 3097 871 sicut
3121 820 3315 886 cogni-

84 911 154 959 tus
175 921 289 959 sum
307 921 345 958 ιι
367 906 492 959 Deo.
524 902 687 959 Nunc
705 908 914 969 autem,
947 906 1012 957 in
1031 904 1134 959 hac
1156 906 1273 958 vita
1300 908 1522 959 tantum
1550 908 1781 961 manent
1811 902 1971 972 ﬁdes,
2010 917 2159 975 spes,
2186 902 2450 973 charites,
2482 903 2596 959 tria
2622 905 2760 959 haec.
2800 902 2885 962 lO.
2922 905 3105 978 Major
3122 896 3315 962 autem

83 994 274 1059 borum,
300 994 659 1058 diuturnior,
692 1006 826 1048 nam
858 997 908 1047 et
927 995 993 1047 in
1014 993 1231 1061 futuro,
1262 996 1350 1049 est
1374 992 1638 1049 charites.

1460 1154 1696 1212 CAPUT
1730 1153 1880 1212 XIV.

144 1312 273 1381 Ergo
300 1313 621 1380 sectamini,
671 1314 876 1368 studete
906 1317 969 1367 ut
995 1313 1237 1367 habeatis
1265 1312 1618 1379 charitatem,
1672 1311 2016 1369 simulamini
2065 1310 2344 1383 spiritalia
2376 1328 2389 1366 :
2416 1311 2714 1368 desiderate
2758 1315 3080 1383 spirituales
3106 1317 3322 1383 gratias

89 1400 303 1469 Spiritus
316 1405 521 1468 sancti,
530 1401 710 1472 magis
723 1406 1169 1470 autem,quamut
1188 1403 1398 1469 linguis
1415 1404 1744 1471 loquamini,
1755 1399 2307 1473 utprophetetis.Qui
2317 1399 2468 1455 enim
2476 1399 2726 1472 loquitur
2739 1400 3329 1473 lingua,scilicetaudi-

92 1490 271 1543 toribus
286 1493 718 1558 incognita,non
730 1487 1052 1545 hominibus
1069 1489 1320 1560 loquitur
1333 1491 1583 1558 (simplex
1595 1491 1935 1559 bonum,ipse
1949 1492 2100 1543 enim
2112 1493 2258 1543 solus
2275 1486 2566 1559 intelligit)
2573 1488 2669 1544 sed
2687 1490 2993 1559 Deo;nemo
3004 1490 3157 1547 enim
3169 1491 3332 1547 audit

90 1563 140 1629 id
147 1584 211 1630 est
223 1579 506 1646 intelligit.
520 1577 541 1634 1
554 1619 567 1632 .
575 1578 788 1650 Spiritu
797 1584 986 1633 autem
995 1584 1046 1643 τ
1052 1584 1115 1642 5
1127 1577 1437 1649 2.loquitur
1445 1576 1735 1650 mysteria;
1749 1595 1880 1632 nam
1894 1577 1990 1648 qui
2006 1576 2377 1649 prophetat,si
2380 1577 2452 1644 bi,
2460 1581 2515 1632 et
2526 1576 2846 1633 hominibus
2856 1579 3185 1651 loquiturad
3195 1579 3337 1642 aedi.

93 1664 377 1720 litationem
389 1668 527 1734 (dup
533 1669 617 1720 lea:
632 1669 775 1720 bonu
784 1669 857 1731 m)
868 1671 924 1720 et
933 1665 1375 1721 exhortationem
1390 1670 1449 1719 et
1458 1665 1914 1720 consolationem.
1922 1664 2030 1729 Qui
2048 1663 2299 1736 loquitur
2306 1662 2650 1735 lingua,aliis
2661 1668 2948 1735 incognita
2965 1668 3335 1740 semetipsum

95 1762 325 1817 adiﬁcat:
345 1759 397 1810 si
424 1760 615 1808 tamen
630 1757 907 1822 intelligat
924 1774 941 1808 :
966 1756 1061 1826 qui
1075 1760 1265 1809 autem
1284 1755 1600 1826 prophetat,
1626 1753 1929 1810 Ecclesiam
1949 1754 2054 1809 Dei
2074 1753 2331 1809 aediﬁcat.
2349 1753 2487 1808 Volo
2509 1758 2702 1808 autem
2718 1771 2916 1811 omnes
2934 1773 3029 1811 vos
3048 1757 3203 1829 loqui
3234 1756 3337 1813 lin-

98 1854 330 1924 guis(n0n
346 1846 849 1913 dico,inquit,quia
866 1846 1040 1897 nolim
1056 1849 1119 1897 ut
1133 1847 1178 1898 li
1181 1848 1345 1912 nguis
1360 1843 1789 1913 loquamini,sed
1798 1846 1933 1911 quia
1947 1846 2095 1897 malo
2110 1849 2173 1897 ut
2183 1843 2675 1912 prophetetis,quod
2690 1844 2992 1914 dupliciter
2997 1848 3255 1916 prodest);
3278 1845 3332 1902 3.

100 1942 252 2013 magis
261 1944 451 1995 autem
467 1934 827 2007 prophetare.
838 1934 980 1987 Nam
997 1935 1177 2004 major
1186 1937 1443 2002 est,majo
1449 1936 1528 1988 ris
1540 1935 1632 2000 dig
1638 1935 1701 1987 ni
1704 1931 1953 2003 tatis,qui
1964 1947 2064 2003 pro
2068 1930 2459 2003 phetat,quam
2471 1930 2568 2002 qui
2579 1931 2831 2003 loquitur
2837 1933 3183 2006 linguis,nisi
3194 1937 3342 1991 forte

105 2032 499 2100 interpretetur,
533 2023 670 2093 quid
688 2022 894 2076 dixerit
908 2024 1146 2089 exponit,
1175 2028 1240 2076 ut
1278 2021 1524 2077 Ecclesia
1550 2020 1979 2075 aediﬁcationem
2006 2019 2259 2090 accipiat.
2281 2019 2445 2075 Nunc
2473 2024 2685 2088 autem,
2715 2021 2939 2091 fratres,
2972 2024 3021 2078 si
3044 2040 3244 2080 venero
3266 2025 3340 2080 ad

106 2137 181 2174 vos
195 2116 397 2188 linguis
421 2114 578 2168 vobis
598 2112 893 2177 incognitis
922 2109 1176 2180 loquens,
1211 2111 1347 2182 quid
1377 2110 1529 2165 vobis
1560 2108 1818 2181 prodero,
1845 2109 1958 2163 nisi
1981 2108 2138 2162 vobis
2164 2107 2383 2179 loquar,
2412 2111 2826 2177 interpretetur,
2850 2116 2953 2166 aut
2976 2110 3029 2165 4,
3053 2112 3113 2167 in
3132 2114 3344 2170 revela.

108 2207 252 2273 tione,
272 2209 370 2260 aut
384 2201 438 2259 5.
468 2200 531 2254 in
564 2196 816 2264 scientia,
839 2202 939 2252 aut
950 2196 1004 2251 6.
1032 2197 1091 2251 in
1122 2198 1438 2270 pr0phetia,
1458 2203 1559 2253 aut
1575 2197 1633 2251 in
1652 2196 1946 2252 doctrina?
1972 2202 2165 2251 tamen
2181 2198 2553 2266 (captetivum,
2584 2199 2671 2252 uel
2694 2200 3344 2272 scilicetsimilitudinem

108 2294 375 2362 pro/eram)
393 2306 525 2361 quae
544 2287 667 2342 sine
692 2285 883 2340 anima
900 2290 1034 2340 sunt
1060 2302 1253 2341 vocem
1279 2302 1478 2341 sonum
1506 2286 1719 2352 dantia,
1733 2285 1848 2340 sive
1865 2285 2004 2340 tibia
2019 2288 2447 2358 (transsumptio
2464 2287 2539 2341 ad
2572 2289 2799 2358 simile),
2825 2288 2942 2344 sive
2969 2289 3208 2349 cithara.
3237 2293 3350 2349 nisi

112 2379 498 2436 distinctionem
527 2375 819 2431 sonituum
848 2374 1105 2429 dederint
1126 2376 1262 2444 (non
1278 2381 1554 2445 prosunt),
1586 2374 1866 2446 quomodo
1885 2374 2096 2430 scietur
2114 2372 2176 2428 id
2202 2373 2351 2445 quod
2378 2374 2604 2430 canitur
2629 2380 2731 2431 aut
2752 2376 2902 2448 quod
2920 2377 3301 2449 cytharizatur
3324 2379 3350 2433 Ἰ

118 2473 403 2524 nullatenus
437 2469 491 2539 (a
510 2465 736 2534 simili.)
768 2462 987 2517 Etenim
1011 2463 1059 2517 si
1086 2463 1364 2518 incertam
1391 2480 1583 2519 vocem
1602 2465 1700 2519 det
1727 2464 1881 2530 tuba,
1916 2463 2044 2534 quis
2067 2462 2292 2536 parabit
2318 2479 2381 2518 se
2400 2464 2473 2518 ad
2497 2464 2750 2520 bellum?
2780 2482 2895 2522 non
2921 2469 3158 2537 prodest,
3191 2484 3353 2525 nemo

120 2561 243 2613 enim
266 2560 337 2614 ad
365 2559 577 2612 bellum
601 2569 702 2624 per
722 2569 844 2607 eam
867 2557 1242 2623 praeparatur.
1276 2554 1373 2610 Ita
1401 2557 1457 2623 (a
1475 2557 1675 2625 simili)
1692 2558 1749 2609 et
1766 2570 1863 2609 vos
1884 2569 1985 2624 per
2000 2551 2273 2624 linguam,
2286 2551 2395 2608 nisi
2413 2554 2830 2622 interpretando
2850 2555 3213 2612 manifestum
3233 2573 3359 2614 ser-

125 2664 315 2703 monem
350 2644 626 2702 dederitis
651 2662 665 2711 ;
722 2641 1001 2713 quomodo
1029 2641 1239 2697 scietur
1264 2642 1323 2698 id
1352 2644 1500 2715 quod
1528 2643 1775 2699 dicitur?
1802 2642 1972 2698 Eritis
1999 2641 2152 2697 enim
2173 2641 2235 2695 in
2254 2656 2408 2708 aera,
2438 2645 2504 2696 in
2524 2658 2754 2710 vanum,
2785 2643 3099 2715 loquentes.
3132 2643 3184 2701 7.
3216 2647 3358 2702 Tam

128 2738 278 2791 multa
300 2743 363 2792 ut
391 2741 535 2808 puta
562 2747 774 2804 genera
810 2731 1131 2803 linguarum
1158 2738 1291 2787 sunt
1308 2733 1366 2787 in
1396 2733 1501 2788 hoc
1535 2732 1764 2799 mundo,
1796 2736 1855 2785 et
1882 2730 2041 2793 nihil,
2086 2732 2314 2786 nultum
2333 2746 2505 2799 genus
2534 2734 2758 2800 linguas,
2775 2732 2897 2788 sine
2910 2737 3361 2805 voce,veeispro-

130 2830 345 2892 prietate,
371 2830 477 2880 est.
521 2822 586 2878 Si
620 2837 753 2891 ergo
784 2824 836 2888 (a
862 2822 1063 2880 simili)
1091 2821 1340 2876 nesciero
1364 2821 1648 2889 virtutem,
1680 2822 2114 2889 intelligentiam
2144 2819 2312 2885 vocis,
2344 2835 2441 2874 ero
2463 2820 2533 2888 ei,
2562 2820 2653 2876 cui
2677 2822 2896 2894 loquor,
2930 2822 3224 2891 barbarus,
3248 2839 3364 2880 non

132 2916 330 2981 prodere
357 2920 406 2969 ei
426 2917 523 2968 cui
556 2916 769 2980 loquor,
802 2912 859 2962 et
886 2908 980 2979 qui
1002 2909 1270 2981 loquitur,
1298 2911 1437 2965 mihi
1462 2910 1750 2965 barbarus.
1810 2909 1901 2963 Sic
1943 2913 2001 2961 et
2053 2924 2168 2975 vos,
2201 2908 2487 2979 quoniam,
2513 2911 2976 2980 quandoquidem,
3008 2912 3365 2968 aemulatores

140 3002 247 3057 estis
269 3004 595 3074 spirituum,
617 3000 1007 3067 spiritualium
1026 3000 1319 3067 donorum,
1352 3000 1424 3054 ad
1460 2999 1886 3054 aediﬁcationem
1915 2995 2178 3050 Ecclesiae
2198 2996 2431 3067 quaerite
2458 3001 2523 3051 ut
2548 2999 2707 3052 donis
2738 3001 3129 3067 spiritualibus
3156 3002 3368 3071 adeptis

142 3090 423 3148 abundetis.
456 3092 530 3146 Et
547 3088 693 3153 ideo,
724 3088 858 3155 quia
878 3089 1171 3154 querenda
1193 3095 1327 3144 sunt
1352 3090 1498 3144 dona
1514 3102 1637 3158 qua:
1660 3090 1917 3157 prosunt,
1941 3085 2037 3156 qui
2068 3085 2315 3156 loquitur
2347 3084 2561 3156 lingua,
2600 3084 2657 3140 8.
2690 3091 2814 3142 oret
2839 3093 2906 3143 ut
2940 3087 3368 3159 interpretetur.

146 3182 523 3249 Namsiorem,
562 3181 781 3251 loquar,
810 3175 1023 3246 lingua,
1077 3177 1308 3247 spiritus
1355 3193 1535 3244 meus,
1566 3193 1668 3231 υοω
1696 3191 1835 3237 mea.
1865 3178 2009 3240 orat,
2041 3174 2101 3228 id
2122 3179 2219 3241 est,
2253 3190 2345 3241 ego
2374 3176 2527 3228 nulli
2551 3189 2803 3244 prosum,
2832 3192 2992 3231 mens
3019 3181 3211 3233 autem
3245 3194 3373 3235 mea

1441 3324 2026 3387 COMMENTARIUS.

148 3482 276 3553 plata
298 3487 444 3558 quod
469 3485 756 3553 credebat,
788 3489 847 3539 et
870 3484 1019 3556 quod
1045 3482 1327 3555 sperabat,
1354 3482 1603 3554 indepta.
1720 3482 1772 3540 A
1795 3488 1983 3535 autem
2005 3478 2211 3549 duplex
2247 3477 2454 3535 bonum
2476 3484 2563 3536 est
2585 3498 2599 3550 ;
2631 3482 2785 3554 loqui
2813 3496 2943 3538 vero
2969 3483 3168 3556 lingua
3195 3483 3385 3560 theog'.

205 3572 250 3628 9.
267 3575 468 3632 Lenta.
508 3578 662 3631 Tunc
688 3580 876 3629 autem
920 3588 1255 3642 cognoscam.
1295 3573 1453 3628 Tunc
1477 3585 1712 3640 cognos-
1791 3568 1911 3622 nita
1937 3567 2044 3622 sibi
2072 3572 2130 3622 et
2155 3567 2302 3634 aliis,
2352 3570 2616 3639 simplex;
2676 3572 2821 3642 quod
2861 3576 2967 3638 est,
2999 3573 3095 3645 qui
3124 3574 3275 3630 enim
3298 3574 3385 3633 1o.

154 3674 252 3715 cam
275 3665 511 3734 perfecte
529 3666 732 3731 Deum,
756 3663 903 3718 sicut
955 3662 1213 3733 cognitus
1256 3676 1383 3717 sum
1419 3677 1456 3714 a
1484 3660 1620 3726 Deo,
1650 3657 1709 3712 id
1791 3656 1985 3728 quitur
2021 3651 2254 3727 lingua,
2279 3657 2514 3728 simplex
2562 3657 2771 3714 bonum
2826 3667 2929 3729 est,
2980 3662 3112 3734 quia
3147 3664 3265 3720 Deo
3310 3666 3391 3721 loe-
3438 3738 3445 3743 ,

157 3756 239 3818 est,
261 3754 511 3822 perfecte.
1796 3745 2006 3817 quitur,
2060 3746 2177 3800 Deo
2213 3749 2458 3811 tantum,
2507 3763 2621 3803 non
2661 3748 2810 3803 enim
2856 3750 3177 3807 hominibus
3212 3770 3226 3819 ;
3273 3758 3388 3808 non

210 3835 289 3895 t0.
314 3843 490 3910 Major
508 3845 700 3895 autem
728 3840 933 3893 horum
963 3843 1039 3893 est
1063 3840 1322 3893 charitas.
1360 3838 1503 3892 Item
1532 3839 1715 3890 osten-
1796 3835 1947 3888 enim
2002 3834 2352 3903 intelligitur.
2386 3835 2494 3899 Qui
2523 3850 2657 3891 vero
2686 3838 3002 3909 prophetat,
3055 3839 3260 3911 duplex
3287 3840 3389 3897 boa-

160 3923 517 3985 ditmeliorem
548 3945 669 3984 esse
693 3928 1024 3983 charitatem
1053 3926 1313 3982 omnibus
1340 3924 1466 3981 aliis
1492 3924 1655 3979 donis
1698 3941 1711 3991 ;
1796 3938 1931 3977 num
1953 3921 2119 3989 facit;
2145 3922 2260 3977 Deo
2291 3923 2442 3977 enim
2473 3924 2723 3996 loquitur
2748 3931 2807 3981 et
2832 3926 3170 3982 hominibus.
3224 3928 3293 3983 Et
3319 3930 3390 3985 de

160 4027 267 4069 nam
289 4018 481 4073 melior
508 4023 601 4072 est
624 4018 755 4082 ﬁde,
792 4033 891 4088 spe
921 4022 979 4071 et
1028 4016 1261 4081 caneris,
1295 4020 1382 4069 est
1408 4014 1559 4068 enim
1598 4012 1717 4066 diu.
1797 4012 1910 4065 alia
1935 4011 2137 4082 specie,
2180 4028 2304 4082 quae
2332 4018 2435 4078 est,
2489 4014 2584 4084 qui
2628 4014 2878 4086 loquitur
2914 4015 3111 4087 lingua
3138 4015 3245 4072 sibi
3271 4023 3394 4074 tan-

162 4105 374 4174 turnior;
402 4108 559 4163 unde
577 4113 635 4161 et
660 4124 694 4161 a
723 4105 1163 4176 praecedentibus
1185 4103 1546 4175 principalem
1593 4116 1720 4156 con-
1800 4106 1921 4156 tum
1947 4100 2188 4171 cognita,
2215 4101 2411 4155 eadem
2438 4107 2573 4155 sunt
2589 4108 2942 4173 argumenta.

167 4190 310 4247 cludit
356 4196 741 4267 quaestionem,
784 4195 972 4249 dicens
1000 4212 1011 4247 :
1034 4194 1196 4264 Ergo,
1227 4194 1361 4265 quia
1388 4191 1587 4246 melior
1637 4194 1723 4245 est
1872 4190 1924 4246 4.
1959 4193 2026 4245 In
2063 4194 2410 4246 reuelatione.
2432 4191 2717 4248 Revelatio
2743 4198 2846 4263 est,
2871 4209 2983 4266 qua
3001 4210 3105 4267 per
3123 4194 3396 4268 Spiritum

169 4280 411 4354 omnibus,
429 4286 725 4340 sectamini
750 4284 1097 4338 charitatem.
1803 4285 2079 4347 sanctum,
2108 4280 2169 4335 in
2199 4295 2535 4353 quocunque
2551 4287 2826 4355 tempore,
2857 4283 3071 4356 aliquid
3095 4284 3280 4341 subito
3306 4287 3399 4343 in-

226 4368 363 4426 GAP.
389 4374 538 4430 XIV.
561 4403 628 4415 —
657 4371 706 4429 1.
730 4370 977 4441 Spiritus
1004 4376 1192 4425 autem
1217 4370 1484 4439 loquitur,
1530 4368 1588 4423 id
1615 4374 1720 4437 est,
1805 4370 2042 4426 dicatur.

173 4453 416 4531 intelligit,
462 4464 614 4517 sicut
658 4462 719 4516 in
752 4459 1087 4531 Evangelio:
1124 4458 1230 4526 Qui
1258 4459 1415 4513 habet
1441 4472 1606 4513 aures
1626 4474 1727 4512 au-
1879 4459 1930 4516 5.
1960 4461 2026 4514 In
2046 4463 2298 4515 scientia.
2352 4458 2601 4516 Scientia
2628 4464 2713 4516 est
2736 4461 2983 4534 cognitio
3010 4461 3197 4519 studio
3227 4468 3285 4520 et
3320 4465 3407 4522 in-

178 4543 335 4603 diendi
377 4554 590 4619 audiat,
618 4550 678 4606 id
705 4555 808 4617 est,
838 4549 1136 4621 intelligat.
1164 4546 1235 4603 Et
1256 4547 1316 4602 in
1343 4548 1678 4620 Apocalypsi
1708 4567 1720 4602 :
1809 4549 2027 4605 dustria
2063 4555 2409 4622 comparata.

182 4630 265 4698 0ιά
277 4637 420 4693 habet
446 4655 666 4706 aurem,
704 4640 922 4695 audiat.
1884 4638 1937 4694 6.
1968 4640 2036 4694 In
2061 4641 2372 4708 prophetia.
2395 4639 2698 4711 Prophetia
2717 4641 2787 4696 de
2806 4642 3013 4698 futuris
3032 4647 3276 4713 tantum,
3305 4645 3408 4701 do-

234 4721 279 4779 ‘2.
301 4726 574 4796 Loquitur.
615 4729 681 4783 In
715 4727 840 4800 ipsa
880 4726 1161 4801 incognita
1210 4725 1423 4796 lingua,
1485 4724 1729 4796 Spiritus
1812 4728 1994 4782 ctrina
2019 4742 2199 4799 genus
2218 4727 2490 4782 omnium.

186 4817 388 4882 sanctus,
415 4816 752 4890 loquebatur
768 4815 1056 4889 mysteria,
1069 4815 1126 4870 id
1157 4820 1261 4882 est,
1294 4814 1594 4886 allegorica
1611 4811 1803 4872 ver-B
1888 4816 1940 4871 7.
1985 4818 2115 4871 Tam
2143 4820 2338 4883 multa,
2387 4822 2452 4871 ut
2487 4822 2648 4886 puta.
2697 4817 2869 4882 Quasi
2890 4819 3102 4876 diceret
3130 4844 3143 4879 :
3174 4820 3301 4877 Non
3326 4826 3412 4879 est

186 4893 257 4964 δαν
291 4918 400 4972 Quae
426 4922 591 4962 nemo
631 4904 998 4977 intelligebat,
1030 4904 1140 4959 nisi
1174 4903 1270 4976 qui
1288 4903 1532 4974 gratiam
1559 4903 1738 4959 inter-
1822 4905 2143 4960 mirandum
2172 4906 2219 4959 si
2242 4922 2344 4976 per
2366 4903 2616 4976 linguam
2638 4904 2807 4961 datur
2833 4896 3018 4964 seruio
3043 4925 3155 4965 non
3186 4912 3416 4966 manife-

188 4993 400 5054 pretandi
435 4994 703 5053 habebat.
1823 5000 1943 5049 stus
1968 5013 1983 5062 ;
2025 4994 2159 5066 quia
2187 4993 2443 5048 videlicet
2468 4993 2648 5049 multa
2674 5000 2807 5050 sunt
2826 5012 3054 5067 genera,
3089 5004 3146 5053 et
3172 4999 3313 5053 nihil
3352 4999 3417 5053 il-

240 5075 284 5133 3.
303 5082 457 5150 Magis
484 5090 673 5139 autem
714 5085 1058 5153 prophetare.
1118 5082 1297 5153 Magis
1322 5081 1539 5137 debetis
1568 5097 1737 5153 appe-
1823 5084 2007 5138 lorum
2037 5086 2123 5137 est
2139 5082 2288 5154 quod
2306 5097 2420 5137 non
2442 5082 2650 5139 habeat
2690 5085 2974 5156 propriam
3011 5091 3069 5141 et
3095 5086 3416 5144 distinctam

192 5164 285 5219 tere
303 5172 645 5243 prophetare,
670 5187 839 5244 quam
860 5172 1014 5244 loqui
1024 5172 1234 5243 linguis
1259 5188 1273 5239 ;
1310 5186 1443 5225 nam
1458 5171 1612 5243 loqui
1639 5171 1744 5225 lin-
1830 5189 1865 5227 a
1891 5172 2105 5227 caeteris
2128 5188 2347 5230 vocem.

198 5255 564 5331 Enimcognim
591 5260 698 5315 sibi
725 5266 783 5316 et
809 5261 956 5328 aliis,
999 5266 1057 5316 et
1086 5260 1241 5332 loqui
1284 5259 1480 5331 lingua
1524 5261 1752 5330 cognita
1902 5258 1955 5318 8.
1988 5262 2111 5317 Oret
2167 5266 2231 5315 ut
2272 5264 2687 5328 interpretetur,
2719 5261 2776 5316 id
2807 5265 2908 5327 est,
2937 5262 3217 5332 intelligat
3239 5263 3421 5335 ipsam

202 5338 282 5424 εξἮί
301 5349 524 5416 tantum,
546 5350 774 5406 tertiam
806 5350 1072 5422 speciem,
1103 5348 1259 5422 loqui
1287 5350 1496 5419 linguis
1518 5354 1585 5403 ut
1612 5350 1751 5404 alios
1835 5349 2110 5421 linguam,
2144 5355 2200 5405 et
2226 5350 2306 5404 sic
2336 5344 2598 5421 exponat.
2631 5349 2968 5420 Plerumque
3006 5350 3155 5404 enim
3185 5352 3428 5424 Spiritus

208 5423 441 5499 docerent,
461 5456 572 5495 non
598 5438 941 5511 appetebant
966 5439 1072 5511 ipsi
1101 5440 1283 5509 primo
1302 5454 1475 5493 unam
1505 5438 1751 5509 speciem
1834 5439 2169 5511 loquebatur
2195 5455 2295 5509 per
2322 5456 2383 5493 os
2429 5438 2672 5493 hominis
2700 5445 2966 5492 extranea
3001 5438 3214 5510 lingua,
3236 5423 3316 5499 iet
3344 5450 3428 5500 ta-

221 5512 345 5588 ιορηὶ
362 5524 547 5599 lingua
560 5529 850 5601 incognita
874 5528 978 5584 sibi
1004 5534 1064 5584 et
1088 5528 1234 5584 aliis.
1279 5528 1495 5599 Duplex
1543 5527 1754 5584 bonum
1834 5542 1962 5583 men
1989 5529 2157 5583 homo
2179 5542 2292 5583 non
2336 5525 2687 5598 intelligebat
2713 5525 2892 5598 ipsam
2919 5526 3193 5599 linguam,
3224 5537 3333 5588 aut
3368 5531 3430 5589 in

213 5610 363 5679 ωεείε
383 5621 461 5672 est
475 5617 853 5691 appetendum
879 5632 1051 5691 quam
1076 5646 1079 5653 -
1103 5617 1378 5689 simplex;
1417 5617 1755 5690 prophetare
1833 5617 1957 5690 ipsa
1974 5617 2168 5690 lingua
2194 5616 2471 5690 mysteria-
2479 5614 2717 5688 prolata.

400 5715 660 5781 PATROL.
706 5717 803 5778 GL
817 5761 832 5777 .
3162 5722 3199 5782 7
