3912 6412
522 344 628 404 203
1509 344 1571 397 Β.
1615 343 2029 398 LANFRANCI
2069 343 2426 397 CANTUAR.
2469 342 2803 397 ARCHIEP.
3676 346 3775 403 2οἱ

519 471 645 525 sine
675 470 861 524 fructu
889 472 994 535 est,
1014 471 1074 522 id
1099 473 1193 535 est,
1216 472 1336 522 sine
1355 469 1788 535 compunctione,
1810 470 1945 534 quia
1960 482 2069 520 non
2091 468 2341 532 intelligo
2360 481 2478 534 quae
2507 468 2705 532 lingua
2733 470 2945 535 loquor.
2970 466 3023 520 9.
3045 466 3192 530 Quid
3214 482 3347 537 ergo
3373 468 3496 521 est?
3525 470 3774 536 Quando-

520 560 742 628 quidem
770 574 883 611 non
910 573 1139 626 prosum
1171 562 1394 626 loquens
1427 559 1643 623 lingua,
1669 570 1783 608 non
1803 558 2193 623 interpretum,
2223 557 2345 616 06
2362 570 2468 606 esse
2485 555 2631 606 debet
2661 556 2802 622 quod
2830 558 3082 623 sequitur
3105 556 3329 622 scilicet,
3363 555 3534 610 orabo
3555 557 3772 628 spiritu,

517 648 581 701 id
598 651 691 711 est,
711 661 850 713 voce,
873 644 1046 700 orabo
1068 650 1125 701 et
1151 649 1341 700 mente
1368 662 1381 696 :
1412 649 1477 698 ut
1503 645 1867 712 interpretari
1892 645 2085 708 sciam,
2116 641 2351 711 psallam
2379 641 2598 712 spiritu,
2632 644 2693 695 id
2724 649 2818 709 est,
2851 659 2990 709 voce,
3023 638 3259 713 psallam
3289 650 3348 698 et
3373 650 3582 711 mente,
3614 650 3677 699 ut
3696 649 3777 699 in-

517 738 802 803 terpreter.
835 735 1112 789 Caeterum
1140 733 1188 787 si
1214 731 1584 795 benedixeris,
1607 731 2030 785 benedictionem
2047 731 2258 797 feceris,
2280 729 2501 800 spiritu,
2527 733 2588 784 id
2601 736 2694 797 est,
2710 733 2828 785 sola
2846 747 3104 799 voce,non
3122 735 3402 788 intellectu
3419 734 3536 805 qui,
3558 736 3770 803 quibus,

515 822 746 894 supplet
761 822 944 877 locum
965 821 1152 876 idiotae
1179 821 1404 876 dicendo
1426 834 1593 873 amen
1611 821 1676 872 in
1696 820 1803 886 ﬁne
1830 819 2101 871 orationis
2120 822 2145 870 Ρ
2174 833 2348 872 nemo.
2382 819 2672 882 Quomodo
2695 819 2862 884 dicet,
2886 836 3069 887 amen,
3088 837 3275 892 super,
3297 837 3414 890 per,
3433 827 3592 876 tuam
3614 821 3774 876 bene-

515 909 818 965 dictionem
834 910 860 964 7
881 909 1180 980 Quoniam,
1203 925 1352 975 cum,
1385 907 1517 979 quid
1537 907 1707 974 dicas,
1739 906 1945 974 nescit;
1974 922 2107 961 nam
2137 910 2202 960 tu
2217 906 2441 977 quidem
2468 907 2608 963 bene
2629 911 2826 977 lingua
2844 912 3129 978 incognita
3148 910 3360 981 gratias
3381 911 3524 981 agis,
3543 912 3770 980 agendo,

511 998 615 1055 sed
644 998 789 1054 alter
811 1014 925 1053 non
954 998 1283 1064 aediﬁcatur,
1316 999 1486 1051 alteri
1530 1012 1642 1050 non
1681 997 1896 1065 prodes.
1929 995 2153 1050 Gratias
2181 1011 2288 1065 ago
2316 996 2432 1051 Deo
2456 1013 2582 1051 meo
2603 998 2752 1068 quod
2780 998 3033 1052 omnium
3062 1004 3309 1054 vestrum
3333 1000 3528 1069 lingua
3554 1001 3771 1070 loquor,

511 1104 610 1144 nec
628 1090 768 1155 ideo,
788 1090 995 1160 inquit,
1027 1089 1146 1142 dico
1160 1091 1223 1140 ut
1246 1087 1394 1140 vobis
1423 1085 1724 1150 invideam,
1758 1100 1894 1138 nam
1931 1086 2036 1139 Deo
2068 1086 2282 1152 gratias
2302 1087 2558 1138 omnium
2590 1089 2801 1153 linguis
2833 1089 3045 1155 loquor.
3071 1087 3178 1141 Sed
3210 1093 3413 1153 tamen,
3441 1087 3501 1141 in
3530 1087 3775 1141 Ecclesia

505 1176 652 1245 volo,
673 1180 840 1243 malo,
859 1176 1108 1248 quinque
1125 1173 1297 1228 verba
1323 1189 1493 1228 sensu
1522 1188 1649 1227 meo
1676 1172 1851 1242 loqui,
1871 1177 1935 1225 ut
1955 1174 2290 1239 intelligam,
2314 1174 2681 1241 interpretari
2715 1177 2929 1229 valeam
2948 1179 3013 1229 ut
3039 1180 3097 1229 et
3119 1175 3256 1229 alios
3274 1175 3568 1242 instruam,
3604 1191 3774 1247 quam

507 1265 700 1320 decem
724 1263 1188 1319 miliaverborum
1207 1263 1269 1317 in
1286 1261 1479 1334 lingua
1500 1263 1805 1329 incognita.
1836 1259 2078 1327 Fratres,
2106 1259 2187 1317 10.
2224 1260 2419 1327 nolite,
2457 1262 2636 1330 pueri,
2661 1262 2805 1316 efﬁci
2828 1262 3102 1330 sensibus,
3133 1267 3309 1332 magis
3332 1266 3630 1332 appetendo
3661 1268 3773 1318 lin-

503 1355 650 1421 guis,
670 1354 816 1422 quod
835 1367 1046 1422 parum
1086 1351 1326 1420 prodest,
1361 1363 1532 1417 quam
1554 1347 1901 1416 prophetare,
1953 1349 2096 1416 quod
2122 1351 2388 1413 multum,
2421 1349 2518 1403 sed
2548 1350 2764 1404 malitia
2795 1351 3009 1422 parvuli
3049 1356 3227 1405 estote
3252 1369 3266 1418 ;
3296 1351 3551 1406 sensibus
3580 1357 3773 1406 autem

502 1440 737 1511 perfecti
765 1443 965 1507 estote,
988 1453 1102 1492 non
1121 1439 1491 1492 desiderantes
1518 1448 1719 1503 genera
1750 1436 2101 1502 linguarum.
2138 1435 2296 1492 11.In
2316 1437 2463 1506 Lege
2481 1437 2749 1508 scriptum
2771 1443 2890 1492 est:
2918 1438 3003 1494 1‘2.
3025 1439 3302 1502 Quoniam
3320 1439 3380 1493 in
3396 1439 3519 1493 aliis
3538 1439 3772 1510 linguis,

503 1533 563 1582 et
587 1527 754 1583 labiis
775 1526 901 1581 aliis
925 1526 1126 1597 loquar
1153 1523 1361 1594 populo
1382 1522 1532 1589 huic,
1555 1525 1613 1576 et
1632 1536 1736 1576 nec
1755 1520 1834 1575 sic
1853 1522 2153 1578 exaudient
2171 1540 2281 1591 me,
2310 1524 2447 1578 dicit
2464 1524 2754 1580 Dominus.
2788 1525 2868 1584 13.
2888 1528 3085 1598 Itaque
3105 1528 3312 1598 linguae
3324 1528 3383 1582 in
3399 1529 3626 1599 signum
3643 1535 3776 1584 sunt

501 1630 617 1672 non
639 1614 919 1680 ﬁdelibus,
952 1613 1051 1668 sed
1090 1610 1430 1679 inﬁdelibus;
1454 1610 1761 1681 prophetia:
1801 1614 1993 1664 autem
2010 1626 2125 1666 non
2151 1606 2487 1676 inﬁdelibus,
2519 1614 2617 1668 sed
2649 1614 2926 1681 ﬁdelibus,
2949 1618 3160 1683 confert
3166 1617 3510 1685 prophetare,
3535 1623 3585 1670 et
3618 1619 3774 1687 loqui

503 1707 719 1774 linguis
736 1723 755 1771 ;
796 1709 847 1759 et
863 1719 930 1759 ea:
948 1704 1238 1758 collatione
1254 1704 1549 1770 utriusque
1568 1701 1793 1768 praefert
1812 1701 2162 1768 prophetiam
2186 1704 2416 1770 linguis.
2443 1702 2501 1757 Si
2525 1718 2678 1773 ergo,
2708 1708 2914 1768 autem,
2936 1704 3229 1759 conveniat
3243 1705 3503 1759 universa
3522 1705 3773 1760 Ecclesia

500 1795 561 1849 in
588 1808 785 1861 unum,
821 1797 879 1847 et
899 1807 1095 1847 omnes
1124 1789 1336 1860 linguis
1362 1791 1659 1856 incognitis
1688 1788 2009 1858 loquantur,
2059 1788 2272 1844 intrent
2321 1794 2512 1844 autem
2568 1790 2757 1844 idiotas
2784 1796 2886 1845 aut
2912 1790 3165 1845 inﬁdeles
3196 1807 3209 1846 :
3248 1790 3334 1847 14.
3364 1807 3551 1846 nonne
3578 1792 3774 1848 dicent

500 1882 651 1954 quod
671 1898 761 1936 vos
807 1883 1021 1949 linguis
1048 1880 1348 1948 incognitis
1379 1880 1650 1946 loquentes
1676 1875 1979 1930 insanitis?
2017 1877 2086 1931 Et
2109 1878 2292 1932 dicent
2318 1881 2526 1947 utique.
2561 1879 2619 1933 Si
2649 1883 2840 1933 autem
2869 1895 3062 1932 omnes
3085 1879 3440 1950 prophetent,
3471 1880 3650 1935 intret
3675 1898 3774 1936 au-

496 1975 614 2026 tem
642 1969 769 2042 quis
796 1968 1039 2023 inﬁdelis
1065 1967 1153 2022 vel
1178 1966 1379 2031 idiota,
1405 1967 1456 2020 si
1484 1979 1688 2033 negare
1715 1968 1838 2018 vult
1866 1966 2009 2032 quod
2027 1967 2238 2019 dicitur
2274 1969 2344 2020 ab
2368 1969 2462 2033 eis,
2492 1967 2838 2022 convincitur
2881 1968 2951 2021 ab
2989 1968 3269 2036 omnibus,
3319 1969 3684 2039 dijudicatur,
3711 1973 3772 2025 id

494 2064 589 2127 est,
621 2060 965 2128 cognoscitur
991 2059 1106 2112 vita
1131 2060 1248 2126 ejus
1269 2071 1373 2125 per
1383 2054 1732 2124 prophetiam
1761 2051 1831 2106 ab
1860 2053 2121 2109 omnibus
2155 2073 2168 2121 ;
2209 2056 2428 2109 occulta
2475 2060 2626 2110 enim
2673 2056 2855 2110 cordis
2893 2057 3015 2126 ejus
3058 2073 3158 2127 per
3198 2060 3545 2126 prophetiam
3576 2059 3766 2114 mani-

490 2146 637 2203 festa
660 2147 825 2213 ﬁunt,
856 2150 915 2200 et
939 2145 1021 2199 ita
1047 2145 1273 2212 cadens,
1302 2160 1355 2198 se
1382 2144 1712 2207 humilians,
1746 2140 1806 2195 in
1846 2141 2048 2195 faciem
2070 2142 2327 2197 adorabit
2354 2145 2551 2211 Deum,
2578 2145 2950 2216 pronuntians
2981 2145 3131 2216 quod
3164 2162 3291 2200 vere
3336 2146 3485 2201 Deus
3518 2146 3578 2201 in
3605 2148 3767 2203 vobis

488 2236 586 2293 sit.
626 2235 772 2300 Quid
800 2250 934 2305 ergo
964 2238 1068 2299 est,
1093 2232 1346 2288 fratres?
1382 2245 1524 2300 ergo,
1560 2230 1784 2298 fratres,
1817 2245 1943 2283 cum
1966 2235 2133 2285 tantae
2160 2235 2427 2287 utilitatis
2452 2237 2523 2288 sit
2560 2235 2869 2303 prophetia,
2904 2235 3263 2288 desideranda
3301 2239 3396 2290 est.
3452 2237 3635 2289 Monet
3685 2253 3769 2291 eos

489 2327 566 2380 ad
616 2326 935 2392 fraternam
971 2324 1406 2390 adiﬁcationem.
1473 2321 1617 2375 Cum
1673 2321 1738 2373 in
1790 2321 2008 2373 ecclesia
2064 2320 2392 2386 convenitis,
2433 2324 2484 2375 si
2544 2321 2628 2378 15.
2688 2321 3077 2393 unusquisque
3123 2327 3369 2377 vestrum
3417 2324 3586 2387 (alius
3644 2326 3765 2392 hoc,

488 2415 640 2468 alius
666 2411 840 2482 illud)
862 2411 1146 2481 psalmum
1175 2412 1265 2466 hic
1307 2408 1497 2477 habet,
1537 2410 1634 2464 ille
1670 2407 1984 2462 doctrinam
2021 2407 2210 2475 habet,
2247 2412 2363 2478 (per
2408 2413 2655 2478 gratiam
2690 2408 2936 2479 Spiritus
2964 2413 3163 2477 sancti,
3192 2413 3302 2465 hac
3326 2415 3515 2466 omnia
3535 2413 3631 2466 illi
3660 2415 3767 2467 da-

489 2499 740 2570 bantur,)
773 2498 1155 2570 apocalypsin,
1184 2499 1593 2562 reuelationem,
1621 2494 1813 2562 habet,
1845 2496 2097 2566 linguam
2124 2497 2326 2566 habet;
2378 2498 2899 2569 interpretationem
2926 2499 3130 2567 habet;
3181 2500 3368 2555 omnia
3400 2501 3472 2555 ad
3519 2500 3768 2556 aediﬁca-

484 2589 703 2645 tionem
728 2592 846 2654 τις
873 2589 1265 2657 promimorum
1291 2584 1451 2640 ﬁant.
1470 2580 1562 2651 16,
1597 2582 1681 2640 17.
1716 2584 1841 2639 Sive
1867 2583 2064 2655 lingua
2087 2588 2371 2656 incognita
2393 2589 2518 2659 quis
2544 2588 2811 2659 loquitur,
2853 2589 3158 2643 secundum
3194 2589 3355 2656 duos,
3390 2594 3490 2644 aut
3515 2594 3580 2644 ut
3606 2591 3765 2646 mul-

483 2682 610 2733 tum
630 2680 769 2742 tres,
800 2690 928 2730 cum
950 2674 1160 2729 duobus
1189 2676 1468 2742 loquatur,
1485 2676 1586 2726 aut
1607 2673 1804 2737 tribus,
1827 2688 1941 2726 non
1956 2676 2231 2742 omnibus,
2264 2681 2321 2730 et
2350 2692 2451 2747 per
2477 2682 2668 2748 partes
2698 2680 2908 2744 semoti,
2937 2680 2994 2731 et
3028 2692 3175 2731 unus
3205 2680 3348 2747 quod
3383 2682 3526 2733 alter
3556 2682 3766 2746 lingua

483 2765 737 2833 laquitur
763 2764 1068 2830 incognita,
1099 2760 1520 2831 interpretetur.
1585 2759 1676 2815 18.
1735 2759 1795 2813 Si
1821 2765 2013 2815 autem
2059 2777 2172 2817 non
2212 2763 2382 2819 fuerit
2427 2766 2724 2836 interpres,
2774 2770 2961 2820 taceat
2988 2765 3047 2820 in
3076 2766 3328 2833 ecclesia,
3361 2783 3548 2822 coram
3593 2771 3760 2824 aliis.

484 2851 572 2911 19.
621 2851 740 2909 Sibi
767 2855 958 2908 autem
977 2851 1262 2923 loquatur,
1321 2854 1380 2906 et
1433 2850 1571 2905 Deo.
1618 2849 1913 2921 Prophetas
1968 2854 2160 2905 autem
2209 2852 2321 2908 duo
2376 2858 2476 2908 aut
2514 2859 2631 2908 tres
2678 2853 2869 2908 dicant
2912 2855 3082 2923 (plebs
3131 2856 3499 2922 dividebatur,
3541 2860 3592 2909 et
3649 2859 3766 2911 uni

1820 3090 2413 3152 COMMENTARIUS.

546 3303 602 3365 9.
631 3304 778 3374 Quid
800 3317 948 3372 ergo.
989 3300 1127 3357 Esse
1149 3297 1336 3366 debet,
1362 3296 1411 3354 si
1429 3295 1591 3355 bene.
1615 3295 1675 3353 Si
1701 3313 1805 3353 vox
1833 3298 2071 3370 loquens
2090 3307 2144 3366 Α
2166 3298 2337 3367 Vade,
2372 3305 2420 3355 et
2448 3301 2538 3355 dic
2551 3305 2752 3371 populo
2788 3301 2919 3359 huic
2947 3321 2964 3359 :
2988 3303 3140 3360 Aure
3157 3304 3418 3373 audietis,
3446 3308 3497 3359 et
3518 3318 3633 3359 non
3664 3305 3767 3359 in-

475 3391 767 3465 incognita
786 3391 983 3461 lingua
1026 3387 1322 3444 benedicat
1356 3385 1557 3453 Deum,
1601 3386 1689 3442 vel
1742 3387 1950 3456 cibum,
1984 3387 2071 3442 vel
2156 3390 2426 3458 telligetis.

476 3479 693 3553 aliquid
746 3476 1099 3549 hujusmodi;
1130 3474 1356 3530 auditor
1380 3473 1577 3541 idiota,
1609 3473 1670 3529 id
1701 3479 1806 3543 est,
1837 3475 2071 3530 audiens
2227 3476 2312 3533 14.
2347 3478 2539 3534 Nonne
2565 3481 2748 3535 dicent
2774 3483 2936 3551 quod.
2968 3481 3325 3538 Manifestum
3346 3486 3451 3548 est,
3485 3481 3533 3536 si
3553 3497 3765 3538 omnes

474 3574 534 3626 et
572 3584 689 3624 non
713 3566 1057 3638 intelligens,
1086 3563 1265 3619 nescit
1293 3562 1516 3635 quando
1546 3561 1748 3618 debeat
1773 3564 2073 3635 responde-

472 3673 537 3713 re
563 3672 752 3725 amen;
783 3660 884 3711 aut
932 3656 1045 3709 Deo
1088 3655 1330 3723 gratias;
1362 3667 1466 3706 nec
1486 3656 1573 3705 est
1587 3651 1684 3723 qui
1699 3653 1960 3724 suppleat
1984 3652 2072 3707 lo-

472 3762 602 3802 eum
629 3742 1010 3818 responsionis
1030 3743 1170 3813 ejus,
1194 3740 1252 3796 id
1272 3744 1377 3808 est,
1404 3740 1501 3811 qui
1529 3739 1648 3794 vice
1665 3740 1818 3795 illius
1844 3756 2071 3812 respon-

471 3835 622 3904 deat,
648 3850 780 3891 cum
810 3847 1006 3889 omnes
1031 3831 1297 3902 ignorent
1315 3828 1487 3883 verba
1518 3827 1817 3899 loquentis.

542 3922 631 3982 10.
661 3924 864 3991 Nolite,
884 3922 1074 3992 pueri,
1100 3918 1160 3973 id
1189 3922 1292 3984 est,
1325 3915 1499 3971 nolite
1529 3916 1770 3987 puerilia
1793 3915 2071 3971 desideria

348 3990 355 3995 ’
468 4012 706 4082 habere;
736 3990 856 4067 non
885 3990 1311 4066 considerantes
1349 4005 1484 4077 quid
1537 4004 1799 4060 utilitatis
1826 4003 2073 4059 habeant

469 4118 538 4158 ea
566 4116 690 4174 quae
710 4097 1059 4155 desideratis.

543 4188 631 4246 11.
664 4191 736 4243 In
764 4189 893 4256 Lege
909 4185 1075 4257 Legis
1113 4184 1361 4251 nomine,
1400 4182 1758 4255 prophetiam
1787 4182 2062 4252 designat.

470 4277 571 4334 Est
596 4280 788 4332 autem
833 4276 939 4329 hoc
974 4271 1361 4327 testimonium
1399 4270 1461 4325 in
1497 4271 1664 4339 Isaia,
1694 4268 1785 4324 his
1834 4269 2018 4324 verbis
2048 4288 2060 4324 :

468 4367 539 4422 In
564 4368 778 4436 loquela
803 4365 958 4419 enim
986 4363 1142 4430 labii,
1200 4367 1249 4416 et
1286 4363 1486 4430 lingua
1513 4363 1692 4415 altera
1720 4361 1968 4429 loquitur
1994 4361 2069 4414 ad

462 4457 753 4525 populum.
779 4452 884 4509 Cui
909 4452 1054 4506 dixit
1077 4451 1175 4505 hoc
1209 4465 1228 4505 :
1258 4452 1599 4518 Requiescere
1642 4451 1811 4518 facite
1863 4449 2070 4503 lassum

469 4543 546 4599 al.
569 4543 674 4598 Cui
698 4543 885 4597 discit:
917 4540 1039 4595 Haec
1065 4544 1142 4593 est
1164 4541 1377 4609 requies
1403 4554 1544 4609 mea,
1582 4539 1789 4605 reﬁcite
1820 4539 2066 4592 lassum:

2152 3565 2388 3621 diversis
2428 3567 2638 3638 linguis
2667 3570 2988 3641 loquantur,
3038 3571 3316 3626 tumultus
3344 3572 3409 3625 ﬁt
3437 3571 3671 3642 quidam
3697 3572 3763 3626 in

2153 3659 2301 3709 coetu
2327 3653 2453 3727 [al.,
2475 3656 2816 3728 inconditus]
2847 3659 3061 3731 populi,
3092 3659 3255 3731 quasi
3282 3660 3586 3730 phrenesin
3633 3681 3756 3736 pa-

2151 3742 2421 3798 tientibus
2451 3744 2574 3814 [al.,
2601 3745 2909 3817 patientis].

2226 3830 2313 3888 15.
2333 3833 2540 3891 LANFR.
2587 3834 2963 3903 Unusquisque
2994 3840 3257 3890 vestrum.
3296 3837 3386 3891 Sic
3420 3836 3755 3909 legendum,

2151 3924 2209 3973 et
2248 3919 2700 3975 subaudiendum
2732 3926 2836 3975 est.
2869 3922 3263 3994 Unusquisque
3291 3929 3557 3990 vestrum,
3597 3926 3758 3982 alius

2150 4008 2431 4079 psalmum
2458 4009 2648 4076 habet,
2679 4008 2823 4064 alius
2851 4010 3163 4065 doctrinam
3190 4030 3204 4079 ;
3236 4018 3294 4067 et
3316 4014 3396 4068 sic
3413 4018 3614 4068 caetera
3638 4014 3757 4070 ha-

2151 4096 2281 4165 bet;
2314 4113 2415 4168 per
2436 4098 2680 4169 gratiam
2698 4099 2878 4154 sancti
2907 4100 3148 4172 Spiritus
3168 4101 3285 4157 haec
3301 4103 3492 4158 omnia
3502 4102 3613 4158 illis
3639 4103 3758 4160 da-

2148 4184 2371 4241 bantur.

2217 4271 2307 4330 46.
2337 4275 2580 4330 Alanos.
2606 4275 2729 4331 Sive
2758 4279 2973 4345 lingua,
3006 4277 3112 4332 hoc
3131 4282 3219 4332 est
3245 4277 3356 4332 duo
3387 4279 3473 4333 vel
3489 4285 3605 4334 tres
3632 4296 3761 4338 non

2149 4362 2276 4434 plus
2301 4360 2506 4431 linguis
2524 4362 2951 4434 loquantur,sed
2966 4364 3196 4435 singuli,
3210 4382 3323 4420 non
3336 4366 3506 4421 simul
3527 4383 3756 4441 omnes,

2150 4467 2223 4506 ne
2241 4451 2490 4506 insanire
2517 4451 2832 4507 videantur.
2864 4452 3007 4518 Ideo
3025 4459 3215 4509 autem
3242 4460 3308 4510 ut
3333 4456 3576 4510 multum
3603 4462 3755 4524 tres,

2149 4557 2222 4595 ne
2250 4546 2588 4612 occuparent
2629 4541 2781 4597 diem
2810 4542 3018 4613 linguis
3057 4543 3348 4615 loquentes
3405 4545 3757 4616 interpretes

469 4638 520 4688 et
547 4633 646 4687 hoc
668 4637 745 4686 est
762 4645 949 4685 meum
967 4630 1331 4696 refrigerium
1372 4646 1388 4682 :
1422 4631 1471 4681 et
1514 4629 1819 4681 noluerunt
1847 4627 2062 4679 audire.
2085 4626 2133 4685 B
2150 4645 2365 4697 eorum,
2405 4645 2520 4686 non
2561 4630 2835 4685 haberent
2854 4632 3139 4703 propheta
3163 4637 3385 4703 tempus
3408 4633 3753 4691 disserendi.

544 4720 633 4778 12.
651 4721 928 4788 Quoniam
948 4720 1013 4771 in
1021 4718 1176 4772 aliis.
1199 4714 1345 4771 Item
1363 4715 1565 4787 probat
1582 4713 1939 4787 prophetiam
1955 4729 2070 4767 ma-

466 4810 556 4882 gis
583 4825 705 4864 esse
731 4804 1105 4881 appetendam
1132 4821 1303 4877 quam
1330 4804 1486 4876 loqui
1512 4803 1739 4874 linguis.
1766 4802 2070 4873 Prophetia

468 4898 621 4954 enim
640 4898 850 4953 bonum
878 4900 966 4952 est
986 4896 1222 4967 duplex;
1254 4894 1409 4965 loqui
1424 4909 1552 4948 vero
1573 4893 1784 4962 lingua,
1810 4892 2064 4964 simplex.

466 4988 628 5046 Istud
649 5003 898 5059 namque
924 4990 1146 5041 tantum
1184 4989 1271 5041 est
1291 4983 1516 5053 signum
1543 4982 1806 5037 credendi
1833 4982 2071 5037 inﬁdeli-

465 5077 593 5147 bus,
619 5077 720 5133 sed
746 5081 805 5132 et
831 5075 1091 5131 ﬁdelibus
1111 5073 1337 5145 signum
1352 5076 1439 5127 est
1456 5076 1524 5127 ut
1547 5070 1689 5126 bene
1717 5076 2060 5143 operentur;

467 5167 646 5223 ethoc
668 5164 958 5236 prmmissa
974 5162 1117 5234 legis
1145 5160 1481 5216 auctoritate
1508 5160 1822 5215 conﬁrmat.

538 5253 626 5313 13.
655 5255 899 5311 uanos.
931 5254 1125 5322 Itaque
1145 5253 1369 5318 linguae,
1408 5249 1515 5303 hoc
1553 5252 1659 5313 est,
1692 5248 1752 5302 in
1787 5248 2064 5303 velamine

462 5345 672 5416 linguae
687 5344 1004 5417 incognitae,
1026 5339 1309 5397 obscurati
1345 5344 1479 5394 sunt
1505 5354 1794 5394 sermones
1840 5339 1960 5407 Dei,
1992 5356 2065 5395 ne

2223 4716 2307 4775 17.
2361 4720 2566 4775 LANFR.
2607 4721 2731 4775 Sive
2756 4722 2974 4799 lingua.
3018 4720 3077 4776 Si
3106 4720 3300 4791 lingua
3334 4721 3619 4791 incognita
3646 4723 3759 4778 ali-

2151 4806 2277 4878 quis
2296 4808 2547 4880 loquitur
2568 4813 2837 4875 vestrum,
2870 4825 2985 4864 non
3016 4810 3282 4881 loquatur
3308 4810 3367 4864 in
3395 4810 3757 4868 audientiam

2150 4896 2420 4963 omnium,
2448 4897 2547 4952 sed
2569 4897 2720 4967 apud
2746 4897 2887 4952 duos
2933 4898 3019 4953 vel
3054 4902 3171 4951 tres
3226 4898 3505 4969 loquatur,
3558 4903 3617 4953 et
3645 4916 3760 4971 per

2146 4990 2355 5055 partes,
2387 4985 2445 5039 id
2474 4990 2578 5046 est.
2609 4984 2892 5053 intercise,
2928 4991 2995 5041 ut
3018 4984 3236 5041 facilius
3267 4985 3445 5057 possit
3478 4985 3754 5057 intelligi,

2145 5090 2272 5128 cum
2293 5073 2606 5145 exponitur.

2217 5161 2302 5218 18.
2347 5163 2412 5218 Si
2465 5168 2652 5218 autem
2681 5178 2796 5218 non
2832 5164 3010 5231 fueris
3059 5165 3351 5233 interpres.
3399 5163 3505 5219 Hic
3545 5170 3755 5236 aperte

2144 5251 2389 5306 ostendit
2415 5251 2545 5323 quia
2571 5268 2718 5324 saepe
2737 5251 3073 5323 loquebatur
3095 5253 3299 5323 aliquis
3318 5252 3604 5322 incognita
3631 5253 3757 5309 lin-

2142 5357 2274 5411 gua,
2308 5357 2497 5413 quam,
2527 5342 2615 5396 vel
2642 5341 2702 5395 in
2727 5356 2857 5412 qua,
2907 5340 3131 5412 prolata
3180 5340 3469 5413 mysteria,
3493 5357 3598 5396 nec
3619 5341 3755 5414 ipse

461 5433 760 5490 videantur
794 5449 830 5488 a
856 5431 1107 5505 perﬁdis.
1154 5430 1298 5484 Cum
1335 5432 1528 5483 autem
1578 5427 1882 5483 audiantur
1910 5428 2061 5484 inco-
2137 5429 2504 5502 intelligebat.

459 5522 635 5597 gnitm
660 5522 884 5595 linguae,
923 5520 1150 5592 signum
1201 5516 1276 5571 sit
1322 5516 1456 5589 quia
1484 5520 1714 5589 propter
1765 5517 2060 5589 perﬁdiam

455 5612 672 5674 factum
698 5616 786 5696 est
800 5626 874 5696 ne
902 5608 1196 5695 audientes
1218 5604 1565 5679 intelligant.
1599 5606 1760 5665 Unde
1782 5607 1845 5667 in
1870 5607 2057 5668 Isaia:

2216 5519 2300 5575 19.
2330 5518 2451 5575 Sibi
2475 5524 2662 5576 autem
2690 5522 2973 5589 loquatur,
3002 5518 3061 5574 id
3082 5524 3188 5588 est,
3214 5519 3275 5575 in
3301 5520 3468 5576 corde
3512 5535 3614 5577 suo
3653 5520 3753 5579 lo-

2141 5612 2368 5681 quatur,
2391 5609 2573 5669 Deum
2598 5608 2836 5667 laudans
2852 5609 2941 5665 vel
2967 5608 3293 5681 deprecans.
