3912 6432
122 435 196 489 205
748 433 825 487 ΙΝ
861 434 928 487 D.
968 435 1181 492 PAULI
1219 437 1443 493 EPIST.
1483 438 1855 497 COMMENT.
1896 471 1961 484 —
2003 438 2229 496 EPIST.
2266 439 2292 495 Ῑ
2328 439 2426 495 AD
2464 438 2626 496 COR.
3195 436 3300 509 209

120 561 235 628 parti
248 573 377 611 unus
385 558 653 625 propheta,
696 561 745 611 et
784 560 934 611 alius
960 560 1068 612 alii
1092 560 1459 629 loquebatur),
1484 564 1542 615 et
1568 561 1754 616 caeteri
1781 561 2107 632 dijudicent,
2136 563 2471 617 audiantur.
2501 560 2593 619 20.
2610 561 2772 626 Quod
2800 560 2849 615 si
2861 559 2959 615 alii
2989 561 3302 616 revelatum

123 647 250 705 merit
271 645 482 711 sedenti,
505 644 661 716 prior
685 650 886 700 taceat.
910 647 1151 701 Potestis
1172 648 1321 702 enim
1352 649 1449 703 hoc
1469 652 1624 704 modo
1644 666 1838 704 omnes
1872 666 1972 720 per
1994 650 2246 721 singulos
2276 651 2631 721 prophetare,
2664 654 2730 704 ut
2758 665 2952 704 omnes
2974 650 3301 719 prophetare

123 738 303 800 discant,
332 739 383 789 et
414 750 604 788 omnes
642 734 1030 805 exhortentur,
1066 737 1495 802 admoneantur,
1537 743 1596 792 et
1629 737 1719 794 21.
1754 737 1984 809 spiritus
2020 738 2424 809 prophetarum
2461 737 2751 809 prophetis
2788 736 3023 808 subjecti
3060 741 3193 792 sunt
3218 737 3306 791 vel

125 826 331 893 subjectus
355 829 441 876 est.
472 820 561 878 2'2.
588 823 717 877 Non
763 823 912 877 enim
945 828 1031 878 est
1066 824 1434 879 dissensionis
1461 826 1630 895 Deus,
1662 827 1761 881 sed
1804 826 1977 898 pacis,
2019 826 2165 881 sicut
2207 831 2266 880 et
2306 826 2368 880 in
2411 824 2671 880 omnibus
2700 825 2945 880 ecclesiis
2981 831 3306 881 sanctorum

124 912 265 966 doceo.
294 913 397 965 Viri
422 913 641 980 quidem
665 912 1003 980 prophelent,
1032 917 1094 965 ut
1122 913 1351 966 dictum.
1376 912 1638 968 Mulieres
1664 920 1851 969 autem
1876 916 1934 969 in
1964 915 2210 970 ecclesiis
2238 919 2493 983 taceant;
2524 930 2637 969 non
2665 915 2816 968 enim
2844 914 3194 986 permittitur
3223 914 3302 968 eis

123 1000 251 1070 loqui,
269 1000 352 1053 sed
374 998 619 1053 subditas
641 1015 785 1065 esse,
808 1002 964 1065 viris,
988 1001 1132 1069 quod
1156 1016 1269 1053 non
1294 1006 1441 1067 esset,
1464 1004 1515 1055 si
1532 1004 1917 1070 praedicarent,
1944 1004 2091 1058 sicut
2114 1010 2172 1058 et
2199 1002 2288 1060 23.
2321 1004 2411 1058 lex
2434 1003 2574 1058 dixit
2600 1018 2613 1053 :
2647 1004 2704 1057 Si
2735 1003 2870 1075 quid
2900 1007 3089 1058 autem
3112 1003 3307 1057 volunt

121 1089 297 1154 discere,
318 1088 457 1142 domi
483 1105 595 1143 non
626 1092 693 1142 in
720 1091 938 1142 ecclesia
962 1088 1109 1142 viros
1152 1102 1281 1143 sues
1309 1089 1677 1160 interrogent.
1716 1091 1902 1162 Turpe
1939 1097 2027 1147 est
2053 1092 2205 1146 enim
2231 1091 2455 1146 mulieri
2482 1091 2637 1162 loqui
2666 1092 2726 1145 in
2751 1091 3002 1145 ecclesia.
3034 1089 3125 1147 24.
3155 1092 3243 1145 An
3270 1107 3307 1145 a

121 1179 232 1233 vobis
256 1177 465 1233 verbum
494 1178 590 1232 Dei
613 1177 927 1249 processit?
955 1182 1018 1232 ut
1047 1183 1269 1247 propter
1295 1180 1392 1233 hoc
1420 1195 1560 1233 nova
1587 1182 1825 1233 ineatis?
1852 1182 1967 1234 Aut
1989 1180 2049 1235 in
2077 1197 2173 1235 vos
2202 1180 2349 1235 solos
2377 1179 2670 1251 pervenit?
2700 1179 2759 1234 Si
2789 1178 2914 1250 quis
2941 1178 3163 1233 videtur
3179 1194 3306 1249 pro-

120 1268 248 1338 pheta
283 1284 408 1334 esse,
451 1266 685 1338 25.!aut
711 1265 1035 1338 spiritualis,
1067 1272 1366 1337 cognoscat
1409 1284 1532 1339 quae
1561 1267 1740 1322 scribo
1769 1266 1920 1323 vobis
1955 1270 2063 1340 (hic
2100 1271 2374 1323 evidenter
2411 1268 2662 1333 ostendit,
2695 1267 2955 1334 difﬁcilia
2992 1282 3098 1320 esse
3142 1268 3307 1320 verba

121 1372 304 1409 suarum
325 1357 716 1425 Epistolarum,
738 1357 813 1409 ad
829 1372 964 1424 quas
984 1358 1332 1424 exponendas
1352 1357 1659 1425 prophetas,
1685 1361 1734 1411 et
1761 1361 2026 1426 sapientes
2059 1356 2306 1426 invitat),
2334 1355 2468 1427 quia
2495 1353 2719 1409 Domini
2739 1357 2873 1408 sunt
2894 1353 3179 1408 mandata.
3210 1350 3302 1409 26.

123 1442 282 1515 Siquis
302 1451 477 1499 autem
497 1446 606 1498 haec
634 1448 683 1497 et
710 1446 829 1498 alia
848 1445 948 1498 Dei
974 1445 1243 1497 mandata
1262 1443 1504 1513 ignorat,
1529 1446 1610 1499 vel
1640 1448 1888 1514 negligit,
1919 1445 2009 1499 27.
2040 1445 2410 1516 ignorabitur.
2439 1449 2559 1510 IS
2587 1443 2805 1514 Itaque,
2833 1442 3053 1507 fratres,
3077 1442 3309 1497 aemula-

122 1532 226 1587 mini
248 1533 566 1605 prophetare
598 1550 611 1586 :
643 1535 778 1602 quia
806 1534 1008 1601 duplam
1037 1534 1240 1587 bonum
1272 1538 1348 1587 est
1375 1549 1394 1586 :
1422 1538 1479 1587 et
1505 1533 1659 1604 loqui
1694 1533 1900 1604 linguis
1941 1534 2116 1588 nolite
2154 1535 2470 1606 prohibere.
2503 1533 2708 1588 Omnia
2736 1537 2925 1587 autem
2953 1533 3205 1598 honeste,
3246 1536 3311 1586 ut

123 1623 208 1674 viri
231 1623 529 1690 loquantur,
562 1624 823 1675 mulieres
854 1625 1085 1685 taceant,
1107 1625 1165 1674 et
1192 1621 1500 1675 secundum
1528 1621 1801 1689 ordinem,
1827 1627 1969 1678 alter
1992 1626 2175 1693 prius,
2205 1627 2349 1679 alter
2369 1625 2662 1693 posterius,
2691 1638 2803 1677 non
2827 1637 3011 1676 omnes
3035 1624 3209 1676 simul
3239 1621 3316 1675 lo-

124 1715 341 1777 quantur,
372 1710 510 1764 fiant
532 1712 598 1765 in
626 1709 799 1774 vobis,
836 1709 919 1762 vel
946 1723 979 1761 a
1007 1708 1171 1761 vobis.
1601 1714 1617 1729 '

1506 1817 1739 1874 CAPUT
1773 1818 1891 1873 XV.

182 1958 219 2016 1.
243 1961 439 2016 Notum
463 1965 655 2016 autem
672 1959 828 2015 vobis
857 1959 1018 2022 facio,
1049 1958 1271 2016 fratres.
1294 1958 1675 2029 Evangelium,
1700 1958 1850 2030 quod
1871 1959 2165 2030 praedicavi
2181 1958 2354 2027 vobis,
2379 1958 2528 2030 quod
2557 1962 2614 2014 et
2645 1958 2894 2028 (effectus)
2918 1959 3231 2030 accepistis,
3257 1959 3320 2014 in

129 2065 212 2119 quo
235 2054 285 2104 et
304 2050 476 2115 statis,
507 2066 611 2121 per
647 2050 794 2120 quod
823 2053 881 2102 et
905 2048 1214 2114 salvamini,
1249 2064 1359 2119 qua
1384 2047 1601 2102 ratione
1626 2047 2043 2118 praedicaverim
2069 2048 2243 2113 vobis,
2274 2047 2323 2102 si
2358 2049 2582 2114 tenetis,
2611 2048 2722 2102 nisi
2752 2047 2958 2103 frustra
2983 2048 3319 2116 credidistis,

114 2140 197 2191 nisi
224 2141 289 2192 ad
316 2145 546 2193 mortem
575 2140 954 2206 praedestinati
981 2141 1124 2191 estis.
1165 2136 1394 2191 Tradidi
1425 2136 1574 2189 enim
1602 2135 1756 2190 vobis
1794 2137 1852 2189 in
1884 2133 2099 2205 primis,
2131 2135 2494 2202 Evangelium
2524 2135 2668 2202 quod
2697 2140 2891 2188 notum
2924 2137 3048 2203 feci,
3078 2135 3227 2207 quod
3264 2139 3323 2189 et

106 2226 271 2298 accepi,
299 2227 563 2298 quoniam
592 2226 851 2281 Christus
883 2229 1140 2279 mortuus
1168 2234 1255 2278 est
1282 2242 1383 2296 pro
1413 2224 1657 2295 peccatis
1685 2223 1893 2276 nostris
1918 2238 2030 2277 non
2054 2223 2171 2275 suis
2197 2222 2505 2276 secundum
2529 2221 2867 2292 Scripturas,
2890 2227 2949 2277 et
2974 2222 3107 2293 quia
3135 2223 3323 2294 sepul-

108 2320 173 2369 tus
196 2323 285 2382 est,
315 2322 370 2372 et
396 2317 532 2388 quia
560 2315 867 2371 resurrexit
895 2315 1068 2369 tertia
1096 2314 1207 2370 die.
1242 2314 1549 2368 secundum
1583 2313 1921 2383 Scripturas,
1950 2317 2009 2365 et
2037 2310 2168 2382 quia
2197 2309 2345 2364 visus
2390 2315 2478 2363 est
2517 2309 2738 2380 Cephei,
2771 2315 2828 2364 et
2853 2315 2980 2381 post
3007 2311 3114 2365 hoc
3155 2312 3326 2366 disci-

108 2407 240 2470 pulis,
259 2405 513 2461 undecim
538 2424 552 2473 ;
586 2403 789 2459 deinde
814 2403 964 2458 visus
992 2407 1080 2458 est
1105 2403 1405 2474 plusquam
1441 2400 1762 2472 quingentis
1789 2400 2057 2455 fratribus
2077 2400 2245 2454 simul
2269 2399 2356 2470 (de
2383 2400 2485 2453 hac
2503 2403 2876 2468 apparitione,
2904 2406 2953 2455 et
2979 2402 3331 2471 subsequenti
3358 2434 3359 2437 η

111 2494 219 2548 nihil
233 2497 292 2549 ab
314 2498 662 2565 evangelislis
682 2496 932 2563 dicitur),
960 2510 1027 2548 ex
1052 2492 1255 2564 quibus
1278 2491 1441 2545 multi
1469 2495 1700 2544 manent
1715 2505 1894 2561 usque
1912 2488 2113 2553 adhuc,
2140 2486 2369 2558 quidam
2390 2491 2584 2541 autem
2602 2486 2960 2542 dormierunt
2983 2506 2996 2556 ;
3028 2489 3086 2543 2.
3123 2489 3332 2544 deinde

111 2582 225 2638 visus
248 2588 325 2637 est
349 2583 582 2649 Jacobo,
612 2582 814 2637 deinde
844 2581 1114 2653 apostolis
1144 2579 1423 2645 omnibus,
1457 2577 1758 2632 novissime
1786 2582 1977 2633 autem
2007 2576 2260 2631 omnium
2286 2575 2343 2632 3.
2370 2580 2645 2647 tanquam
2673 2576 2951 2646 abortivo,
2977 2576 3129 2633 visus
3159 2582 3248 2632 est
3276 2580 3335 2631 et

1404 2730 1997 2786 COMMENTARIUS.

167 2883 236 2942 20.
262 2889 405 2955 Quod
438 2890 494 2942 si
543 2888 668 2941 alii.
701 2884 760 2939 Si
787 2884 937 2938 dum
961 2882 1072 2938 duo
1100 2882 1186 2936 vel
1221 2885 1336 2935 tres
1379 2881 1665 2952 prophetae
1684 2884 1725 2942 Α
1744 2880 1855 2935 ista
1882 2896 2049 2951 paena
2073 2880 2169 2935 ille
2196 2880 2524 2952 plectendus
2552 2882 2645 2950 sit,
2678 2883 2775 2953 qui
2805 2899 2919 2938 non
2956 2884 3104 2940 valet
3129 2886 3340 2943 intelli-

118 2973 393 3046 loquuntur,
424 2975 600 3031 alicui
638 2989 833 3028 eorum
859 2972 955 3043 qui
981 2971 1193 3036 sedent,
1230 2975 1287 3025 et
1326 2970 1664 3036 auscultant,
1746 2969 1940 3039 gentia
1984 2969 2063 3023 sic
2106 2969 2423 3024 discernere
2463 2970 2802 3025 ineffabilem
2828 2973 3121 3030 Trinitatis
3150 2976 3343 3031 unita-

120 3063 286 3135 aliquid
313 3066 627 3119 revelatum
650 3062 846 3128 fuerit;
874 3060 1028 3131 prior
1055 3059 1329 3131 propheta
1357 3059 1453 3130 qui
1481 3059 1668 3129 loque—
1749 3062 1884 3123 tem,
1918 3058 2062 3111 sicut
2106 3058 2444 3113 discernitur
2482 3059 2542 3113 in
2583 3060 2771 3115 animo
2814 3068 3008 3117 nostro
3044 3064 3339 3131 memoria,

122 3150 267 3220 batur,
289 3159 488 3218 taceat,
528 3158 585 3207 et
613 3150 975 3223 permittatur
996 3149 1127 3202 huic
1153 3148 1326 3219 loqui.
1752 3145 2089 3209 intellectus,
2116 3145 2394 3200 voluntas.
2429 3147 2669 3202 Aliunde
2713 3149 2934 3205 dicebat
2969 3151 3076 3206 hoc
3103 3153 3345 3224 Aposto-

170 3240 490 3311 21.Spiritus
507 3242 927 3310 prophetarum.
945 3237 1243 3292 Pluraliter
1257 3236 1394 3290 dicit
1405 3235 1669 3306 Spiritus,
1754 3234 1842 3289 lus
1872 3251 1885 3287 :
1917 3236 2083 3304 Lege,
2108 3240 2165 3289 et
2193 3235 2402 3290 videbis
2432 3253 2499 3291 ea
2527 3254 2651 3308 quae
2678 3238 3015 3311 loquebatur
3042 3243 3164 3313 [al.,
3197 3243 3348 3315 quod

121 3338 308 3399 propter
332 3329 760 3386 multitudinem
787 3326 1206 3397 prophetarum,
1248 3339 1376 3378 cum
1418 3323 1493 3377 sit
1528 3338 1675 3376 unus
1757 3340 1821 3377 ea
1842 3321 2222 3395 loquebatur],
2251 3339 2374 3393 quae
2392 3325 2561 3379 ﬁdem
2580 3327 2668 3380 vel
2687 3344 2872 3383 mores
2892 3330 3196 3386 multorum
3221 3332 3351 3386 aedi-

123 3415 325 3486 Spiritus
367 3419 465 3488 qui
519 3417 698 3488 replet
743 3431 857 3481 eos,
907 3413 1003 3484 qui
1048 3413 1333 3483 subjectus
1388 3409 1676 3481 prophetis
1758 3413 2009 3479 ﬁcarent,
2042 3427 2155 3466 non
2195 3428 2317 3483 quae
2359 3413 2448 3467 vix
2490 3415 2562 3469 ad
2602 3433 2926 3487 paucorum,
2963 3436 3200 3492 eamque
3230 3422 3349 3476 exi-

123 3503 307 3572 dicitur,
339 3507 473 3578 quia
503 3522 600 3560 eos
640 3509 797 3559 extra
832 3504 1177 3558 voluntatem
1213 3517 1428 3566 eorum,
1461 3516 1566 3554 nec
1592 3501 1677 3554 lo-
1761 3518 1952 3571 guam,
2003 3502 2494 3572 quantulacunque
2534 3504 2593 3559 in
2636 3506 2742 3561 hac
2782 3507 2916 3574 vita,
2964 3509 3035 3563 de
3083 3526 3145 3564 re
3191 3514 3354 3566 tanta

124 3594 213 3662 qui,
240 3612 337 3650 nec
361 3602 557 3650 tacere
605 3580 907 3663 compellit.
957 3593 1024 3645 Et
1071 3596 1158 3645 est
1200 3589 1488 3660 responsio
1519 3588 1682 3659 quasi
1766 3607 1887 3645 esse
1914 3595 2116 3660 potest,
2162 3590 2591 3662 intelligentiam
2628 3596 3003 3666 pervenirent,
3045 3598 3103 3653 id
3146 3604 3252 3668 est,
3290 3606 3354 3655 ut

126 3686 293 3756 aliquis
317 3689 572 3742 diceret:
622 3687 710 3739 An
755 3685 909 3755 prior
947 3683 1220 3754 propheta
1266 3686 1452 3754 potest
1478 3681 1682 3748 facere,
1767 3679 1974 3750 linguis
2001 3680 2297 3751 prophetia
2324 3688 2748 3753 proponeretur.

126 3789 227 3829 cum
242 3777 371 3842 vult,
392 3776 451 3830 id
477 3780 585 3841 est,
607 3790 681 3827 an
705 3771 910 3843 singuli
936 3772 1152 3843 possint
1173 3771 1530 3842 prophetare,
1555 3786 1685 3824 cum
1838 3768 1929 3824 27.
1968 3766 2163 3838 (Ibid)
2204 3770 2581 3837 Ignorabitur.
2628 3773 2791 3828 Multi
2830 3774 2889 3828 in
2934 3775 3144 3831 Christi
3190 3793 3354 3833 cruce

68 3884 71 3887 π
128 3864 190 3916 eis
208 3866 406 3937 aliquid
429 3864 735 3923 revelatur.
1769 3856 2095 3927 gloriantes,
2126 3861 2183 3910 et
2210 3856 2280 3911 ab
2319 3858 2517 3913 eadem
2556 3860 2645 3914 via
2672 3878 2786 3915 non
2814 3864 3155 3931 recedentes,
3186 3865 3361 3919 etiam

182 3951 258 4009 22.
286 3956 403 4009 Νοη
445 3955 599 4009 enim
638 3954 1009 4006 dissensionis.
1058 3949 1430 4005 Dissensionis
1459 3949 1688 4021 spiritus
1775 3945 1872 4015 qui
1922 3945 2033 3999 ista
2073 3962 2196 4016 quae
2243 3946 2607 4001 subtilissime
2657 3949 3026 4017 disseruntur,
3074 3953 3359 4023 ignorant,

130 4048 304 4109 essent,
350 4044 398 4098 si
427 4058 628 4098 omnes
656 4057 795 4111 quos
830 4041 1092 4111 repleret,
1127 4039 1281 4115 loqui
1330 4040 1500 4094 simul
1542 4055 1691 4092 com-
1772 4035 1905 4105 quia
1939 4050 2049 4089 non
2088 4035 2236 4106 perit
2270 4051 2418 4089 unus
2455 4036 2525 4090 de
2562 4037 2779 4108 pusillis
2818 4039 2940 4109 [al.,
2982 4057 3048 4094 ex
3084 4038 3225 4114 illis]
3259 4058 3360 4113 pro

129 4129 345 4198 pelleret,
1772 4122 1975 4193 quibus
2004 4128 2258 4179 mortuus
2282 4129 2384 4191 est,
2408 4124 2479 4178 ad
2504 4126 2757 4180 eamdem
2787 4127 3121 4199 perveniunt
3138 4130 3363 4185 aeterni-

185 4216 262 4273 23.
286 4223 386 4276 Lee:
408 4223 568 4275 dicit.
591 4220 657 4274 1n
676 4218 879 4273 Genesi
908 4216 1045 4272 dicit
1068 4217 1219 4271 Deus
1247 4216 1319 4270 ad
1349 4216 1644 4270 mulierem
1671 4234 1683 4269 :
1706 4236 1754 4294 B
1772 4216 1966 4278 tatem,
2002 4213 2313 4279 veritatem,
2346 4213 2698 4281 charitatem,
2731 4215 2790 4270 id
2828 4222 2933 4284 est,
2968 4219 3039 4273 ad
3081 4219 3361 4285 stabilem,

131 4304 223 4362 Sub
242 4312 351 4365 viri
370 4314 636 4379 potestate
660 4311 787 4374 eris,
810 4312 859 4361 et
888 4309 999 4374 ipse
1027 4307 1412 4359 dominabitur
1437 4307 1556 4358 tibi.
1773 4305 2004 4366 certam,
2036 4302 2373 4371 plenamque
2395 4301 2739 4358 felicitatem.
2771 4305 2879 4360 Ubi
2906 4307 3263 4363 manentibus
3281 4308 3368 4363 vi-

188 4395 264 4449 94.
283 4400 368 4453 An
387 4400 592 4453 avobis
611 4398 857 4451 verbum.
873 4395 975 4449 Hic
993 4394 1161 4448 datur
1178 4393 1417 4463 intelligi
1437 4392 1691 4464 quaedam
1775 4388 2055 4449 dentibus.
2088 4389 2426 4457 amantibus,
2452 4397 2584 4445 sunt
2610 4397 2810 4447 cuncta
2840 4399 3130 4466 perpetua.

134 4497 236 4553 quis
270 4487 529 4558 superius
572 4484 863 4555 redarguit
899 4482 1218 4538 Corinthios
1257 4482 1473 4548 fecisse,
1526 4486 1696 4551 atque
1852 4478 2014 4534 CAP.
2050 4478 2166 4535 XV.
2194 4508 2248 4527 -φ
2278 4477 2332 4531 1.
2354 4480 2569 4539 LANFR.
2605 4483 2813 4537 Notum
2837 4489 3025 4538 autem
3048 4486 3239 4553 vobis.,
3262 4470 3382 4540 etc.

135 4568 237 4626 ideo
261 4573 624 4646 reprehendit
653 4589 748 4628 eos
774 4572 964 4627 dicens
987 4588 1103 4626 non
1129 4571 1332 4626 debere
1358 4588 1454 4625 eos
1484 4568 1694 4641 aliquid
1780 4566 2178 4621 Dubitantibus
2214 4568 2520 4623 Corinthiis
2553 4569 2623 4624 de
2660 4572 3073 4627 resurrectione
3119 4578 3375 4628 mortuo-

138 4660 324 4716 noviter
349 4663 517 4730 inire,
541 4662 639 4719 sed
664 4661 849 4733 potius
872 4660 1139 4732 exemplis
1160 4660 1398 4714 aliarum
1428 4659 1699 4714 Ecclesia-
1781 4672 1928 4719 rum.
1960 4656 2162 4727 probat
2189 4659 2486 4728 Apostolus
2525 4659 2718 4714 multis
2746 4662 3094 4731 argumentis
3133 4678 3258 4716 eam
3286 4678 3379 4717 re-

138 4763 241 4803 rum
265 4752 465 4819 vivere,
490 4751 627 4822 quia
648 4749 875 4805 verbum
899 4750 1001 4805 Dei
1030 4748 1101 4803 ab
1126 4748 1238 4803 illis
1269 4765 1383 4803 non
1409 4747 1698 4820 processit,
1786 4761 1915 4799 vera
1934 4761 2055 4799 esse
2078 4745 2346 4814 futuram,
2373 4747 2624 4802 recolens
2646 4748 2794 4819 quod
2821 4750 2936 4805 illis
2960 4750 3376 4822 praedicaverat,

142 4840 265 4907 quod
301 4842 347 4895 si
377 4839 762 4913 processisset,
793 4838 1084 4893 tolerabile
1108 4843 1257 4893 esset
1282 4838 1331 4892 si
1359 4836 1572 4908 aliquid
1600 4853 1702 4891 no-
1787 4833 1989 4904 quibus
2016 4835 2303 4889 evidenter
2326 4841 2558 4907 apparet
2588 4837 2657 4892 de
2676 4839 3085 4895 resurrectione
3114 4839 3380 4895 dubitan-

143 4942 251 4983 vurn
270 4930 556 4985 fecissent.
1789 4922 1923 4975 dum
1958 4939 2069 4977 non
2099 4939 2241 4978 esse.

198 5016 277 5073 25.
301 5020 557 5075 uanos.
583 5017 913 5086 Spiritualis
932 5020 1229 5083 cognoscat.
1249 5015 1354 5070 Hic
1370 5014 1556 5085 tangit
1580 5029 1710 5085 apo-
1860 5011 1912 5068 2.
1945 5014 2196 5067 Λυαυετ.
2233 5014 2350 5081 (lib.
2383 5018 2522 5068 cont.
2557 5016 2785 5086 Faust.).
2819 5018 3123 5072 Novissime
3161 5022 3375 5073 autem.

144 5106 292 5162 stolas
334 5108 528 5175 falsos,
571 5105 669 5178 qui
722 5121 836 5160 non
880 5104 1086 5170 divina,
1134 5104 1234 5158 sed
1277 5110 1506 5158 terrena
1545 5102 1713 5157 doce-
1793 5101 1902 5156 Sed
1942 5101 2032 5155 hic
2067 5103 2187 5172 jam
2235 5102 2305 5157 de
2351 5103 2509 5169 caelo,
2552 5110 2682 5175 post
2721 5123 2833 5161 non
2876 5124 3111 5179 parvum
3161 5114 3385 5178 tempus

148 5190 278 5248 bant.
1794 5191 2137 5245 ascensionis
2167 5208 2300 5245 suae.

204 5280 284 5340 26.
311 5282 373 5339 Si
402 5286 530 5354 quis
555 5284 797 5352 ignorat,
822 5282 1200 5351 ignorabitur.
1226 5281 1417 5347 Recte,
1448 5280 1582 5351 quia
1622 5278 1717 5350 qui
1867 5277 1919 5336 3.
1950 5280 2195 5335 Amnaos.
2236 5281 2524 5350 Tanquam
2560 5284 2825 5338 abortivo.
2858 5285 3134 5355 Apparuit
3157 5284 3239 5337 illi
3266 5284 3385 5355 pri-

150 5373 303 5427 nescit
325 5374 430 5428 Dei
469 5389 594 5428 esse
625 5387 749 5443 qua
785 5371 1035 5442 loquitur
1061 5370 1383 5441 Apostolus,
1417 5386 1453 5423 a
1480 5369 1717 5423 Domino
1796 5385 1951 5423 mum
1981 5370 2050 5423 de
2092 5370 2249 5437 ccelo,
2299 5376 2425 5441 post
2471 5372 2654 5426 oranti
2698 5373 2756 5426 in
2803 5374 3031 5444 templo.
3063 5373 3392 5430 Abortivum

150 5456 495 5529 ignorabitur.
1802 5475 1860 5512 se
1888 5463 2067 5523 vocat,
2100 5458 2232 5531 quia
2259 5463 2415 5514 extra
2442 5465 2665 5531 tempus
2692 5465 2858 5514 natus
2886 5460 2947 5515 in
2977 5461 3220 5528 Christo,
3253 5480 3395 5536 apo-

210 5549 294 5607 26.
326 5552 575 5631 Ancum.
609 5548 795 5621 (epist.
824 5547 932 5607 102
953 5550 1028 5603 ad
1050 5549 1338 5648 Evodium3
1370 5550 1508 5601 tom.
1534 5546 1630 5646 Il).
1656 5546 1720 5601 Si
1739 5588 1784 5648 C
1803 5548 2069 5602 stolatum
2095 5548 2341 5620 accepit;
2386 5548 2446 5603 in
2483 5550 2620 5603 coelo
2660 5548 2904 5603 Domino
2931 5556 3153 5622 recepto
3180 5552 3240 5606 in
3271 5553 3399 5625 [al.,

155 5641 259 5704 quis
270 5645 455 5694 autem
474 5639 1113 5709 ignorat.Nequaquam,
1134 5641 1200 5691 ut
1210 5635 1427 5701 scribis,
1447 5636 1543 5706 qui
1561 5635 1718 5706 igno-
1742 5635 1784 5648 “’”
1814 5637 1963 5707 cum]
1987 5653 2175 5693 carne.

154 5731 247 5796 rat,
264 5727 637 5798 ignorabitur.
655 5728 736 5784 De
755 5727 861 5784 hac
878 5743 940 5783 re
961 5725 1098 5782 dicit
1115 5724 1433 5798 Apostolus,
1455 5729 1728 5796 tanquam
