3912 6372
531 383 634 443 207

539 503 680 559 mihi
701 499 883 569 (quasi
898 496 1032 547 abor

542 608 668 647 sum
694 568 961 641 minimus
993 575 1395 648 apostolorum,
1432 568 1564 637 quia
1595 580 1708 617 non
1745 575 1868 614 sum

544 680 670 737 Dei.
709 673 906 730 Gratia
949 671 1138 722 autem
1167 660 1270 716 Dei
1298 673 1422 713 sum
1469 655 1526 708 id
1570 651 1719 722 quod
1747 663 1891 737 sum,

545 735 644 824 sed
672 758 1050 820 abundantius
1085 757 1140 821 (α
1168 767 1228 804 re
1254 744 1475 818 probat)
1504 742 1614 796 illis
1644 735 1902 824 omnibus

543 856 715 918 enim,
759 854 964 913 autem,
997 859 1122 914 ego,
1163 839 1279 893 sive
1319 833 1419 900 illi,

546 1293 899 1356 suscitaverit
922 1288 1229 1348 Christum,
1254 1294 1422 1352 quem
1449 1291 1486 1329 n

545 1386 872 1457 resurgunt,
902 1392 1085 1448 neque
1113 1369 1370 1427 Christus
1396 1381 1486 1419 res

544 1479 696 1535 enim
722 1455 860 1530 estis
887 1470 945 1523 in
973 1462 1214 1538 peccatis
1245 1455 1464 1514 vestris.

543 1573 669 1623 tum
695 1564 756 1617 in
786 1557 1010 1616 Christo
1038 1554 1329 1625 sperantes
1353 1557 1567 1606 sumus,

546 1654 804 1711 Christus
828 1641 1137 1703 resurrexit
1165 1656 1199 1693 a
1226 1632 1464 1690 mortuis
1489 1624 1751 1700 primitiae
1779 1613 2200 1677 dormientium,

982 1737 1040 1787 et
1061 1743 1162 1802 per
1177 1722 1465 1780 hominem
1482 1709 1818 1770 resurrectio
1839 1707 2210 1760 mortuorum.
2233 1698 2302 1751 Et
2321 1696 2400 1749 sic

986 1785 1178 1874 omnes
1196 1808 1641 1867 viviﬁcabuntur.
1669 1799 1754 1855 11.
1777 1790 2174 1887 Unusquisque
2196 1788 2385 1838 autem
2407 1785 2425 1837 i

1533 1897 1553 1946 t
1571 1891 1697 1955 alii,
1717 1886 1807 1940 sed
1827 1861 2026 1936 horum
2050 1878 2271 1928 tantum
2289 1874 2624 1924 mentionem
2647 1869 2786 1936 facit
2806 1869 3030 1934 propter
3051 1864 3430 1917 Christianam
3449 1861 3780 1927 dignitatem

1954 1965 2238 2021 diderunt.
2263 1959 2491 2025 3013.
2511 1956 2725 2012 Deinde
2743 1955 2870 2010 ﬁnis
2889 1957 3015 2019 erit,
3035 1950 3119 2019 14,
3139 1950 3228 2017 15,
3243 1948 3332 2015 16,
3355 1964 3483 2002 cum
3502 1943 3799 2001 tradiderit

543 1743 758 1798 minem
785 1751 956 1800 mors,

540 1922 676 1975 sunt
695 1911 920 1977 Christi,
945 1901 1334 1976 (resurrecturi
1352 1900 1483 1952 sunt
1505 1910 1530 1946 ε

544 2007 632 2066 12.
656 2005 754 2080 qui
772 2003 835 2060 in
853 1976 1119 2061 adventu,
1141 1993 1304 2062 facta,
1325 1989 1405 2042 vel
1423 1979 1697 2054 faciendo,
1719 1976 1842 2045 ejus
1861 1985 1951 2025 cre

1522 359 1588 413 B.
1627 347 2039 410 LANFRANC]
2079 338 2436 397 CANTUAR.
2479 331 2812 389 ARCHIEP.

1037 491 1211 543 tivum
1232 501 1284 547 se
1304 485 1475 547 vocat,
1498 479 1632 546 quia
1652 479 1864 529 coactus
1887 468 2047 522 estad
2069 467 2239 518 Deum
2261 461 2519 513 converti.
2537 460 2674 509 sicut
2693 454 2972 506 abortivus
2989 451 3206 515 cogitur
3230 447 3401 507 nasci)
3439 444 3490 497 4.
3513 443 3624 513 Ego
3645 442 3785 496 enim

2299 549 2308 552 -
2489 551 2493 552 ,
2542 545 2554 552 .
2843 539 2852 548 ι
3162 538 3296 552 ,,1,,,
3348 549 3459 552 ______
3495 530 3782 552 T3--I-._I__A

1899 555 2102 624 dignus
2130 549 2312 603 vocari
2343 545 2646 616 apostolus,
2687 539 2951 611 quoniam
2987 538 3312 606 persecutus
3342 549 3464 585 sum
3495 530 3787 584 Ecclesiam

1936 647 1992 696 et
2030 638 2213 711 gratia
2241 637 2360 706 ejus
2398 635 2454 688 in
2484 650 2575 685 me
2614 645 2786 683 vacua
2829 643 2942 680 non
2973 625 3099 689 fuit,
3129 629 3190 675 ut
3233 638 3342 674 non
3374 622 3784 687 fructiﬁcarem,

1928 727 2212 792 laboravi;
2265 741 2376 778 non
2452 738 2554 793 ego
2594 725 2806 785 autem,
2854 715 2951 769 sed
2997 712 3180 784 gratia
3229 709 3331 764 Dei
3379 725 3638 774 mecum;
3679 706 3786 759 sive

1461 793 1472 812 ,

1461 830 1542 884 sic
1588 822 2025 899 praedicavimus,
2067 817 2349 872 Christum
2388 815 2674 866 mortuum
2712 805 3094 865 resurrearz'sse,
3128 804 3185 852 et
3226 798 3304 852 sic
3353 795 3687 851 credidistis.
3729 793 3786 848 Si

3690 319 3784 376 ‘208

2011 1082 2264 1146 rrexerit,
2295 1080 2347 1133 5.
2389 1075 2573 1130 inanis
2604 1078 2690 1127 est
2735 1087 2866 1141 ergo
2896 1067 3214 1140 praedicatio
3244 1070 3456 1129 nostra,
3498 1062 3684 1116 inanis
3712 1064 3792 1115 est

2011 1173 2136 1234 Dei,
2163 1167 2426 1241 quoniam
2447 1161 2832 1219 testimonium
2856 1159 3097 1213 diximus
3124 1156 3391 1210 adversus
3416 1153 3618 1216 Deum,
3650 1150 3792 1223 quod

1491 1289 1564 1328 on
1591 1264 1898 1330 suscitavit,
1934 1263 1981 1316 si
2016 1258 2225 1314 mortui
2255 1271 2369 1310 non
2414 1255 2733 1322 resurgunt.
2767 1248 3071 1315 Responsio.
3104 1245 3247 1298 Nam
3276 1242 3332 1296 6.
3365 1241 3413 1294 si
3445 1238 3657 1294 mortui
3687 1254 3793 1292 non

1490 1357 1722 1416 urrexit.
1753 1351 1913 1418 Quod
1955 1349 2003 1403 si
2041 1346 2298 1402 Christus
2335 1359 2448 1397 non
2484 1339 2811 1405 resurrexit,
2841 1336 2894 1389 7.
2926 1350 3070 1388 vana
3107 1338 3194 1386 est
3223 1331 3358 1385 ﬁdes
3381 1335 3587 1394 vestra,
3618 1328 3796 1382 adhuc

1489 1451 1637 1521 Ergo
1664 1448 1720 1519 [α
1746 1440 1946 1510 simili]
1974 1442 2030 1492 et
2049 1435 2146 1508 qui
2172 1431 2525 1487 dormierunt
2550 1430 2609 1483 in
2632 1428 2875 1489 Christo,
2907 1422 3213 1494 perierunt.
3249 1419 3307 1474 Si
3333 1419 3390 1472 in
3415 1419 3518 1472 hac
3537 1418 3653 1471 vita
3679 1422 3796 1470 tan-

1589 1535 1644 1594 8.
1668 1528 2103 1600 miserabiliores
2123 1538 2318 1577 sumus
2339 1517 2599 1574 omnibus
2621 1508 3332 1576 hominibus.(assumptio).
3349 1508 3510 1562 Nunc
3531 1509 3722 1559 autem
3741 1503 3790 1558 9.

2229 1625 2362 1662 nam
2391 1609 2614 1675 primus
2643 1603 2969 1662 rcsurrcarit,
3004 1597 3273 1669 quoniam
3311 1595 3537 1666 quidem
3568 1609 3671 1663 per
3697 1592 3796 1645 ho-

2403 1701 2466 1749 ut
2494 1690 2757 1762 (exponit)
2780 1691 2838 1744 in
2861 1689 3035 1742 Adam
3058 1702 3254 1740 omnes
3274 1684 3616 1746 moriuntur,
3646 1680 3725 1734 ita
3744 1685 3798 1732 et

2429 1801 2467 1838 n
2488 1799 2589 1836 suo
2611 1781 2824 1844 ordine,
2840 1777 3103 1849 primitiae
3124 1773 3398 1840 Christus,
3423 1771 3626 1826 deinde
3644 1770 3687 1822 ii
3707 1767 3796 1838 qui

1848 2092 2438 2157 COMMENTARIUS.

611 2277 666 2336 4.
696 2276 807 2343 Ego
835 2271 1008 2328 enim.
1039 2257 1315 2321 Humiliat
1342 2270 1422 2322 se,

537 2383 600 2424 se
625 2361 872 2422 ascribit.

611 2406 894 2512 5".“
923 2450 998 2501 est
1022 2456 1169 2510 ergo.
1194 2435 1282 2492 Ad
1310 2429 1709 2512 detrimentum
1739 2429 1936 2474 eorum
1962 2406 2130 2512 proﬁ-

536 2558 664 2600 cere
691 2536 911 2602 asserit,
945 2532 992 2588 si
1031 2522 1368 2586 crediderint
1410 2515 1558 2590 quod
1596 2511 1852 2566 futurum
1878 2516 2010 2602 nqn‘
2021 2499 2125 2596 est,

536 2585 1068 2703 gﬁugés‘é'st‘
1092 2613 1295 2686 aliquis
1324 2585 1658 2703 proﬁteatur
1691 2599 1799 2696 hoc
1827 2585 2128 2703 qredidisse

537 2673 688 2794 qugd
717 2716 918 2771 falsum
946 2711 1049 2775 est,
1082 2710 1141 2760 et
1165 2695 1562 2756 verecundiam
1583 2679 1936 2794 illisjincutit,
2051 2673 2130 2726 la-

536 2763 700 2864 bores
723 2804 948 2859 illorum
973 2794 1113 2851 dicit
1131 2790 1535 2849 infructuosos;
1569 2775 1719 2849 quod
1741 2784 1908 2826 nemo
1934 2763 2130 2833 utique

534 2899 606 2954 de
635 2911 695 2951 se
718 2890 932 2966 patitur
959 2883 1176 2948 audire,
1196 2883 1263 2934 ut
1280 2875 1534 2929 videntes
1559 2868 1667 2922 hoc
1689 2876 1811 2918 esse
1830 2859 2025 2913 contra
2045 2866 2127 2914 se,

532 2962 888 3042 revertantur
914 2975 987 3032 ad
1012 2972 1183 3028 ﬁdem
1205 2962 1523 3039 pristinam.

1108 3072 1152 3113 ιι
1183 3027 1253 3111 δε
1280 3055 1417 3108 doct.
1469 3047 1598 3103 Chr.
1637 3055 1766 3132 cap:
1791 3035 1881 3132 3i,
2002 3027 2128 3129 III).

532 3164 596 3220 Si
625 3160 856 3216 mortui.
883 3155 1032 3209 Sunt
1072 3161 1218 3201 verae
1259 3135 1633 3196 connexiones
1661 3117 2125 3182 ratiocinationis,

532 3251 703 3307 falsas
729 3243 1001 3300 habentes
1025 3230 1354 3294 sententias,
1379 3240 1503 3297 quae
1533 3216 1954 3287 consequuntur
1975 3221 2130 3307 errp-

531 3355 655 3396 rem
677 3334 832 3390 illius
859 3345 988 3385 cum
1011 3340 1121 3396 quo
1151 3320 1368 3391 agitur;
1411 3328 1534 3385 quae
1555 3314 1748 3363 tamen
1773 3301 1844 3355 ad
1863 3301 1968 3353 hoc
1995 3293 2133 3350 infe-

533 3430 741 3485 runtur
758 3438 793 3476 a
816 3420 966 3475 bono
987 3419 1045 3469 et
1066 3412 1230 3466 docto
1250 3403 1497 3469 homine,
1518 3403 1587 3454 ut
1603 3396 1664 3450 in
1685 3393 1776 3448 his
1802 3387 2134 3444 erubescens

535 3519 632 3573 ille
660 3514 821 3584 cujus
850 3517 1100 3563 errorem
1123 3493 1485 3566 consequitur
1515 3487 1640 3558 [al.,
1665 3472 2128 3550 consequuntur],

533 3709 670 3752 nere
713 3685 970 3752 voluerit,
1018 3691 1246 3736 necesse
1295 3671 1468 3727 etiam
1504 3671 1571 3721 ut
1599 3662 1700 3717 illa
1732 3674 1856 3732 quae
1903 3655 2134 3710 damnat

534 3791 729 3842 tenere
757 3777 1013 3847 cogatur.

607 3831 896 3928 {Inus-Is.
939 3862 1088 3916 Vana
1117 3857 1192 3910 est
1233 3851 1380 3920 ﬁdes.
1412 3844 1608 3902 Fidem
1636 3838 1772 3895 dicit
1799 3850 1911 3907 qua
1936 3831 2131 3928 crede-

536 3919 674 4018 bant
688 3919 916 4031 peccata
934 3946 1039 4004 sibi
1059 3959 1180 4001 esse
1196 3919 1447 4001 dimissa,
1463 3948 1566 4005 per
1582 3928 1754 3985 ﬁdem
1772 3919 2132 4019 resurrectio-

577 4053 626 4106 is
639 4007 867 4105 Christi.
889 4035 1050 4106 Quod
1068 4047 1182 4090 non
1205 4032 1311 4095 est,
1326 4025 1375 4080 si
1395 4021 1654 4080 Christus
1672 4031 1786 4070 non
1803 4007 2126 4068 resurrexit.

603 4137 659 4196 8.
689 4137 936 4190 Aunsos.
967 4120 1392 4181 Miserabitiores
1420 4124 1633 4168 sumus.
1668 4099 1948 4161 Increduli
1981 4099 2131 4154 enim

532 4227 621 4284 vel
645 4227 752 4280 hac
777 4221 892 4275 vita
913 4216 1200 4271 fruuntur.

604 4275 896 4372 Silium.
930 4303 1180 4360 Christus
1216 4291 1541 4348 resurrexit.
1591 4281 1799 4339 Probat
1826 4275 2125 4372 Apostolus

533 4407 786 4460 mortuos
830 4409 952 4450 esse
994 4386 1426 4444 resurrecturos.
1477 4375 1555 4440 Si,
1611 4370 1814 4443 inquit,
1871 4363 2126 4421 Christus

531 4487 859 4552 resurrexit,
881 4487 940 4537 et
965 4473 1175 4533 mortui
1199 4469 1512 4539 resurgent.
1540 4461 1650 4518 Sed
1671 4457 1925 4515 Christus
1946 4466 2130 4507 resur-

529 4583 692 4650 rexit,
718 4592 852 4632 nam
886 4569 1187 4639 Scripturae
1218 4559 1427 4615 dicunt.
1467 4555 1610 4610 Item
1639 4549 1772 4621 quia
1799 4540 2123 4606 resurrexit,

1566 4640 1600 4650 ._
1655 4639 1692 4650 η
1770 4637 1780 4650 ,
1984 4629 2103 4650 Αω-

526 4690 661 4732 nam
679 4629 830 4724 ,visus
855 4665 958 4728 est,
979 4659 1277 4730 postquam
1302 4640 1627 4705 resurrexit,
1650 4637 1852 4708 Cephea
1875 4636 1948 4702 let
1979 4629 2123 4684 aliis.

527 4767 671 4823 Item
701 4760 930 4819 iterum,
967 4718 1274 4802 resurrexit
1309 4735 1443 4809 quia
1467 4747 1566 4786 vos
1596 4743 1727 4783 eum
1755 4718 2127 4780 resurrexisse

529 4811 861 4912 credidistis.
889 4811 1062 4905 Quasi
1095 4831 1378 4888 dicerent:
1405 4818 1774 4880 Credidimus,
1801 4811 1900 4867 sed
1919 4812 2127 4912 .nonnt‘e

528 4939 884 5019 praedicante.
929 4928 1064 4992 Quae
1105 4938 1172 4976 cu

525 5024 938 5109 praedicassent,
973 5030 1066 5069 vos
1106 5025 1197 5108 ore

520 5093 630 5180 hoc
653 5121 742 5173 est
763 5108 912 5184 quod
940 5103 1107 5159 dicit:
1139 5098 1267 5153 Sive
1297 5093 1450 5184 enim
1485 5102 1609 5184 ego,

524 5166 801 5270 geminus:
821 5202 879 5252 et
899 5194 978 5249 sic
1000 5185 1337 5246 credidistis.
1363 5179 1508 5234 Item
1539 5176 1762 5245 ipsum:
1792 5168 1851 5224 Si
1873 5166 2132 5222 Christus

521 5264 719 5358 revera
741 5264 1076 5363 praedicatur
1103 5275 1236 5350 quia
1262 5264 1589 5330 resurrexit,
1621 5266 1760 5315 tunc
1780 5273 1909 5311 vere
1945 5271 2130 5310 surre.

515 5391 626 5455 xit;
651 5390 708 5440 et
728 5350 776 5437 si
793 5371 1100 5433 resurrexit
1113 5372 1166 5440 (a
1178 5361 1392 5431 simili),
1409 5350 1745 5412 resurrectio
1760 5352 2114 5402 mortuorum

514 5435 636 5534 3;:
656 5435 808 5546 quod
831 5468 878 5522 si
897 5470 1002 5530 est,
1027 5435 1293 5530 quomodo
1314 5449 1546 5519 quidam
1569 5444 1786 5508 dicunt,
1808 5442 1936 5502 etc.,
1963 5441 2020 5489 et
2039 5435 2116 5488 sic

506 5581 624 5625 non
650 5558 864 5621 debetis
888 5556 1080 5611 dicere
1107 5555 1364 5604 resurrec

502 5646 646 5714 fore.

1451 2253 1511 2308 et
1531 2251 1785 2318 tempore
1813 2247 2041 2293 causam
2067 2227 2127 2282 in
2145 2226 2199 2287 A
2283 2221 2660 2278 Contenderet
2703 2218 2829 2291 quis
2875 2235 2887 2270 ε

2941 2217 3068 2270 Non
3097 2218 3209 2281 est,
3231 2210 3434 2283 inquit,
3468 2206 3801 2264 resurrectio

2208 2316 2580 2367 mortuorum.
2611 2308 2680 2362 Et
2713 2305 3011 2378 Apostolus
3053 2323 3065 2358 :
3112 2303 3172 2358 Si
3200 2318 3314 2356 non
3345 2304 3430 2354 est
3467 2295 3801 2352 resurrectio

2211 2405 2583 2466 mortuorum,
2619 2397 2676 2451 id
2715 2399 2818 2461 est,
2852 2395 2900 2448 si
2947 2393 3136 2447 nullus
3174 2394 3526 2444 mortuorum
3569 2390 3628 2453 (a
3671 2384 3800 2451 toto)

2210 2487 2470 2554 surrexit,
2517 2501 2701 2556 neque
2745 2483 3024 2548 Christus,
3079 2496 3245 2552 quem
3276 2476 3585 2532 surrexisse
3623 2472 3802 2528 credi-

2211 2577 2394 2630 distis.
2425 2577 2495 2629 Et
2522 2592 2587 2628 ex
2635 2573 2831 2628 eodem
2879 2569 3134 2641 sequitur
3157 2583 3360 2621 vanam
3401 2580 3523 2618 esse
3551 2560 3803 2633 Apostoli

2211 2663 2682 2736 praedicationem,
2742 2675 2940 2714 vanam
2993 2673 3115 2711 esse
3160 2670 3356 2709 eorum
3398 2653 3586 2706 ﬁdem.
3632 2651 3702 2704 Et
3741 2647 3803 2710 (si

2213 2754 2469 2807 Christus
2488 2768 2601 2805 non
2621 2749 2928 2804 resurrexit
2946 2746 3073 2800 falsi
3092 2749 3265 2798 testes
3288 2741 3388 2796 Dei
3405 2755 3632 2803 sumus;
3658 2735 3802 2808 quod

2213 2859 2248 2896 a
2291 2843 2581 2912 Scriptura
2623 2840 2700 2892 sic
2731 2836 2933 2909 probat
2965 2833 3313 2898 .‘Quoniam,
3346 2828 3548 2899 inquit,
3597 2827 3804 2880 falsum

2211 2931 2595 2987 testimonium
2622 2928 2862 2981 diximus
2892 2925 3185 2977 adversum
3226 2921 3437 2984 Deum;
3471 2932 3602 2970 nam
3634 2913 3801 2978 istud,

2214 3021 2362 3092 quod
2386 3015 2738 3074 suscitaverit
2758 3013 3062 3074 Christum,
3096 3025 3258 3080 quem
3290 3023 3402 3061 non
3427 3003 3739 3070 suscitavit,
3763 3002 3806 3056 si

2214 3109 2421 3164 mortui
2450 3123 2562 3162 non
2599 3107 2919 3173 resurgunt.
2963 3101 3148 3164 Quare
3190 3099 3296 3151 hoc
3324 3094 3500 3149 dicis?
3529 3094 3676 3147 Nam
3706 3092 3802 3156 ita,

2212 3197 2415 3268 inquit,
2447 3197 2504 3250 in
2529 3211 2590 3248 re
2615 3198 2719 3258 est,
2744 3189 2894 3261 quod
2919 3189 2968 3242 si
2995 3187 3204 3241 mortui
3227 3200 3338 3239 non
3361 3187 3686 3252 resurgunt,
3715 3196 3808 3235 ne-

2214 3303 2322 3358 que
2354 3286 2644 3349 Christus;
2678 3296 2821 3334 vana
2845 3283 2931 3332 est
2949 3276 3087 3330 ﬁdes
3108 3280 3318 3336 nostra,
3340 3272 3396 3325 id
3427 3275 3512 3325 est
3535 3285 3652 3323 non
3679 3271 3810 3323 sunt

2212 3374 2368 3429 vobis
2396 3373 2636 3428 remissa
2655 3371 2914 3440 peccata;
2948 3365 3130 3418 adhuc
3149 3363 3298 3418 enim
3329 3361 3463 3415 estis
3483 3361 3542 3414 in
3562 3358 3808 3430 peccatis

2216 3463 2437 3518 Vestris.
2471 3462 2540 3514 Et
2581 3458 2627 3513 si
2664 3474 2761 3511 vos
2799 3455 2932 3508 estis
2959 3452 3017 3506 in
3047 3451 3306 3523 peccatis,
3339 3454 3396 3504 et
3425 3448 3521 3520 qui
3549 3451 3685 3502 ante
3713 3463 3808 3501 vos

2153 3531 2464 3616 Bfnerunt,
2495 3549 2555 3603 in
2585 3545 2826 3619 peccatis
2863 3542 3073 3597 mortui
3106 3546 3273 3607 sunt;
3315 3543 3371 3593 et
3395 3538 3441 3591 si
3470 3537 3528 3591 in
3566 3536 3808 3606 peccatis

2216 3642 2423 3698 mortui
2439 3639 2793 3708 sunt,utique
2811 3628 3458 3707 perierunt.Principalis
3472 3625 3802 3696 assumptio.

2215 3735 2377 3788 Nunc
2402 3734 2592 3784 autem
2617 3726 2873 3782 Christus
2901 3719 3224 3785 resurrexit,
3258 3732 3390 3788 ergo
3411 3730 3522 3771 non
3551 3719 3639 3768 est
3667 3727 3808 3768 vana

2213 3819 2531 3894 praedicatio
2553 3820 2766 3880 nostra,
2794 3828 2897 3868 nec
2924 3811 3062 3866 ﬁdes
3085 3813 3288 3863 vestra.
3323 3805 3394 3861 Et
3421 3803 3501 3859 sic
3525 3803 3596 3858 de
3620 3801 3807 3858 omni-

2212 3912 2316 3966 bus
2344 3905 2808 3964 concludendum.

2282 3999 2371 4054 10.
2405 3998 2651 4052 AUGUST.
2685 3994 2890 4065 (cmpos.
2923 3991 2988 4042 in
3020 3987 3231 4054 Evang.
3263 3987 3424 4039 Joan.
3465 3984 3642 4047 Tract,
3674 3979 3732 4047 3,
3761 3985 3802 4033 t.

2213 4090 2329 4158 IX).
2362 4090 2430 4143 In
2458 4086 2671 4142 Christo
2711 4094 2915 4135 omnes.
2949 4077 3159 4132 Omnes
3198 4073 3295 4144 qui
3324 4071 3507 4127 renati
3543 4077 3682 4124 sunt
3708 4084 3810 4141 per

2214 4177 2524 4233 Christum.

2287 4264 2373 4322 11.
2400 4265 2613 4317 LANFR.
2651 4258 3030 4325 Unusquisque
3051 4257 3116 4307 in
3139 4267 3237 4306 suo
3255 4251 3470 4303 ordine.
3496 4249 3562 4302 In
3587 4263 3692 4302 suo
3717 4263 3810 4301 or-

2209 4355 2339 4409 dine
2383 4350 2537 4416 dicit,
2588 4347 2674 4401 vel
2722 4345 2857 4416 quia
2901 4341 3156 4397 Christus
3205 4338 3420 4410 primus
3463 4334 3805 4402 resurrexit;

2211 4441 2411 4498 deinde
2458 4433 2830 4493 resurrecturi
2858 4437 2993 4487 sunt
3034 4427 3239 4485 caeteri.
3271 4427 3373 4481 Vel
3402 4425 3538 4497 quia
3564 4430 3804 4495 martyr,

2208 4537 2274 4588 ut
2284 4533 2518 4601 martyr;
2533 4531 2804 4599 pastores,
2822 4527 2888 4577 ut
2902 4525 3172 4592 pastores,
3192 4521 3249 4571 et
3260 4514 3446 4571 caeteri
3460 4515 3518 4568 in
3528 4514 3679 4568 hunc
3692 4529 3808 4567 mo-

2210 4622 2364 4676 dum.
2383 4619 2453 4674 Et
2469 4617 2548 4672 sic
2559 4613 2914 4684 intelligitur,
2933 4610 2993 4664 in
3003 4625 3103 4664 suo
3115 4607 3330 4672 ordine,
3350 4609 3406 4658 et
3426 4603 3486 4658 in
3505 4619 3610 4658 sua
3627 4602 3809 4673 digni-

2208 4715 2344 4766 tate.
2367 4707 2580 4764 Deinde
2599 4705 2660 4759 hi
2688 4699 3077 4766 resurrecturi,
3106 4701 3163 4752 et
3193 4695 3308 4762 alii,
3333 4693 3430 4750 sed
3464 4694 3664 4747 horum
3685 4695 3810 4746 tan-

2207 4806 2332 4856 tum
2369 4795 2712 4853 mentionem
2755 4791 2905 4857 facit,
2937 4793 3168 4860 propter
3212 4783 3588 4840 Christianam
3621 4779 3811 4850 digni-

1175 4936 1258 4987 ra,
1309 4913 1511 4986 inquit,
1556 4907 1672 4963 sive
1717 4919 1838 4973 ego,
1887 4899 2001 4953 sive
2047 4887 2408 4950 illiCtatem.

1201 5004 1424 5062 didistis
1468 5014 1599 5053 eum
1637 4987 2030 5048 resurrexisse.
2065 4987 2139 5072 Et

1637 5083 1752 5137 sive
1776 5078 1859 5134 illi
1885 5077 1966 5132 sic
1998 5053 2139 5148 prae:
2218 5074 2449 5143 propter
2474 5060 2827 5119 redimendos
2847 5061 3184 5130 peccatores,
3201 5059 3259 5108 et
3281 5053 3652 5107 adventurum
3679 5065 3808 5120 pro-

2288 4979 2376 5035 12.
2413 4979 2519 5046 Qui
2547 4976 2611 5028 in
2639 4974 2896 5026 adventu.
2943 4967 3050 5031 Qui
3080 4964 3317 5021 credunt
3350 4977 3479 5017 eum
3515 4959 3807 5015 advenisse

2215 5137 2343 5233 pter
2366 5154 2619 5212 inﬁdeles
2643 5147 2975 5222 judicandos
3021 5150 3078 5199 et
3113 5143 3305 5198 ﬁdeles
3338 5137 3803 5195 remunerandos.

2280 5248 2372 5304 13.
2403 5247 2650 5299 AUGUST.
2680 5241 2802 5312 (lib.
2837 5234 3102 5291 LXXXIII.
3137 5234 3330 5300 ρυωδι.
3361 5247 3456 5301 qu.
3491 5227 3578 5293 69,
3611 5232 3655 5280 t.
3689 5227 3809 5284 ΠΜ

2208 5338 2412 5395 Deinde
2451 5336 2600 5403 ﬁnis.
2629 5331 2756 5399 Ipse
2784 5326 2996 5382 scilicet
3023 5321 3152 5376 ﬁnis
3181 5325 3285 5386 est,
3314 5324 3378 5374 ut
3403 5318 3476 5372 sit
3507 5316 3628 5386 ipse
3655 5315 3810 5369 Deus

2200 5425 2467 5484 omniain
2489 5414 2960 5476 omnibus.Aliter
2973 5411 3121 5466 enim
3141 5409 3344 5464 dicitur
3354 5405 3502 5472 ﬁnis,
3524 5403 3620 5475 qui
3638 5402 3811 5474 perti-

1364 5537 1579 5592 tionem
1607 5533 1960 5586 mortuorum
1991 5540 2106 5580 non
2187 5523 2288 5580 net
2307 5517 2380 5570 ad
2399 5507 2964 5572 consummationem,
2987 5500 3150 5555 aliter
3170 5499 3266 5569 qui
3290 5496 3538 5568 pertinet
3560 5492 3631 5546 ad
3670 5508 3810 5546 con-

2189 5604 2595 5679 sumptionem.
2611 5597 2682 5654 Et
2698 5593 2865 5650 aliter
2879 5590 3030 5648 enim
3049 5587 3243 5644 tunica
3263 5585 3462 5641 ﬁnitur
3470 5579 3733 5650 texendo,
3752 5584 3811 5635 et
