3912 6356
187 293 291 351 209
865 297 943 352 IN
980 297 1046 351 D.
1087 298 1302 353 PAULI
1345 298 1575 356 EPIST.
1617 301 1989 358 COMMENT.
2034 333 2097 343 -
2139 273 2361 356 Eprsr.
2401 298 2428 353 ι
2466 298 2561 352 AD
2600 297 2764 352 con.
3343 296 3451 371 210

189 433 452 487 regnum,
475 421 536 472 id
563 425 657 484 est,
675 422 739 473 in
759 421 957 488 quibus
976 425 1247 488 regnavit,
1274 422 1408 492 Deo,
1442 429 1497 480 et
1521 425 1696 498 Patri,
1719 426 1812 494 17,
1839 424 1920 482 18.
1936 442 2066 480 cum
2080 421 2433 479 evacuaverit
2457 435 2682 475 omnem
2701 419 3083 491 principatum
3105 423 3442 478 daemonum.

192 511 247 560 et
269 511 613 577 potestatem
641 513 700 562 et
724 507 1008 562 virtutem.
1029 509 1266 580 Oportet
1292 517 1480 567 autem
1512 514 1672 569 illum
1699 531 1938 586 regnare
1959 512 2242 572 19.donec
2253 516 2426 584 ponat
2439 525 2634 565 omnes
2653 509 2910 564 inimicos
2929 508 3034 564 sub
3049 509 3284 582 pedibus
3299 513 3440 582 ejus,

189 591 275 650 20.
305 595 632 648 Novissima
668 599 860 650 autem
898 595 1127 650 inimica
1171 598 1496 656 destruetur
1527 619 1562 656 a
1603 603 1816 657 Christo
1864 619 2017 656 mors
2063 603 2321 667 (ostendit
2351 601 2636 654 Christum
2680 598 2874 652 habere
2900 602 3208 667 potentiam
3245 602 3442 654 mortis

191 683 740 748 destruendaﬂicens
751 685 944 737 omnia
966 701 1072 738 esse
1090 688 1191 739 sub
1213 691 1331 756 ejus
1347 693 1639 760 potentia);
1669 691 1860 746 omnia
1879 690 2029 745 enim
2055 689 2292 760 subjecit
2318 686 2421 743 sub
2460 685 2693 758 pedibus
2719 686 2858 756 ejus.
2884 687 3027 742 Cum
3048 693 3238 742 autem
3258 687 3443 756 dicat;

184 773 434 840 psalmus
459 776 682 826 octavus
715 791 732 825 :
758 771 964 826 Omnia
991 773 1243 842 subjecta
1261 780 1396 831 sunt
1415 777 1486 846 ei,
1517 778 1640 833 sine
1670 779 1860 846 dubio,
1892 785 2100 850 praeter
2125 795 2274 845 eum,
2308 780 2549 843 Patrem,
2578 775 2674 847 qui
2693 773 2934 845 subjecit
2963 776 3015 830 ei
3052 775 3263 830 omnia.
3298 775 3441 830 Cum

187 863 373 914 autem
393 858 649 931 subjecta
672 859 888 915 fuerint
905 861 988 915 illi
1019 863 1226 930 omnia,
1252 864 1484 921 21.tunc
1511 873 1567 921 et
1593 868 1715 938 ipse
1740 869 1916 923 Filius
1946 868 2230 938 subjectus
2258 865 2365 921 erit
2388 864 2460 932 ei,
2493 867 2656 920 Patri
2676 865 2983 918 secundum
3011 865 3438 930 humanitatem,

188 947 267 1001 vel
292 949 533 1014 Christo,
555 949 651 1019 qui
678 949 921 1020 subjecit
939 949 1044 1004 sibi
1066 952 1272 1008 omnia.
1298 951 1386 1010 22.
1408 960 1475 1010 ut
1493 956 1568 1011 sit
1587 957 1738 1013 Deus
1757 957 2017 1013 omniain
2033 955 2313 1020 omnibus,
2334 959 2396 1008 ut
2411 956 2483 1008 sit
2502 954 2642 1007 Deus
2651 953 2942 1021 plenitudo
2954 955 3136 1007 omnis
3154 953 3354 1021 gaudii
3372 953 3439 1006 in

186 1038 443 1103 singulis.
468 1035 539 1093 23
571 1037 840 1110 Alioquin
855 1041 929 1110 (si
950 1045 1166 1096 mortui
1194 1059 1306 1098 non
1338 1050 1662 1116 resurgunt)
1684 1047 1818 1118 quid
1848 1046 2202 1114 facientquid
2216 1045 2323 1098 erit
2342 1043 2446 1110 his,
2467 1041 2564 1113 qui
2589 1040 2950 1112 baptizantur
2975 1039 3064 1098 24.
3081 1039 3173 1098 25.
3190 1045 3248 1106 8
3265 1047 3303 1106 ι
3331 1056 3436 1112 pro

183 1124 439 1192 mortuis,
470 1125 521 1179 si
544 1127 773 1182 omnino
795 1129 1003 1183 mortui
1021 1146 1134 1184 non
1151 1138 1460 1202 resurgunt
1480 1133 1503 1187 ?
1524 1133 1707 1201 26,27.
1731 1135 1807 1190 Ut
1832 1135 1968 1206 quid
1987 1141 2044 1189 et
2055 1133 2411 1205 baptizantur
2429 1147 2530 1203 pro
2545 1130 2656 1185 illis
2675 1131 2700 1184 ?
2705 1133 2938 1200 peccatis
2958 1131 3181 1184 scilicet.
3206 1129 3283 1184 Ut
3301 1129 3437 1200 quid

184 1217 237 1268 et
251 1229 353 1268 nos
361 1213 751 1286 periclitamur
769 1218 923 1273 omni
941 1218 1118 1274 hora?
1139 1223 1363 1289 exponit
1381 1225 1647 1291 quomodo
1667 1225 2034 1291 periclitetur.
2054 1219 2314 1287 Quotidie
2324 1218 2535 1274 morior
2545 1233 2647 1290 per
2664 1223 2910 1273 vestram
2927 1215 3191 1288 gloriam,
3212 1215 3435 1284 fratres,

1499 1371 2090 1429 COMMENTARIUS.

171 1501 334 1557 aliter
351 1501 510 1559 cibus
529 1506 897 1567 comedenda.
937 1509 1086 1564 Deus
1116 1515 1304 1565 autem
1334 1511 1526 1566 omnia
1559 1511 1622 1567 in
1650 1515 1828 1572 om-A
1851 1511 1990 1566 dixit
2020 1529 2034 1564 :
2065 1511 2174 1566 Ero
2211 1511 2446 1565 illorum
2469 1509 2640 1576 Deus;
2673 1515 2725 1564 et
2752 1510 2862 1578 ipsi
2889 1513 3056 1563 erunt
3097 1506 3242 1562 mihi
3269 1507 3436 1574 plebs,

171 1589 331 1645 nibus
353 1591 580 1658 dicitur,
603 1600 667 1649 ut
693 1611 860 1650 nemo
881 1613 1074 1652 eorum
1105 1599 1202 1670 qui
1230 1600 1279 1653 ei
1302 1601 1584 1656 cohaerent
1611 1606 1766 1656 amet
1845 1599 1955 1654 nisi
1983 1615 2086 1670 ego
2124 1614 2220 1653 ero
2261 1597 2413 1653 unde
2451 1597 2764 1653 satientur?
2811 1596 2928 1667 Ego
2956 1611 3052 1650 ero
3093 1609 3440 1666 quaecunque

166 1679 433 1735 adversus
461 1697 590 1736 eum
618 1699 779 1738 suam
807 1686 1087 1756 propriam
1121 1689 1483 1755 voluntatem,
1507 1689 1767 1745 manifes-
1847 1689 1917 1744 ab
1946 1687 2269 1744 hominibus
2292 1688 2528 1742 honeste
2553 1685 2965 1748 desiderantur,
2998 1689 3055 1739 et
3092 1683 3228 1748 vita,
3259 1685 3318 1738 et
3346 1697 3438 1735 sa-

167 1772 398 1840 tumque
427 1770 504 1823 sit
531 1772 787 1827 omnibus
817 1775 963 1844 quod
984 1775 1134 1830 idem
1160 1778 1460 1848 Apostolus
1487 1778 1596 1832 alio
1642 1779 1762 1834 loco
1842 1778 1950 1845 lus,
1973 1783 2031 1833 et
2059 1777 2258 1844 victus,
2289 1780 2347 1831 et
2372 1775 2553 1847 copia,
2585 1781 2642 1830 et
2665 1774 2866 1846 gloria,
2889 1779 2948 1828 et
2972 1773 3172 1840 honor,
3205 1775 3263 1826 et
3307 1785 3435 1842 pax,

165 1855 296 1910 dicit
325 1870 338 1905 :
361 1858 510 1925 Quid
529 1865 714 1915 autem
735 1863 894 1916 habes
923 1867 1066 1932 quod
1096 1881 1208 1919 non
1237 1869 1530 1934 accepisti?
1843 1872 1900 1921 et
1925 1866 2117 1921 omnia
2142 1865 2308 1920 bona.

223 1943 315 2000 14.
336 1945 552 2001 LANFB.
573 1947 696 2018 (lib.
728 1963 748 2004 ι
771 1952 844 2004 De
863 1952 1041 2019 Trin.,
1075 1969 1196 2024 cap.
1214 1951 1247 2009 9
1276 1959 1334 2008 et
1358 1953 1430 2010 10
1456 1959 1597 2010 tom.
1627 1955 1753 2024 III).
1909 1953 2000 2012 23.
2026 1956 2274 2009 AMBsos.
2302 1953 2572 2022 Alioquin
2589 1951 2728 2020 quid
2745 1952 2986 2018 faciunt.
3011 1945 3277 2018 Exemplo
3303 1945 3432 2013 hoc,

165 2031 302 2088 Cum
332 2036 653 2089 tradiderit.
685 2037 771 2092 Ita
797 2039 1007 2094 dictum
1025 2047 1126 2108 est,
1160 2058 1289 2096 cum
1318 2043 1614 2099 tradiderit
1635 2062 1760 2115 reg-

163 2136 299 2174 num
328 2121 445 2176 Deo
475 2129 533 2177 et
553 2124 728 2192 Patri,
752 2143 817 2180 ac
843 2127 890 2181 si
919 2128 1201 2184 diceretur
1233 2148 1244 2183 :
1289 2132 1497 2186 Tradet
1519 2150 1757 2204 regnum

165 2207 354 2274 Patri,
381 2209 656 2266 Dominus
680 2213 841 2268 Jesus
891 2216 1168 2283 Christus,
1201 2234 1314 2272 non
1357 2211 1416 2274 se
1435 2219 1564 2275 inde
1592 2238 1756 2292 sepa-

163 2301 305 2363 rato,
328 2312 432 2351 nec
451 2299 637 2368 Patre,
653 2316 755 2355 nec
785 2303 995 2374 Spiritu
1023 2312 1238 2374 sancto,
1261 2309 1525 2378 quoniam
1555 2311 1757 2381 perdu-

163 2399 286 2437 cere
337 2386 628 2441 credentes
667 2389 738 2443 ad
765 2394 1292 2464 contemplationem
1320 2396 1442 2466 Dei,
1475 2398 1571 2468 qui
1599 2399 1756 2470 digni

163 2471 536 2540 habebuntur,
567 2477 798 2547 perduci
826 2481 898 2534 ad
925 2483 1114 2551 ﬁdem,
1145 2484 1216 2537 ad
1255 2500 1433 2555 spem,
1465 2486 1524 2540 id
1551 2492 1656 2554 est,
1686 2488 1758 2542 ad

161 2560 342 2632 ipsam
369 2562 641 2620 visionem
668 2567 800 2638 quia
823 2571 1132 2640 perducens
1159 2573 1358 2628 ductus
1390 2579 1498 2639 est,
1514 2593 1756 2647 regnum

162 2650 383 2705 tradere
413 2651 530 2707 Deo
559 2659 618 2708 et
632 2655 809 2713 Patri.

235 2737 317 2794 15.
342 2740 600 2797 AMsBos.
634 2743 773 2799 Cum
794 2747 1108 2800 tradiderit.
1142 2745 1323 2800 Nemo
1341 2743 1562 2800 dubitet
1577 2747 1758 2802 ﬁlium

1838 2059 1952 2097 non
1985 2043 2197 2097 factum
2241 2041 2470 2096 illorum
2494 2038 2712 2112 probat,
2744 2037 2844 2092 sed
2870 2036 3039 2091 ﬁxam
3069 2035 3240 2091 ﬁdem
3260 2034 3322 2090 in
3348 2051 3439 2089 re-

1837 2131 2183 2186 surrectione
2207 2128 2471 2184 ostendit.

1907 2218 2211 2274 24.Lmrn.
2232 2220 2339 2272 Pro
2367 2217 2624 2272 mortuis.
2637 2213 2749 2268 Pro
2769 2211 3007 2268 mortuis
3034 2210 3171 2265 dicit
3187 2210 3433 2282 peccatis

1837 2312 2088 2362 mortuos
2103 2305 2414 2377 agentibus,
2435 2303 2583 2359 sicut
2598 2301 2672 2356 ad
2697 2301 2980 2366 Hebraeos,
2999 2299 3435 2355 fundamentum

1838 2396 2183 2467 poenitentiae
2213 2394 2283 2449 ab
2305 2392 2568 2466 operibus
2597 2390 2854 2446 mortuis.
2869 2388 3020 2444 Dicit
3044 2404 3178 2458 ergo
3202 2407 3214 2442 :
3241 2387 3301 2443 Si
3320 2404 3436 2442 non

1839 2490 1927 2540 est
1973 2484 2313 2540 resurrectio
2362 2487 2741 2551 mortuorum,
2781 2477 2918 2551 quid
2964 2477 3174 2533 facient
3207 2477 3304 2549 qui
3333 2492 3437 2549 per

1839 2574 2222 2628 remissionem
2279 2575 2636 2644 peccatorum
2690 2584 2922 2623 suorum
2973 2564 3332 2639 baptizantur
3375 2564 3437 2620 in

1838 2662 2170 2718 memoriam
2185 2661 2384 2716 mortis
2399 2664 2457 2715 et
2481 2655 2907 2713 resurrectionis
2924 2655 3153 2723 Christi,
3171 2658 3436 2727 putantes

1839 2751 1973 2822 quia
2016 2755 2075 2805 et
2125 2749 2236 2822 ipsi
2277 2745 2650 2803 resurrecturi
2683 2744 2848 2800 sint?
2884 2742 3232 2815 Abnegaturi
3283 2741 3436 2797 enim

157 2833 532 2898 regnaturum
560 2848 786 2904 semper
821 2849 947 2889 cum
972 2834 1161 2899 Patre,
1188 2834 1294 2888 hoc
1324 2837 1411 2888 est
1445 2835 1596 2889 enim
1625 2826 1816 2907 reg-B
1837 2843 1971 2892 sunt
1997 2837 2359 2909 baptismum,
2394 2839 2453 2888 et
2482 2831 2758 2888 mutaturi
2793 2830 2988 2896 ﬁdem,
3027 2829 3177 2900 quod
3201 2827 3429 2883 sacrile-

155 2932 288 2970 num
319 2918 547 2974 tradere
577 2921 694 2975 Deo
722 2927 780 2975 et
801 2921 972 2988 Patri,
1005 2922 1298 2976 ostendere
1330 2922 1517 2993 ipsum
1538 2939 1658 2978 esse
1688 2941 1754 2979 ex
1832 2943 1967 2996 gum
1999 2931 2102 2980 est.
2124 2927 2174 2980 A
2202 2921 2538 2996 quibusdam
2568 2919 2791 2987 dicitur,
2833 2923 2892 2973 et
2925 2918 3195 2989 scriptum
3224 2914 3434 2988 reperi-

155 3021 262 3074 quo
289 3007 476 3062 omnis
501 3009 814 3080 paternitas
864 3011 924 3064 in
972 3011 1109 3064 coelo
1153 3015 1210 3065 et
1239 3010 1298 3066 in
1321 3015 1477 3067 terra
1501 3012 1754 3069 nomina-
1833 3019 1930 3069 tur
1981 3014 2155 3069 fuisse
2211 3011 2486 3084 quosdam
2528 3007 2837 3080 imperitos,
2889 3006 2986 3076 qui
3011 3005 3432 3076 baptizarentur

151 3097 262 3146 tur.
1832 3118 1934 3173 pro
1956 3101 2044 3156 his
2089 3101 2186 3172 qui
2217 3100 2286 3155 de
2313 3099 2419 3153 hac
2460 3096 2578 3152 vita
2615 3095 2737 3150 sine
2786 3093 3062 3165 baptismo
3097 3093 3431 3164 commigra-

224 3179 309 3238 16.
335 3184 548 3238 Lassa.
594 3187 733 3242 Cum
765 3188 1080 3242 tradiderit.
1124 3188 1333 3243 Tradet
1374 3189 1629 3245 Christus
1657 3206 1748 3245 re-
1830 3189 1968 3245 bant
1999 3207 2010 3242 :
2043 3194 2308 3262 putantes
2339 3186 2473 3260 quia
2513 3183 2644 3239 talis
2683 3199 2879 3238 eorum
2932 3181 3247 3254 baptismus
3299 3197 3427 3253 pro-

144 3287 342 3340 gnum,
367 3272 430 3326 id
450 3279 556 3340 est,
591 3273 651 3328 in
675 3292 813 3345 quos
841 3275 960 3347 ipse
973 3278 1246 3347 regnavit,
1276 3278 1391 3332 Deo
1419 3278 1479 3332 in
1507 3280 1622 3333 ﬁne
1652 3295 1750 3334 sae-
1831 3279 1990 3335 desse
2024 3283 2212 3350 posset
2233 3276 2322 3331 his
2349 3275 2446 3348 qui
2483 3274 2605 3330 sine
2634 3271 2909 3344 baptismo
2933 3269 3339 3338 moriebantur,
3372 3275 3430 3326 et

146 3360 258 3414 culi
297 3377 428 3415 cum
487 3363 799 3418 ostenderit
839 3365 1162 3433 Ecclesiam,
1211 3383 1317 3420 sua
1357 3372 1416 3421 et
1461 3384 1749 3423 servorum
1830 3367 1900 3422 ob
1942 3368 2046 3423 hoc
2075 3384 2198 3422 esse
2229 3365 2443 3420 dictum
2476 3382 2488 3417 :
2522 3364 2665 3432 Quid
2692 3363 2902 3430 facient
2930 3363 3031 3429 qui
3064 3360 3428 3429 baptizantur

143 3464 378 3505 suorum
414 3451 813 3521 praedicatione
840 3454 912 3508 ad
939 3454 1120 3509 Deum
1151 3471 1496 3510 conversam.

224 3538 307 3595 17.
334 3541 590 3595 AUGUST.
618 3543 795 3609 (ibid.,
821 3559 868 3596 c.
888 3543 960 3610 8).
1003 3544 1520 3610 Oumevacuaverit,
1549 3545 1606 3599 id
1635 3551 1743 3612 est,

141 3632 210 3681 ut
241 3625 366 3699 [al.,
397 3629 534 3699 non]
563 3630 640 3683 sit
669 3647 781 3685 non
819 3632 1136 3685 necessaria
1160 3631 1503 3703 dispensatio
1545 3633 1748 3688 simili-

137 3714 403 3772 tudinum
425 3734 529 3789 per
546 3718 825 3790 angelicas
850 3721 1214 3792 principatus.

219 3803 307 3862 18.
336 3807 549 3862 LANFR-
584 3809 722 3862 Cum
751 3814 1112 3864 evacuaverit.
1150 3810 1249 3864 Vel
1273 3809 1564 3864 evacuabit
1585 3810 1743 3866 Chri-

136 3900 260 3948 stus
289 3894 347 3948 in
377 3897 492 3949 ﬁne
535 3897 720 3951 saeculi
746 3913 966 3952 omnem
999 3899 1315 3954 daemonum
1359 3898 1737 3970 principatum

137 3989 201 4036 et
222 3989 587 4054 potestatem.
613 3986 746 4057 quia
764 3988 914 4041 ultra
944 4004 1053 4042 non
1087 3987 1374 4042 habebunt
1402 3994 1737 4058 potestatem

137 4073 419 4141 tentandi,
454 4080 512 4128 et
535 4073 595 4128 in
623 4076 992 4130 tentationem
1016 4075 1337 4130 inducendi
1357 4093 1544 4131 servos
1563 4077 1685 4131 Dei.

1825 3475 1930 3528 pro
1957 3462 2230 3513 mortuis?
2261 3455 2371 3512 Sed
2398 3470 2513 3509 non
2539 3458 2627 3508 est
2646 3448 2989 3506 credendum
3009 3447 3078 3503 ab
3089 3446 3426 3504 auctoritate

1832 3547 2134 3602 stultorum
2156 3545 2397 3601 voluisse
2416 3541 2748 3614 Apostolum
2777 3538 3036 3611 probare,
3059 3536 3207 3609 quod
3234 3539 3425 3590 tanto-

1832 3652 1968 3706 pere
1987 3636 2138 3707 apud
2161 3634 2364 3707 plurim
2373 3649 2434 3688 os
2462 3629 2777 3686 habebatur
2797 3627 3098 3682 incertum.
3266 3630 3269 3633 ’

1887 3723 1960 3778 25
2001 3728 2107 3780 Pro
2133 3727 2389 3778 mortuis.
2421 3721 2532 3775 Pro
2556 3716 2814 3785 mortuis,
2849 3715 2908 3770 id
2944 3719 3048 3780 est,
3078 3712 3240 3786 quasi
3267 3727 3420 3767 mor-

1824 3816 1981 3869 tuus.
2019 3810 2338 3882 Baptismus
2367 3808 2517 3863 enim
2535 3807 2719 3877 ﬁgura
2745 3808 2832 3859 est
2859 3802 3074 3858 mortis.
3103 3799 3256 3856 Nihil
3275 3799 3425 3855 valet

1820 3900 1878 3954 in
1918 3899 2199 3972 baptismo
2256 3899 2438 3968 ﬁgura
2476 3895 2675 3949 mortis
2727 3897 2783 3947 et
2819 3888 3260 3955 resurrectionis,
3307 3888 3420 3943 nisi

1819 3989 2012 4044 futura
2065 3992 2212 4043 esset
2263 3990 2392 4058 post
2433 3983 2688 4038 mortem
2726 3997 2858 4036 vera
2895 3993 3193 4049 corporum
3229 3992 3416 4032 resur-

1819 4079 2011 4133 rectio.
2064 4077 2173 4133 Sed
2220 4091 2334 4130 non
2363 4077 2450 4129 est
2489 4070 2676 4126 inanis
2703 4069 2764 4125 in
2807 4067 3054 4124 Ecclesia
3089 4064 3416 4122 constitutio

215 4161 300 4216 19.
339 4164 520 4217 Donec
549 4169 724 4232 ponat
769 4182 978 4222 omnes.
1034 4167 1213 4220 Ponet
1255 4165 1511 4221 Christus
1541 4143 1968 4222 omnesCtalis.

135 4249 397 4305 inimicos
417 4268 568 4320 suos,
612 4259 744 4308 ante
774 4253 920 4307 diem
939 4254 1139 4324 judicii
1186 4254 1289 4308 sub
1327 4253 1562 4326 pedibus
1593 4255 1730 4322 suis,

137 4339 272 4410 quia
301 4340 444 4394 alios
467 4341 539 4395 ad
569 4341 736 4396 ﬁdem
766 4348 1067 4407 convertet,
1087 4343 1226 4397 alios
1242 4342 1448 4396 inferni
1475 4343 1734 4398 claustris

135 4429 348 4498 tradet,
396 4445 512 4483 non
568 4430 720 4485 ultra
758 4431 882 4498 sibi,
933 4433 1016 4486 vel
1044 4432 1218 4486 servis
1266 4432 1729 4486 contradicturos.

136 4516 419 4590 Regnabit
444 4523 634 4573 autem
665 4524 725 4573 et
749 4527 963 4591 postea,
997 4522 1096 4575 sed
1123 4520 1193 4575 de
1219 4520 1324 4575 hoc
1345 4525 1598 4593 tempore
1618 4537 1733 4576 am-

135 4605 372 4678 biguum
405 4623 528 4662 esse
551 4613 792 4679 poterat.

195 4693 288 4753 20.
309 4697 614 4752 Novissime
636 4703 842 4752 autem.
860 4695 928 4753 In
956 4697 1257 4753 novissimo
1287 4697 1376 4751 die
1405 4698 1731 4753 destruetur

136 4801 308 4852 mors,
333 4784 468 4856 quia
509 4801 613 4839 nec
652 4785 904 4840 homines
937 4787 1088 4842 ultra
1115 4787 1444 4858 peccabunt,
1475 4803 1578 4842 nec
1615 4787 1731 4843 ulla

135 4889 369 4945 corpora
388 4874 542 4928 ultra
562 4873 890 4928 morientur.

197 4961 288 5019 21.
314 4964 570 5017 AUGUST.
595 4960 690 5028 (lib
726 4963 994 5017 LXXXIII.
1022 4965 1215 5031 Quaest.
1237 4969 1432 5034 quaest.
1456 4962 1731 5034 69).Tunc

135 5054 238 5120 ipse
257 5051 618 5106 Fz'lius.Mani
627 5051 832 5106 festum
857 5058 943 5107 est
957 5069 1090 5122 ergo
1108 5052 1212 5106 hoc
1229 5052 1536 5107 secundum
1550 5069 1732 5107 susce-

133 5142 378 5210 ptionem
407 5140 655 5194 hominis
681 5140 1028 5208 dictum(ib.,
1051 5141 1218 5212 paulo
1247 5140 1437 5210 intra).
1460 5142 1602 5195 Cum
1631 5157 1726 5196 au-

1875 4255 1962 4310 26.
1995 4256 2056 4310 Ut
2089 4254 2224 4324 quid
2253 4257 2302 4306 et
2331 4251 2713 4318 baptizantur.
2738 4245 2902 4313 Item,
2918 4243 3120 4316 probat
3146 4241 3407 4310 idem.Si,

1814 4344 2016 4415 inquit,
2071 4341 2281 4396 mortui
2326 4354 2440 4393 non
2494 4338 2816 4407 resurgunt,
2871 4333 3006 4406 quid
3052 4332 3261 4387 facient
3314 4331 3411 4403 qui

1814 4433 2170 4505 baptizantur
2196 4446 2298 4502 pro
2327 4426 2603 4483 mortuis?
2627 4424 2686 4480 id
2717 4429 2822 4490 est,
2854 4422 2996 4478 nihil
3023 4421 3253 4494 prodest
3280 4419 3412 4492 bap-

1814 4521 1993 4588 tizari,
2037 4525 2103 4576 ut
2152 4519 2228 4574 sit
2271 4518 2422 4572 idem
2453 4513 2603 4587 quod
2629 4513 2834 4568 dicitur
2859 4516 3072 4583 postea,
3100 4510 3150 4564 si
3179 4511 3408 4564 omnino

1813 4610 2022 4666 mortui
2044 4625 2157 4663 non
2185 4609 2504 4676 resurgunt,
2519 4608 2586 4658 ut
2605 4602 2741 4674 quid
2767 4601 3248 4672 baptizantur,pro
3269 4598 3403 4656 illis.

1811 4699 1897 4754 vel
1923 4699 2004 4753 ita
2043 4717 2054 4753 :
2113 4697 2160 4752 si
2214 4694 2356 4750 nulli
2384 4691 2594 4748 mortui
2636 4693 2959 4762 resurgunt,
3000 4704 3104 4744 nec
3139 4686 3408 4760 baptizati

1811 4787 2047 4855 mortui;
2103 4791 2160 4840 et
2199 4784 2246 4838 si
2291 4780 2558 4854 baptizati
2587 4779 2798 4834 mortui
2827 4793 2940 4833 non
2987 4781 3312 4849 resurgunt,
3341 4780 3408 4831 ut

1811 4875 1944 4948 quid
1973 4871 2357 4946 baptizantur?
2399 4871 2564 4936 Item,
2601 4869 2650 4922 si
2695 4866 2905 4922 mortui
2941 4881 3056 4922 non
3077 4868 3400 4938 resurgunt,

1811 4969 1876 5020 ut
1904 4963 2038 5035 quid
2066 4967 2124 5017 et
2150 4978 2251 5016 nos
2281 4957 2667 5032 periclitamur
2686 4954 2839 5010 omni
2868 4955 3040 5009 hora?
3068 4953 3125 5008 1d
3155 4959 3259 5018 est,
3291 4952 3406 5006 fru-

1812 5056 1931 5106 stra
1950 5049 2196 5122 patimur
2211 5047 2461 5120 quotidie
2477 5044 2726 5117 pericula
2746 5043 2805 5098 in
2825 5059 2924 5115 spe
2949 5039 3400 5097 resurrectionis.

1813 5142 1976 5208 Item,
2010 5140 2058 5194 si
2103 5136 2313 5193 mortui
2360 5151 2474 5190 non
2511 5138 2815 5204 resurgunt
2843 5131 2977 5202 quid
3009 5130 3148 5184 mihi
3175 5127 3406 5201 prodest

135 5233 242 5284 tem
268 5231 321 5284 ei
355 5229 551 5284 omnia
590 5229 844 5300 subjecta
879 5230 1108 5296 fuerint,
1147 5235 1282 5283 tunc
1314 5235 1371 5284 et
1398 5228 1518 5302 ipse
1549 5230 1724 5284 Filius
1807 5231 1956 5302 quod
1983 5227 2226 5300 pugnavi
2245 5229 2444 5281 contra
2462 5221 2672 5279 bestias
2695 5219 2899 5293 Ephesi
2927 5222 3201 5291 quantum
3230 5217 3402 5272 homo

135 5319 410 5389 subjectus
434 5318 546 5372 erit
573 5318 644 5385 ei,
676 5319 772 5388 qui
799 5318 904 5372 sibi
929 5319 1169 5390 subjecit
1193 5319 1401 5387 omnia,
1426 5335 1538 5374 non
1566 5319 1726 5390 quasi
1807 5319 2026 5391 potest?
2045 5317 2206 5371 nihil.

134 5407 290 5462 modo
313 5424 430 5463 non
449 5407 535 5462 ita
560 5407 654 5474 sit,
678 5407 776 5461 sed
798 5407 1155 5462 manifestum
1183 5407 1310 5462 erit.

195 5493 283 5553 22.
322 5498 573 5552 AUGUST.
618 5494 730 5561 (lib.
777 5511 892 5550 xxn
921 5498 993 5551 De
1023 5499 1173 5551 civit.
1203 5497 1320 5563 Dei,
1351 5513 1399 5550 c.
1439 5492 1527 5563 30,
1557 5499 1600 5550 t.
1629 5495 1717 5566 V.)

1875 5405 1963 5461 27.
1993 5408 2245 5460 AMBROS.
2289 5403 2356 5457 Et
2379 5401 2517 5470 quid
2548 5403 2596 5451 et
2624 5413 2742 5452 nos.
2774 5393 3018 5450 Dicendo
3049 5396 3108 5447 et
3134 5407 3258 5461 nos,
3291 5391 3403 5447 dis-

1814 5496 1988 5550 crevit
2010 5508 2295 5566 personas,
2328 5486 2626 5544 ostendens
2660 5500 2772 5539 non
2799 5481 3099 5539 catholicos
3131 5498 3255 5538 esse
3307 5481 3403 5554 qui

133 5589 191 5638 ut
214 5588 285 5642 sit
306 5587 449 5643 Deus
475 5587 693 5642 omnia.
723 5584 832 5653 Qui
879 5585 1029 5642 enim
1066 5585 1220 5642 aliud
1246 5602 1349 5658 per
1385 5586 1720 5658 prophetam
1749 5575 1904 5658 "pro
1932 5582 2170 5640 mortuis
2198 5575 2644 5652 baptizabantur.
