1956 3175
261 126 313 157 211
754 125 787 153 Β.
806 124 1013 152 LANFRANCI
1031 122 1210 151 CANTUAR.
1229 121 1396 149 ARCHIEP.
1838 123 1889 152 212

263 197 348 226 quam
364 188 459 216 habeo
470 188 500 215 in
515 188 627 216 Christo
642 188 709 215 Jesu
719 187 840 215 Domino
855 189 962 214 nostro.
978 186 1023 220 28,
1034 185 1079 214 29.
1097 186 1126 213 Si
1143 184 1306 220 (secundum
1319 183 1471 218 hominem)
1487 183 1522 210 ad
1537 183 1640 211 bestias
1648 184 1769 220 pugnavi
1777 184 1888 220 Ephesi,

266 234 333 270 quid
341 233 410 260 mihi
421 233 545 268 prodest,
560 233 584 259 si
598 232 765 259 mortuinon
775 231 946 266 resurgunt?
960 231 1075 266 (ironia)
1092 230 1301 261 Manducemus,
1319 231 1347 254 et
1355 227 1484 254 bibamus
1498 229 1531 263 (si
1540 229 1645 254 mortui
1652 236 1707 254 non
1718 228 1886 262 resurgunt),

265 287 327 307 cras
340 278 416 305 enim
432 277 599 304 moriemur.
611 276 653 302 30.
665 276 758 303 Nolite
768 275 872 308 seduci,
881 277 1063 310 corrumpunt
1074 282 1166 301 mores
1179 273 1265 300 bonos
1276 272 1413 307 colloquia
1427 272 1511 298 mala.
1532 271 1670 306 Evigilate
1680 272 1759 307 justi,
1767 275 1796 299 et
1806 272 1889 299 nolite

269 330 399 358 peccare;
408 321 440 348 31
448 342 454 348 .
465 320 654 356 ignorantiam
669 320 743 347 enim
758 320 808 347 Dei
818 319 932 354 quidam
939 318 1053 350 habent,
1061 318 1104 346 3‘2.
1113 318 1148 344 ad
1159 317 1356 349 reverentiam,
1367 316 1405 343 ad
1415 317 1618 349 verecundiam,
1626 316 1703 342 vobis
1714 316 1823 351 10quor.
1838 316 1890 343 Sed

265 367 341 394 dicet
354 366 458 401 aliquis
475 375 480 392 :
498 364 643 397 Quomodo
658 366 810 398 resurgunt
823 363 948 390 mortui?
963 363 1077 394 Qualive
1090 370 1204 398 corpore
1212 361 1343 388 venient?
1360 364 1387 394 (a
1393 361 1484 387 simili
1493 361 1608 387 ostendit
1619 368 1734 394 corpora
1743 361 1889 387 hominum

271 412 445 438 immortalia
453 412 655 442 resurrectura,
665 412 690 435 et
699 409 939 442 ’ἰηεοννιιριίὺῖίἰα⁷
948 415 1011 433 cum
1019 408 1189 440 sepeliantur
1197 406 1402 440 corruptibitia.
1409 411 1418 439 )
1425 404 1573 439 Incipiens,
1582 407 1614 431 tu
1622 405 1696 439 quod
1704 404 1829 431 seminas
1837 413 1891 431 non

270 455 433 487 viviﬁcatur,
443 454 497 481 nisi
512 454 590 489 prius
604 453 749 480 moriatur.
760 453 794 479 Et
810 452 884 487 quod
895 451 1027 484 seminas,
1040 459 1094 477 non
1111 459 1212 485 corpus
1227 449 1299 485 quod
1311 449 1437 476 futurum
1446 451 1497 481 est,
1505 448 1636 481 seminas,
1649 449 1698 475 sed
1710 448 1818 475 nudum
1827 457 1890 483 gra-

267 507 348 532 num,
359 501 392 525 ut
406 501 474 534 puta
488 498 584 531 tritici,
593 500 642 524 aut
654 497 773 532 alicujus
786 499 961 523 caeterorum.
974 496 1049 522 Deus
1056 497 1151 521 autem
1162 494 1259 521 datilli
1269 502 1379 528 corpus,
1392 493 1464 519 sicut
1478 493 1545 525 vult,
1557 491 1600 520 33.
1609 494 1638 519 et
1651 492 1803 528 unicuique
1812 494 1891 520 semi-

268 551 336 570 num
345 542 489 578 proprium
500 550 610 577 corpus.
621 542 766 575 (Inductio)
781 540 825 573 34,
838 540 881 568 35.
893 540 956 566 Non
969 539 1059 567 omnis
1070 547 1133 565 caro
1143 539 1270 571 (ostendit
1278 538 1426 571 dignitates
1432 545 1578 570 corporum
1587 539 1794 570 resurgentium
1806 538 1891 564 diver-

267 595 311 615 sas
325 588 393 621 fore,
408 595 460 621 pro
475 588 641 613 meritorum
655 587 756 612 scilicet
770 586 878 611 diversa
893 585 1039 619 qualitate)
1046 583 1143 610 eadem
1152 591 1231 615 caro;
1247 582 1294 609 sed
1304 582 1359 608 alia
1366 581 1478 616 quidem
1489 581 1634 607 hominum
1644 583 1673 614 (α
1681 582 1892 615 reprobat),alia

268 639 334 659 vero
350 639 492 666 pecorum,
507 631 563 657 alia
576 630 730 662 volucrum,
743 629 798 656 alia
812 631 907 656 autem
923 628 1051 663 piscium.
1068 627 1105 654 Et
1119 634 1237 661 corpora
1252 625 1385 657 caelestia,
1397 627 1447 657 sol,
1462 627 1540 657 luna.
1560 627 1588 651 et
1604 633 1721 659 corpora
1735 626 1890 658 terrestria,

267 677 369 703 scilicet
380 678 459 708 sunt;
475 675 525 702 sed
539 675 595 701 alia
605 674 718 709 quidem
731 673 885 700 caelestium
900 673 999 707 gloria,
1016 672 1071 698 alia
1086 674 1182 698 autem
1196 670 1383 696 terrestrium.
1402 669 1468 696 Alia
1483 669 1595 696 claritas
1609 669 1687 702 solis,
1711 669 1767 696 alia
1781 670 1893 696 claritas

267 721 351 753 lunaz,
362 722 391 746 et
398 719 454 746 alia
467 719 581 745 claritas
592 718 746 744 stellarum.
760 717 847 744 Stella
855 717 929 744 enim
940 725 956 743 a
968 717 1049 743 stella
1057 716 1150 743 differt
1160 716 1189 742 in
1199 714 1326 741 claritate
1337 715 1486 747 ;di/fercns,
1499 715 1601 747 inquit,
1613 715 1727 740 claritas
1735 715 1891 745 stellarum,

269 766 337 798 quia
349 771 399 797 per
408 770 468 789 eam
481 763 573 795 differt
588 762 690 789 steltaa
703 763 790 788 stella.
806 764 866 793 θοι
876 762 915 787 Ab
926 762 1018 794 e/fectu
1032 760 1086 792 ,'sic
1093 763 1121 787 et
1131 760 1299 787 resurrectio
1307 760 1596 791 mortuorum,scilieet
1605 760 1696 792 di/fert
1703 767 1760 785 non
1769 760 1859 785 solum
1865 760 1894 785 in

271 809 398 835 claritate
417 808 592 838 meritorum,
609 806 653 831 sed
671 807 754 831 etiam
769 813 924 839 corporum.
940 804 983 832 36.
1000 805 1160 832 Seminatur
1169 804 1197 830 in
1210 804 1398 838 corruptione,
1415 804 1445 829 id
1457 805 1503 835 est,
1520 804 1643 829 moritur
1659 806 1682 828 et
1697 803 1894 836 sepeliturcor-

269 852 413 886 ruptibite,
430 852 526 885 surget
539 850 568 876 in
578 849 797 884 incorruptione,
808 850 1027 883 incorruptibile.
1040 849 1202 875 Seminatur
1211 849 1239 875 in
1248 848 1559 883 ignobilitate,ignobilc
1565 849 1680 881 ;surget
1688 847 1715 873 in
1727 846 1828 881 gloria,
1840 849 1895 881 glo-

267 897 386 922 riosum.
396 895 558 922 Seminatur
573 894 603 921 in
617 894 962 927 inﬁrmitate,inﬁrmum;
979 895 1076 927 surget
1094 893 1123 919 in
1137 893 1250 924 virtute,
1270 893 1349 926 forte,
1363 891 1408 923 37,
1422 890 1465 919 38.
1477 891 1638 918 Seminatur
1649 899 1749 926 corpus
1763 891 1893 923 animale,

269 942 367 975 surget
394 947 495 974 corpus
520 939 654 974 spiritale.
681 937 724 971 39,
745 937 789 965 40.
815 938 844 965 Si
862 940 905 965 est
923 945 1024 972 corpus
1048 937 1179 971 animale,
1198 941 1241 964 est
1256 940 1284 963 et
1302 936 1438 972 spiritale,
1458 935 1502 963 41.
1519 936 1591 963 sicut
1615 936 1751 971 scriptum
1767 938 1811 963 est
1829 945 1834 961 :
1851 934 1893 964 42.

268 985 370 1012 Factus
385 987 428 1011 est
441 984 550 1019 primus
564 984 647 1010 homo
662 983 752 1009 Adam
766 982 795 1010 in
809 982 933 1009 animam
949 983 1099 1014 viventem,
1115 983 1238 1014 vitalem,
1254 980 1298 1008 44.
1316 981 1483 1008 novissimus
1503 981 1593 1008 Adam
1608 981 1637 1007 in
1657 981 1790 1016 spiritum
1811 980 1894 1007 viviﬁ-

267 1027 442 1056 Cantemuﬁ.
460 1028 514 1055 Sed
527 1035 584 1054 non
598 1027 677 1063 prius
704 1026 779 1062 quod
802 1026 928 1062 spiritale
943 1029 995 1059 est,
1013 1026 1062 1053 sed
1077 1026 1151 1061 quod
1166 1025 1303 1059 animale;
1325 1025 1426 1052 deinde
1442 1025 1515 1060 quod
1528 1025 1664 1061 spiritale.
1683 1024 1795 1052 Primus
1814 1025 1895 1052 homo

946 1089 1239 1116 COMMENTARIUS.

303 1161 349 1190 28.
360 1163 392 1190 Si
405 1162 555 1189 secundum
566 1162 715 1194 hominem,
731 1161 760 1187 id
774 1163 826 1192 est,
843 1160 995 1187 secundum
1006 1161 1061 1187 hu-
1071 1159 1155 1189 ADei
1190 1160 1389 1194 incorruptela.
1425 1159 1497 1194 Ergo
1534 1159 1582 1186 isti
1622 1167 1679 1186 non
1716 1158 1898 1194 possidebunt

269 1215 385 1234 manum
391 1207 604 1242 sensum,quiut
611 1214 675 1233 caro
683 1207 742 1241 jam
757 1206 881 1233 resoluta
896 1205 1064 1232 reformetur

268 1252 304 1278 ad
318 1251 404 1278 vitam
418 1251 535 1278 minime
545 1251 642 1278 credit.

302 1296 347 1323 29.
368 1296 468 1323 Lmen.
483 1297 516 1323 Si
527 1296 678 1322 secundum
692 1295 842 1327 hominem,
858 1295 888 1321 id
898 1297 950 1328 est,
963 1302 1062 1321 secun-

268 1341 336 1368 dum
351 1340 425 1376 quod
451 1340 535 1366 homo
558 1340 630 1366 ferre
651 1342 750 1375 potest.
779 1339 822 1367 Ad
837 1340 941 1371 bestias,
962 1338 989 1364 id
1009 1330 1062 1371 est:

268 1387 366 1413 contra
375 1384 506 1411 bestiales
520 1384 659 1417 homines,
677 1383 778 1419 Ephesi

267 1429 491 1465 disputationum
505 1431 533 1456 et
545 1429 694 1456 verborum
706 1428 888 1463 intelligenda
898 1430 953 1455 est.

303 1473 347 1502 30.
363 1475 454 1501 Nolite
467 1474 568 1500 seduci.
579 1473 674 1500 Nolite
693 1473 869 1508 acquiescere
882 1472 964 1499 malis
979 1472 1063 1498 collo—

267 1518 341 1554 quiis
355 1517 585 1553 persuadentium
597 1517 675 1544 vobis
688 1516 922 1544 resurrectionem
936 1524 993 1543 non
1003 1524 1065 1543 esse

267 1563 409 1596 futuram;
425 1562 486 1598 ipsa
504 1562 580 1589 enim
604 1562 679 1588 male.
702 1561 841 1597 colloquia
865 1569 958 1588 mores
976 1560 1064 1587 bonos

267 1609 457 1641 corrumpent,
470 1606 543 1641 quod
560 1605 663 1633 ibidem
682 1614 809 1640 agenere
821 1605 965 1641 probatur.

304 1651 350 1678 31.
365 1651 560 1684 Ignorantiam
574 1652 657 1677 enim.
670 1650 756 1682 Quasi
766 1650 872 1677 diceret
889 1659 894 1676 :
911 1650 1065 1676 Moneovos

269 1695 385 1730 vigilare
395 1696 423 1721 et
438 1702 494 1721 non
507 1702 631 1730 peccare,
644 1702 680 1721 ne
693 1694 842 1721 imitemini
857 1702 904 1721 eos
919 1694 966 1729 qui
984 1694 1065 1729 igno-

268 1741 334 1766 rant
348 1738 447 1766 Deum.

306 1781 605 1811 32.11dreverentiam.
617 1782 661 1809 Ad
676 1783 736 1816 hoc,
755 1782 856 1817 inquit,
872 1782 971 1817 loquor
984 1781 1062 1808 vobis

1105 1204 1184 1231 illud.

1140 1247 1183 1274 37.
1213 1248 1327 1276 AMBROS
1365 1248 1531 1276 Seminatur
1553 1255 1650 1282 corpus
1678 1248 1815 1274 animale.
1836 1247 1898 1274 Ani-

1105 1292 1178 1318 male
1192 1300 1292 1327 corpus
1309 1294 1361 1324 est,
1378 1292 1445 1319 dum
1463 1291 1531 1319 cibis
1550 1294 1732 1322 sustentatur,
1758 1295 1792 1319 ut
1811 1288 1896 1323 vivat;

1103 1336 1259 1371 spirituale,
1278 1344 1342 1363 cum
1362 1337 1433 1364 nihil
1451 1337 1552 1364 horum
1571 1337 1679 1372 indiget
1693 1345 1858 1364 conversum
1871 1336 1898 1363 in

1104 1381 1200 1408 vitam.

1141 1424 1185 1452 88.
1201 1425 1305 1453 LANFR.
1321 1426 1484 1453 Seminatur
1499 1433 1596 1460 corpus
1615 1427 1747 1453 animale.
1772 1425 1898 1453 Essentia

1105 1471 1154 1498 illa
1175 1479 1230 1506 qua
1251 1471 1406 1498 humanum
1426 1479 1527 1505 corpus
1545 1471 1708 1504 viviﬁcatur,
1724 1479 1758 1498 ex
1779 1480 1837 1507 qua
1858 1470 1899 1498 sui

1105 1517 1184 1550 parte
1199 1515 1318 1542 viviﬁcat
1333 1518 1361 1542 et
1375 1518 1488 1542 terrena
1501 1516 1618 1551 appetit,
1634 1516 1729 1543 anima
1738 1515 1852 1543 dicitur.
1863 1515 1898 1542 Ex

1106 1567 1162 1594 qua
1174 1563 1268 1587 autem
1283 1560 1327 1586 sui
1338 1563 1426 1595 parte,
1438 1560 1546 1587 ratione
1556 1560 1646 1587 utitur
1660 1563 1688 1587 et
1697 1560 1788 1587 Deum
1801 1560 1896 1595 diligit,

1105 1604 1250 1631 rationalis
1270 1604 1436 1639 appellatur.
1460 1604 1531 1631 Hinc
1551 1604 1671 1631 dicitur:
1688 1605 1852 1632 Seminatur
1872 1605 1898 1631 in

1106 1650 1182 1675 terra
1195 1656 1295 1684 corpus
1309 1649 1440 1682 animale,
1458 1649 1484 1675 id
1504 1651 1547 1675 est
1560 1648 1741 1684 corruptibile
1755 1649 1832 1684 quod
1844 1651 1898 1676 ter—

1107 1701 1175 1720 rena
1189 1693 1347 1728 appetebat,
1364 1696 1461 1728 surget
1470 1702 1570 1729 corpus
1587 1693 1779 1729 spirituale,id
1798 1696 1850 1728 est,
1858 1701 1899 1720 vo-
1914 1728 1919 1731 _

1107 1737 1245 1764 luntatem
1259 1738 1374 1773 spiritus
1389 1746 1439 1773 per
1448 1737 1542 1764 omnia
1556 1737 1670 1770 faciens,
1687 1746 1777 1773 neque
1791 1737 1899 1773 spiritui

1104 1781 1247 1808 resistens.

269 1829 302 1854 ut
315 1826 512 1853 verecundiam
533 1826 670 1861 habeatis,
683 1829 711 1854 et
725 1827 810 1854 vitam
828 1829 947 1854 vestram
964 1827 993 1853 in
1005 1823 1096 1853 me-B
1142 1824 1186 1853 39.
1203 1826 1324 1853 AUGUST.
1341 1825 1480 1858 (ibid.).Si
1490 1828 1527 1852 est
1537 1825 1825 1861 corpus.Intelligitur
1839 1834 1899 1861 ergo

269 1871 324 1898 lius
338 1872 496 1906 corrigatis.

306 1915 349 1944 33.
365 1917 489 1943 Annos.
517 1916 550 1942 Et
566 1916 718 1949 unicuique
735 1916 883 1943 seminum.
899 1915 1066 1951 Exemplum

270 1961 424 1988 melioratm
439 1960 662 1994 resurrectionis,
678 1968 734 1987 non
749 1961 859 1987 amissa
874 1960 1045 1988 substantiae.

305 2005 349 2033 34.
378 2006 439 2033 Νοη
466 2007 557 2032 omnis
581 2014 654 2032 caro.
682 2005 925 2037 Quemadmodum
947 2014 980 2032 ex
1009 2013 1066 2032 una

270 2049 398 2084 impensa.
421 2050 530 2077 diversa
556 2050 742 2077 animantium
767 2058 832 2077 caro
851 2053 902 2082 est,
924 2051 964 2077 ita
982 2050 1066 2077 unius

272 2093 365 2120 carnis
375 2094 502 2121 homines
512 2095 614 2122 diversi
626 2097 710 2122 erunt
727 2095 865 2130 dignitate
879 2095 908 2122 in
923 2103 1065 2122 resurrec-

270 2138 356 2164 tione.

308 2181 481 2211 35.AUGus'r.
487 2182 578 2218 (epist.
585 2182 633 2211 146
643 2184 679 2210 ad
686 2184 888 2216 00nsen.).Non
894 2186 982 2211 omnis
989 2191 1063 2210 caro.

272 2225 306 2253 In
321 2226 364 2253 his
379 2226 508 2254 omnibus
522 2227 576 2253 iste
595 2236 693 2254 sensus
715 2230 757 2254 est
774 2237 778 2254 :
798 2228 827 2255 Si
841 2237 945 2263 genera
960 2228 1063 2260 carnis,

271 2279 334 2298 cum
348 2271 404 2298 sint
412 2273 516 2298 cuncta
530 2272 669 2304 mortalia,
685 2272 818 2299 differunt
829 2275 924 2300 tamen
935 2274 1009 2300 inter
1024 2281 1063 2306 se,

271 2323 321 2350 pro
335 2315 542 2342 diversitatibus
565 2316 764 2349 animantium;
782 2321 809 2344 et
833 2318 855 2344 si
871 2327 986 2353 corpora
1002 2326 1065 2345 cum

272 2360 329 2386 sint
341 2364 440 2387 cuncta
451 2361 544 2387 omnia
557 2360 685 2394 visibilis,
702 2361 834 2389 differunt
852 2367 1008 2398 tamen,pro
1026 2362 1066 2389 di-

272 2404 450 2431 versitatibus
458 2405 675 2432 locorum.Unde
686 2406 741 2432 alia
750 2409 792 2433 est
800 2408 953 2434 C(chstium
964 2407 1065 2442 gloria.

270 2448 326 2475 alia
341 2449 534 2483 terrestrium;
546 2453 575 2476 et
588 2450 611 2476 si
627 2450 654 2477 in
667 2451 735 2477 locis
749 2451 994 2484 sublimibus,cum
1010 2452 1068 2479 sint

1108 1877 1209 1904 corpus
1223 1870 1344 1897 animale
1355 1870 1409 1896 dici
1420 1870 1510 1896 simile
1526 1870 1632 1896 caeteris
1647 1870 1827 1904 animalibus,
1843 1878 1900 1906 pro-

1108 1916 1171 1949 pter
1197 1914 1295 1941 mortis
1323 1913 1535 1941 dissolutionem
1557 1916 1586 1940 et
1607 1914 1827 1950 corruptionem,
1844 1922 1899 1950 quae

1108 1958 1233 1992 quotidie
1243 1959 1303 1986 cibo
1312 1959 1447 1991 reﬁcitur,
1459 1961 1487 1985 et
1499 1960 1596 1993 postea
1605 1962 1745 1994 separata,
1753 1958 1899 1986 animantis

1107 2009 1241 2038 compago
1261 2004 1321 2039 [al.,
1338 2004 1483 2039 compage]
1497 2003 1667 2030 dissolvitur.

1143 2047 1186 2076 40.
1212 2049 1313 2075 Lassa.
1339 2048 1371 2075 Si
1395 2051 1432 2075 est
1452 2056 1548 2082 corpus
1563 2049 1696 2076 animate.
1717 2049 1787 2076 Cum
1802 2048 1899 2076 dicitur

1107 2101 1218 2128 corpus,
1235 2093 1341 2120 frustra
1360 2092 1510 2119 adderetur
1520 2092 1651 2124 animale,
1669 2092 1724 2119 nisi
1739 2095 1816 2119 esset
1830 2091 1899 2119 aliud

1109 2149 1211 2176 corpus
1231 2142 1369 2177 spiritale,
1385 2141 1420 2167 ad
1435 2142 1514 2176 cujus
1532 2141 1750 2176 discrepantiam
1762 2142 1900 2167 vocaretur

1108 2185 1238 2212 animale.

1144 2229 1186 2258 41,
1203 2230 1281 2257 Sicut
1291 2231 1436 2264 scriptum.
1447 2230 1532 2257 Deest
1543 2229 1706 2264 assumptio,
1716 2228 1740 2256 si
1754 2231 1798 2256 est
1808 2235 1900 2263 corpus

1107 2274 1236 2307 animale,
1254 2278 1282 2301 et
1292 2275 1364 2301 hanc
1378 2273 1488 2310 probat.

1142 2318 1178 2346 42
1212 2320 1308 2346 Factus
1328 2320 1441 2353 primus
1464 2319 1552 2345 homo.
1571 2318 1676 2345 Habuit
1690 2318 1798 2353 primus
1824 2317 1900 2343 homo

1108 2363 1230 2389 animam
1245 2364 1359 2390 vitalem
1376 2365 1404 2389 et
1417 2362 1603 2398 spirituaiem,
1619 2362 1647 2389 id
1664 2365 1715 2394 est.
1728 2361 1899 2392 rationalem,

1107 2408 1260 2434 secundum
1270 2415 1355 2443 quam
1365 2407 1454 2434 Adam
1470 2410 1499 2434 et
1511 2407 1558 2442 qui
1571 2414 1602 2433 ex
1617 2414 1650 2433 eo
1661 2406 1715 2433 orti
1729 2408 1797 2433 sunt
1807 2403 1900 2432 victuri

1108 2454 1198 2479 erant.

270 2496 369 2520 contra
382 2493 515 2527 ccelestia,
528 2494 661 2522 differunt
675 2495 760 2521 etiam
775 2496 841 2530 ipsa
849 2497 990 2523 cluritates
1002 2497 1064 2531 [at.,
1077 2486 1098 2515 CI
1146 2495 1191 2524 43.
1208 2497 1379 2523 Novissimus
1395 2495 1494 2522 Adam.
1507 2494 1613 2522 Habuit
1623 2494 1790 2521 novissimus
1804 2492 1898 2522 Adam,

269 2538 331 2573 ipsa
357 2538 544 2574 claritatibus]
569 2540 725 2573 luminum;
743 2548 798 2566 non
817 2541 917 2568 mirum
934 2545 976 2568 est
993 2541 1067 2577 quod

269 2582 299 2610 in
317 2583 524 2611 resurrectione
543 2586 719 2610 mortuorum
739 2584 854 2611 distabit
871 2586 961 2619 gloria
980 2585 1065 2612 meri-

268 2629 372 2654 torum.

304 2669 351 2716 3ῆέ
359 2671 465 2717 austra.
485 2671 658 2705 Seminatur,
675 2673 727 2699 etc.
752 2671 866 2698 Nullum
886 2672 1066 2707 corruptibile

314 2712 675 2758 m‘possidebit;
699 2716 748 2744 sed
768 2725 831 2743 caro
852 2720 880 2743 et
899 2717 1022 2751 sanguis,
1037 2716 1066 2742 id

466 2760 614 2798 was
620 2763 688 2791 sunt
694 2760 899 2798 corruptibiles,
911 2763 940 2788 et
947 2769 1065 2796 regnum

304 2669 465 2717 πέμπτα.
485 2671 638 2700 Seminatu:

266 2713 488 3120 κν
355 2732 360 2737 -
390 2720 401 2744 ι
490 2716 637 2765 ,Δροδεὶᾶεὺ

275 2778 286 2794 ς,
502 2775 544 2798 ης
558 2763 638 2794 “sal

1109 2540 1137 2567 id
1149 2542 1201 2571 est,
1214 2540 1351 2572 Christus,
1364 2540 1488 2566 animam
1503 2540 1614 2566 vitalem
1624 2542 1651 2565 et
1660 2538 1845 2574 spiritualem,
1856 2534 1900 2562 sed

1106 2585 1182 2611 illius
1205 2587 1313 2611 tantum
1340 2584 1428 2619 partis
1451 2584 1622 2610 mentionem
1648 2583 1723 2616 facit,
1751 2580 1899 2609 secundum

1107 2637 1191 2663 quam
1202 2628 1261 2664 ipse
1275 2629 1402 2656 Christus
1413 2631 1439 2655 et
1454 2628 1610 2655 imitatores
1625 2628 1686 2663 ejus
1700 2627 1790 2661 magis
1805 2623 1899 2652 victuri

1108 2676 1198 2700 erant.
1211 2674 1267 2699 Nec
1288 2673 1339 2699 hoc
1352 2673 1381 2699 in
1397 2672 1640 2707 Genesiscriptum
1652 2671 1801 2706 reperitur,
1811 2669 1858 2697 sed
1866 2667 1897 2694 ab

1107 2718 1240 2752 Apostolo
1253 2717 1391 2752 superiori
1406 2717 1551 2744 sententiae
1563 2716 1687 2743 additur.

1144 2761 1188 2789 44.
1204 2762 1255 2789 Sed
1267 2770 1322 2790 non
1343 2763 1423 2796 prius
1446 2762 1527 2796 quod,
1553 2761 1582 2788 id
1610 2763 1667 2791 est;
1690 2759 1769 2795 prius
1791 2761 1897 2786 terrena
