3912 6382
151 310 240 368 213
803 312 882 366 1N
918 313 984 365 D.
1027 312 1242 367 PAULI
1279 312 1501 386 EPIST.
1545 314 1912 374 COMMENT.
1951 347 2022 359 —
2061 315 2282 372 EPIST.
2322 316 2347 370 Ι
2384 316 2481 370 AD
2518 315 2682 371 COR.
3272 314 3381 373 214

151 436 209 489 de
233 441 392 501 terra,
418 439 673 490 terrenus
694 457 707 502 ς
726 435 1002 490 secundus
1032 437 1200 490 homo
1229 437 1298 490 de
1327 438 1484 504 caelo,
1509 440 1767 496 caelestis.
1788 442 1874 496 45.
1893 440 2084 505 Qualis
2117 444 2395 505 terrenus,
2422 439 2565 494 tales
2593 443 2650 494 et
2668 438 2899 493 terreni.
2917 441 3045 494 Adae
3069 442 3379 495 imitatores

149 526 418 593 peccando;
449 530 506 577 et
533 524 711 594 qualis
739 525 998 590 caelestis,
1029 526 1172 579 tales
1198 531 1256 579 et
1282 528 1556 597 caelestes,
1578 529 1786 584 Christi
1817 533 2143 586 imitatores.
2175 525 2265 583 46.
2298 527 2496 598 Igitur,
2531 527 2679 582 sicut
2700 527 3044 599 portavimus
3071 527 3382 598 imaginem

152 611 352 677 terreni,
382 617 670 682 portemus
701 617 756 668 et
795 613 1098 683 imaginem
1127 616 1384 669 caelestis.
1427 617 1544 670 Hoc
1572 621 1782 682 autem,
1815 624 1877 672 ut
1918 618 2200 672 Christum
2231 619 2540 682 imitemur,
2572 616 2713 681 dico,
2749 617 2970 683 fratres,
3003 617 3137 688 quia
3163 613 3250 682 47,
3285 615 3377 673 48.

153 716 258 755 caro
286 704 340 754 et
368 700 621 770 sanguis,
659 705 752 754 sui
783 706 1023 770 corporis
1059 707 1332 771 appetitui
1358 708 1611 769 viventes,
1645 722 1885 776 regnum
1919 706 2022 760 Dei
2072 705 2358 776 possidere
2388 721 2502 759 non
2532 709 2769 776 possunt
2800 725 2813 774 ;
2848 721 3032 776 neque
3070 687 3378 778 corrliptio,

155 793 255 854 83
273 789 703 860 incorruptelam
727 791 1052 861 possidebit.
1087 793 1224 847 Ecce
1240 795 1660 864 mysterium,id
1678 799 1771 861 est,
1789 799 2075 860 secretum,
2100 796 2244 862 quod
2261 799 2389 848 ante
2418 795 2808 861 nesciebamus,
2831 793 2986 848 vobis
3005 793 3148 850 dico.
3172 793 3382 850 Omnes

153 877 348 946 quidem
368 893 748 948 resurgemus,
777 879 866 932 49.
897 881 996 934 sed
1015 897 1128 935 non
1159 897 1354 936 omnes
1372 885 1436 936 in
1456 885 1654 936 melius
1675 883 2118 938 immutabimur.
2145 883 2416 950 Quomodo
2430 888 2454 935 7
2469 883 2533 938 In
2553 888 2860 950 momento,
2885 883 2946 937 in
2965 883 3081 938 ictu
3097 883 3264 951 oculi,
3286 883 3377 939 50.

151 966 198 1019 in
218 966 510 1020 novissima
528 966 664 1021 tuba
685 984 1035 1036 resurgemus
1058 987 1070 1036 ;
1104 975 1269 1024 canet
1296 971 1447 1025 enim
1477 970 1613 1026 tuba
1640 971 1726 1028 51.
1754 977 1812 1027 et
1825 974 2034 1027 mortui
2053 977 2355 1044 resurgent
2381 971 2711 1041 incorrupti,
2731 987 2857 1024 cum
2873 974 3192 1039 integritate
3213 988 3383 1026 mem-

153 1055 382 1122 brorum;
409 1059 468 1108 et
488 1072 589 1109 nos
601 1059 746 1125 justi
767 1060 831 1111 in
847 1061 1044 1111 melius
1068 1058 1500 1114 immutabimur
1517 1061 1570 1127 (a
1585 1063 1784 1129 parte.)
1805 1061 2040 1132 Oportet
2055 1061 2205 1116 enim
2221 1059 2582 1131 corruptibile
2598 1060 2704 1114 hoc
2727 1076 2913 1114 meum
2933 1075 3128 1129 corpus
3146 1060 3385 1116 induere

151 1143 620 1213 incorruptionem,
639 1150 696 1199 et
709 1145 947 1199 mortale
965 1147 1070 1200 hoc
1090 1147 1325 1201 induere
1344 1148 1998 1205 immortalitatemﬂum
2018 1154 2206 1204 autem
2227 1149 2466 1203 mortale
2484 1149 2590 1203 hoc
2605 1147 2853 1203 induerit
2870 1147 3377 1217 immortalitatem,

151 1235 263 1284 tunc
282 1232 393 1298 ﬁet,
424 1234 844 1302 adimplebitur,
859 1250 1062 1301 sermo,
1094 1236 1190 1306 qui
1209 1237 1448 1308 scriptus
1469 1242 1573 1303 est,
1595 1241 1659 1292 in
1682 1240 1802 1294 Osee
1825 1238 1958 1295 XIII
1983 1259 1994 1294 :
2021 1239 2109 1297 52.
2129 1240 2410 1311 Absorpta
2423 1245 2510 1295 est
2527 1257 2696 1308 mors,
2717 1242 3156 1310 concupiscentia
3172 1241 3385 1308 peccati

150 1320 213 1384 in,
245 1337 382 1386 cum,
415 1321 668 1375 victoria.
703 1321 788 1378 53.
825 1322 929 1376 Ubi
956 1329 1061 1392 est,
1086 1341 1256 1389 mors,
1282 1325 1514 1379 victoria
1533 1331 1634 1380 tua
1651 1326 1675 1378 ’ἶ
1695 1343 1864 1394 quam
1891 1329 2092 1382 solebas
2120 1329 2313 1381 habere
2334 1330 2400 1382 in
2421 1329 2506 1382 his
2527 1332 2626 1396 qui
2659 1328 2764 1382 tibi
2783 1329 3122 1382 obedierunt.
3144 1325 3253 1382 Ubi
3273 1330 3382 1392 est,

151 1424 296 1474 mors,
328 1410 598 1464 stimulus
625 1411 797 1464 tuus?
817 1413 1158 1466 destructum
1182 1412 1372 1479 est.54,
1394 1413 1480 1467 55.
1507 1415 1780 1471 Stimulus
1811 1423 2000 1472 autem
2030 1418 2230 1472 mortis
2249 1423 2541 1488 peccatum
2561 1423 2677 1485 est;
2703 1416 2791 1474 56.
2811 1417 2989 1472 virtus
3017 1433 3148 1472 vero
3167 1416 3386 1488 peccati

150 1498 504 1564 (augmntum
532 1501 749 1566 peccati,
781 1503 916 1568 quia
935 1507 1174 1567 augetur
1194 1507 1478 1569 peccatum
1509 1519 1611 1571 per
1627 1509 2140 1572 praevaricationem
2171 1510 2345 1576 legis),
2377 1507 2485 1561 lex.
2516 1507 2632 1562 Deo
2655 1510 2846 1561 autem
2863 1506 3096 1577 gratias,
3114 1505 3211 1576 qui
3226 1504 3388 1560 dedit

147 1583 281 1638 nobis
320 1585 617 1640 victoriam
646 1603 746 1657 per
775 1588 1078 1642 Dominum
1109 1594 1366 1644 nostrum
1395 1591 1588 1645 Jesum
1619 1593 1925 1649 Christum.
1946 1594 2164 1667 Itaque,
2188 1596 2392 1650 fratres
2412 1596 2525 1651 mei
2541 1595 2749 1661 dilecti,
2777 1597 2912 1664 quia
2935 1595 3385 1662 incorruptibiles

149 1689 492 1741 resurgemus,
525 1675 750 1729 stabiles
778 1679 844 1730 in
871 1679 976 1744 ﬁde
1005 1684 1182 1732 estote
1210 1679 1617 1747 etimmobiles,
1635 1681 1986 1738 abundantes
2003 1685 2064 1738 in
2093 1700 2260 1756 opere
2284 1685 2511 1740 Domini
2527 1700 2770 1756 semper,
2799 1683 3037 1739 scientes
3052 1681 3202 1754 quod
3225 1680 3384 1737 labor

145 1767 302 1816 vester
325 1778 442 1818 non
473 1768 562 1818 est
588 1764 771 1819 inanis
796 1765 856 1819 in
883 1766 1121 1821 Domino
1155 1786 1167 1834 ;
1202 1770 1264 1823 in
1284 1769 1388 1836 ﬁde
1416 1771 1662 1837 Domini,
1701 1775 1782 1826 vel
1811 1775 1876 1826 in
1908 1774 2394 1840 przdestinatione
2425 1775 2672 1830 Domini.

1483 1917 1608 1978 84
1636 1911 1868 1969 CAPUT
1887 1913 2034 1970 XVI.

205 2046 247 2104 1.
276 2048 353 2104 De
382 2047 634 2104 collectis
661 2053 850 2104 autem
870 2067 994 2122 quae
1016 2051 1160 2106 fiunt
1177 2051 1238 2106 in
1257 2057 1500 2121 sanctos,
1532 2054 1680 2108 sicut
1699 2053 1952 2110 ordinavi
1967 2055 2226 2112 Ecclesiis
2249 2055 2503 2125 Galatiae,
2518 2055 2601 2112 ita
2611 2059 2670 2112 ct
2692 2071 2787 2111 vos
2807 2053 2991 2123 facite,
3010 2053 3120 2110 Per
3139 2068 3312 2110 unam
3329 2052 3390 2126 2,

1455 2194 2049 2252 COMMENTARIUS.

147 2315 506 2384 appetentium
517 2319 731 2386 ,postea
741 2315 850 2370 fuit
861 2315 1398 2389 corpusspiritaliter
1414 2319 1717 2374 viventium
1734 2325 1786 2382 Α
1808 2326 1998 2375 autem
2015 2319 2120 2374 hoc
2135 2320 2526 2376 testimonium
2545 2319 2606 2376 in
2622 2320 2834 2376 usitata
2851 2319 3229 2376 translatione
3245 2320 3390 2377 Osee

201 2400 278 2457 45.
306 2405 559 2459 Αεαυδτ.
595 2404 775 2475 (epist.
822 2403 923 2461 146
967 2409 1040 2459 ad
1080 2406 1351 2472 Comen}.
1381 2408 1572 2475 Qualis
1603 2415 1719 2462 ter-
1801 2410 1880 2463 sic
1908 2409 2178 2480 scriptum
2211 2427 2223 2462 :
2276 2409 2382 2463 Ero
2421 2425 2569 2464 mors
2621 2416 2737 2477 tua,
2771 2427 2800 2464 ο
2827 2414 3013 2465 mors!
3060 2410 3209 2482 quod
3245 2409 3398 2466 idem

150 2506 305 2544 renus.
338 2492 489 2556 Quid
517 2497 621 2558 est,
656 2493 836 2563 qualis
861 2499 1139 2561 terrenus,
1173 2495 1314 2548 tales
1343 2496 1576 2563 terreni,
1609 2496 1719 2550 nisi
1800 2497 2114 2567 signiﬁcat;
2159 2497 2280 2568 ipse
2309 2497 2460 2552 enim
2489 2497 2676 2566 vincit,
2711 2498 2808 2571 qui
2839 2497 3098 2555 ﬁdelibus
3127 2498 3246 2554 suis
3271 2499 3398 2555 vin-

147 2581 380 2635 mortales
414 2598 482 2634 ex
514 2582 784 2636 mortali?
814 2583 882 2636 Et
923 2582 1054 2653 quid
1099 2588 1182 2638 est
1226 2584 1407 2655 qualis
1453 2585 1714 2654 caelestis,
1800 2586 1962 2641 cendi
1989 2585 2189 2640 tribuit
2215 2586 2559 2642 facultatem.

147 2668 261 2722 tales
279 2670 553 2736 caelestes,
570 2670 679 2724 nisi
701 2671 1048 2726 immortales
1072 2688 1176 2743 per
1193 2672 1718 2728 immortalitatem?
1871 2674 1958 2731 53.
1988 2676 2237 2731 AMBaos.
2279 2676 2374 2730 Ubi
2393 2680 2487 2744 est,
2511 2691 2680 2743 mors,
2707 2677 2942 2730 victoria
2961 2681 3058 2731 tua
3078 2675 3401 2732 71nsultan-

150 2751 252 2826 [al.,
279 2758 657 2813 immortalem
673 2758 724 2831 .]
1799 2763 1872 2818 tis
1893 2763 2103 2818 etenim
2130 2762 2302 2818 verba
2328 2768 2480 2819 sunt.

202 2845 278 2900 46.
308 2847 522 2902 Lassa.
557 2851 744 2917 Igitur
773 2851 916 2903 sicut
947 2853 1314 2918 portavimus,
1345 2849 1404 2904 id
1434 2856 1540 2916 est,
1575 2850 1721 2905 sicut
1871 2850 1958 2905 54.
1987 2852 2232 2906 AUGUST.
2264 2849 2386 2916 (lib.
2436 2864 2500 2907 In
2542 2851 2618 2904 De
2652 2866 2768 2920 pec.
2829 2852 3015 2904 merit.
3066 2855 3115 2906 et
3157 2855 3394 2920 remiss.,

149 2936 368 3006 exemplo
397 2937 556 3003 Adae,
587 2942 815 2991 terrena
836 2937 1152 3004 dileximus,
1172 2938 1253 2992 ita
1282 2940 1533 3011 exemplo
1564 2940 1722 2994 Chri-
1802 2955 1924 3010 cap.
1945 2937 2035 3002 11,
2063 2943 2200 2992 tom.
2225 2938 2366 3008 VII.)
2390 2938 2668 2995 Stimulus
2697 2942 2913 2993 mortis.
2931 2939 3052 3003 Quo
3072 2955 3225 2994 mors
3251 2939 3403 2996 facta

150 3021 220 3086 sti,
243 3025 484 3080 ccelestia
523 3025 844 3096 diligamus.
1804 3031 1907 3092 est,
1939 3042 2053 3080 non
2096 3042 2264 3096 quem
2293 3041 2446 3080 mors
2473 3026 2624 3080 fecit.
2654 3026 2889 3081 Peccato
2917 3027 3068 3081 enim
3098 3027 3397 3092 morimur,

202 3111 279 3166 47.
307 3114 446 3168 Caro
466 3121 518 3169 et
533 3119 782 3183 sanguis.
809 3118 954 3171 Caro
977 3121 1032 3171 et
1051 3117 1280 3188 sanguis
1306 3127 1390 3173 est
1408 3119 1722 3173 humanum
1803 3131 1916 3170 non
1946 3121 2128 3169 morte
2155 3131 2468 3186 peccamus.
2503 3114 2594 3169 Sic
2621 3114 2814 3186 itaque
2843 3115 3058 3171 dictum
3083 3121 3170 3172 est
3205 3134 3216 3169 :
3250 3117 3402 3174 Acu-

147 3205 191 3253 et
215 3202 568 3273 corruptibile
592 3220 811 3275 corpus.
841 3205 911 3260 Et
938 3211 1022 3262 est
1048 3222 1264 3274 sensus,
1282 3208 1378 3278 qui
1407 3207 1716 3262 secundum
1798 3205 1920 3258 leus
1942 3205 2142 3258 mortis
2171 3204 2450 3275 quomodo
2468 3203 2688 3273 lignum
2706 3204 2832 3259 vitae
2851 3205 2876 3258 'I
2893 3206 3020 3260 Non
3041 3206 3191 3277 quod
3216 3206 3403 3262 homi-

147 3291 427 3360 appetitum
471 3293 562 3346 sui
599 3294 846 3364 corporis
873 3295 1096 3362 vixerit,
1137 3311 1375 3366 regnum
1412 3296 1515 3350 Dei
1544 3295 1719 3368 possi-
1799 3293 1889 3348 nis
1914 3292 2085 3347 vitam
2119 3292 2239 3367 [al.,
2291 3293 2427 3364 vita]
2469 3293 2695 3360 faceret,
2729 3294 2827 3348 sed
2857 3310 2966 3366 quo
3002 3294 3119 3350 vita
3155 3295 3403 3351 hominis

146 3376 254 3432 dere
278 3396 389 3435 non
418 3381 649 3452 poterit.
1801 3383 1981 3436 ﬁeret.
2015 3383 2086 3436 Et
2110 3381 2390 3453 quomodo
2417 3382 2634 3453 lignum
2655 3383 2920 3452 scientia,
2936 3399 3039 3455 per
3054 3385 3203 3456 quod
3228 3384 3407 3440 scien-

199 3466 277 3523 48.
306 3471 551 3525 Amusr.
580 3473 788 3540 (ibid).
835 3473 974 3527 Caro
1003 3478 1050 3526 et
1081 3476 1327 3541 sanguis.
1362 3475 1431 3528 Et
1460 3491 1530 3529 ne
1561 3476 1718 3546 quis-
1799 3470 1882 3524 tia
1924 3471 2087 3525 ﬁeret
2113 3469 2376 3536 hominis,
2410 3487 2525 3526 non
2573 3472 2722 3542 quod
2772 3488 2874 3543 per
2915 3489 3079 3528 suam
3107 3473 3403 3529 scientiam

149 3555 273 3624 piam
317 3565 548 3630 putaret
602 3561 909 3615 secundum
955 3561 1329 3616 substantiam
1385 3564 1569 3618 carnis
1616 3564 1722 3619 hoc
1803 3559 2000 3613 fecerit
2037 3560 2226 3614 homo.

148 3646 444 3714 Apostolum
476 3649 768 3713 diffinisse,
809 3651 1031 3722 aperuit
1073 3651 1205 3721 quid
1235 3652 1446 3706 diceret
1487 3652 1784 3740 subjun-B
1878 3647 1964 3703 55.
1986 3649 2195 3703 LANFB.
2221 3649 2733 3740 Stimulusmortis.
2758 3648 2970 3740 Probat
2985 3649 3184 3704 mortis
3206 3651 3406 3740 stimu-

150 3735 321 3802 gendo,
353 3754 540 3808 neque
559 3739 843 3809 corruptio
867 3740 1302 3811 incorruptelam
1326 3742 1447 3811 [al.,
1474 3735 1779 3796 incorru-_
1803 3736 1922 3790 lum
1951 3753 2071 3791 esse
2092 3738 2460 3791 destructum.
2489 3736 2780 3805 Stimulus,
2817 3739 3021 3810 inquit,
3053 3739 3254 3794 mortis
3283 3756 3410 3812 pec-

149 3823 417 3899 ptionem.]
444 3827 776 3898 possidebit.
1805 3831 1990 3879 catum
2022 3831 2124 3893 est,
2157 3827 2263 3880 hoc
2291 3830 2481 3879 autem
2505 3826 2852 3881 destructum
2877 3832 2980 3881 est.
3007 3826 3237 3895 Probat,
3268 3845 3405 3883 nam

207 3911 286 3969 49.
321 3916 477 3984 (ibid)
523 3916 628 3971 Sed
672 3933 784 3970 non
824 3933 1008 3971 omnes
1052 3920 1504 3990 ilnniulabimur.
1567 3918 1726 3972 Hanc
1805 3914 2209 3985 pervictoriam
2225 3919 2311 3969 est
2330 3914 2696 3982 destructum,
2719 3931 2888 3986 quam
2908 3915 3235 3972 deditnobis
3253 3918 3404 3972 Deus

153 4001 575 4059 immutationem
633 4010 824 4060 utrum
877 4007 937 4060 in
998 4007 1198 4060 melius
1255 4024 1328 4061 an
1364 4008 1424 4062 in
1475 4008 1724 4062 deterius
1805 4004 2692 4075 perDominumnostrumJesum
2713 4004 3402 4078 Christum(priusapui._

155 4087 362 4163 intelligi
391 4094 650 4158 voluerit,
680 4094 945 4149 inferiora
963 4096 1372 4149 demonstrant.
1805 4092 2083 4163 posterius
2104 4109 2136 4146 a
2161 4098 2358 4163 parte),
2394 4110 2580 4148 nonne
2609 4109 2711 4164 per
2733 4093 2915 4164 legem
2937 4094 3286 4149 destructum
3313 4107 3400 4149 est

210 4181 287 4234 50.
314 4185 558 4237 AMBROS.
599 4186 661 4237 In
712 4187 1010 4238 novissima
1050 4186 1199 4238 tuba.
1233 4185 1375 4248 Quia
1403 4201 1518 4239 non
1548 4187 1722 4240 semel
1805 4183 2132 4253 peccatum?
2160 4199 2273 4237 non
2305 4181 2398 4254 [f.;
2429 4183 2586 4254 nam]
2626 4183 2716 4237 lex
2742 4183 2850 4238 fuit
2877 4190 3243 4255 augmentum
3267 4199 3400 4255 per-

156 4283 259 4322 cum
284 4271 374 4325 illo
403 4277 720 4343 pugnatum
749 4278 850 4340 est,
890 4273 1024 4344 quia
1061 4273 1120 4326 in
1159 4274 1504 4327 Antichristo
1544 4274 1723 4328 victus
1805 4271 1936 4336 cati,
1969 4287 2081 4324 non
2106 4272 2431 4327 destructio.

157 4364 252 4424 est;
277 4366 329 4414 et
353 4361 457 4415 hoc
487 4362 607 4415 loco
637 4361 934 4416 novissime
963 4363 1230 4416 adversus
1256 4363 1417 4417 illum
1445 4363 1724 4434 pugnabi-
1877 4359 1964 4414 56.
1994 4359 2238 4415 AUGUST.
2267 4362 2382 4432 (lib.
2406 4363 2482 4416 De
2502 4362 2727 4430 perfect.
2759 4365 2910 4431 justi
2948 4363 3206 4416 hominis.
3243 4373 3282 4410 ἲ.
3323 4356 3374 4412 'f.

159 4448 250 4510 tur,
269 4454 326 4502 ut
339 4451 459 4519 jam
487 4450 745 4505 mittatur
776 4451 832 4504 in
857 4451 1197 4521 gehennam.
1805 4453 1848 4502 t.
1880 4447 2050 4519 VII.).
2088 4451 2268 4504 Virtus
2294 4466 2420 4504 vero
2439 4454 2651 4520 peccati
2678 4455 2781 4506 lex.
2814 4451 3086 4518 Quoniur.
3101 4451 3186 4502 λεί.
3203 4445 3388 4497 1min-

217 4535 550 4593 51.Aneusr.
578 4541 782 4605 (ibid).
807 4541 872 4593 Et
896 4544 1108 4594 mortui
1124 4546 1436 4608 resurgent.
1460 4540 1603 4604 Quid
1620 4540 1726 4594 sibi
1807 4537 1989 4592 bendo
2021 4543 2191 4609 auget
2217 4539 2432 4610 peccati
2447 4539 2833 4611 cupiditatem,
3261 4533 3382 4602 55.n-

162 4623 256 4677 vult
269 4641 394 4696 ergo
413 4628 728 4682 distinctio:
751 4630 820 4682 Et
847 4633 1060 4683 mortui
1078 4635 1366 4697 resurgent
1389 4633 1723 4699 incorrupti,
1809 4626 1951 4680 ritus
1973 4628 2329 4682 charitatem.

165 4717 201 4763 et
236 4730 322 4768 nos
350 4719 801 4783 immutabimur,
835 4719 944 4772 nisi
991 4719 1126 4789 quia
1170 4734 1364 4772 omnes
1417 4719 1727 4790 incorrupti
1885 4716 2042 4771 CAP.
2073 4717 2220 4771 XVI.
2262 4746 2327 4757 -—
2352 4717 2408 4771 1.
2434 4717 2684 4772 AUGUBT.
2715 4718 2836 4784 (lib.
2869 4732 2909 4770 1:
2929 4718 2990 4769 Jt-
3033 4724 3254 4761 ιγ’-’ωπε
3275 4711 3384 4763 1η-

167 4805 468 4873 I‘esurgent?
498 4805 608 4860 Sed
628 4822 694 4859 ex
721 4806 808 4861 his
837 4806 1006 4860 etiam
1027 4807 1168 4877 justi
1187 4806 1641 4862 immutabuntur
1669 4807 1727 4860 in
1810 4809 1958 4860 mini
1973 4809 2037 4860 in
2063 4811 2262 4872 monte,
2290 4821 2412 4876 cap.
2438 4803 2524 4872 17,
2538 4811 2675 4861 tom.
2697 4807 2792 4861 Π.
2809 4833 2812 4838 -
2829 4805 3132 4859 λεί-δαείω
3163 4813 3372 4853 Mm.

169 4887 294 4944 illam
322 4893 756 4965 incorruptelam
781 4914 793 4962 ;
825 4895 914 4948 cui
935 4895 1162 4949 omnino
1193 4895 1348 4948 nulla
1377 4911 1576 4948 nocere
1606 4912 1730 4965 pos-
1757 4959 1788 4967 _
1813 4895 2113 4967 Apostolus
2140 4894 2348 4949 Paulus
2372 4899 2558 4966 potest
2577 4896 2740 4950 vide-si
2763 4897 2822 4948 ri:
2855 4903 3070 4944 suum
3103 4903 3378 4957 ἕξει-τετε.

172 4977 230 5031 sit
252 4984 520 5054 corruptio
545 5003 557 5051 ;
592 5000 658 5037 ac
685 4999 786 5054 per
816 4984 938 5051 hoc,
973 4984 1069 5054 qui
1098 4984 1153 5037 in
1187 5000 1310 5037 eam
1343 4985 1465 5053 [al.,
1500 4984 1587 5053 ea]
1619 4959 1791 5038 nonC
1816 5002 1942 5041 cum
1972 4983 2104 5038 dicit
2138 5002 2149 5036 :
2180 4986 2253 5038 De
2279 4988 2508 5040 collectis
2531 4993 2704 5038 autm
2745 5001 2786 5032 η
2817 4995 3024 5031 ωιύ-ῑ.
3061 4993 3206 5029 πως
3231 4987 3380 5036 π’τί-

172 5074 632 5127 commutabuntur
657 5091 668 5138 ;
693 5073 1001 5143 incorrupti
1030 5071 1255 5142 quidem
1281 5073 1736 5144 resurgentinte-
1818 5076 1950 5130 navi
1996 5073 2248 5126 Ecclesiis
2294 5073 2536 5130 Galatia.
2567 5081 2634 5125 κά
2675 5087 2698 5116 ι
2759 5087 2816 5118 m
2875 5071 3028 5117 ﬁcie-
3073 5075 3380 5128 -ειττιπιιςιπι

175 5156 346 5222 gritate
391 5161 796 5226 membrorum,
844 5161 938 5214 sed
975 5165 1166 5215 tamen
1204 5161 1600 5231 corrumpendi
1632 5162 1720 5216 do-

1816 5177 1991 5214 unam
2014 5155 2654 5231 Ξαὸὺαιίίυηιιιςιιιτῃιε
2689 5171 2896 5206 ’κω-ἐιη
2931 5159 3072 5209 anui
3109 5179 3152 5210 ξεί
3181 5179 3361 5228 arma:

176 5241 266 5299 lore
293 5265 598 5317 poenarum.
1821 5250 2205 5304 thesaurizans
2232 5254 2372 5321 quod
2461 5263 2722 5317 gmw.
2763 5260 2806 5294 ιε
2839 5260 2958 5296 wn.
3001 5265 3120 5299 min
3155 5267 3360 5304 mm.

230 5332 304 5392 52.
345 5338 555 5394 ΒΑΜ-ι.
613 5337 876 5406 Absorpta
926 5343 1000 5392 est
1051 5353 1217 5391 mors.
1277 5339 1343 5392 In
1392 5339 1504 5392 ﬁne
1549 5339 1735 5393 saeculi
1823 5343 1954 5391 tunc
1985 5342 2210 5394 collecta
2229 5343 2380 5408 [iam
2409 5341 2502 5392 Es
2535 5352 2578 5384 «ς
2609 5335 2918 5392 ωςωαὶ
2953 5338 3356 5409 Summ:

178 5420 401 5495 absorpta
419 5427 526 5480 erit
543 5442 693 5479 mors
721 5431 778 5479 et
803 5426 1004 5481 animae
1034 5431 1090 5480 et
1120 5427 1366 5497 corporis
1395 5427 1454 5479 in
1480 5427 1731 5494 victoria,
1820 5426 1955 5480 locis
1984 5428 2120 5482 satis
2147 5444 2366 5500 appara:
2389 5427 2662 5480 3m
2697 5438 2954 5479 mm
2983 5445 3096 5482 mn
3131 5445 3214 5481 χιιι.
3265 5442 3336 5466 1'“

179 5511 284 5576 quia
309 5515 458 5568 victis
505 5515 565 5570 in
593 5531 762 5570 carne
792 5531 1078 5569 servorum
1123 5515 1225 5569 Dei
1275 5515 1736 5584 concupiscentiis
1821 5515 2075 5584 probare,
2107 5519 2152 5570 si
2189 5536 2294 5587 ξῖε
2327 5528 2534 5566 1mm.-
2571 5528 2710 5561 £‘.".""t
2747 5529 2852 5567 5:1
2891 5533 3150 5572 imorum.
3193 5515 3286 5555 θ’

182 5601 427 5671 omnibus,
472 5621 575 5659 nec
599 5603 726 5674 ipsi,
757 5620 858 5658 nec
894 5603 1106 5674 aliquid
1139 5605 1289 5659 ultra
1318 5604 1608 5658 morietur.
1644 5605 1740 5658 Est
1821 5603 1945 5675 quis
1971 5617 2186 5676 propter
2215 5621 2304 5657 an
2339 5604 2428 5653 ἐσμ)
2465 5616 2672 5652 ω
