3912 6378
505 292 612 356 215
1492 299 1556 356 Β.
1597 299 2014 360 LANFRANCI

2222 302 2410 359 ['UAR.
2451 299 2789 357 ARCHIEP.
3659 300 3767 358 216

506 417 738 474 Sabbati
767 421 851 476 ita
878 422 1082 476 scilicet
1107 423 1494 495 unusquisque
1525 429 1773 480 vestrum
1804 426 1952 497 apud
1979 443 2038 480 se
2073 430 2326 498 reponat,
2368 424 2680 479 recondens
2709 421 2856 493 quod
2889 421 2940 476 ei
2973 420 3130 487 bene,
3163 427 3441 491 quantum
3470 425 3597 488 sibi,
3643 424 3766 494 pla-

506 507 708 574 cuerit,
738 512 804 562 ut
830 524 964 575 non,
997 526 1126 566 cum
1147 528 1374 579 venero,
1394 517 1530 569 tunc
1560 513 1800 568 collectae
1820 515 1976 581 ﬁant,
2006 517 2208 569 scilicet
2228 517 2384 582 factae
2413 516 2548 567 sint.
2585 513 2726 566 Cum
2767 515 2958 565 autem
2979 527 3221 580 praesens
3251 510 3430 578 fuero,
3468 527 3608 580 quos
3627 527 3768 581 pro—

507 595 775 660 baveritis
803 613 904 669 per
932 598 1217 668 epistolas,
1237 617 1362 654 cum
1382 603 1636 669 epistolis,
1657 601 1758 656 hos
1780 603 2002 657 mittam
2022 602 2270 673 perferre
2296 601 2542 672 gratiam
2565 606 2827 665 vestram,
2851 602 3031 667 gratis
3051 602 3181 654 data
3202 615 3236 652 a
3255 601 3420 661 vobis,
3445 603 3652 653 sanctis
3672 603 3771 668 qui

509 691 644 738 sunt
670 685 731 740 in
754 685 1128 741 Hierusalem.
1161 688 1318 752 Quod
1339 689 1387 742 si
1414 688 1648 759 dignum
1667 690 1854 757 fuerit,
1865 697 2018 746 tanta
2035 694 2107 745 sit
2127 693 2385 756 collectio,
2404 695 2469 745 ut
2497 693 2556 744 et
2577 704 2681 758 ego
2705 704 2849 753 eam,
2871 703 3092 742 mecum
3112 687 3292 742 ibunt.
3317 687 3564 741 Veniant
3579 692 3772 742 autem

511 772 583 827 ad
601 789 715 839 vos,
737 790 864 829 cum
885 775 1268 830 Macedoniam
1289 776 1696 847 pert-ransiero;
1730 793 1860 832 nam
1884 778 2270 834 Macedoniam
2299 777 2669 850 pertransibo.
2694 776 2859 847 Apud
2902 793 2995 830 vos
3027 781 3216 830 autem
3243 775 3478 830 forsitan
3509 776 3768 842 manebo,

514 860 598 916 vel
629 861 798 916 etiam
830 862 1108 930 hiemabo,
1143 870 1208 918 ut
1239 880 1336 918 vos
1366 880 1456 918 me
1506 864 1796 920 deducatis
1828 882 2160 937 quocunque
2188 866 2323 920 iero.
2363 866 2505 920 Nolo
2529 865 2683 920 enim
2711 881 2807 920 vos
2836 865 3000 918 modo
3027 865 3084 918 in
3114 865 3374 931 transitu,
3407 868 3770 934 transeundo,

517 949 738 1018 videre;
769 968 932 1022 spero
963 952 1112 1006 enim
1151 969 1242 1008 me
1272 953 1683 1024 aliquantulum
1720 955 1990 1024 temporis
2021 971 2250 1010 manere
2279 955 2428 1026 apud
2473 971 2586 1020 vos,
2619 955 2666 1007 si
2708 953 2979 1008 Dominus
3021 953 3360 1024 permiserit.
3411 953 3763 1008 Permanebo

509 1043 702 1100 autem
725 1039 929 1110 Ephesi
958 1056 1138 1111 usque
1157 1042 1228 1095 ad
1259 1042 1646 1099 Pentecosten.
1663 1041 1715 1098 3.
1735 1043 1954 1100 Ostium
1973 1043 2122 1098 enim
2144 1044 2282 1098 mihi
2306 1045 2482 1110 (Ratio
2502 1058 2673 1111 quare
2688 1042 2883 1109 Ephesi
2907 1047 3184 1109 tantopere
3206 1040 3270 1114 [f.
3284 1083 3296 1095 .
3318 1047 3470 1096 tanto
3501 1040 3766 1114 tempore]

505 1141 914 1196 permansurus
943 1130 1035 1196 sit)
1076 1133 1336 1198 apertum
1388 1132 1476 1182 est
1504 1144 1774 1197 magnum
1821 1135 1879 1183 et
1908 1132 2167 1200 evidens;
2202 1137 2259 1187 et
2305 1130 2610 1187 adversarii
2650 1129 2813 1184 multi
2843 1133 2942 1198 qui
2971 1133 3212 1184 nol-entes
3242 1129 3458 1184 credere
3489 1135 3772 1183 conantur

511 1215 797 1282 impedire.
835 1215 895 1269 Si
921 1219 1110 1270 autem
1140 1216 1357 1270 venerit
1382 1215 1728 1278 Timotheus,
1761 1217 1943 1273 videte
1970 1225 2035 1274 ut
2071 1221 2192 1275 sine
2212 1221 2415 1274 timore
2441 1235 2476 1271 a
2505 1219 2664 1285 falsis
2689 1220 2963 1285 fratribus
2993 1217 3068 1271 sit
3099 1218 3247 1289 apud
3276 1234 3371 1272 vos
3400 1237 3414 1285 ;
3449 1234 3589 1288 opus
3619 1218 3772 1272 enim

509 1301 737 1358 Domini
759 1307 1042 1373 operatur,
1073 1305 1402 1372 praedicator
1428 1309 1521 1370 est,
1548 1305 1691 1359 sicut
1721 1309 1778 1358 et
1800 1321 1924 1376 ego.
1954 1308 2038 1362 Ne
2059 1309 2184 1376 quis
2213 1323 2346 1377 ergo
2367 1306 2526 1361 illum
2559 1309 2808 1375 spernat,
2840 1307 2973 1374 quia
2999 1307 3327 1373 praedicator
3365 1311 3460 1358 est.
3494 1306 3771 1360 Deducite

511 1395 706 1446 autem
736 1391 898 1446 illum
927 1391 988 1446 in
1016 1407 1173 1462 pace,
1204 1397 1269 1447 ut
1292 1393 1483 1447 veniat
1504 1393 1575 1447 ad
1607 1409 1735 1460 me;
1767 1400 1994 1465 expecto
2026 1396 2177 1450 enim
2201 1395 2362 1450 illum
2387 1411 2514 1449 cum
2540 1393 2833 1449 fratribus.
2865 1394 2946 1448 De
2967 1395 3163 1465 Apollo
3194 1401 3383 1450 autem
3413 1395 3588 1449 fratre
3616 1396 3774 1450 vobis

509 1486 710 1535 notum
737 1479 884 1535 facio
913 1479 1178 1551 quoniam
1207 1482 1448 1544 multum
1477 1481 1668 1551 rogavi
1697 1498 1827 1535 eum
1854 1487 1917 1536 ut
1945 1482 2161 1536 veniret
2187 1482 2257 1535 ad
2277 1499 2374 1535 vos
2397 1497 2524 1535 cum
2552 1480 2844 1545 fratribus,
2873 1485 2929 1534 et
2956 1480 3150 1550 utique
3165 1497 3277 1535 non
3300 1481 3408 1536 fuit
3430 1482 3689 1536 voluntas
3711 1489 3776 1537 ut

513 1584 665 1623 nunc
684 1567 930 1635 veniret;
955 1567 1141 1622 veniet
1158 1574 1367 1635 autem,
1391 1585 1518 1623 cum
1540 1569 1592 1622 ei
1621 1585 1858 1623 vacuum
1884 1570 2074 1624 fuerit.
2102 1570 2363 1639 Vigilate,
2387 1574 2532 1622 state
2561 1568 2618 1620 in
2647 1568 2774 1633 ﬁde,
2796 1569 3030 1622 viriliter
3048 1569 3220 1638 agite,
3252 1575 3309 1623 et
3337 1569 3770 1633 eonfortamini;

515 1656 708 1712 omnia
737 1663 926 1711 vestra
951 1657 1010 1712 in
1037 1657 1312 1711 charitate
1349 1657 1506 1712 ﬁant.
1547 1655 1599 1714 4.
1625 1657 1867 1713 Obsecro
1899 1663 2090 1713 autem
2120 1675 2235 1724 vos,
2254 1658 2546 1720 fratres,5.
2579 1657 2756 1712 nostis
2784 1656 3013 1711 domum
3045 1657 3360 1727 Stephanza,
3387 1663 3444 1711 et
3472 1656 3772 1712 Fortunati

514 1750 573 1798 et
607 1745 852 1811 Achaici,
881 1745 1144 1816 quoniam
1167 1751 1301 1800 sunt
1325 1745 1587 1816 primitias
1606 1746 1848 1813 Achaiae,
1876 1749 2038 1815 prius
2067 1747 2438 1811 crediderunt,
2460 1749 2516 1798 et
2540 1744 2599 1798 in
2619 1744 2995 1798 ministerium
3017 1751 3338 1799 sanctorum
3367 1745 3776 1800 ordinaverunt

515 1832 749 1903 seipsos,
781 1839 846 1887 ut
873 1838 932 1887 et
966 1850 1061 1887 vos
1088 1832 1297 1888 subditi
1333 1835 1455 1889 sitis
1483 1834 1776 1903 ejusmodi,
1812 1840 1869 1888 et
1889 1834 2042 1888 omni
2074 1833 2394 1904 cooperanti
2429 1837 2487 1886 et
2515 1831 2809 1885 laboranti.
2846 1833 3075 1886 Gaudeo
3118 1839 3307 1887 autem
3356 1833 3415 1887 in
3447 1834 3769 1904 praesentia,

515 1921 577 1973 id
606 1926 698 1985 est,
725 1924 858 1989 quia
887 1923 1161 1975 vobiscum
1195 1927 1346 1991 sunt,
1388 1923 1703 1993 Stephants,
1739 1927 1796 1976 et
1823 1922 2117 1976 Fortunati
2149 1926 2205 1975 et
2231 1921 2479 1986 Achaici,
2522 1920 2787 1990 quoniam
2816 1920 2870 1973 id
2905 1922 3053 1990 quod
3083 1920 3236 1974 vobis
3267 1921 3479 1987 deerat,
3503 1921 3610 1992 ipsi
3643 1938 3778 1992 sup-

514 2007 837 2079 pleverunt;
861 2005 1174 2064 refecerunt
1198 2008 1347 2064 enim
1371 2015 1428 2064 et
1446 2027 1635 2078 meum
1657 2011 1914 2088 spiritum
1941 2015 1999 2065 et
2019 2015 2283 2073 vestrum,
2301 2011 2446 2063 mihi
2464 2011 2840 2063 ministrando
2860 2014 3041 2078 prius,
3058 2016 3107 2064 et
3127 2027 3279 2065 nunc
3299 2027 3386 2064 vos
3407 2013 3773 2066 exhortando-

515 2096 863 2167 Cognoscite,
899 2097 1232 2159 imitamini,
1262 2113 1396 2168 ergo
1439 2099 1535 2168 qui
1576 2098 1854 2169 ejusmodi
1899 2103 2050 2152 sunt.
2082 2098 2342 2151 Salutant
2376 2113 2473 2151 vos
2517 2098 2773 2151 Ecclesiae
2800 2099 2964 2151 Asiae.
3003 2098 3266 2152 Salutant
3303 2115 3400 2152 vos
3447 2099 3505 2152 in
3531 2099 3777 2154 Domino

514 2184 777 2250 multum,
809 2185 1030 2256 Aquila,
1074 2189 1183 2252 vir,
1215 2190 1272 2240 et
1300 2186 1570 2252 Priscilla,
1615 2203 1775 2253 umor,
1826 2203 1956 2240 cum
2005 2186 2310 2241 domestica
2346 2202 2450 2240 sua
2479 2187 2741 2251 Ecclesia,
2791 2188 2852 2240 id
2882 2192 2973 2252 est,
3007 2189 3234 2254 familia
3265 2207 3280 2241 :
3331 2189 3475 2259 apud
3527 2205 3672 2260 quos
3723 2195 3781 2245 et

513 2271 784 2343 hospitor.
828 2273 1088 2328 Salutant
1130 2290 1224 2327 vos
1276 2289 1472 2328 omnes
1515 2273 1736 2328 fratres.
1765 2274 2017 2328 Salutate
2068 2275 2304 2328 invicem
2341 2275 2400 2329 in
2435 2281 2559 2340 35
2596 2275 2783 2329 osculo
2824 2281 3036 2330 sancto.
3079 2276 3378 2342 Salutatio,
3425 2293 3552 2332 mea
3588 2294 3770 2334 manu

513 2359 693 2416 Pauli.
737 2361 794 2416 Si
823 2361 946 2432 quis
975 2378 1088 2416 non
1113 2368 1268 2417 amat
1298 2361 1601 2416 Dominum
1629 2367 1884 2416 nostrum
1913 2363 1941 2415 ,Ι
1947 2378 2104 2416 esum
2136 2362 2439 2428 Christum,
2477 2361 2526 2428 6,
2578 2363 2630 2416 7.
2663 2363 2736 2417 sit
2765 2364 3092 2430 anathema,
3125 2366 3406 2418 alienetur
3435 2367 3502 2420 ab
3527 2366 3778 2420 Ecclesia

512 2453 578 2507 in
607 2452 843 2505 adventu
869 2451 1114 2510 Domini.
1148 2448 1201 2508 8.
1233 2451 1585 2509 Maranatha.
1611 2451 1807 2504 Gratia
1841 2451 2065 2505 Domini
2091 2451 2269 2505 nostri
2293 2451 2424 2506 Jesu
2453 2452 2660 2507 Christi
2691 2453 2996 2508 vobiscum.
3033 2453 3292 2508 Charitas
3321 2469 3467 2521 mea,
3503 2455 3562 2508 id
3589 2460 3667 2510 est
3678 2497 3694 2524 ,
3713 2462 3779 2512 ut

509 2555 606 2608 ego
623 2555 730 2608 vos,
753 2542 834 2594 ita
862 2555 951 2594 vos
974 2543 1209 2595 invicem
1236 2541 1507 2611 diligatis,
1531 2555 1661 2594 cum
1691 2538 1950 2595 omnibus
1979 2538 2133 2592 vobis
2161 2538 2220 2593 in
2251 2539 2474 2594 Christo
2504 2541 2654 2608 Jesu,
2682 2557 2794 2598 non
2823 2545 3011 2598 saeculi
3035 2543 3322 2601 charitate.
3349 2543 3549 2599 Amen.

1835 2679 2408 2737 COMMENTARIUS
2423 2726 2435 2740 .

581 2803 636 2860 2.
666 2805 881 2864 LmR.
913 2807 1017 2860 Per
1047 2819 1224 2859 unam
1263 2804 1506 2871 Sabbati,
1554 2802 1612 2860 id
1641 2808 1743 2866 est.
1775 2821 1878 2877 per
1925 2819 2096 2860 unam
2113 2804 2365 2865 Adatur.

511 2893 660 2950 diem
685 2894 1011 2968 septimanae
1032 2893 1196 2964 jubet
1231 2892 1416 2966 colligi
1444 2909 1511 2947 ea
1540 2908 1664 2964 quae
1692 2893 2098 2964 Jerosolymam
2253 2893 2304 2950 7.
2336 2895 2587 2951 AUGUST.
2623 2896 2814 2968 (Epist.
2849 2895 2949 2953 178
3003 2898 3076 2950 ad
3105 2898 3253 2952 Pasc.
3285 2900 3329 2952 t.
3377 2897 3473 2968 ΙΙ).
3505 2895 3593 2951 Sit
3634 2914 3783 2952 ana-

512 2983 721 3040 sanctis
757 2981 1144 3039 mittebantur.
2185 2985 2382 3050 thema,
2422 2986 2780 3040 maranatha.
2823 2985 3003 3039 Simul
3055 2985 3246 3040 Graeco
3294 2990 3350 3040 et
3397 2987 3536 3057 Syro
3592 2987 3786 3042 utitur

580 3072 636 3131 3.
669 3075 882 3128 Ostium
911 3075 1061 3128 enim
1081 3072 1241 3125 mihi.
1275 3070 1439 3125 Ratio
1458 3086 1558 3126 cur
1580 3073 1873 3143 tantopere
1899 3070 2101 3142 Ephesi
2184 3071 2368 3126 verbo.
2400 3070 2464 3127 Si
2489 3076 2631 3142 quis,
2657 3073 2859 3144 inquit,
2881 3090 2991 3128 non
3014 3080 3168 3128 amat
3193 3076 3516 3144 Dominum,
3539 3077 3612 3127 sit
3633 3091 3785 3130 ana-

508 3162 584 3217 sit
611 3178 1030 3234 permansurus.
1067 3161 1215 3216 Dicit
1250 3160 1400 3216 enim
1448 3161 1654 3216 ostium
1683 3177 1948 3232 magnum
1982 3177 2101 3215 esse
2185 3162 2382 3226 thema,
2411 3163 2770 3216 maranatha.
2793 3162 3110 3216 Anathema
3127 3163 3318 3217 Graeco
3335 3179 3592 3218 sermone
3611 3163 3783 3232 dixit,

506 3255 767 3322 apertum
795 3250 1204 3321 praedicationis
1233 3267 1366 3320 suae,
1400 3267 1501 3322 per
1521 3250 1668 3322 quod
1699 3250 1878 3322 possit
1905 3249 2101 3320 praedi-
2183 3251 2589 3304 condemnatus.
2622 3251 2956 3304 Maranatha
2985 3251 3256 3317 deﬁnivit,
3279 3254 3444 3306 donec
3469 3255 3654 3306 veniat
3677 3255 3787 3308 Do-

508 3338 684 3393 cando
732 3339 803 3393 ad
829 3339 998 3394 corda
1026 3340 1372 3395 audientium
1411 3339 1626 3394 intrare
1655 3343 1712 3394 et
1739 3339 1908 3394 ﬁdem
1938 3337 2099 3392 Chri-
2181 3340 2389 3402 minus,
2422 3338 2507 3391 vel
2545 3340 2746 3393 redeat.

506 3427 748 3483 stianam
768 3429 1146 3498 persuadere:
2252 3430 2302 3482 8.
2340 3427 2586 3480 Hmaon.
2633 3428 2993 3482 Maranatha.
3028 3428 3208 3499 Magis
3237 3429 3442 3499 Syrum
3459 3433 3560 3496 est,
3597 3446 3781 3500 quam

578 3513 633 3571 4.
669 3516 890 3572 Obsecro
934 3522 1140 3572 autem.
1188 3517 1428 3573 Obsecro
1459 3521 1650 3572 autem
1678 3520 1743 3571 ut
1772 3521 1829 3570 et
1856 3533 1953 3572 vos
1982 3517 2098 3571 fra-
2181 3513 2498 3582 Hebraeum,
2528 3521 2644 3569 tam
2675 3516 2781 3569 etsi
2810 3533 2874 3569 ex
2894 3517 3132 3571 conﬁnio
3163 3522 3533 3588 utrarumque
3553 3518 3786 3588 lingua-

505 3609 623 3662 tres
652 3603 862 3659 subditi
887 3604 1029 3660 sitis.
2181 3620 2306 3658 rum
2343 3604 2529 3675 aliquo
2570 3609 2626 3658 et
2672 3603 2968 3658 Hebraeum
3021 3610 3201 3669 sonet,
3243 3611 3300 3660 et
3343 3606 3780 3677 interpretatur,

580 3691 632 3748 5.
679 3694 861 3748 Nostis
906 3693 1191 3764 Stephants
1237 3694 1484 3751 domum.
1533 3693 1608 3746 Hi
1650 3709 1778 3747 cum
1833 3693 2098 3764 Apostolo
2181 3695 2448 3748 Dominus
2496 3698 2674 3747 noster
2714 3696 2878 3747 venit.
2912 3693 2987 3748 Ut
3027 3694 3102 3748 sit
3130 3711 3326 3749 sensus
3361 3713 3371 3746 :
3405 3695 3464 3750 Si
3493 3695 3619 3766 quis
3657 3712 3782 3751 non

509 3783 750 3851 fuerant,
774 3787 831 3837 et
859 3782 1194 3853 quibusdam
1213 3781 1520 3838 Corinthiis
1550 3782 1646 3854 qui
1677 3798 1802 3836 cum
1834 3782 2098 3852 Apostolo
2181 3787 2333 3835 amat
2361 3781 2659 3835 Dominum
2689 3781 2898 3845 Jesum,
2922 3782 3240 3850 anathema,
3266 3788 3323 3836 et
3341 3783 3436 3837 illo
3467 3783 3776 3854 completo,

505 3877 686 3939 erant,
719 3877 777 3927 et
804 3872 912 3944 ipsi
934 3872 1200 3944 Apostolo
1225 3871 1538 3928 necessaria
1568 3887 1714 3946 saepe
1743 3871 2097 3926 ministrave-
2177 3870 2440 3941 deinceps
2467 3870 2774 3924 inferatur:
2808 3872 3075 3925 Dominus
3101 3879 3282 3926 noster
3297 3876 3459 3926 venit.
3497 3873 3659 3936 Quod
3675 3891 3781 3930 su-

503 3966 657 4020 runt.
2177 3960 2391 4031 perﬂue
2437 3960 2512 4013 sit
2539 3959 2835 4014 adversum
2864 3976 2991 4014 eum
3045 3961 3188 4014 odiis
3216 3961 3596 4032 pertinacibus
3641 3979 3779 4018 con-

577 4051 629 4105 6.
661 4052 906 4108 AMBROS.
936 4049 1022 4106 Sit
1047 4051 1367 4106 anathema.
1400 4049 1560 4114 Quod
1587 4048 2011 4120 interpretatur.
2037 4049 2095 4104 Si
2179 4049 2408 4103 tendere
2441 4047 2579 4102 velle
2609 4064 2773 4119 quem
2798 4050 2917 4119 jam
2943 4049 3161 4104 venisse
3191 4055 3428 4105 constat.

507 4139 634 4213 quis
674 4139 975 4196 Dominum
1018 4142 1210 4196 Jesum
1243 4137 1528 4195 Christum
1562 4154 1672 4194 non
1699 4143 1872 4206 amat,
1921 4134 2155 4194 absci-B

493 4285 3758 4319 Μ

625 4488 627 4492 .
696 4427 1149 4502 EPISTOLA
1216 4428 1300 4500 B.
1384 4429 1673 4502 PAULI
1749 4427 2207 4501 APOSTOLI
2270 4429 2402 4500 AD
2464 4425 3036 4500 CORINTHIOS
3099 4427 3559 4536 SECUNDA.

1145 4629 1326 4694 CUM
1356 4628 1937 4693 INTERJEC'TIS
1975 4629 2054 4691 B.
2088 4626 2581 4689 LANFRANCI
2611 4625 3105 4689 GLOSSULIS.

574 4790 988 4845 Aaeuuan'ruu.
1021 4819 1092 4833 -
1119 4793 1242 4845 Post
1287 4797 1471 4846 actam
1501 4808 1537 4845 a
1566 4791 1870 4846 Corinthiis
1893 4791 2296 4858 paenitentiam,
2344 4790 2768 4842 consolatoriam
2795 4788 2986 4842 scribit
3031 4789 3105 4840 eis
3132 4787 3435 4855 Epistolam
3478 4786 3778 4856 Apostolus

503 4893 539 4932 a
567 4878 791 4945 Troade,
817 4895 917 4948 per
947 4879 1154 4935 Titum.
1195 4881 1263 4935 Et
1304 4881 1631 4936 collaudans
1682 4897 1786 4948 eos,
1834 4880 2093 4933 hortatur
2143 4879 2217 4932 ad
2244 4880 2496 4944 meliora,
2530 4879 2879 4931 contristatos
2913 4877 3136 4946 quidem
3173 4892 3275 4939 eos,
3319 4877 3409 4930 sed
3453 4877 3778 4932 emendatos

503 4967 808 5022 ostendens.

1848 5054 2080 5110 CAPUT
2111 5054 2416 5109 PRIMUM.

573 5143 785 5198 Paulus
811 5143 1111 5214 Apostolus
1141 5145 1275 5200 Jesu
1305 5143 1514 5199 Christi
1543 5159 1644 5213 per
1666 5142 2009 5196 voluntatem
2042 5142 2161 5207 Dei,
2195 5158 2307 5196 non
2328 5143 2588 5208 hominis,
2621 5145 2702 5195 vel
2730 5157 2843 5195 non
2873 5144 3106 5206 meritis,
3137 5146 3194 5194 et
3213 5139 3539 5195 Timotheus
3561 5142 3772 5215 frater,

502 5232 758 5288 Ecclesia:
788 5232 908 5296 Dei,
941 5249 1062 5304 quin
1091 5239 1180 5287 est
1209 5233 1483 5297 Corinthi,
1503 5248 1630 5286 cum
1663 5230 1924 5284 omnibus
1956 5231 2163 5284 sanctis
2191 5230 2286 5301 qui
2317 5234 2450 5284 sunt
2469 5229 2528 5283 in
2549 5229 2809 5283 universa
2837 5229 3067 5293 Achaia,
3103 5228 3299 5282 Gratia
3328 5228 3482 5283 vobis
3508 5234 3566 5283 et
3594 5247 3709 5300 pax
3741 5249 3779 5289 a

500 5318 617 5376 Deo
646 5321 814 5376 Patre
835 5325 1046 5386 nostro,
1081 5325 1138 5375 et
1167 5319 1404 5374 Domino
1432 5319 1565 5373 Jesu
1604 5318 1845 5372 Christo.
1879 5319 2208 5374 Benedictus
2246 5320 2396 5373 Deus
2427 5323 2484 5373 et
2511 5319 2679 5372 Pater
2709 5317 2932 5370 Domini
2964 5317 3141 5370 nostri
3175 5318 3306 5371 Jesu
3341 5317 3569 5382 Christi,
3602 5324 3778 5388 pater

499 5409 1034 5478 misericordiarum,
1068 5427 1180 5465 non
1201 5412 1372 5463 unius
1395 5412 1635 5474 tantum,
1662 5409 1752 5460 sed
1768 5411 2026 5476 plurium
2053 5410 2353 5461 secundum
2376 5409 2797 5476 participantes,
2827 5412 2883 5460 et
2905 5407 2954 5460 1.
2975 5407 3122 5460 Deus
3143 5405 3320 5460 totius
3341 5406 3770 5477 consolationis,

1831 5497 2418 5552 COMMENTARIUS.

573 5585 733 5644 CAP.
761 5589 806 5646 Ι.
850 5619 916 5634 --
937 5588 993 5645 1.
1030 5589 1281 5644 Annos.
1308 5588 1448 5642 Deus
1473 5587 1638 5641 totius
1663 5589 2070 5642 consolationis.
2182 5584 2561 5642 consolatione
2589 5583 2837 5658 incoepit,
2865 5583 3016 5642 unde
3047 5582 3404 5656 refrigerium
3432 5582 3530 5639 dat
3559 5582 3663 5652 eis,
