3912 6378
112 309 206 370 217
758 313 837 368 ΙΝ
873 313 941 368 D.
981 313 1197 370 PAULI
1235 312 1463 370 EPIST.
1505 310 1657 369 00M

1802 309 1880 364 [Τ.
1923 335 1990 350 --
2029 307 2255 365 EPIST.
2296 307 2352 363 11
2386 305 2483 360 AD
2521 305 2685 362 COR.
3240 299 3347 359 218

109 431 154 489 2.
183 433 280 504 qui
308 434 632 489 consolatur
656 450 758 490 nos
786 434 846 489 in
870 435 1023 489 omni
1042 435 1403 491 tribulatione
1430 438 1646 500 nostra,
1669 435 1736 488 ut
1763 430 2044 503 possimus
2066 434 2125 485 et
2150 429 2258 500 ipsi
2285 428 2565 484 consolari
2589 429 2767 482 verbis
2781 430 2864 482 sel
2879 425 3229 495 eremploeos
3244 423 3344 496 qui

108 522 156 576 in
184 521 331 575 omni
361 539 626 592 pressura
653 529 804 586 sunt,
831 541 932 595 per
951 524 1396 579 exhortationem
1418 526 1556 595 (ipse
1584 523 1910 576 exhortatur
1938 536 2034 574 nos
2065 524 2211 584 so,
2243 524 2291 572 et
2317 534 2416 586 per
2448 534 2545 572 nos
2581 519 2740 586 alios)
2764 531 2876 587 qua
2899 515 3261 569 exhortamur
3287 517 3347 568 et

108 610 202 681 ipsi
221 627 254 664 a
277 611 416 676 Deo,
432 615 584 666 intus
600 629 698 680 per
713 616 996 680 spiritum.
1017 615 1321 681 Responsio.
1337 611 1618 677 Quoniam
1632 609 1779 664 sicut
1792 607 2083 663 abundant
2105 608 2441 678 (consolatur
2464 611 2596 660 tunc
2608 621 2696 658 vos
2708 607 2770 658 in
2785 606 2942 658 omni
2961 603 3345 680 tribulatione)

109 699 378 770 passiones
393 700 604 755 Christi
632 701 690 755 in
709 700 889 767 nobis,
911 717 1044 769 quas
1066 717 1168 769 pro
1195 700 1411 756 Christo
1431 701 1706 768 patimur,
1726 697 1808 751 ita
1831 701 1889 751 et
1903 712 2002 767 per
2017 695 2302 750 Christum
2321 694 2572 749 abundat
2583 693 2888 748 consolatio
2909 696 3103 746 nostra
3124 691 3346 751 (exhor-

113 792 270 855 tatio).
301 788 429 842 Sive
467 795 653 844 autem
697 789 1036 844 tribulamur
1065 806 1166 860 pro
1194 793 1380 843 vestra
1407 786 1813 852 exhortatione,
1844 785 2085 852 exemplo
2116 786 2314 848 nostri,
2351 786 2433 837 vel
2457 785 2616 836 verbo
2641 783 2810 848 facta,
2838 785 2897 836 et
2922 779 3108 836 salute
3139 785 3350 834 aeterna

111 877 446 931 tribulamur
476 897 492 932 :
519 878 634 932 sive
656 878 1014 933 consolamur
1041 895 1143 950 pro
1165 883 1350 933 vestra
1379 876 1778 941 consolatione,
1807 873 1922 928 sive
1949 873 2312 927 exhortamur
2341 888 2438 926 nos
2467 874 2620 926 intus
2637 887 2674 924 a
2695 871 2918 938 Spiritu
2945 876 3152 934 sancto,
3173 867 3344 940 3.pro

109 969 274 1018 vestra
297 965 708 1033 exhortatione,
741 973 803 1020 ut
826 984 914 1022 vos
935 968 1304 1033 eahorlemur,
1332 971 1391 1020 et
1420 966 1620 1031 salute,
1645 967 1842 1028 vestra,
1874 960 1928 1016 4.
1958 978 2100 1032 qua,
2117 962 2322 1016 scilicet
2345 964 2516 1026 salus,
2548 964 2627 1015 vel
2657 961 2972 1025 consolatio,
2995 961 3077 1012 vel
3095 959 3346 1012 exhorta-

109 1055 188 1117 tio,
209 1057 479 1124 operatur
493 1055 850 1109 tolerantiam
875 1058 939 1109 in
967 1057 1114 1109 vobis
1133 1054 1460 1110 earumdem
1489 1053 1813 1125 passionum
1843 1066 1982 1122 quas
2011 1055 2069 1105 et
2096 1065 2199 1105 nos
2226 1049 2643 1120 patimur,5.ut
2659 1052 2760 1113 ita,
2775 1051 2856 1102 vel
2871 1049 3040 1114 unde,
3062 1048 3232 1101 velad
3249 1047 3346 1103 hoc

107 1155 218 1210 spes
241 1146 462 1208 nostra,
477 1145 620 1210 quod
638 1159 924 1211 speramus
954 1160 1044 1198 vos
1067 1146 1376 1210 salvandos,
1395 1144 1560 1198 firma
1577 1142 1652 1197 sit
1665 1157 1767 1213 pro
1783 1140 1956 1205 vobis,
1983 1139 2225 1194 scientes
2249 1139 2398 1210 quod
2419 1138 2566 1194 sicut
2582 1137 2718 1192 socii
2745 1136 3071 1208 passionum
3092 1135 3244 1201 estis,
3263 1133 3347 1188 sic

109 1227 248 1282 eritis
274 1234 332 1282 et
356 1231 759 1286 consolationis
775 1237 1005 1298 aternas,
1037 1236 1118 1287 vel
1143 1235 1364 1302 praemii
1385 1234 1598 1288 sterni.
1627 1229 1680 1297 6,
1715 1231 1766 1286 7.
1798 1221 1925 1285 Non
1955 1229 2108 1284 enim
2133 1230 2390 1285 volumus
2420 1229 2683 1299 ignorare
2698 1244 2814 1293 vos,
2834 1227 3056 1290 fratres,
3077 1226 3147 1279 de
3160 1223 3344 1278 tribu.

107 1316 298 1370 latione
325 1322 524 1372 nostra
548 1319 876 1389 (Responsio.
893 1322 1048 1374 Passi
1066 1323 1216 1376 enim
1246 1337 1440 1376 sumus
1469 1322 1829 1375 vehementem
1854 1321 2200 1387 passionem:
2224 1324 2273 1372 et
2292 1319 2389 1372 hoc
2408 1319 2668 1371 nolumus
2696 1332 2786 1370 vos
2805 1317 3110 1385 ignorare),
3143 1313 3195 1368 8.
3219 1326 3344 1383 qua

108 1403 239 1460 facta
261 1409 347 1459 est
365 1405 427 1460 in
443 1406 598 1473 Asia,
614 1407 878 1478 quoniam
897 1424 1068 1479 supra
1087 1409 1315 1464 modum
1339 1409 1558 1480 gravati
1577 1424 1773 1463 sumus
1791 1423 1963 1478 supra
1980 1407 2267 1471 virtutem,
2282 1405 2700 1470 humanam,ita
2715 1408 2786 1459 ut
2805 1402 3346 1472 (erprimil)taderet

107 1510 194 1548 nos
219 1495 387 1548 etiam
418 1495 625 1560 vivere,
659 1513 772 1551 non
800 1513 1144 1566 speraremus
1163 1500 1361 1564 vivere,
1385 1499 1475 1552 sed
1493 1499 1658 1552 mori.
1674 1496 1783 1552 Sed
1801 1495 1908 1567 ipsi
1924 1496 1985 1550 in
1999 1494 2419 1566 nobismetipsis
2447 1509 2750 1564 reponsum
2771 1493 2968 1546 mortis
2997 1492 3347 1560 (conscientia

110 1588 276 1635 nostra
297 1585 460 1636 nobis
489 1588 708 1637 tantum
742 1591 988 1640 mortem
1002 1587 1399 1654 respondebat),
1431 1584 1748 1652 habuimus,
1767 1588 1961 1654 plagas
1992 1587 2184 1638 mortis
2213 1585 2499 1652 sperabam
2539 1598 2650 1637 non
2679 1583 2919 1649 evadere,
2940 1586 3008 1636 ut
3026 1596 3140 1634 non
3165 1579 3347 1635 simus

110 1671 323 1725 ﬁdentes
349 1670 414 1724 in
443 1671 628 1736 nobis,
659 1672 758 1726 sed
772 1672 839 1726 in
863 1672 978 1727 Deo
1009 1675 1108 1738 (ita
1135 1674 1278 1740 ﬁdus
1316 1689 1470 1728 eram
1511 1675 1575 1728 de
1607 1679 1780 1729 morte
1818 1679 1880 1727 ut
1912 1677 2047 1742 quia
2078 1689 2188 1727 non
2225 1676 2482 1727 mortuus
2520 1688 2668 1738 sum,
2700 1687 2813 1726 non
2842 1672 3062 1724 debeam
3099 1671 3346 1738 amplius

110 1761 257 1824 ﬁdere
277 1761 340 1812 in
363 1775 471 1823 me,
496 1762 588 1814 sed
623 1762 686 1814 in
711 1762 834 1826 Deo,
865 1763 964 1828 qui
986 1777 1070 1814 me
1089 1764 1214 1830 jam
1242 1767 1531 1816 mortuum
1546 1765 1774 1830 eripuit,
1803 1763 1949 1831 quod
1968 1763 2086 1816 ideo
2103 1763 2355 1830 permisit
2387 1762 2522 1814 Deus
2550 1776 2725 1829 supra
2753 1762 3017 1814 virtutem
3051 1759 3340 1824 tribulari,

112 1853 152 1899 et
177 1862 268 1901 suo
295 1851 520 1902 auxilio
550 1851 725 1903 voluit
748 1849 967 1916 juvari,
1001 1854 1063 1902 ut
1107 1864 1220 1903 non
1257 1853 1434 1905 simus
1475 1852 1798 1918 conﬁdentes
1827 1853 1892 1905 in
1920 1849 2114 1918 nobis),
2145 1849 2243 1920 qui
2272 1849 2509 1904 suscitat
2539 1853 2793 1903 mortuos
2818 1846 3134 1920 (emphasis,
3166 1847 3228 1900 id
3269 1852 3347 1901 est

107 1937 486 2005 mggcratio),
510 1935 607 2006 qui
639 1935 708 1991 de
735 1936 910 1990 tantis
941 1937 1202 2007 periculis
1230 1953 1333 1991 nos
1364 1937 1571 2008 eripuit
1599 1943 1656 1993 et
1683 1937 1863 2003 eruit;
1894 1938 1954 1992 in
1983 1955 2150 2010 quem
2192 1953 2504 2009 speramus,
2537 1937 2804 2008 quoniam
2828 1941 2886 1991 et
2912 1936 3095 1990 adhuc
3121 1936 3341 2006 eripiet,

109 2022 486 2092 adjuvantibus
506 2029 564 2078 et
581 2023 736 2079 vobis
761 2025 962 2094 (captio
985 2027 1374 2092 benevolentia,
1409 2032 1458 2080 et
1492 2030 1586 2080 sui
1611 2028 1956 2096 humiliatio)
1983 2027 2042 2082 in
2071 2027 2324 2082 oratione
2351 2029 2501 2095 facta
2532 2042 2634 2097 pro
2655 2025 2836 2088 nobis,
2867 2029 2932 2080 ut
2966 2027 3170 2079 scilicet
3195 2039 3260 2078 ex
3289 2023 3342 2096 9.

109 2112 392 2166 multorum
419 2113 598 2180 (idem
619 2114 762 2181 quod
779 2129 881 2181 per
910 2114 1131 2182 multos)
1162 2113 1416 2184 personis
1444 2117 1747 2170 masculini
1765 2131 1942 2180 sexus,
1973 2123 2020 2170 et
2049 2118 2270 2184 femini,
2305 2117 2447 2185 ejus,
2477 2131 2601 2186 qua
2627 2114 2687 2167 in
2709 2113 2870 2168 nobis
2908 2118 3012 2178 est,
3045 2114 3346 2182 professio-

109 2203 181 2254 nis
195 2203 272 2255 vel
304 2203 660 2255 liberationis
690 2217 836 2267 mea»,
864 2201 1204 2266 donationis,
1237 2203 1298 2255 id
1322 2207 1416 2267 est,
1442 2203 1902 2269 Christianitatis,
1936 2220 2038 2275 per
2064 2205 2271 2259 multos
2294 2203 2492 2274 gratia
2517 2207 2759 2274 agantur
2777 2218 2878 2272 pro
2903 2200 3064 2255 nobis
3096 2202 3216 2255 Deo.
3256 2201 3342 2267 10,

114 2287 180 2343 11.
219 2291 303 2343 Vos
323 2305 432 2358 pro
464 2291 622 2343 nobis
652 2305 812 2343 orare
839 2292 1034 2344 debetis
1056 2310 1074 2356 ;
1106 2307 1239 2344 nam
1272 2291 1453 2360 gloria
1488 2296 1684 2345 nostra
1701 2291 1818 2345 hac
1846 2297 1948 2358 est,
1993 2297 2111 2358 δα
2129 2292 2512 2347 testimonium
2531 2289 2882 2346 conscientia
2909 2295 3134 2356 nostra,
3191 2287 3342 2358 quod

113 2377 224 2443 (ideo
239 2379 478 2444 dignum
501 2382 575 2431 est
597 2393 702 2446 pro
729 2393 817 2432 me
844 2381 1057 2445 gratias
1085 2381 1198 2446 agi,
1227 2395 1359 2432 nam
1389 2382 1454 2433 in
1476 2382 1826 2449 simplicitate
1853 2385 1904 2434 et
1929 2383 2244 2435 sinceritate
2272 2386 2620 2436 conservatus
2651 2396 2776 2433 sum
2804 2381 2953 2448 apud
2982 2383 3093 2444 vos)
3117 2377 3178 2432 in
3207 2377 3344 2434 sim-

113 2464 336 2534 plicitate
367 2480 488 2518 non
517 2466 753 2534 duplicis
774 2466 976 2532 cordis,
1008 2471 1064 2521 et
1083 2466 1404 2522 sinceritate
1423 2467 1546 2532 Dei,
1567 2483 1602 2522 a
1633 2473 1734 2524 Deo
1755 2469 1966 2534 habita,
1997 2474 2055 2524 et
2081 2485 2195 2524 non
2228 2468 2311 2525 1'2.
2345 2468 2402 2522 in
2434 2469 2714 2540 sapientia
2739 2467 2972 2532 carnali,
3031 2471 3093 2521 ut
3142 2469 3344 2536 pseudo

115 2549 191 2608 13.
220 2552 324 2608 Sed
349 2552 411 2607 in
440 2554 634 2624 gratia
657 2554 777 2621 Dei,
811 2555 1122 2610 conversati
1146 2571 1342 2612 sumus
1367 2555 1429 2611 in
1456 2555 1562 2611 hoc
1583 2553 1813 2622 mundo,
1847 2555 1931 2614 14.
1965 2557 2343 2614 abundantius
2374 2564 2564 2615 autem
2614 2558 2707 2624 ad,
2732 2559 2902 2627 apud,
2929 2573 3044 2612 vos.
3071 2554 3162 2613 15.
3221 2557 3350 2614 Non

114 2642 240 2697 enim
259 2642 374 2700 alia
398 2642 705 2700 scribimus
731 2642 904 2713 vobis,
936 2660 1107 2716 quam
1135 2660 1259 2716 qua
1279 2644 1512 2717 legistis,
1544 2651 1602 2701 et
1628 2647 1984 2717 cognovistis,
2015 2651 2081 2702 in
2102 2664 2188 2703 me
2215 2649 2404 2716 fuisse.

1439 2840 2028 2901 COMMENTARIUS.

115 3018 193 3085 qui
217 3020 588 3090 correptionis
605 3036 775 3076 causa
793 3021 1016 3076 fuerant
1029 3021 1364 3088 contristati,
1379 3026 1439 3076 et
1455 3021 1679 3077 Patrem
1693 3025 1744 3083 A
1763 3022 1872 3088 hic,
1904 3038 2027 3093 qua
2055 3027 2144 3077 est
2169 3021 2344 3077 totius
2369 3020 2570 3076 mundi
2592 3019 2762 3075 tertia
2787 3035 2918 3091 pars
2941 3037 2956 3083 ς
2985 3018 3086 3073 sed
3109 3017 3181 3073 de
3207 3032 3351 3089 qua.

114 3105 602 3164 misericordiarum
630 3108 727 3175 ait,
761 3115 991 3181 propter
1017 3110 1239 3166 diversa
1265 3115 1510 3182 peccata,
1543 3115 1601 3166 et
1618 3115 1684 3164 ut
1763 3112 1891 3165 dam
1926 3111 2227 3182 provincia,
2261 3126 2384 3181 quae
2420 3109 2596 3180 ipsius
2627 3109 2861 3180 majoris
2886 3107 3034 3164 Asia
3060 3123 3192 3180 pars
3219 3111 3314 3164 est
3330 3125 3348 3180 ς

114 3203 519 3265 cognosceretur
545 3214 648 3269 per
684 3199 1124 3254 misericordiam
1164 3199 1472 3255 reformare
1509 3200 1683 3271 pani,-
1763 3189 1887 3271 ejus
1914 3204 2104 3254 tamen
2133 3199 2360 3253 nomine
2388 3203 2764 3269 nuncupatur.
3094 3239 3102 3248 .

113 3287 288 3338 tentes.
1832 3288 1886 3343 9.
1917 3290 2230 3342 Multarum
2257 3289 2522 3356 personis.
2563 3288 2749 3342 Causa
2783 3301 2886 3340 cur
2913 3286 3098 3341 adhuc
3124 3285 3345 3358 eripiet,

171 3370 218 3428 2.
243 3374 445 3432 Lassa.
483 3377 593 3444 Qui
619 3379 934 3431 consolatur
958 3393 1074 3430 nos.
1107 3377 1216 3431 Per
1232 3377 1337 3431 hoc
1349 3377 1470 3447 jam
1494 3383 1685 3432 osten-
1760 3381 1826 3432 ut
1869 3366 2146 3443 videlicet,
2179 3391 2245 3430 ex
2290 3375 2597 3430 multarum
2643 3375 2912 3431 facierum
2953 3375 3226 3447 personis,
3276 3374 3349 3430 ad

113 3457 180 3512 dit
193 3463 622 3520 consolatoriam
639 3481 760 3520 esse
773 3464 1102 3535 Epistolam;
1123 3466 1242 3520 vult
1259 3465 1410 3520 enim
1423 3467 1684 3522 omnibus
1760 3467 1940 3520 Deum
1969 3471 2199 3537 prepter
2215 3481 2412 3520 eorum
2422 3465 2875 3536 pradicationem
2893 3465 3196 3533 conversis,
3217 3481 3350 3536 gra-

115 3552 379 3614 consolari,
426 3561 497 3609 et
536 3554 649 3608 illis
685 3555 1045 3618 contristatis,
1085 3560 1142 3610 et
1186 3557 1272 3610 illi
1324 3555 1541 3627 abjecto
1589 3558 1686 3628 qui
1759 3555 1851 3610 tia
1872 3560 2114 3625 agantur
2138 3555 2252 3609 Deo
2268 3571 2368 3625 per
2387 3570 2581 3608 eorum
2603 3554 3073 3624 pradicationem,
3094 3569 3198 3626 per
3211 3554 3358 3609 mul-

118 3653 314 3694 uxorem
333 3642 484 3712 patri
507 3642 848 3708 abstulerat;
872 3648 934 3697 et
961 3648 1191 3714 propter
1208 3645 1312 3699 hoc
1331 3644 1500 3700 dixit:
1523 3649 1686 3701 Pater
1768 3650 1857 3698 tos
1876 3643 2148 3698 habentes
2172 3659 2297 3698 eam
2312 3643 2675 3698 donationem
2702 3643 2834 3698 ﬁdei
2854 3659 2978 3715 qua
2995 3645 3056 3698 in
3081 3643 3219 3714 ipsis
3249 3648 3354 3702 est.

119 3729 603 3785 misericordiarum
633 3736 680 3784 et
707 3732 849 3785 Deus
879 3735 1062 3797 totius,
1089 3737 1194 3786 etc.
1770 3734 2044 3788 Personas
2073 3737 2264 3788 autem
2284 3733 2590 3787 multarum
2607 3732 2876 3787 facierum
2895 3732 3357 3801 vocat,infantes,

171 3813 215 3868 3.
244 3819 342 3872 Pro
369 3824 554 3874 vestra
579 3820 968 3874 exhortatione.
989 3820 1303 3884 Quamdam
1332 3837 1558 3877 causam
1581 3823 1681 3877 tri-
1762 3836 1985 3892 pueros,
2010 3827 2068 3876 et
2084 3827 2314 3877 cateras
2333 3827 2525 3877 atates
2542 3820 2835 3876 hominum
2855 3820 3149 3892 utriusque
3168 3835 3352 3876 sexus.

119 3900 385 3962 bulationis
447 3925 566 3964 sua
620 3909 908 3979 supponit,
968 3913 1034 3963 ut
1098 3909 1352 3966 videlicet
1402 3911 1678 3967 Corinthii
1833 3908 1920 3968 10.
1951 3913 2097 3966 Nam
2125 3914 2308 3978 gloria
2332 3916 2542 3964 nostra.
2570 3910 2735 3964 Ratio
2749 3925 2956 3964 cureos
2977 3914 3099 3975 θ’,
3120 3909 3354 3980 αάἱιινεθ

120 3995 337 4064 exemplo
376 3997 503 4066 ejus
534 3997 816 4067 provocati
863 3996 1230 4052 exhortentur
1267 3998 1338 4052 ad
1386 3997 1679 4054 ferendum
1769 4016 1831 4054 re
1856 3999 2114 4058 debeant.
2139 3999 2198 4054 in
2217 3999 2564 4054 orationibus
2594 3997 2871 4068 videlicet,
2902 3998 3036 4069 quia
3065 3996 3356 4052 conscious-

128 4079 512 4152 tribulationes,
554 4091 613 4140 et
656 4085 735 4140 sic
776 4086 1018 4140 salutem
1043 4085 1448 4158 sempiternam
1495 4105 1690 4144 conse-
1771 4089 1854 4143 tia
1863 4104 2058 4144 eorum
2076 4088 2242 4143 testis
2259 4088 2334 4143 sit
2343 4087 2492 4160 quod
2512 4087 2730 4142 sincere
2746 4087 3058 4142 conversati
3077 4086 3194 4142 sint
3211 4086 3360 4142 inter

131 4178 359 4237 Quantur.
1777 4194 1892 4234 eos.

185 4258 231 4313 4.
257 4262 376 4328 θυαε
403 4269 712 4334 operantur
741 4266 1116 4321 tolerantiam.
1139 4264 1278 4336 Spes
1305 4265 1505 4322 salutis
1533 4272 1756 4337 ater-ﬁ
1854 4267 1935 4325 ll.
1969 4268 2213 4323 Annos.
2249 4267 2396 4320 Nam
2436 4267 2638 4334 gloria.
2686 4265 2852 4320 Ratio
2893 4264 3263 4337 quamobrem
3290 4266 3361 4322 de

131 4360 199 4401 na
219 4319 865 4421 operaturtolerantiam,
882 4351 939 4407 id
963 4357 1067 4418 est,
1090 4319 1501 4425 patientiam
1709 4319 1758 4380 Β
1778 4319 1906 4412 Πεθξ)⁷
1921 4319 2370 4418 non—dididebat,
2403 4319 2538 4426 quia
2572 4354 2634 4409 in
2661 4319 3362 4426 simplicitate'conversa;

133 4432 227 4501 Dei,
257 4440 382 4510 quia
409 4446 642 4512 propter
663 4441 844 4513 ipsam
865 4442 1098 4497 adversa
1124 4443 1460 4499 tolerantur.
1772 4447 1956 4503 batur.
1990 4447 2062 4502 Et
2077 4446 2196 4501 hac
2214 4449 2302 4498 est
2323 4444 2505 4515 gloria
2530 4444 2906 4512 conscientia,
2942 4444 3274 4518 simplicitas
3301 4449 3362 4500 et

189 4522 230 4580 5.
260 4528 316 4582 Ut
334 4544 446 4598 spes
467 4535 680 4584 nostra.
700 4530 842 4584 Cum
860 4531 1185 4603 principalis
1196 4547 1365 4587 causa
1377 4533 1690 4590 tolerantia
1769 4536 2081 4592 sinceritas.

132 4608 321 4670 illorum
347 4617 499 4673 dicta
526 4619 604 4673 sit
629 4617 782 4674 salus
814 4624 1044 4686 aterna,
1092 4620 1263 4676 aliam
1299 4637 1525 4679 causam
1553 4640 1686 4696 sup-
1839 4625 1928 4680 1‘2.
1951 4627 2153 4681 Lanam
2184 4627 2253 4679 In
2273 4626 2567 4693 sapientia.
2592 4623 2881 4695 Sapientia
2897 4626 3137 4683 carnalis
3157 4632 3244 4684 est
3268 4643 3361 4684 vo-

132 4704 277 4769 ponit,
304 4711 366 4762 ut
389 4707 648 4765 videlicet
673 4723 800 4780 spes
825 4724 948 4776 sua,
979 4725 1149 4781 quam
1175 4726 1278 4782 pro
1305 4710 1396 4766 his
1422 4711 1683 4781 habebat,
1767 4715 2013 4788 luptates
2041 4715 2291 4785 diligere,
2325 4713 2546 4768 labores
2575 4714 2772 4769 vitare.

132 4788 264 4845 ﬁrma
284 4803 571 4867 appareat.
1841 4803 1924 4860 13.
1957 4805 2062 4860 Sed
2090 4806 2155 4857 in
2182 4805 2389 4872 gratia,
2435 4802 2494 4856 id
2537 4807 2642 4867 est,
2681 4802 3036 4861 observantia
3081 4805 3357 4864 bonorum

183 4877 228 4933 ϐ.
267 4885 505 4940 Aussos.
541 4887 668 4942 Non
712 4889 866 4943 enim
911 4889 1187 4944 volumus.
1227 4889 1360 4944 Ideo
1396 4889 1684 4961 passiones
1765 4908 2022 4964 operum,
2053 4908 2178 4962 quae
2207 4906 2309 4962 per
2334 4889 2580 4962 gratiam
2608 4892 2710 4946 Dei
2739 4891 2927 4948 datur.

132 4980 482 5034 pressurarum
504 4974 734 5042 indicat,
764 4981 831 5031 ut
853 4977 1112 5032 ostendat
1140 4995 1264 5049 qua
1292 4979 1479 5046 mala;
1513 4995 1683 5035 causa
1838 4980 1922 5037 14.
1945 4982 2190 5038 Attenes.
2204 4981 2599 5038 Abundantius
2613 4989 2821 5037 autem.
2835 4982 2980 5048 Quia
2997 4997 3128 5038 cum
3143 4982 3216 5038 ab
3234 4982 3359 5038 aliis

134 5056 294 5143 salutis
320 5079 510 5120 eorum
533 5065 908 5136 partiebatur;
932 5072 996 5121 ut
1019 5083 1132 5122 non
1145 5067 1372 5138 gravius
1387 5069 1616 5132 ferrent,
1632 5070 1681 5125 si
1763 5071 2057 5142 acceperit,
2090 5070 2160 5124 ab
2188 5071 2276 5125 his
2304 5069 2505 5137 noluit,
2529 5085 2604 5126 ne
2630 5071 2904 5143 arguendi
2936 5088 3032 5126 eos
3060 5069 3359 5127 auctorita-

136 5142 190 5196 ab
211 5147 293 5204 illo
318 5154 745 5227 corriperentur,
783 5155 878 5227 qui
903 5161 1020 5210 tam
1041 5173 1243 5228 aspera
1263 5174 1364 5229 pro
1398 5158 1510 5214 illis
1536 5159 1680 5214 tole-
1761 5165 1878 5215 tem
1905 5161 2209 5216 amitteret.

138 5233 281 5292 mbat.

1833 5249 1901 5306 15
1916 5294 1928 5306 .
1965 5251 2176 5304 ΙλΑκιηι.
2193 5251 2316 5304 Non
2336 5252 2486 5305 enim
2515 5253 2660 5306 alias
2677 5250 3099 5306 scribimus.Vel
3118 5249 3349 5305 dicitur:

192 5321 234 5378 7.
261 5327 455 5386 [ΑΜ-Β.
487 5335 612 5387 Νοη
643 5336 792 5388 enim
832 5337 1104 5389 volumus.
1143 5334 1382 5406 Exponit
1407 5337 1556 5407 quod
1583 5354 1680 5391 su-
1763 5339 1827 5394 In
1857 5338 2214 5410 simplicitate
2249 5338 2388 5394 dicis
2411 5357 2424 5392 :
2449 5341 2532 5394 Tu
2552 5339 2610 5394 in
2631 5339 2744 5394 alia
2773 5339 3024 5410 Epistola
3047 5337 3359 5410 promisisti

139 5413 291 5478 Pelius
308 5419 465 5475 dixit:
488 5421 613 5478 Sive
639 5426 826 5476 autem
845 5424 1208 5478 tribulamur.
1237 5425 1306 5479 Et
1327 5425 1475 5496 quod
1499 5432 1682 5496 poste-
1759 5432 1819 5482 te
1848 5434 2148 5483 venturum
2188 5429 2259 5483 ad
2288 5445 2410 5495 nos,
2453 5435 2510 5482 et
2537 5444 2650 5482 non
2677 5428 2898 5482 venisti.
2930 5429 3057 5484 Non
3093 5443 3241 5498 sum,
3270 5429 3355 5486 in-

139 5499 230 5592 ritis
257 5523 267 5557 :
293 5507 436 5562 Sicut
465 5514 601 5566 socii
622 5514 964 5580 passionum,
993 5518 1100 5568 etc.
1767 5518 1908 5590 quit,
1931 5517 2088 5585 levis,
2117 5517 2252 5590 quia
2277 5533 2401 5588 qua
2425 5516 2639 5588 scripsi,
2665 5521 2724 5571 et
2749 5516 2964 5588 legistis
2993 5517 3054 5572 in
3091 5517 3358 5592 Epistolis

189 5587 236 5648 8.
261 5595 372 5664 Qua
396 5601 542 5669 facta
565 5606 641 5658 est
672 5603 736 5657 in
759 5602 914 5658 Asia.
944 5602 1072 5662 Non
1087 5603 1158 5660 de
1182 5619 1252 5660 ea
1272 5603 1409 5662 Asia
1434 5604 1686 5679 loquitur
1765 5587 1926 5676 meis,
1955 5623 2054 5665 vos
2087 5587 2171 5664 ita
2197 5587 2322 5664 esse
