3912 6364
563 255 671 314 219
1562 271 1627 324 Β.
1669 273 2082 332 LANFRANCI
2123 277 2477 334 CANTUAR.
2519 277 2854 333 ARCHIEP.
3733 279 3844 334 220

567 375 655 437 16.
679 379 856 452 Spero
875 389 1065 439 autem
1096 387 1244 457 quod
1271 403 1450 460 usque
1476 391 1534 445 in
1556 393 1726 449 ﬁnem
1750 400 1874 451 vitae
1895 415 2023 454 meae
2040 403 2403 471 cognoscetis,
2436 403 2580 458 sicut
2596 407 2653 456 et
2671 403 3008 472 cognovistis
3033 419 3137 458 nos
3165 420 3277 458 non
3287 406 3448 472 plene
3472 405 3654 470 (homo
3681 408 3842 458 enim

563 469 710 522 videt
735 472 800 524 in
818 472 987 537 facie;
1023 475 1162 529 Deus
1185 483 1372 531 autem
1395 483 1460 533 in
1483 483 1682 551 corde),
1706 488 1797 538 sed
1821 503 1887 540 ex
1918 469 2207 558 partefvel
2233 495 2355 546 vitae
2383 508 2530 555 meae,
2562 493 2644 545 vel
2679 507 2790 545 non
2822 508 3026 545 omnes.
3043 494 3163 546 Ideo
3184 495 3529 560 cognoscetis.
3558 493 3649 546 '17.
3691 494 3846 557 Quia

562 555 745 624 gloria
774 565 958 615 vestra
987 578 1202 631 sumus,
1231 567 1377 621 sicut
1404 573 1462 623 et
1490 588 1583 624 vos
1611 580 1823 641 nostra,
1858 555 1944 631 18‘.
1975 578 2033 632 in
2063 580 2154 634 die
2193 581 2418 635 Domini
2446 579 2624 633 nostri
2655 581 2787 634 Jesu
2816 579 3051 637 Christi.
3101 577 3187 636 19.
3223 555 3292 634 ἐι
3319 581 3424 634 hac
3469 555 3841 648 conﬁdentia,

564 646 700 711 quia
724 661 813 699 vos
836 651 1017 714 gloria
1040 659 1248 718 nostra,
1281 672 1377 709 nos
1405 665 1598 726 vestra,
1613 663 1943 734 voluiprius,
1963 684 2156 737 nuper,
2176 671 2363 725 venire
2386 670 2457 724 ad
2483 685 2600 734 vos,
2623 674 2688 723 ut
2707 670 3011 724 secundum
3028 669 3269 739 gratiam
3302 669 3584 724 haberetis
3607 688 3618 722 :
3647 676 3710 724 et
3732 689 3842 741 per

558 745 656 785 vos
686 735 924 790 transire
952 738 1011 792 in
1039 740 1440 812 Macedoniam,
1458 752 1515 800 et
1527 748 1733 804 iterum
1762 769 1796 805 a
1823 735 2151 812 Macedonia
2170 758 2359 812 venire
2378 758 2449 811 ad
2470 775 2585 822 vos,
2623 762 2680 811 et
2699 774 2734 811 a
2759 757 2914 811 vobis
2933 757 3133 811 deduci
3161 757 3220 810 in
3247 757 3524 813 Judaaam.
3559 757 3831 826 Objectio,

564 823 702 887 quia
722 827 963 890 voluisti,
999 843 1096 882 nec
1121 833 1338 897 venisti,
1372 850 1498 902 ergo
1527 840 1741 892 levitate
1769 857 1899 895 usus
1928 861 1978 896 es
1999 863 2015 898 :
2037 849 2244 914 etquod
2271 862 2382 900 non
2409 849 2632 911 venisti,
2650 848 2952 899 secundum
2975 862 3219 910 carnem,
3236 848 3295 899 id
3317 852 3410 911 est,
3423 861 3526 914 pro
3549 848 3712 899 lucro
3734 852 3847 901 ali-

562 922 670 976 quo
696 911 897 976 fecisti.
924 915 1034 968 Hoc
1053 925 1302 972 removet.
1321 923 1625 990 Responsio.
1661 927 1799 981 Cum
1823 946 1956 1000 ergo
1981 934 2085 986 hoc
2101 911 2422 1000 voluissem,
2445 941 2627 988 etnon
2661 938 2945 1000 venissem,
2971 934 3225 1004 nunquid
3256 934 3482 987 levitate
3501 950 3642 988 usus
3669 936 3846 989 sum?

564 992 658 1053 20.
685 998 800 1051 Aut
819 1015 941 1070 quae
960 1004 1162 1072 cogito,
1179 1006 1237 1061 21
1255 1048 1266 1060 .
1283 1011 1591 1066 secundum
1605 1029 1831 1070 carnem
1853 1021 2055 1089 cogito,
2079 1039 2228 1077 more
2249 1027 2556 1078 carnaliter
2573 1026 2903 1087 viventium,
2923 1027 3021 1091 qui
3039 1039 3140 1090 pro
3157 1027 3372 1076 terreno
3399 1025 3681 1076 commodo
3709 1039 3846 1092 pro-

567 1086 821 1182 mittunt,
847 1092 928 1143 vel
957 1098 1177 1160 negant,
1202 1099 1263 1148 ut
1292 1097 1367 1150 sit
1395 1100 1542 1169 apud
1571 1117 1661 1156 me
1691 1110 1795 1169 est,
1828 1112 1885 1160 et
1909 1086 2063 1163 non?
2091 1111 2294 1166 Fidelis
2320 1117 2509 1166 autem
2533 1112 2701 1177 Deus,
2733 1086 2950 1164 scilicet.
2969 1086 3088 1176 scit,
3115 1111 3247 1182 quia
3273 1127 3457 1166 sermo
3486 1086 3730 1176 noster,“
3744 1113 3848 1182 qui

562 1170 672 1226 fuit
697 1176 847 1244 apud
872 1193 986 1245 vos,
1019 1195 1132 1234 non
1163 1189 1248 1237 est
1267 1183 1363 1243 22.
1393 1187 1454 1242 in
1480 1188 1575 1242 illo
1606 1197 1709 1258 est,
1743 1199 1800 1246 et
1819 1210 1929 1248 non
1963 1215 1974 1249 :
2009 1203 2376 1267 mutabilitas,
2414 1170 2787 1264 mendacium,
2819 1201 2909 1253 sed
2928 1205 3002 1253 est
3028 1170 3090 1253 in
3106 1170 3205 1254 illo
3235 1205 3329 1254 est.
3357 1200 3458 1252 Dei
3474 1199 3628 1252 enim
3655 1170 3846 1253 Filius

563 1259 727 1314 Jesus
751 1263 1044 1321 Christus:
1083 1272 1179 1340 qui
1202 1272 1261 1326 in
1288 1274 1444 1330 vobis
1468 1295 1570 1348 per
1595 1295 1697 1334 nos
1726 1283 2059 1352 praedicatus
2089 1293 2190 1353 est,
2226 1305 2326 1358 per
2367 1259 2479 1353 me,
2514 1293 2572 1342 et
2611 1259 2934 1359 Sylvanum,
2968 1293 3024 1341 et
3049 1287 3426 1352 Timotheum,
3461 1287 3551 1344 23.
3580 1303 3701 1341 non
3735 1288 3850 1342 fuit

563 1351 669 1413 est,
695 1354 752 1403 et
781 1367 912 1417 non,
932 1355 1030 1408 sed
1052 1363 1139 1412 est
1156 1358 1215 1413 in
1245 1361 1360 1427 illo,
1380 1366 1440 1417 id
1455 1372 1549 1431 est,
1575 1351 1797 1435 veritas,
1829 1371 1935 1426 fuit
1981 1379 2102 1439 88
2123 1351 2212 1442 24,
2227 1351 2319 1432 2E).
2339 1351 2626 1446 Quotquot
2645 1351 2794 1430 enim
2819 1351 3213 1446 promissiones
3229 1375 3330 1429 Dei
3351 1351 3500 1440 sunt,
3525 1377 3585 1429 in
3605 1376 3709 1430 illo
3733 1381 3846 1430 est:

559 1449 705 1535 υθνθη
720 1444 990 1507 completa?
1001 1450 1134 1498 ιςαηί
1153 1465 1171 1510 ;
1203 1446 1290 1502 26.
1311 1450 1437 1505 ideo
1455 1458 1510 1505 et
1525 1452 1612 1510 27.
1630 1473 1732 1526 per
1753 1459 1958 1530 ipsum,
1984 1465 2242 1518 dicimus.
2259 1465 2440 1519 Amen
2465 1444 2602 1531 Deo,
2619 1462 2710 1521 28.
2733 1465 2802 1518 ad
2819 1444 3060 1535 gloriam
3082 1470 3356 1520 nostram.
3379 1464 3470 1520 29.
3506 1465 3617 1528 Qui
3639 1471 3846 1519 autem

562 1525 863 1582 conﬁrmat
881 1545 983 1584 nos
1008 1532 1358 1602 (quodsermo
1380 1547 1559 1595 noster
1578 1525 1803 1613 nonest,
1822 1554 1916 1614 est,
1955 1555 2004 1603 et
2039 1567 2181 1616 non;
2213 1569 2326 1607 non
2357 1570 2421 1607 ea:
2455 1556 2608 1607 nobis
2631 1554 2744 1619 hoc,
2777 1556 2866 1606 sed
2896 1570 2962 1607 ea;
2987 1555 3110 1618 Deo,
3143 1557 3242 1622 qui
3277 1557 3574 1620 conﬁrmat
3601 1568 3708 1607 nos
3739 1570 3845 1607 vo-

567 1611 780 1669 biscum
809 1616 869 1671 in
898 1619 1137 1688 Christo,
1169 1623 1258 1679 30.
1289 1632 1346 1681 et
1375 1630 1470 1699 qui
1499 1634 1657 1686 unxit
1687 1651 1809 1702 nos,
1841 1641 2090 1705 spiritali
2119 1644 2394 1706 unctione,
2421 1648 2494 1694 est
2526 1643 2694 1707 Deus,
2730 1641 2824 1711 qui
2850 1645 2907 1695 et
2934 1641 3177 1710 signavit
3204 1657 3325 1708 nos,
3359 1657 3427 1694 ne
3458 1643 3742 1694 violemur
3774 1644 3848 1695 ab

564 1702 728 1798 hoste,
745 1709 802 1758 et
821 1703 906 1762 3i.
931 1707 1084 1764 dedit
1101 1713 1303 1782 pignus
1323 1718 1551 1788 spiritus
1571 1721 1630 1775 in
1657 1702 1918 1780 cordibus
1937 1729 2143 1782 nostris
2167 1731 2243 1797 (id
2263 1733 2360 1797 est,
2383 1702 2630 1783 varrham
2645 1702 2766 1796 sui,-
2768 1731 2853 1782 vel
2883 1702 3096 1784 aeternae
3110 1702 3484 1798 hereditatis);
3509 1744 3614 1798 ego
3638 1733 3848 1784 autem

562 1789 663 1859 (ad
683 1793 780 1846 hoc
793 1798 937 1862 quod
952 1804 1207 1867 superius
1223 1805 1368 1859 dixit
1381 1811 1533 1862 volui
1550 1815 1736 1866 venire
1757 1817 1832 1867 ad
1851 1819 1957 1884 vos)
1976 1820 2180 1869 testem
2205 1816 2385 1869 Deum
2415 1817 2610 1870 invoco
2641 1817 2720 1883 in,
2742 1821 2955 1883 contra,
2979 1817 3225 1871 animam
3257 1833 3460 1881 meam,
3483 1819 3534 1870 si
3560 1821 3845 1885 mentior,

567 1880 716 1948 quod
740 1882 1048 1950 (conﬁrmat
1066 1905 1177 1945 non
1188 1909 1294 1960 pro
1314 1898 1549 1966 levitate,
1565 1905 1646 1955 vel
1660 1880 1959 1970 cupiditate
1980 1921 2091 1958 non
2106 1907 2326 1962 venisse.
2345 1907 2435 1958 sed
2457 1909 2590 1974 quia
2607 1908 2868 1974 quosdam
2883 1922 3074 1960 eorum
3096 1909 3336 1960 noluerit
3350 1903 3579 1974 punire)
3593 1921 3848 1976 parcens

562 1966 738 2034 vobis,
772 1986 839 2023 ne
862 1988 950 2026 vos
973 1991 1163 2044 aspere
1200 1987 1617 2054 corrigerem,et
1639 1995 2046 2058 contristarem,
2069 2009 2182 2046 non
2205 1993 2327 2045 veni
2349 1995 2518 2059 ultra,
2539 1994 3145 2061 iterum,Corinthum=
3177 1992 3265 2050 32.
3294 2009 3408 2048 non
3437 1994 3570 2065 quia
3602 1992 3700 2049 33.
3737 1995 3848 2048 do-

564 2055 852 2113 minamur
888 2063 1016 2117 ﬁdei
1049 2072 1265 2134 vestrae,
1297 2089 1411 2128 non
1440 2078 1558 2130 ideo
1579 2079 1698 2132 dico
1718 2097 1972 2148 parcens,
2006 2087 2068 2134 ut
2097 2085 2259 2150 quasi
2285 2083 2514 2137 Domini
2535 2099 2790 2151 cogamus
2808 2100 2894 2136 vos
2905 2086 2979 2137 ad
3000 2085 3181 2150 ﬁdem,
3201 2099 3319 2152 quae
3341 2099 3448 2153 per
3476 2084 3847 2136 dilectionem

565 2151 829 2212 operatur
857 2153 920 2204 in
943 2156 1116 2221 nobis,
1151 2159 1249 2212 sed
1281 2158 1351 2219 34
1377 2163 1665 2234 adjutores
1694 2184 1888 2224 sumus
1927 2169 2120 2240 gaudii
2149 2171 2340 2239 vestri,
2374 2173 2434 2224 id
2473 2177 2568 2240 est,
2600 2175 2962 2240 correptionis
3000 2177 3200 2238 vestrae,
3236 2151 3360 2241 qua
3387 2172 3681 2240 gaudeatis
3713 2173 3847 2225 vita

561 2238 774 2290 aeternae
797 2257 812 2292 :
845 2254 975 2295 nam
1000 2243 1111 2298 ﬁde
1139 2248 1321 2303 statis.

1894 2330 2485 2386 COMMENTARIUS.

746 2429 912 2530 Spero
950 2443 1155 2497 autem.
1191 2443 1361 2506 Quasi
1388 2448 1596 2505 diceret
1632 2469 1643 2506 :
1673 2453 1739 2507 In
1762 2454 1908 2509 bono
1937 2458 2408 2526 cogno-Asalute
2436 2461 2631 2511 nostra
2657 2459 3055 2530 prophetatum
3085 2462 3187 2514 est.

555 2513 715 2614 vistis
741 2536 860 2589 nos,
877 2523 932 2578 in
960 2527 1253 2602 principio;
1276 2542 1334 2588 et
1357 2536 1416 2590 in
1439 2537 1584 2594 bono
1615 2543 1958 2612 cognoscetis
1970 2561 2148 2615 usque

555 2602 616 2658 in
637 2606 835 2668 ﬁnem.

635 2693 719 2791 17..
748 2699 990 2757 AMBROS.
1027 2705 1168 2771 Quia
1185 2711 1368 2776 gloria
1389 2721 1585 2770 vestra.
1601 2717 1878 2774 Proﬁcere
1892 2720 2000 2775 illis
2021 2722 2142 2791 [al.,

558 2780 711 2880 illos!
744 2796 949 2880 sperat,
984 2794 1118 2864 quia
1141 2797 1531 2866 gloriabantur
1553 2805 1612 2858 in
1637 2823 1720 2874 eo,
1746 2809 1897 2862 velut
1912 2809 1969 2862 in
1989 2780 2147 2880 patre

558 2870 904 2946 charissimo;
924 2881 1072 2936 unde
1090 2889 1146 2937 et
1161 2886 1400 2955 gloriam
1430 2908 1589 2946 suam
1617 2896 1792 2950 videri
1823 2901 2063 2952 testatur
2089 2899 2145 2953 in

557 2959 703 3056 ﬁlios
731 2963 1126 3056 obaudientes;
1160 2980 1218 3029 et
1259 2982 1395 3032 tunc
1423 2981 1616 3050 videri,
1650 2985 1874 3054 quando
1894 2987 2140 3056 prodest,

452 3121 457 3124 .
553 3045 612 3102 id
641 3056 744 3118 est,
777 3053 835 3108 in
861 3056 950 3111 die
969 3061 1187 3128 judicii.

625 3137 720 3195 18.
759 3141 967 3198 LANFR.
1009 3150 1078 3202 In
1127 3153 1214 3205 die
1246 3154 1492 3224 Domini,
1527 3164 1631 3213 etc.
1665 3161 1855 3216 Sancti
1891 3164 2041 3217 enim
2089 3165 2148 3219 in

557 3229 820 3318 praesenti
849 3231 919 3286 de
947 3250 1050 3288 sua
1079 3235 1227 3293 bona
1261 3245 1599 3300 conscientia
1633 3249 1965 3318 gloriantur,
1999 3257 2062 3306 ut
2088 3253 2146 3307 in

554 3313 773 3402 psalmo
805 3333 817 3369 :
855 3320 1046 3376 Omnis
1072 3326 1255 3391 gloria
1276 3334 1392 3398 ejus
1422 3335 1550 3398 ﬁlia:
1572 3313 1714 3402 regis
1734 3340 1802 3391 ab
1822 3313 1994 3393 intus.

632 3399 717 3456 19.
735 3404 816 3494 -Εε
845 3407 947 3462 hac
973 3415 1321 3484 conﬁdent-ia,
1355 3419 1413 3473 id
1446 3428 1550 3483 est,
1582 3399 1810 3494 propter
1838 3427 1983 3480 hanc
2011 3445 2142 3482 con-

553 3487 864 3582 ﬁdentiam,
883 3513 993 3566 qua
1021 3517 1312 3570 speramus
1341 3524 1441 3578 per
1460 3487 1794 3566 alterutrum
1816 3515 2139 3582 gloriﬁcari.

626 3576 714 3634 20.
746 3582 991 3641 AMBROS.
1025 3591 1135 3644 Aut
1172 3610 1289 3660 quae
1323 3576 1515 3664 cogito.
1549 3599 1657 3662 Qui
1687 3576 1989 3658 secundum
2019 3623 2143 3660 car-

2299 2545 2388 2602 26.
2424 2549 2672 2604 Auenos.
2712 2549 2837 2602 Ideo
2867 2555 2914 2602 et
2940 2565 3042 2617 per
3074 2551 3277 2618 ipsum.
3311 2547 3674 2604 Manifestum
3700 2549 3846 2620 quia

2228 2632 2288 2687 in
2333 2635 2448 2689 Deo
2495 2636 2701 2692 veritas
2731 2642 2834 2704 est,
2867 2638 2972 2692 hoc
2993 2643 3079 2692 est
3093 2639 3292 2705 Amen,
3336 2636 3704 2692 manifestata
3737 2655 3846 2708 per

2230 2723 2514 2777 Christum
2525 2764 2536 2777 .

2299 2810 2387 2868 27.
2417 2813 2628 2870 LANFR.
2664 2815 2766 2867 Per
2808 2817 2990 2883 ipsum
3018 2833 3184 2871 amen
3209 2817 3333 2870 Deo.
3381 2815 3490 2869 Per
3534 2813 3842 2868 Christum

2228 2915 2394 2954 amen
2422 2901 2643 2967 dicitur,
2668 2904 2803 2972 quia
2818 2903 2967 2958 Deus
2982 2905 3170 2971 Pater,
3195 2904 3465 2975 quidquid
3495 2904 3564 2957 de
3595 2919 3665 2956 eo
3699 2919 3841 2974 pro-

2231 2988 2404 3054 misit,
2435 2989 2494 3043 in
2523 3006 2588 3043 eo
2617 2992 2932 3062 complevit.

2301 3076 2390 3132 28.
2417 3079 2502 3132 Ad
2527 3081 2767 3146 gloriam
2797 3087 3064 3134 nostram.
3091 3081 3281 3135 Gloria
3307 3079 3696 3151 apostolorum
3728 3081 3846 3136 fuit

2229 3181 2481 3220 veracem
2521 3167 2823 3236 praedicare
2872 3169 3216 3240 Magistrum,
3247 3175 3304 3224 et
3329 3170 3388 3224 in
3420 3185 3529 3240 quo
3573 3170 3843 3238 promis-

2229 3253 2415 3307 siones
2446 3255 2547 3308 Dei
2576 3257 2864 3327 completae
2885 3263 3036 3312 sunt.

2294 3339 2384 3396 29.
2420 3343 2525 3408 Qui
2552 3350 2737 3398 autem
2769 3349 3079 3413 conﬁrmat.
3109 3345 3280 3410 Quasi
3302 3346 3544 3400 diceret:
3581 3346 3757 3409 Quod
3780 3347 3841 3401 in

2226 3429 2510 3484 Christum
2542 3433 2788 3499 creditis,
2839 3451 2953 3488 non
2992 3441 3197 3490 nostrae
3235 3433 3615 3506 praedicationi
3644 3433 3843 3506 impu-

2224 3520 2345 3572 tare
2392 3519 2625 3586 debetis,
2687 3521 2820 3592 quia
2869 3523 3017 3577 Deus
3060 3529 3161 3589 est,
3196 3526 3356 3594 cujus
3393 3523 3578 3593 gratia
3614 3523 3676 3576 in
3722 3525 3841 3578 ﬁde

2225 3609 2642 3676 conﬁrmamur,
2677 3617 2733 3664 et
2761 3612 2831 3665 ad
2855 3612 3212 3667 serviendum
3242 3612 3346 3666 sibi
3369 3618 3555 3666 mente
3576 3611 3840 3667 delecta-

552 3681 683 3768 nem
713 3673 938 3742 cogitat,
974 3681 1107 3732 tunc
1134 3680 1334 3752 implet
1361 3684 1609 3753 [al.,non
1628 3689 1844 3761 implet]
1867 3694 2012 3761 quod
2034 3695 2143 3750 dis—
2164 3766 2203 3772 _
2224 3711 2369 3764 mur,
2405 3699 2536 3768 quia
2579 3673 2748 3754 etiam
2778 3717 2878 3754 nos
2911 3701 3069 3771 signo
3112 3701 3464 3772 baptismatis
3488 3701 3557 3754 ab
3576 3700 3839 3756 inﬁdeli-

551 3759 732 3828 ponit,
763 3765 986 3832 quando
1016 3773 1115 3822 aut
1140 3772 1394 3840 personis
1423 3777 1787 3846 amplioribus
1811 3759 2006 3848 dei‘ert,
2043 3791 2141 3839 aut
2163 3766 2210 3825 B
2233 3781 2334 3837 bus
2358 3759 2670 3856 separavit;
2705 3794 2761 3842 et
2801 3759 3072 3859 Spiritum
3103 3759 3381 3858 sanctum,
3403 3796 3622 3844 aeternae
3648 3789 3838 3846 haere-

552 3853 703 3904 certe
739 3851 942 3908 litteris
973 3856 1051 3926 [al
1081 3897 1094 3924 ,
1123 3859 1303 3930 lucis],
1339 3868 1437 3916 aut
1477 3867 1838 3935 apparatibus
1882 3870 2140 3929 vincitur.

549 3936 868 4029 Spiritualis
883 3950 1073 3998 autem
1085 3951 1219 4000 tunc
1229 3948 1560 4020 dispositum
1575 3971 1687 4008 non
1700 3955 1774 4009 im
1783 3958 2143 4029 plet,quando

549 4025 764 4095 aliquid
810 4032 1194 4098 providentius
1222 4053 1323 4107 pro
1352 4040 1532 4094 salute
1578 4025 1798 4098 animae—
1817 4025 2138 4107 meditatur.

620 4113 684 4170 2'1
698 4155 710 4168 .
730 4117 934 4172 LANFR.
964 4120 1279 4180 Secundum
1305 4143 1550 4196 carnem,
1574 4130 1631 4184 id
1651 4137 1754 4199 est,
1777 4151 1931 4189 more
1951 4153 2144 4193 carna-

549 4201 681 4256 liter
701 4204 1038 4277 viventium;
1081 4214 1175 4283 qui
1212 4232 1312 4284 pro
1355 4221 1581 4273 terreno
1619 4224 1930 4291 commodo,
1981 4227 2142 4282 facile

551 4290 895 4348 voluntatem
925 4313 1086 4353 suam
1115 4308 1356 4357 mutant.

618 4380 708 4438 22.
745 4386 816 4439 In
851 4389 950 4441 illo
979 4394 1076 4458 est,
1096 4396 1147 4444 et
1179 4407 1310 4457 non,
1354 4393 1409 4447 id
1441 4401 1545 4462 est,
1575 4399 1894 4467 praedicatio
1922 4410 2134 4473 nostra,

547 4487 662 4526 non
677 4472 868 4529 docuit
883 4493 977 4531 vos
997 4480 1244 4547 mentiri,
1255 4487 1311 4536 et
1329 4483 1524 4538 leviter
1543 4494 1764 4543 mutare
1775 4495 2133 4549 sententiam.

616 4559 709 4618 23.
738 4563 862 4618 Non
885 4567 1021 4634 fuit,
1045 4574 1140 4634 est,
1178 4575 1226 4622 et
1271 4587 1402 4626 non.
1437 4574 1607 4637 Quasi
1639 4577 1850 4633 diceret
1881 4600 1890 4634 :
1927 4583 2137 4637 Praedi-

548 4650 694 4704 catio
723 4657 918 4707 nostra
944 4671 1058 4710 non
1095 4656 1284 4712 docuit
1310 4660 1564 4718 homines
1594 4667 1841 4732 mentiri,
1870 4671 2001 4740 quia
2030 4674 2142 4726 Ma-

545 4738 725 4810 gister
751 4749 963 4809 noster,
996 4761 1161 4814 quem
1208 4749 1573 4818 praedicamus
1603 4755 1774 4820 vobis,
1809 4738 1923 4812 non
1953 4761 2144 4814 docuit

551 4845 654 4882 nos
679 4829 748 4883 de
777 4832 973 4885 eadem
1016 4850 1078 4888 re
1106 4835 1309 4902 dicere,
1344 4845 1448 4904 est,
1481 4846 1535 4896 et
1567 4859 1712 4911 non;
1760 4845 1817 4899 id
1868 4853 1970 4913 est,
2017 4865 2143 4918 pro-

2227 3873 2419 3928 ditatis
2449 3877 2669 3946 pignus,
2703 3878 2762 3930 in
2792 3878 3052 3933 cordibus
3080 3880 3286 3934 nostris
3314 3880 3494 3937 dedit.

2292 3961 2381 4019 30.
2414 3965 2656 4020 AMBROS.
2711 3969 2817 4033 Qui
2845 3973 3010 4022 unxit
3041 3985 3156 4035 nos,
3183 3969 3239 4022 id
3285 3973 3389 4033 est,
3421 3968 3518 4038 qui
3546 3967 3704 4021 dedit
3735 3985 3835 4022 re-

2223 4049 2373 4119 giam
2402 4053 2909 4121 honoriﬁcentiam,
2938 4061 3004 4110 ut
3034 4057 3170 4111 dicit
3196 4058 3415 4122 Petrus,
3448 4057 3579 4127 quia
3599 4072 3727 4110 sum
3739 4074 3828 4123 us,

2223 4140 2428 4211 inquit,
2460 4159 2638 4212 genus
2665 4145 2853 4214 regale
2882 4162 2982 4215 per
3009 4145 3332 4200 unctionem
3361 4145 3698 4218 spiritalem.

2297 4229 2383 4284 3i.
2409 4232 2570 4284 Dedit
2604 4235 2831 4299 pignus.
2867 4234 2926 4288 Si
2951 4234 3101 4287 enim
3131 4235 3314 4289 adhuc
3339 4234 3670 4288 mortalibus
3699 4233 3834 4306 Spi-

2223 4316 2396 4370 ritum
2427 4333 2593 4371 suum
2624 4319 2797 4384 dedit,
2846 4321 3079 4376 dubium
3122 4339 3235 4377 non
3282 4328 3369 4378 est
3410 4323 3546 4394 quin
3570 4324 3690 4394 jam
3722 4323 3836 4378 im-

2223 4405 2555 4461 mortalibus
2581 4408 2819 4477 gloriam
2849 4411 3040 4468 addat.

2289 4493 2380 4549 32.
2413 4497 2537 4550 Non
2566 4500 2699 4565 quia
2724 4501 3089 4554 dominamur
3117 4503 3245 4568 ﬁdei
3270 4507 3474 4555 vestrae.
3509 4501 3674 4555 Fides
3706 4517 3832 4557 non

2221 4583 2590 4652 necessitatis,
2627 4587 2722 4640 sed
2759 4589 3059 4643 voluntatis
3091 4606 3180 4644 res
3210 4595 3311 4644 est.
3357 4591 3486 4644 Ideo
3520 4590 3674 4657 dicit,
3707 4607 3832 4646 non

2225 4672 2356 4741 quia
2394 4673 2751 4729 dominemur
2774 4677 2906 4730 ﬁdei
2932 4683 3148 4733 vestrae.
3177 4679 3508 4734 Dominatus
3539 4680 3693 4734 enim
3720 4697 3833 4736 ne-

2224 4759 2542 4815 cessitatem
2567 4762 2753 4816 habet.

2294 4848 2382 4903 33.
2417 4851 2620 4904 LANFR.
2653 4853 3044 4920 Dominamur,
3079 4859 3186 4910 etc.
3219 4853 3442 4908 Diceret
3487 4855 3613 4925 quis
3650 4873 3661 4909 :
3689 4857 3832 4912 Par-

549 4917 698 4972 ferre
723 4920 1097 4978 mendacium.
1131 4926 1239 4979 Sed
1268 4932 1361 4994 est,
1381 4933 1602 4985 tantum
1622 4933 1690 4987 de
1712 4950 1773 4987 re
1796 4951 1918 5006 quae
1938 4917 2062 5004 est;
2088 4944 2146 4992 et
2225 4952 2355 4991 cens
2383 4943 2518 4992 tunc
2545 4939 2627 4993 vis
2655 4956 2756 4993 nos
2783 4957 2980 5011 cogere
2999 4917 3071 4995 ad
3100 4941 3268 4995 ﬁdem
3320 4943 3445 4996 Non
3475 4917 3578 5008 est,
3613 4943 3830 5015 inquit,

553 5022 667 5062 non
696 5013 790 5075 est,
815 5010 1076 5066 similiter
1102 5013 1173 5068 de
1200 5032 1262 5070 re
1287 5033 1409 5087 quae
1437 5035 1549 5073 non
1583 5028 1690 5078 est.

620 5096 708 5154 24.
740 5099 1006 5170 Quotquot
1032 5107 1202 5174 enim,
1256 5106 1312 5159 id
1351 5112 1453 5173 est,
1484 5110 1686 5163 merito
1717 5110 1975 5165 Christus
2005 5114 2148 5168 veri-

2161 5035 2204 5094 α
2230 5025 2329 5092 ita,
2364 5043 2478 5080 non
2505 5029 2867 5082 dominamur
2902 5033 3029 5098 ﬁdei
3065 5037 3269 5096 vestra,
3297 5048 3410 5085 non
3434 5031 3690 5100 cogimus
3732 5051 3834 5088 vos

2228 5115 2298 5168 ad
2328 5115 2514 5171 ﬁdem.
2547 5117 2650 5169 Vel
2679 5134 2912 5187 parcens
2931 5118 3070 5172 dixit
3095 5119 3164 5172 de
3196 5120 3549 5190 quibusdam,
3587 5121 3685 5191 qui
3715 5122 3832 5176 ﬁde

552 5191 728 5244 tatem
760 5187 969 5255 docuit,
1003 5191 1138 5261 quia
1183 5193 1332 5248 Deus
1375 5194 1546 5250 Pater
1583 5199 1984 5267 promissiones
2013 5215 2145 5254 suas
2227 5219 2339 5257 non
2362 5203 2613 5272 stabant;
2638 5210 2696 5260 et
2716 5223 2787 5261 ne
2808 5211 3021 5261 stantes
3049 5209 3158 5262 ﬁde
3179 5187 3446 5278 putarent
3472 5210 3578 5262 hoc
3601 5187 3831 5265 dictum

550 5276 610 5330 in
638 5277 734 5331 illo
760 5278 953 5345 etiam,
976 5279 1034 5333 id
1063 5287 1166 5347 est,
1199 5299 1345 5351 vere,
1374 5285 1688 5354 complevit.

2227 5291 2296 5344 de
2326 5307 2402 5356 se,
2429 5291 2578 5359 dicit,
2613 5310 2724 5348 non
2747 5297 3112 5349 dominamur
3127 5297 3254 5363 ﬁdei
3272 5302 3478 5361 vestra},
3501 5297 3558 5350 id
3587 5303 3690 5360 est,
3719 5315 3831 5352 no-

621 5364 711 5421 25.
731 5367 957 5422 AUGUST
999 5369 1200 5440 (cmpos.
1219 5375 1362 5440 psal.
1383 5387 1527 5440 Lxx1,
1551 5373 2146 5445 tom.VlII.)Quotquot
2230 5379 2413 5434 lumus
2440 5397 2694 5436 exercere
2721 5383 3031 5437 dominium
3061 5385 3119 5437 in
3150 5385 3275 5438 illos
3299 5386 3393 5456 qui
3415 5391 3570 5440 stant
3597 5386 3654 5439 in
3686 5387 3822 5455 ﬁde,

553 5456 723 5507 enim.
746 5455 958 5532 Omnes
976 5460 1375 5529 promissiones
1407 5462 1508 5514 Dei
1529 5461 1623 5514 illo
1658 5461 1826 5516 etiam
1870 5463 1927 5516 id
1949 5472 2052 5532 est,
2083 5467 2142 5520 in

487 5537 492 5541 ’
553 5541 893 5601 illoﬁrmatae
919 5548 1072 5619 ,quia
1096 5549 1154 5604 in
1185 5550 1281 5606 illo
1307 5549 1600 5620 impletum
1614 5555 1695 5606 est
1720 5551 1989 5623 quidquid
2041 5572 2142 5627 pro

2227 5468 2321 5521 sed
2354 5469 2620 5538 adjuvare
2659 5490 2751 5525 vos
2789 5473 2846 5526 in
2890 5473 3281 5527 emendatione
3323 5475 3818 5544 corrigendorum.

2294 5557 2388 5614 34.
2429 5559 2674 5615 AMBROS.
2709 5562 2996 5629 Adjutores
3016 5563 3216 5629 gaudii
3245 5567 3428 5618 vestri.
3463 5563 3552 5618 Sic
3578 5564 3639 5619 in
3669 5569 3828 5622 malo
