3912 6380
126 308 212 367 221
746 312 826 368 IN
862 312 930 367 D.
971 312 1187 371 PAULI
1226 314 1451 372 EPIST.
1490 314 1864 373 COMMENT.
1909 344 1975 358 —
2015 313 2237 373 EPIST.
2280 314 2355 372 II.
2394 314 2493 371 AD
2530 314 2692 371 COR.
3234 310 3345 371 222

1540 491 1784 547 CAPUT
1820 491 1893 549 ΙΙ.

180 646 348 701 Statili
384 650 576 701 autem
615 646 720 701 hoc
748 646 932 718 ipsum
964 649 1115 723 apud
1143 666 1235 704 me
1261 666 1376 705 non
1401 654 1608 718 venire,
1645 667 1719 706 ne
1759 651 1967 706 iterum
2004 651 2064 706 in
2087 650 2321 706 tristitia
2347 649 2599 705 venirem
2638 648 2717 703 ad
2740 663 2860 713 vos,
2898 645 2944 703 1.
2979 645 3037 701 Si
3061 645 3215 700 enim
3241 660 3345 716 ego

121 736 359 790 contristo
378 752 493 801 vos,
518 740 577 789 et
595 735 720 807 quis
743 745 829 790 est
847 737 943 808 qui
970 754 1061 792 me
1080 738 1361 794 laetiﬁcet?
1384 744 1512 805 89
1527 739 1639 795 nisi
1663 739 1760 811 qui
1787 740 2153 794 contristatur
2172 756 2238 794 ex
2257 756 2348 795 me
2367 755 2529 793 suam
2548 753 2650 807 per
2668 738 3064 806 correptionem
3085 735 3350 801 testiﬁcatit

121 821 163 883 2,
191 822 235 876 3.
260 823 325 877 Et
351 823 455 877 hoc
476 823 685 895 ipsum,
717 827 862 894 quod
881 840 950 880 ne
977 842 1068 880 vos
1097 830 1483 882 contristarem
1521 844 1633 883 non
1661 831 1805 896 veni,
1838 828 2036 899 scripsi
2062 826 2234 895 vobis,
2266 830 2384 882 ideo
2411 832 2477 883 ut
2505 842 2619 881 non
2645 842 2773 880 cum
2804 839 3028 890 venero,
3059 821 3350 877 tristitiam

122 913 536 979 :‘mpanitudinis
554 917 742 966 vestrae
767 929 938 984 super
959 914 1250 969 tristitiam
1280 918 1484 985 peccati
1508 915 1766 984 habeam,
1798 916 1867 971 de
1893 916 2115 987 quibus,
2139 918 2199 970 id
2225 921 2319 982 est,
2341 917 2404 970 de
2423 917 2591 979 vobis,
2615 917 2940 986 oportuerat
2961 928 3053 966 me
3070 910 3346 982 gaudere;

122 1003 279 1052 tamen
294 999 580 1053 conﬁdens
598 999 658 1054 in
679 1000 938 1056 omnibus
962 1001 1136 1070 vobis,
1160 1002 1293 1073 quia
1309 1020 1498 1059 meum
1520 1004 1813 1075 gaudium,
1841 1005 2092 1060 omnium
2111 1009 2360 1058 vestrum
2391 1008 2495 1070 est,
2519 1006 2653 1072 quia
2683 1004 2746 1056 de
2774 1006 2955 1056 vestra
2973 1002 3351 1055 emendatione

121 1089 348 1155 gaudebo.
381 1088 532 1142 Nam
560 1106 628 1142 ex
656 1089 834 1143 multa
860 1089 1244 1158 tribulatione,
1277 1096 1533 1160 tristitia,
1569 1098 1627 1148 et
1653 1094 1917 1164 angustia
1942 1092 2125 1148 cordis
2146 1092 2346 1163 scripsi
2372 1090 2527 1146 vobis
2555 1107 2656 1162 per
2683 1090 2890 1145 multas
2908 1090 3204 1160 lacrymas,
3236 1101 3352 1142 non

120 1177 217 1228 ideo
232 1176 344 1229 dico
354 1191 458 1244 per
475 1180 687 1230 multas
715 1182 781 1231 ut
807 1178 1234 1246 contristemini,
1270 1180 1368 1235 sed
1390 1185 1455 1235 ut
1475 1181 1664 1236 sciatis
1690 1198 1859 1252 quam
1884 1181 2220 1236 charitatem
2239 1180 2478 1235 habeam
2507 1177 2885 1235 abundantius
2914 1177 2975 1231 in
3002 1175 3177 1231 vobis.
3204 1177 3255 1230 4.
3291 1175 3352 1231 Si

120 1262 222 1333 quis
232 1266 413 1317 autem
439 1264 743 1317 utadulter
753 1265 1122 1333 contristavit,
1143 1282 1258 1321 non
1271 1283 1361 1322 me
1375 1285 1627 1337 prorsus,
1649 1273 1732 1326 vel
1752 1274 1973 1324 tantum
1984 1269 2354 1333 contristavit,
2373 1268 2472 1324 sed
2491 1284 2562 1323 ex
2585 1272 2764 1339 parte,
2780 1269 2842 1321 id
2855 1271 2949 1335 est,
2967 1268 3347 1334 aliquantum,

117 1352 184 1404 vel
207 1367 305 1417 vos,
329 1357 393 1405 ut
417 1353 556 1421 (ideo
576 1354 724 1420 dico,
755 1356 807 1406 si
838 1357 963 1422 quis
989 1358 1070 1410 vel
1095 1362 1359 1425 exparte,
1382 1358 1502 1411 dico
1531 1374 1615 1411 me
1642 1360 2054 1425 contristatum,
2086 1375 2157 1413 ne
2175 1375 2264 1412 vos
2293 1359 2717 1425 contristemim)
2748 1371 2862 1410 non
2887 1358 3099 1423 peccato
3121 1368 3350 1407 onerem

118 1455 286 1495 omnes
303 1457 417 1506 vos,
447 1445 532 1495 vel
557 1444 660 1507 ita,
692 1458 804 1496 non
826 1459 890 1497 ea:
913 1447 1017 1496 toto
1046 1460 1134 1499 me
1160 1447 1526 1512 contristavit,
1546 1448 1637 1500 sed
1664 1463 1729 1500 ea:
1742 1452 1922 1515 parte,
1945 1451 2013 1500 ut
2038 1462 2152 1500 non
2178 1460 2417 1512 onerem,
2438 1446 2500 1499 id
2518 1449 2610 1509 est,
2643 1460 2710 1498 ne
2727 1460 2818 1497 vos
2832 1457 3126 1511 gravarem
3143 1443 3355 1496 contri-

117 1532 321 1583 stationc
342 1534 528 1584 tanta.
562 1529 779 1585 Sufﬁcit
800 1530 882 1585 illi
904 1532 1117 1602 (tamen
1127 1537 1254 1602 jam
1277 1550 1403 1588 eum
1431 1536 1627 1589 debetis
1646 1539 1907 1604 recipere,
1933 1538 2033 1604 qui
2050 1550 2281 1588 uxorem
2296 1535 2480 1603 patris
2500 1532 2687 1601 duxit)
2711 1531 2807 1603 qui
2832 1528 3105 1601 ejusmodi
3130 1534 3235 1599 est,
3255 1532 3355 1598 qui

119 1632 204 1682 me,
233 1622 277 1670 et
302 1633 390 1671 vos
410 1621 784 1686 contristavit,
818 1619 1133 1691 objurgatio
1164 1622 1299 1687 haec,
1327 1639 1449 1694 quae
1476 1623 1541 1677 ﬁt
1564 1640 1599 1677 a
1626 1624 1903 1694 pluribus,
1934 1640 1970 1677 a
1999 1640 2103 1690 me,
2134 1628 2183 1677 et
2209 1639 2246 1677 a
2269 1624 2436 1688 vobis,
2467 1624 2694 1689 sufﬁcit.
2730 1621 2818 1675 Ita
2845 1625 2906 1674 ut
2929 1636 2960 1673 e
2989 1617 3270 1673 contrario
3297 1617 3348 1673 5.

119 1704 273 1774 magis
297 1705 540 1773 donetis,
565 1711 851 1775 peccatum
878 1710 1086 1763 donare
1120 1710 1373 1776 debeatis,
1402 1716 1460 1765 et
1485 1712 1868 1780 consolemini,
1901 1713 2178 1768 consolari
2202 1713 2382 1780 magis
2416 1726 2587 1780 quam
2622 1712 2967 1765 contristari.
2999 1706 3052 1762 6.
3091 1707 3177 1762 Ne
3211 1707 3357 1761 forte

120 1791 490 1848 abundantiori
524 1794 757 1849 tristitia
796 1795 1184 1865 absorbeatur,
1215 1801 1421 1853 scilicet
1451 1803 1502 1853 si
1542 1802 1867 1871 abjeceritis,
1911 1817 1979 1855 ne
2007 1801 2169 1855 cadat
2212 1802 2276 1854 in
2303 1801 2752 1868 desperationem,
2799 1796 2896 1868 qui
2939 1795 3218 1867 ejusmodi
3249 1799 3353 1850 est.

119 1881 325 1952 Propter
352 1882 529 1952 quod,
560 1899 629 1937 ne
648 1885 1020 1952 absorbeatur,
1043 1884 1271 1941 obsecro
1290 1903 1387 1942 vos
1410 1892 1475 1941 ut
1502 1891 1811 1957 recipiendo
1829 1905 1955 1943 eum
1975 1887 2318 1942 conﬁrmetis
2336 1886 2397 1941 in
2415 1886 2577 1941 illum
2592 1885 2946 1940 charitatem.
2996 1884 3360 1953 Suscipientes

121 1972 409 2037 conﬁrmate
437 1972 771 2027 charitatem
799 1979 1053 2028 vestram.
1092 1973 1227 2029 Ideo
1260 1975 1413 2029 enim
1453 1980 1510 2030 et
1540 1976 1756 2048 scripsi,
1788 1983 1855 2032 ut
1887 1993 2217 2049 cognoscam
2251 1975 2694 2048 experimentum
2726 1979 2977 2029 vestrum
3004 1974 3147 2042 quod
3174 1978 3269 2039 est,
3295 1977 3360 2026 ut

123 2062 349 2128 experiar
370 2076 485 2127 vos,
499 2063 585 2115 vel
614 2062 867 2115 studium
897 2067 1159 2130 vestrum,
1187 2064 1238 2118 7.
1263 2080 1336 2118 an
1362 2065 1422 2118 in
1450 2063 1711 2119 omnibus
1738 2070 1802 2119 ut
1822 2068 1887 2120 in
1905 2067 2211 2134 eapellendo
2226 2067 2409 2135 prius,
2434 2066 2517 2118 ita
2536 2066 2600 2117 in
2617 2079 2710 2116 reo
2730 2063 3040 2132 recipiendo
3061 2077 3216 2115 nunc
3233 2058 3361 2114 obe-

122 2148 310 2202 dientes
334 2149 484 2203 mihi
503 2148 651 2203 sitis.
675 2149 796 2203 Ideo
827 2152 1040 2204 obedire
1067 2152 1282 2205 debetis.
1317 2152 1421 2206 Cui
1451 2157 1660 2221 autem,
1692 2157 1862 2221 enim,
1889 2154 2101 2225 aliquid
2130 2152 2399 2219 donastis,
2434 2154 2780 2207 condonastis
2811 2155 2869 2205 et
2889 2166 2992 2221 ego
3022 2151 3356 2229 condonavi:

124 2240 187 2291 sic
203 2242 247 2291 et
257 2253 343 2291 vos
360 2237 509 2291 mihi
526 2238 754 2307 faciatis
768 2256 786 2303 ;
816 2254 948 2292 nam
970 2243 1025 2294 et
1047 2255 1149 2309 ego
1174 2237 1458 2315 (repetitio)
1480 2241 1630 2312 quod
1657 2241 1877 2309 donavi,
1904 2241 1953 2295 si
1982 2240 2116 2312 quid
2147 2240 2367 2307 donavi,
2398 2244 2629 2311 propter
2654 2254 2770 2306 vos,
2802 2239 2997 2293 debetis
3019 2238 3117 2291 hoc
3134 2241 3363 2306 propter

126 2342 209 2393 me,
233 2330 360 2395 quia
388 2342 483 2394 ego
498 2331 730 2397 propter
756 2342 844 2381 vos
863 2328 970 2395 feci
994 2330 1278 2395 similiter,
1307 2345 1471 2398 agens
1491 2331 1590 2384 hoc
1607 2347 1721 2386 non
1743 2347 1849 2400 pro
1876 2347 1980 2396 me,
2004 2332 2095 2384 sed
2123 2330 2183 2384 in
2207 2344 2447 2401 persona
2475 2327 2702 2391 Christi,
2735 2326 2788 2394 8,
2818 2324 2871 2383 9.
2899 2331 2964 2381 ut
2992 2341 3106 2380 non
3125 2324 3363 2379 circum-

125 2414 385 2471 veniamnr
416 2432 453 2470 a
478 2416 714 2482 Satana,
744 2418 880 2485 quia
906 2419 958 2470 si
979 2417 1217 2484 donatis,
1246 2423 1295 2472 et
1323 2434 1433 2487 ego,
1462 2434 1579 2473 non
1598 2422 1705 2473 erit
1722 2419 2000 2473 discordia
2020 2421 2170 2473 inter
2190 2434 2309 2477 vos:
2344 2433 2459 2471 non
2479 2416 2629 2471 enim
2649 2416 2975 2487 ignoramus
2996 2412 3364 2484 cogitationes

128 2504 245 2573 ejus.
280 2504 519 2560 Satanae.
553 2502 639 2560 10.
673 2504 815 2559 Cum
842 2505 1117 2560 venissem
1156 2510 1345 2561 autem
1376 2507 1651 2562 Troadem
1687 2512 1918 2579 propter
1942 2506 2306 2577 Evangelium
2343 2505 2572 2571 Christi,
2619 2509 2677 2559 et
2702 2503 2911 2559 ostium
2939 2501 3077 2556 mihi
3105 2505 3364 2572 apertum

129 2593 323 2649 essetin
349 2592 618 2661 Domino,
644 2596 911 2648 introitus
930 2596 1075 2661 ﬁdei,
1105 2599 1168 2648 ut
1194 2609 1279 2650 me
1298 2598 1361 2649 in
1381 2599 1525 2662 illos,
1558 2598 1617 2650 id
1644 2601 1740 2662 est,
1771 2598 1836 2650 in
1855 2611 2047 2650 eorum
2072 2596 2254 2662 corda,
2279 2597 2359 2649 vel
2380 2597 2505 2649 illos
2525 2596 2590 2647 in
2609 2609 2693 2646 me
2708 2593 3060 2662 pradicando
3081 2591 3366 2645 intromit-

132 2688 292 2747 terem,
314 2699 427 2738 non
450 2683 631 2738 habui
653 2682 908 2753 requiem
927 2682 1151 2754 spiritui
1171 2700 1317 2751 meo,
1343 2685 1491 2755 quod
1516 2701 1631 2740 non
1650 2684 1957 2740 invenerim
1981 2683 2067 2741 11.
2089 2683 2280 2739 Titum
2297 2689 2430 2749 90
2447 2682 2679 2738 fratrem
2699 2698 2908 2743 meum.
2929 2683 3030 2751 qui
3045 2682 3364 2749 mejuvaret

133 2773 520 2842 interpretando
547 2773 696 2841 quod
717 2773 1103 2841 praedicarem,
1137 2772 1236 2827 sed
1269 2771 1353 2829 12.
1377 2774 1708 2828 valefaciens
1725 2775 1825 2841 eis,
1850 2773 2129 2846 profectus
2152 2790 2279 2828 sum
2297 2773 2358 2827 in
2379 2772 2782 2828 Macedoniam.
2810 2771 2926 2826 Deo
2944 2774 3135 2825 autem
3152 2768 3366 2841 gratias

132 2860 328 2929 (iterum
343 2862 697 2917 commendat
711 2876 765 2915 se
777 2865 842 2914 ut
861 2862 1088 2915 verbum
1107 2877 1274 2916 suum
1293 2865 1625 2935 recipiatur)
1639 2863 1736 2934 qui
1755 2878 1978 2933 semper
1993 2862 2311 2933 triumphat
2326 2877 2429 2915 nos
2447 2861 2507 2915 in
2523 2861 2746 2915 Christo
2763 2861 2793 2915 J
2797 2876 2917 2925 esu,
2932 2864 2989 2914 et
3008 2857 3092 2915 l3.
3113 2858 3363 2924 odorem,

128 2953 572 3019 iudicationem,
606 2949 820 3005 notitiae
847 2965 962 3005 sua;
987 2950 1309 3006 manifestat
1332 2967 1436 3024 per
1461 2968 1564 3007 nos
1588 2952 1649 3007 in
1678 2952 1830 3008 omni
1857 2953 1999 3019 loco,
2032 2967 2145 3005 non
2164 2954 2344 3005 solum
2374 2951 2612 3016 Troada,
2643 2950 2738 3003 sed
2761 2951 2826 3002 in
2853 2950 3008 3002 omni
3036 2950 3165 3014 loco,
3188 2947 3368 3002 Mace-

1439 3142 2033 3203 COMMENTARIUS.

132 3362 272 3418 opere
294 3347 526 3403 tristitia
545 3352 653 3413 est,
678 3347 762 3401 ita
778 3322 838 3401 in
857 3346 1248 3403 emendatione
1266 3348 1566 3418 gaudium;
1596 3348 1698 3403 hu-
1711 3350 1760 3408 A
1779 3348 1933 3416 dum,
1969 3346 2128 3418 quasi
2156 3346 2520 3419 locum‘apud
2544 3346 2724 3401 Deum
2742 3347 2863 3418 jam
2886 3361 3001 3401 non
3028 3344 3282 3401 haberet.

127 3435 203 3503 jus
245 3443 427 3492 autem
474 3436 672 3508 gaudii
727 3436 952 3507 adjutor
998 3442 1137 3503 erat,
1193 3436 1328 3491 dum
1385 3436 1698 3513 volentibus

132 3525 402 3580 emendare
429 3525 849 3581 admonitiones
880 3523 1167 3579 offerebat.

189 3612 338 3667 CAP.
375 3613 452 3669 II.
491 3644 553 3653 ——
592 3612 639 3669 1.
672 3613 881 3669 Larum.
913 3612 979 3668 Si
1013 3616 1164 3667 enim
1199 3629 1291 3682 ego
1322 3616 1604 3671 contristo.
1638 3611 1700 3668 Si

134 3700 299 3756 doctor
340 3701 700 3773 corripiendo
754 3701 1051 3756 contristat
1102 3701 1458 3772 discipulum,
1506 3701 1702 3756 laetitia

136 3787 259 3844 illius
275 3796 373 3856 est,
399 3791 448 3845 si
469 3789 782 3861 discipulus
803 3790 874 3845 ad
899 3790 1286 3862 paenitentiam
1315 3789 1701 3849 contristatur.

192 3877 239 3934 ‘2.
265 3880 327 3933 Et
356 3880 454 3935 hoc
491 3883 698 3948 ipsum.
742 3879 904 3942 Quod
949 3883 1034 3933 est
1077 3879 1415 3934 contristans
1443 3896 1557 3945 vos,
1591 3895 1705 3935 non

138 3964 366 4035 laetiﬁcat,
407 3967 525 4024 nisi
563 3984 660 4022 vos
704 3966 810 4039 ipsi
858 3966 930 4022 ad
970 3967 1360 4038 paenitentiam
1404 3968 1703 4023 contriste-

141 4068 274 4110 unm.

198 4142 244 4198 3.
291 4147 538 4203 AMBROS.
582 4145 651 4199 Et
692 4144 788 4204 hoc
823 4145 1029 4213 ipsum.
1072 4142 1286 4199 Idcirco
1323 4160 1386 4199 se
1412 4144 1548 4201 dicit
1574 4146 1706 4202 scri-

141 4231 310 4301 psisse,
337 4240 400 4290 ut
425 4239 626 4307 postea
648 4232 880 4288 veniens
904 4248 1018 4288 non
1048 4238 1214 4301 esset,
1240 4233 1392 4289 unde
1415 4234 1708 4290 contrista-

142 4326 290 4389 retur,
319 4323 556 4378 sublatis
582 4322 751 4377 vitiis.

196 4409 245 4464 4.
262 4411 464 4471 Lara.
486 4412 556 4468 Si
572 4415 698 4481 quis
711 4417 916 4466 autem.
938 4410 997 4468 Si
1014 4411 1159 4483 quis,
1177 4411 1380 4483 inquit,
1397 4411 1708 4484 praedicans

144 4500 460 4557 contristavit
486 4517 599 4569 me,
631 4517 743 4556 non
782 4517 874 4555 me
900 4501 1294 4556 tantummodo
1332 4501 1704 4568 contristavit,

1852 3438 1904 3491 7.
1935 3438 2025 3492 An
2052 3439 2117 3490 in
2145 3438 2422 3490 omnibus.
2449 3435 2735 3499 Quantum
2764 3435 2932 3491 datur
2954 3434 3214 3505 intelligi,
3244 3431 3373 3489 obe-

1778 3526 1998 3581 dientes
2025 3525 2128 3579 hos
2154 3525 2331 3580 factos
2356 3525 2416 3579 in
2443 3524 2658 3579 caeteris
2686 3524 2907 3595 probat.

1848 3611 1903 3670 8.
1950 3614 2012 3668 Ut
2039 3630 2154 3668 non
2181 3617 2708 3669 circumveniamur.
2733 3613 2884 3668 Dicit
2909 3612 3043 3684 quia
3068 3610 3375 3668 consolatio

1782 3701 1950 3756 debet
1965 3701 2252 3773 subsequi,
2282 3718 2353 3757 ue
2372 3701 2630 3756 diabolus
2653 3706 2922 3772 suggerat
2946 3700 3018 3767 ei,
3041 3706 3104 3756 ut
3123 3701 3210 3755 vel
3230 3716 3374 3771 prae-
3464 3690 3467 3695 ’

1785 3789 2036 3845 sentibus
2061 3790 2301 3856 fruatur,
2335 3790 2432 3862 qui
2459 3790 2529 3845 de
2556 3806 2655 3863 spe
2682 3789 2859 3844 futuri
2886 3788 3103 3860 praemii
3125 3788 3377 3859 dejectus

1785 3885 1889 3935 est.

1857 3968 1909 4024 9.
1940 3967 2148 4022 Lmen.
2185 3968 2248 4023 Ut
2276 3983 2391 4022 non
2416 3969 2943 4033 circumveniamur,
2969 3964 3029 4020 id
3053 3967 3156 4032 est,
3178 3968 3244 4020 ut
3262 3979 3377 4019 non

1787 4057 1863 4112 sit
1879 4058 2030 4112 inter
2051 4073 2148 4110 vos
2175 4055 2469 4110 discordia.

1859 4143 1946 4202 10.
1979 4145 2117 4200 Cum
2142 4147 2409 4199 venissem
2436 4147 2644 4208 autem,
2684 4147 2792 4198 etc.
2835 4143 3113 4199 Excusato
3140 4157 3203 4198 se
3227 4141 3378 4214 quod

1788 4250 1901 4290 non
1935 4234 2170 4300 venerit,
2209 4238 2406 4288 narrat
2440 4232 2591 4304 quod
2627 4231 2776 4300 fecit,
2807 4232 3208 4288 commendans
3235 4247 3296 4286 se
3319 4231 3380 4287 in

1789 4324 1987 4379 eodem
2024 4339 2212 4395 opere,
2243 4338 2315 4377 ne
2343 4337 2440 4376 vos
2474 4321 2869 4378 contristarem
2904 4338 3020 4377 non
3053 4320 3200 4389 veni,
3240 4321 3380 4378 Cum

1788 4418 1974 4467 autem
2001 4415 2266 4466 venissem
2302 4412 2583 4478 Troadem,
2615 4415 2721 4465 etc.

1858 4464 1968 4557 i1.
1996 4464 2464 4568 summa...
2485 4464 2666 4555 si...
2686 4464 2797 4555 iste
2822 4464 3102 4572 interpres
3127 4499 3383 4572 Apostoli

145 4587 225 4640 sed
249 4606 337 4644 vos
360 4608 426 4646 ex
453 4596 636 4662 parte,
670 4589 728 4644 id
751 4594 852 4656 est,
888 4590 1159 4661 quosdam
1190 4606 1257 4644 ex
1281 4588 1457 4656 vobis,
1501 4595 1567 4645 ut
1594 4607 1770 4662 non,1
1791 4595 1931 4658 erat,
1963 4594 2020 4645 et
2048 4590 2252 4644 horum
2278 4589 2475 4661 lingua
2509 4588 2824 4661 expressius
2850 4588 3186 4661 loquebatur
3211 4605 3383 4662 quam

206 4639 223 4640 γέ
261 4639 335 4644 ,η
364 4639 426 4646 ,,,
453 4639 636 4662 rm",
670 4639 728 4644 η
755 4639 852 4656 ---,
895 4639 1159 4661 Γηπ-
1196 4639 1257 4644 -_
1297 4639 1457 4656 de",
1508 4639 1565 4645 κ-
1594 4639 1709 4644 -----
1797 4639 1931 4658 --πη
1969 4639 2019 4645 --
2049 4639 2109 4644 __

148 4689 345 4733 onerem
368 4696 463 4736 vos
490 4695 705 4746 omnes,
738 4683 796 4733 et
824 4679 951 4733 ideo
979 4679 1101 4733 dico
1122 4694 1219 4734 vos
1241 4694 1308 4734 ex
1326 4684 1488 4750 parte
1507 4679 1709 4735 contri-
1724 4639 1772 4700 B
1788 4679 2109 4751 Apostolus.

148 4768 313 4834 statos,
361 4774 427 4823 ut
469 4785 614 4824 onus
652 4767 900 4823 tristitia;
940 4784 1055 4823 non
1099 4767 1385 4839 imponam
1425 4767 1704 4833 omnibus,

151 4865 243 4908 non
263 4857 405 4912 enim
431 4872 647 4925 omnes,
672 4857 954 4929 justitiam
984 4855 1199 4912 sincere
1223 4857 1473 4928 diligitis.
1520 4858 1713 4913 Potest

152 4942 285 4999 etita
312 4946 568 5018 intelligi,
597 4962 714 5002 non
740 4962 834 5002 me
862 4946 1214 5001 contristavit
1246 4962 1313 5001 ex
1339 4950 1480 5014 toto,
1510 4945 1609 5001 sed
1638 4964 1710 5000 ex

211 5119 258 5175 5.
282 5124 450 5193 Magis
480 5126 713 5187 donetis,
745 5128 852 5180 etc.
887 5124 1036 5180 Satis
1062 5122 1458 5196 comprobatur
1484 5129 1712 5196 aposto-

155 5202 253 5262 lum
297 5227 404 5267 non
453 5212 775 5268 contristari
836 5229 939 5284 pro
988 5212 1342 5280 fornicatore,
1385 5212 1483 5283 qui
1535 5211 1713 5283 patris

156 5308 353 5354 uxorem
388 5302 643 5369 duxerat,
686 5319 752 5357 ex
779 5302 885 5356 hoc
914 5302 1063 5374 quod
1098 5302 1265 5357 modo
1305 5300 1614 5372 subjungit,
1649 5305 1714 5356 ut

158 5385 425 5456 recipiatur
452 5396 509 5445 et
532 5391 870 5446 consoletur.

215 5472 258 5529 6.
295 5478 528 5535 AMBROS.
586 5480 664 5535 Ne
712 5482 853 5549 forte
902 5480 1331 5547 abundantiam,
1385 5480 1442 5533 id
1489 5484 1592 5547 est,
1641 5495 1713 5533 ne

158 5557 427 5634 desperans
453 5568 522 5625 de
550 5586 630 5639 se,
660 5569 824 5625 daret
849 5569 1102 5626 animum
1126 5569 1196 5624 ad
1225 5568 1502 5625 mundum
1527 5568 1714 5625 fruen-

1868 4766 1951 4825 12.
1996 4769 2116 4823 Vale
2144 4769 2351 4836 faciens
2382 4769 2477 4834 eis,
2508 4771 2616 4826 etc.
2652 4766 2740 4822 Ad
2777 4767 2884 4822 hoc
2907 4767 3058 4839 quod
3086 4767 3226 4823 dixit
3252 4784 3384 4840 par-

1792 4871 1923 4911 cens
1949 4854 2105 4910 vobis
2132 4871 2246 4909 non
2275 4853 2404 4909 veni
2433 4855 2783 4917 Corinthum,
2810 4856 2909 4911 sed
2937 4855 3061 4912 veni
3083 4857 3378 4923 Troadem,

1791 4943 1889 4998 ubi
1937 4960 2029 4999 me
2074 4943 2314 4999 libenter
2350 4943 2674 5012 audiebant,
2718 4945 2825 5000 hoc
2864 4950 2951 5000 est
2995 4946 3204 5001 ostium
3245 4943 3385 4999 mihi

1794 5037 2052 5105 apertum
2078 5037 2198 5104 est;
2230 5037 2287 5087 et
2303 5032 2383 5086 sic
2408 5034 2670 5090 hortatur
2695 5038 2762 5089 ut
2785 5040 2843 5089 et
2869 5034 2965 5088 isti
2985 5034 3225 5090 libenter
3246 5032 3388 5089 acci-

1792 5123 1970 5195 piant,
1997 5126 2295 5193 postquam
2320 5121 2427 5176 hoc
2453 5122 2523 5176 de
2549 5123 2662 5178 illis
2689 5123 3010 5178 audierunt.

1869 5211 1953 5268 13.
2019 5211 2265 5266 AMBROS.
2337 5210 2566 5266 Odorem
2630 5214 2858 5266 notitiae.
2925 5209 3388 5266 Predicationem

1795 5299 2022 5365 Christi,
2055 5299 2182 5354 ideo
2210 5298 2348 5353 dicit
2374 5299 2623 5365 odorem,
2656 5299 2790 5370 quia
2822 5298 2969 5353 sicut
2994 5315 3085 5353 res
3107 5298 3386 5369 quadam,

1795 5405 1923 5445 cum
1953 5404 2067 5443 non
2102 5388 2416 5454 videantur,
2453 5405 2556 5460 per
2582 5388 2811 5442 odorem
2844 5390 3277 5456 cognoscuntur,
3306 5386 3391 5444 ita

1794 5477 2087 5533 invisibilis
2115 5478 2265 5533 Deus
2294 5494 2395 5550 per
2413 5475 2865 5549 praedicationem
2894 5474 3105 5541 Christi
3133 5492 3195 5532 se
3214 5477 3392 5535 voluit

1793 5565 2051 5638 intelligi.
