3912 6352
582 290 691 347 223
1559 295 1623 352 Bt;
1663 291 2080 356 LANFRANCI
2117 289 2479 356 CANTUAR°
2521 285 2860 353 Auum-Ep.
3757 295 3859 353 224

585 419 792 474 doniae:
831 420 1149 488 (Responsio)
1187 420 1317 491 quia
1346 421 1555 476 Christi
1582 421 1671 488 14,
1709 422 1790 491 15,
1823 421 1912 480 16.
1944 425 2146 491 bonus,
2175 426 2384 491 suavis,
2417 423 2557 477 odor
2580 439 2775 478 sumus
2815 423 2952 490 Deo,
2982 428 3046 478 in
3081 425 3234 478 nobis
3260 427 3337 476 est
3368 422 3512 475 odor
3542 419 3773 484 Christi,
3807 421 3864 471 id

584 513 679 574 est,
703 508 1026 575 pradicatio
1059 508 1119 561 in
1142 507 1212 562 iis
1243 509 1338 580 qui
1367 510 1505 564 salvi
1533 512 1697 577 ﬁunt,
1725 517 1781 565 et
1811 513 1870 566 in
1895 513 1964 567 iis
1995 513 2091 584 qui
2120 516 2386 583 pereunt:
2421 511 2508 566 17.
2543 511 2669 565 aliis
2696 512 2921 582 quidem
2953 511 3095 566 odor
3121 509 3316 564 mortis
3349 509 3412 564 in
3448 511 3721 571 mortem,
3757 522 3865 560 non

585 596 649 644 ut
668 595 819 660 odor,
844 596 906 647 id
924 601 1018 661 est,
1034 598 1357 664 praedicatio
1381 601 1454 652 sit
1473 616 1542 652 ex
1561 605 1753 666 morte,
1775 603 1866 655 sed
1892 605 2018 656 illos
2039 603 2139 670 qui
2163 616 2277 655 non
2301 601 2532 654 credunt
2553 603 2724 653 morti
2741 601 3003 654 deliberat
3023 600 3108 669 [f.,
3133 597 3483 667 adiudicat];
3517 595 3647 650 aliis
3676 600 3863 648 autem

586 679 726 735 odor
741 681 886 749 vitae,
907 686 1160 752 justitiae,
1185 685 1244 740 in
1265 685 1436 740 vitam
1456 694 1738 743 aternam.
1763 690 1833 744 Et
1859 690 1931 744 ad
1957 689 2076 744 haec
2097 689 2456 758 praedicanda
2481 687 2606 759 quis
2633 692 2752 741 tam
2781 687 3035 755 idoneus,
3065 691 3206 742 sicut
3228 703 3323 740 nos
3344 685 3628 754 apostoli?
3650 684 3861 736 nullus.

582 769 710 824 Non
730 770 880 825 enim
912 787 1127 840 sumus,
1160 773 1304 828 sicut
1331 774 1577 846 plurimi,
1604 778 1827 845 pseudo,
1858 775 1947 844 18,
1980 777 2076 833 19.
2103 775 2488 832 adulterantes
2515 776 2748 831 verbum
2775 777 2896 842 Dei,
2921 779 3235 845 legitimum
3262 790 3499 829 sensum
3531 774 3863 840 auferentes,

582 860 632 910 et
659 860 1049 915 adulterinum
1067 868 1340 930 ponentes,
1366 867 1446 918 vel
1469 880 1575 932 pro
1601 868 1754 920 lucro
1788 871 2004 920 terreno
2020 867 2408 935 praedicantes.
2433 865 2541 920 Sed
2562 881 2628 919 ex
2647 865 2990 932 sinceritate,
3013 865 3112 920 sed
3131 865 3293 930 sicut,
3317 865 3537 918 scilicet
3561 863 3866 930 accepimus

584 943 673 1002 20.
701 963 766 1002 ex
792 947 908 1004 Deo
937 947 1027 1006 21.
1059 965 1248 1006 coram
1275 951 1393 1007 Deo
1419 952 1480 1008 in
1509 952 1731 1009 Christo
1762 957 1905 1024 quod
1925 957 2105 1025 placet
2134 956 2237 1008 Deo
2264 957 2344 1008 vel
2370 959 2782 1009 sacramentum
2811 959 2906 1022 est,
2936 954 3239 1024 loquimur.

2027 1061 2259 1117 CAPUT
2295 1061 2396 1116 III.

654 1159 710 1215 1.
751 1159 1058 1234 Incipimus
1093 1163 1300 1219 iterum
1339 1166 1715 1238 nosmetipsos
1753 1166 2182 1222 commendare?
2209 1167 2324 1222 Aut
2347 1165 2602 1237 nunquid
2640 1181 2868 1236 egemus
2901 1165 3065 1234 (sicut
3096 1165 3345 1236 quidam)
3379 1159 3865 1218 commendatitiis

582 1247 850 1320 Epistolis
867 1254 1052 1307 missis
1074 1254 1145 1307 ab
1167 1256 1299 1308 aliis
1318 1254 1390 1308 ad
1417 1269 1534 1321 vos,
1563 1260 1679 1322 οι
1711 1259 1812 1311 aut
1832 1272 1897 1310 ex
1922 1255 2078 1310 vobis
2105 1257 2179 1309 ad
2204 1259 2344 1310 alios
2363 1257 2583 1310 missis?
2604 1253 2658 1309 2.
2686 1254 2935 1326 Epistola
2953 1259 3145 1308 nostra
3169 1271 3285 1321 vos,
3313 1255 3451 1321 ﬁdes
3479 1255 3686 1316 vestra,
3716 1247 3862 1312 estis,

583 1333 637 1392 3.
671 1336 879 1409 scripta
895 1338 955 1394 in
976 1340 1234 1397 cordibus
1254 1343 1481 1409 nostris,
1508 1347 1841 1398 memoriam
1861 1347 2031 1399 vestri
2050 1345 2269 1411 habens,
2303 1359 2424 1415 quae
2452 1343 2628 1398 scitur
2646 1347 2704 1397 et
2730 1343 2939 1413 legitur
2959 1342 3028 1396 ab
3053 1341 3312 1396 omnibus
3336 1337 3710 1396 hominibus:
3751 1337 3864 1406 [Re-

580 1426 821 1496 sponsio]
846 1429 1188 1484 manifestati
1217 1447 1306 1484 vos
1326 1432 1474 1502 quod
1499 1432 1734 1504 epistola
1762 1431 2142 1494 estisChristi,
2177 1435 2238 1487 id
2269 1437 2344 1486 est
2373 1448 2610 1501 quorum
2639 1433 2741 1500 ﬁde
2772 1436 2821 1486 et
2850 1435 2967 1486 vita
2995 1435 3346 1500 gloriﬁcatur
3379 1430 3666 1493 Christus,
3701 1425 3863 1479 mini-

582 1517 766 1568 strata
784 1531 818 1569 a
835 1515 1010 1583 nobis,
1033 1520 1177 1572 sicut
1198 1524 1407 1588 nostra,
1431 1525 1488 1575 et
1506 1523 1714 1593 scripta
1733 1538 1846 1576 non
1867 1525 2200 1587 atramento,
2220 1521 2313 1575 sed
2338 1520 2551 1591 Spiritu
2566 1520 2667 1575 Dei
2683 1520 2810 1586 vivi,
2833 1523 3068 1586 illinita,
3090 1521 3151 1574 id
3168 1525 3263 1585 est,
3287 1521 3660 1587 conﬁrmata,
3676 1529 3788 1567 non
3808 1512 3863 1566 in

581 1600 792 1657 tabulis
803 1603 1058 1674 lapideis,
1072 1605 1121 1659 4.
1138 1608 1236 1662 sed
1247 1607 1308 1662 in
1322 1608 1528 1664 tabulis
1541 1611 1626 1680 [in
1637 1609 1939 1682 mentibus]
1951 1610 2134 1664 cordis
2144 1607 2479 1676 carnalibus,
2493 1612 2640 1663 sensi
2643 1609 2747 1663 bili
2750 1611 2864 1676 bus,
2879 1611 2902 1661 i
2905 1612 3122 1676 ntelligi
3125 1610 3180 1662 bi
3183 1610 3228 1662 li
3230 1610 3346 1662 bus.
3361 1605 3668 1661 Fiduciam
3680 1607 3864 1657 autem

581 1689 757 1746 talem
784 1691 1057 1749 habemus
1068 1712 1170 1766 per
1186 1697 1471 1752 Christum
1495 1700 1566 1753 ad
1597 1701 1774 1754 Deum
1797 1702 1940 1769 quod
1965 1702 2356 1753 ministramus
2379 1701 2460 1752 vel
2488 1699 2632 1765 quod
2657 1713 2744 1751 vos
2764 1700 2888 1752 estis
2910 1699 3136 1766 epistola
3160 1702 3372 1761 nostra,
3401 1700 3453 1750 et
3481 1695 3720 1750 Christi.
3742 1691 3862 1744 Non

584 1779 735 1850 quod
766 1780 1106 1838 sufficientes
1130 1787 1310 1840 simus
1339 1787 1584 1857 cogitare
1611 1788 1841 1858 aliquid,
1879 1789 2011 1855 (non
2031 1793 2095 1840 ut
2109 1802 2212 1855 per
2233 1802 2330 1840 nos
2355 1786 2520 1854 ﬁdem
2537 1788 2713 1840 verbis
2732 1789 3009 1841 instruere
3027 1787 3312 1855 possimus)
3344 1799 3382 1838 a
3409 1782 3601 1849 nobis,
3626 1797 3728 1850 per
3751 1795 3859 1842 nos,

584 1867 748 1936 quasi
773 1871 1171 1938 principaliter
1199 1889 1264 1927 ex
1287 1873 1468 1942 nobis,
1501 1875 1598 1929 sed
1626 1875 1963 1930 sufﬁcientia
1989 1880 2201 1942 nostra,
2237 1877 2379 1944 quod
2400 1890 2712 1943 possumus,
2745 1891 2810 1929 ex
2837 1875 2953 1930 Deo
2982 1879 3088 1940 est,
3120 1875 3216 1945 qui
3244 1879 3303 1928 et
3331 1873 3577 1928 idoneos
3608 1887 3712 1926 nos
3742 1868 3862 1923 fecit

581 1954 872 2010 ministros
892 1957 1031 2012 Novi
1049 1960 1394 2017 Testamenti
1419 1979 1534 2018 non
1554 1963 1760 2032 littera,
1790 1965 1888 2018 sed
1921 1963 2140 2034 spiritu,
2168 1978 2283 2017 non
2310 1965 2615 2017 carnaliter
2643 1965 2925 2029 intellecti,
2951 1964 3041 2016 sed
3059 1965 3462 2031 spiritualiter.
3495 1961 3553 2027 5,
3575 1958 3631 2013 6.
3656 1957 3863 2013 Littera

583 2042 738 2098 enim
757 2044 975 2112 occidit,
1003 2047 1053 2102 7.
1079 2048 1322 2119 Spiritus
1342 2057 1532 2105 autem
1553 2051 1812 2121 viviﬁcat,
1834 2054 2126 2122 glori/teat.
2153 2050 2205 2105 8.
2227 2049 2388 2114 Quod
2407 2050 2454 2104 si
2476 2050 2814 2106 ministratio
2835 2050 3054 2117 mortis,
3089 2051 3238 2104 Vetus
3267 2052 3688 2105 Testamentum
3717 2060 3855 2098 mor-

1856 2177 1863 2183 ’
1920 2175 2504 2232 COMMENTARIUS.

662 2270 745 2329 14.
785 2277 968 2331 Bonus
1009 2280 1160 2332 odor.
1207 2280 1272 2335 In
1300 2281 1441 2352 lege,
1493 2282 1590 2354 qui
1630 2284 1842 2338 hostias
1871 2284 2018 2338 bono
2046 2285 2239 2342 votoA
2258 2282 2403 2336 Nam
2430 2299 2533 2337 nec
2552 2300 2654 2356 per
2672 2283 2966 2355 epistolam
2997 2283 3068 2336 ad
3095 2298 3193 2336 vos
3220 2280 3299 2370 ab
3312 2279 3442 2334 aliis
3471 2277 3733 2370 missam.
3759 2275 3858 2370 Per

585 2361 872 2432 offerebat,
904 2366 1083 2422 bonus
1111 2370 1250 2424 odor
1270 2372 1385 2426 Deo
1407 2378 1530 2426 erat
1548 2378 1606 2428 et
1623 2374 1998 2446 acceptabilis,
2020 2375 2103 2429 ita
2121 2378 2178 2428 et
2257 2371 2552 2441 epistolam
2607 2373 2871 2426 nolumus
2926 2369 3327 2436 commendari,
3391 2368 3532 2439 quia
3580 2383 3679 2421 vos
3734 2361 3859 2418 estis

584 2452 996 2522 praedicationis
1021 2457 1128 2528 piae
1156 2459 1240 2512 vir
1262 2459 1383 2529 [al.,
1405 2461 1632 2534 virtus],
1659 2463 1924 2518 doctrinae
1947 2463 2175 2518 odorem

581 2547 816 2611 praestat
841 2542 1184 2615 fragrantem
1204 2548 1339 2602 Deo.

657 2627 750 2684 15.
795 2636 1032 2688 AUGUST.
1083 2635 1208 2706 (lib.
1242 2643 1380 2693 sent.
1420 2641 1632 2709 Prosp.,
1664 2657 1712 2695 c.
1751 2639 1839 2708 35,
1879 2645 2020 2694 tom.
2052 2640 2176 2710 III).

589 2713 800 2772 Christi
823 2720 994 2776 bonus
1015 2725 1166 2778 odor.
1193 2725 1382 2782 Bonus
1404 2728 1612 2783 Christi
1632 2729 1771 2783 odor
1793 2733 1897 2796 est,
1919 2729 2181 2800 praedica-

587 2801 666 2859 tio
687 2805 968 2877 veritatis;
994 2827 1160 2883 quem
1188 2814 1417 2870 odorem
1444 2816 1505 2871 in
1525 2817 1695 2871 vitam
1715 2817 1864 2889 capit
1890 2817 1986 2889 qui
2006 2817 2180 2872 Evan-

583 2891 733 2964 gelio
762 2892 920 2952 bonis
955 2900 1205 2956 moribus
1233 2904 1404 2959 servit
1437 2909 1494 2959 et
1519 2906 1799 2976 congruit.
1829 2907 2069 2960 Mortem
2097 2905 2180 2960 in-

584 2982 779 3051 currit,
814 2987 973 3056 cujus
1002 2988 1072 3042 ab
1101 2990 1190 3045 his
1215 3008 1336 3062 quae
1364 2993 1506 3048 bene
1527 2994 1794 3065 loquitur,
1829 2995 1940 3048 vita
1969 2995 2180 3048 dissen-

584 3069 673 3138 tit,
720 3089 843 3144 quae
892 3077 1137 3132 conditio
1179 3080 1350 3135 etiam
1393 3083 1677 3138 auditores
1713 3083 2014 3154 obstringit
2051 3101 2180 3139 cum

585 3164 742 3213 recta
775 3163 1097 3231 praedicatio
1127 3167 1197 3221 ab
1232 3169 1358 3223 aliis
1398 3187 1498 3240 per
1537 3171 1989 3226 incredulitatem
2019 3172 2178 3225 audi-

585 3249 682 3300 tur
727 3247 787 3302 in
832 3257 1090 3318 mortem,
1139 3255 1210 3308 ab
1253 3257 1380 3310 aliis
1421 3275 1522 3329 per
1563 3259 1733 3314 ﬁdem
1780 3259 2082 3330 suscipitur
2122 3260 2181 3314 in

588 3334 850 3389 salutem.

665 3419 749 3478 16.
783 3422 988 3480 Laur-rc.
1021 3429 1200 3483 Bonus
1229 3431 1381 3485 odor.
1423 3432 1751 3489 Praedicatio
1781 3434 2004 3505 quidem
2035 3434 2180 3490 bona

589 3512 678 3563 est
702 3509 762 3564 in
787 3513 1060 3584 utrisque,
1091 3517 1190 3571 sed
1219 3519 1314 3589 qui
1340 3519 1726 3576 inobedientes
1769 3527 1919 3585 sunt,
1957 3523 2068 3577 illis
2103 3524 2180 3577 sit

589 3598 911 3668 [iudicatio
940 3603 1080 3658 odor
1110 3607 1327 3676 mortis,
1355 3608 1414 3663 id
1447 3615 1550 3678 est,
1585 3611 1815 3682 peccati,
1850 3612 1910 3666 in
1937 3617 2178 3668 mortem

585 3690 877 3744 sternam.

663 3776 690 3830 1
704 3776 752 3832 7.
778 3779 1026 3836 AMBROS.
1046 3783 1193 3839 Aliis
1214 3787 1347 3840 odor
1362 3790 1578 3842 mortis.
1597 3788 1905 3844 Incredulis
1921 3791 2180 3861 praedica-

587 3865 666 3921 tio
697 3867 904 3924 Christi
926 3871 1065 3926 odor
1089 3873 1286 3928 mortis
1314 3880 1418 3933 est.
1445 3876 1753 3932 Audientes
1773 3879 1922 3932 enim
1943 3879 2177 3934 verbum

586 3955 710 4022 Dei,
757 3957 838 4013 sic
890 3961 1172 4032 accipiunt
1221 3965 1380 4034 quasi
1429 3971 1661 4036 pestem,
1721 3983 1786 4020 ex
1840 3984 1952 4039 qua
1999 3968 2180 4024 oritur

587 4061 762 4104 mors.

665 4133 750 4192 18.
779 4135 1190 4204 Adulterantes,
1223 4141 1281 4196 id
1309 4147 1413 4208 est,
1447 4144 1941 4216 pseudoapostolos
1969 4147 2174 4218 tangit,

2259 2459 2496 2528 epistola
2537 2465 2750 2526 nostra,
2797 2475 2920 2530 qua
2949 2475 3052 2514 nos
3083 2457 3464 2524 commendat,
3497 2455 3559 2510 id
3588 2459 3694 2522 est,
3727 2451 3857 2507 ﬁdes

2259 2551 2462 2602 vestra.

2331 2634 2384 2692 2.
2431 2637 2675 2705 Epistola
2707 2641 2916 2692 nostra.
2965 2635 3241 2708 Epistola,
3290 2633 3505 2706 inquit,
3544 2635 3743 2688 nostra
3767 2642 3856 2681 vos

2261 2725 2416 2789 estis,
2441 2725 2500 2780 id
2523 2729 2628 2793 est,
2659 2725 2796 2780 ﬁdes
2819 2730 3014 2781 nostra
3033 2741 3133 2796 per
3153 2739 3278 2779 eam
3306 2723 3600 2788 laudatur,
3631 2736 3697 2774 eo
3717 2713 3856 2789 quod

2259 2813 2656 2884 praedicatione
2687 2819 2880 2869 nostra
2905 2829 3000 2868 vos
3023 2814 3095 2868 ad
3125 2813 3292 2867 ﬁdem
3312 2809 3718 2866 convertimus.

2332 2906 2384 2958 3.
2417 2905 2486 2958 In
2506 2905 2759 2958 cordibus
2786 2905 3006 2956 nostris.
3034 2902 3146 2956 Vos
3173 2905 3229 2954 et
3254 2899 3429 2954 ﬁdem
3457 2902 3709 2954 vestram
3732 2891 3856 2948 obli-

2259 2989 2409 3044 vioni
2431 3007 2545 3045 non
2564 2991 2916 3056 tradidimus,
2940 2989 3039 3044 sed
3057 2989 3116 3043 in
3136 2988 3412 3042 memoria
3431 2991 3631 3042 nostra
3644 2996 3856 3052 semper

2260 3083 2659 3223 ΘεῗοΑυρυετ.
2695 3169 2812 3236 (lib.
2843 3169 2916 3221 De
2932 3169 3138 3236 spiritu
3164 3170 3213 3218 et
3243 3166 3350 3230 lit.,
3374 3181 3424 3219 c.
3457 3161 3545 3220 17.
3568 3167 3706 3216 tom.
3732 3157 3849 3224 III).

2262 3259 2330 3311 In
2380 3259 2582 3311 tabulis
2621 3258 2819 3311 cordis.
2872 3255 3138 3310 Carnales
3178 3257 3368 3307 autem
3412 3250 3642 3306 tabulas
3681 3245 3851 3303 cordis

2262 3344 2420 3412 dixit,
2452 3361 2564 3400 non
2592 3345 2832 3400 carnalis
2865 3342 3204 3416 prudentiae;
3236 3341 3335 3396 sed
3362 3347 3647 3412 tanquam
3673 3338 3850 3391 viven-

2260 3433 2351 3501 tis,
2385 3450 2725 3505 sensumque
2759 3433 3038 3499 habentis,
3082 3432 3141 3485 in
3177 3429 3601 3501 comparatione
3631 3423 3843 3498 lapidis,

2199 3523 2354 3610 Bqui
2388 3523 2510 3578 sine
2539 3539 2707 3577 sensu
2737 3526 2840 3576 est.

2334 3613 2384 3668 5.
2419 3613 2739 3683 (ibid.,cap.
2769 3610 2866 3679 14).
2894 3611 3098 3664 Littera
3119 3611 3269 3662 enim
3289 3609 3509 3662 occidit.
3542 3601 3783 3660 Attende
3797 3603 3848 3652 et

2259 3699 2383 3755 vide
2406 3705 2467 3754 ut
2484 3717 2611 3755 cum
2641 3698 2947 3770 quidquam
2976 3701 3204 3769 pr0pter
3233 3694 3742 3755 circumcisionem,
3772 3685 3846 3740 vel

2263 3788 2588 3856 Sabbatum,
2615 3790 2700 3842 vel
2721 3788 2854 3860 quid
2883 3786 3035 3841 aliud
3060 3783 3374 3840 umbratilis
3405 3777 3766 3841 sacramenti,
3790 3789 3847 3828 ac

2260 3895 2373 3933 non
2411 3883 2590 3933 totum
2623 3882 2850 3949 propter
2877 3876 2982 3929 hoc
3007 3875 3191 3942 dicat;
3237 3873 3386 3945 quod
3434 3873 3627 3926 littera
3666 3863 3848 3939 prohi-

2258 3968 2415 4033 bens,
2431 3971 2720 4038 peccatum
2738 3982 2850 4019 non
2865 3963 3102 4018 viviﬁcat
3115 3962 3212 4036 [al.
3227 3961 3536 4033 .justificat]
3550 3955 3737 4013 homin
3745 3969 3843 4050 aII-1,

2259 4057 2356 4112 sed
2379 4056 2567 4126 potius
2588 4054 2806 4120 occidit,
2829 4053 3086 4124 augendo
3110 4050 3644 4122 concupiscentiam,
3674 4050 3730 4100 et
3749 4044 3846 4096 ini-

2261 4145 2534 4218 quitatem
2585 4142 3040 4216 praevaricatione
3090 4140 3453 4206 cumulando,
3505 4137 3615 4191 nisi
3659 4133 3846 4189 liberet

589 4222 688 4294 qui
722 4225 891 4280 ve‘rba
920 4227 1022 4281 Dei
1046 4244 1148 4299 per
1174 4230 1381 4285 malam
1408 4232 1927 4304 interpretationem
1964 4237 2176 4291 adulte-
2255 4234 2439 4306 gratia
2466 4249 2568 4305 per
2596 4233 2776 4304 legem
2806 4231 2956 4299 ﬁdei,
2987 4247 3108 4302 quae
3135 4234 3220 4284 est
3249 4228 3307 4283 in
3338 4228 3565 4284 Christo
3594 4225 3746 4280 Jesu.

587 4310 811 4370 rabant.
842 4315 988 4369 Nam
1025 4317 1287 4372 tollentes
1314 4319 1560 4376 divinum
1597 4340 1842 4391 sensum,
1872 4325 2180 4381 humanum

589 4400 892 4455 ponebant.

588 4407 892 4472 ponebant.

661 4489 750 4545 19-.
772 4489 978 4547 Lam.
1010 4494 1418 4552 Adulterantes.
1442 4500 1679 4556 Adulter
1697 4518 1808 4556 non
1833 4503 2034 4573 quierit
2056 4519 2180 4574 pro-

2333 4325 2385 4376 6.
2417 4323 2623 4376 LANFR.
2666 4324 2874 4376 Littera
2918 4321 3132 4374 occidit.
3177 4317 3488 4388 Dupliciter
3529 4315 3714 4386 potest
3753 4307 3846 4360 hoc

2260 4410 2520 4482 intelligi,
2547 4410 2634 4465 vel
2664 4409 2797 4480 quia
2820 4409 2941 4463 sine
2967 4407 3350 4462 misericordia
3370 4408 3666 4478 peccantes
3686 4392 3847 4453 occidi

2257 4499 2435 4572 jubet,
2483 4499 2706 4556 dicens:
2753 4498 2812 4553 Si
2855 4497 2978 4568 quis
3008 4497 3114 4552 hoc
3140 4497 3227 4550 vel
3254 4495 3392 4550 illud
3421 4491 3636 4556 fecerit,
3679 4488 3846 4541 morte

589 4577 722 4646 lem,
753 4580 853 4635 sed
888 4581 1235 4639 voluntatem
1272 4589 1518 4659 corporis
1557 4592 1798 4662 explere.
1846 4591 2009 4646 Tales
2049 4597 2184 4645 sunt
2264 4588 2559 4643 moriatur.
2593 4587 2698 4642 Vel
2727 4585 3028 4642 carnaliter
3051 4585 3362 4652 observata,
3395 4583 3646 4638 animam
3672 4575 3846 4631 obser-

591 4665 690 4738 qui
718 4683 821 4738 pro
850 4673 1073 4726 terreno
1102 4675 1392 4729 commodo
1434 4676 1666 4732 verbum
1703 4679 1806 4733 Dei
1855 4677 2179 4749 praedicant,

589 4770 704 4810 non
731 4763 1042 4828 quaerentes
1062 4760 1209 4816 ﬁlios
1236 4763 1554 4834 spirituales
1577 4783 1868 4838 generare.

2265 4677 2445 4732 vantis
2471 4676 2750 4731 occidunt.

2337 4767 2388 4820 7.
2433 4766 2680 4835 Spiritus
2722 4767 2909 4818 autem
2950 4765 3209 4830 viviﬁcat,
3253 4760 3310 4815 id
3344 4763 3450 4826 est,
3482 4749 3838 4830 spiritualiter

659 4843 753 4902 20.
798 4847 886 4902 Ea;
924 4851 1049 4904 Deo.
1096 4851 1174 4905 Ex
1211 4851 1347 4917 Deo,
1377 4852 1580 4925 inquit,
1618 4855 1921 4927 loquimur,
1953 4855 2084 4927 quia
2113 4872 2178 4910 ex
2197 4859 2240 4919 Ο
2263 4854 2546 4909 intellecta
2568 4852 2914 4908 observantis
2942 4850 3190 4906 animam
3219 4849 3476 4904 vivificat.

587 4931 705 4990 Deo
736 4936 1058 5008 accipimus,
1092 4939 1240 5012 quod
1267 4941 1652 5013 pradicamus.

657 5025 902 5081 Amos;
943 5026 1030 5081 Ea:
1048 5029 1168 5096 Deo,
1201 5029 1259 5084 id
1287 5035 1392 5096 est,
1424 5032 1703 5102 quomodo
1735 5032 1885 5086 Deus
1913 5031 2086 5086 dedit.

660 5113 750 5172 21.
781 5114 986 5169 LANFR.
1021 5117 1220 5173 Coram
1246 5121 1371 5175 Deo’.
1415 5121 1558 5186 Quia
1584 5120 1666 5175 illi
1693 5121 1918 5193 placere
1946 5125 2179 5176 conten-

585 5203 793 5261 «liuius.

659 5295 823 5349 CAP;
855 5293 962 5349 III.
1008 5324 1070 5337 -—
1128 5296 1171 5353 1.
1204 5297 1410 5352 LANFR.
1459 5298 1764 5365 lncipimus
1807 5299 2032 5366 iterum,
2065 5303 2169 5354 etc.

587 5381 719 5437 Non.
741 5397 864 5449 nos,
893 5381 1095 5456 inquit,
1138 5385 1615 5450 commendamus,
1661 5385 1817 5439 nulla
1846 5387 1996 5440 enim
2025 5403 2179 5442 com-

587 5470 946 5527 mendatione
971 5473 1308 5546 indigemus,
1342 5474 1473 5544 quia
1500 5489 1604 5528 nec
1631 5473 1729 5530 illa
1757 5491 1879 5546 quae
1906 5475 1972 5530 ﬁt
1998 5475 2177 5546 vobis,

589 5574 694 5619 nec
736 5575 858 5636 qua
904 5564 972 5622 ﬁt
1013 5563 1237 5631 litteris,
1288 5562 1423 5637 quia
1463 5579 1566 5637 per
1592 5561 1886 5639 epistolam
1927 5567 1984 5637 (a
2008 5567 2172 5643 pari).

2329 4941 2384 4998 8.
2417 4943 2568 5011 Quod
2581 4945 2631 4997 si
2646 4943 3007 4996 ministratio.
3036 4935 3460 4995 Commendatio
3481 4939 3538 4990 et
3557 4931 3679 5020 laus
3703 4925 3836 5020 ovi

2260 5030 2636 5098 Testamenti;
2678 5030 2941 5100 dicitque,
2986 5029 3034 5083 si
3075 5026 3416 5082 ministratio
3458 5019 3660 5112 veteris
3709 5015 3838 5112 legis

2260 5119 2503 5174 formata
2544 5118 2767 5183 litteris,
2808 5117 2867 5172 in
2911 5117 3116 5172 tabulis
3158 5115 3414 5187 lapideis,
3443 5111 3550 5167 fuit
3577 5108 3749 5176 Moysi
3781 5108 3835 5151 ἱῐι

2261 5214 2479 5265 tantam
2499 5207 2739 5280 gloriam
2762 5211 2828 5262 ut
2847 5205 2949 5260 ﬁlii
2969 5205 3144 5260 Israel
3167 5205 3365 5259 faciem
3388 5203 3509 5274 ejus
3531 5197 3713 5250 videre
3731 5201 3834 5243 non

2261 5302 2505 5371 possent,
2539 5302 2767 5369 propter
2793 5295 3104 5350 claritatem
3127 5295 3314 5348 vultus
3343 5293 3485 5362 ejus,
3511 5301 3637 5373 quae
3655 5287 3832 5373 tamen

2258 5369 2586 5442 transitoria
2629 5385 2770 5452 fuit;
2816 5384 3093 5455 quomodo
3131 5399 3243 5437 non
3286 5381 3466 5451 magis
3508 5369 3831 5430 ministratio

2260 5492 2414 5532 novae
2443 5474 2584 5546 legis
2613 5474 2723 5529 erit
2758 5473 3023 5544 apostolis
3060 5472 3118 5526 in
3147 5471 3382 5542 gloriam
3424 5462 3825 5546 sempiternam:

2261 5563 2444 5622 Vetus
2489 5536 2679 5620 autem
2721 5536 2813 5618 lsi
2845 5536 3185 5617 ministratib
3225 5556 3422 5615 mortis
3459 5549 3702 5629 dicitur;
3752 5536 3828 5594 vel
