3912 6386
69 301 167 358 2-2:,
737 300 812 354 1N
853 300 918 354 ι).
961 299 1172 355 PAULI
1213 301 1433 358 EPIST.
1477 301 1848 371 COMMENT.
1890 331 1957 342 —
1998 301 2219 374 EBlST.
2259 301 2312 356 Π
2349 301 2446 372 AD
2485 301 2647 357 COR.
3214 302 3322 364 226

69 428 300 491 liﬁcans,
336 423 541 479 litteris
571 424 902 490 deformata,
941 427 1165 492 scripta,
1191 424 1250 479 in
1275 425 1573 496 lapidibus,
1599 427 1820 490 tabulis,
1854 424 1964 480 fuit
2001 424 2061 479 in
2086 424 2285 496 gloria,
2318 426 2509 492 Moysi,
2533 423 2589 479 9.
2617 424 2697 480 ita
2725 430 2790 480 ut
2811 427 3048 496 (exponit
3088 431 3317 486 modum

65 517 252 580 gloria
279 516 499 582 Moysi),
532 531 645 568 non
677 519 906 584 possent
927 514 1218 568 intendere
1235 514 1336 568 ﬁlii
1358 515 1532 569 Israel
1553 515 1610 569 in
1639 514 1835 568 faciem
1868 512 2096 583 Moysis,
2131 517 2360 584 propter
2385 512 2644 582 gloriam,
2689 530 2802 581 pra:
2833 517 3018 569 nimia
3041 520 3316 586 claritate,

67 603 248 656 vultus
275 604 418 673 ejus,
439 619 562 673 qua:
585 605 768 671 gloria
790 607 1112 667 evacuatur,
1141 605 1365 669 transit,
1385 603 1662 673 quomodo
1683 618 1796 656 non
1824 600 2006 672 magis
2035 599 2374 655 ministratio
2387 600 2637 671 spiritus,
2660 605 2976 669 spiritualis
2989 609 3319 674 testamenti,

69 691 169 744 erit
198 691 260 744 in
283 691 504 761 gloria?
534 693 688 745 nobis
717 694 992 759 apostolis.
1027 692 1355 758 (Responsio,
1383 695 1464 745 vel
1483 693 1677 758 probat
1701 705 1735 742 a
1763 691 1932 758 pari.)
1964 689 2109 742 Nam
2140 689 2189 742 si
2217 688 2557 743 ministratio
2573 690 2967 758 damnationis,
2999 682 3324 748 damnantis

72 783 194 848 legis
210 784 275 834 in
290 780 474 850 gloria
496 785 582 834 est
599 781 790 846 Moysi,
805 780 982 834 multo
997 779 1176 850 magis
1189 779 1440 834 abundat
1455 777 1828 833 ministerium
1841 776 2078 848 justitiae
2095 777 2154 831 in
2167 777 2350 847 gloria
2364 780 2638 846 apostolis.
2663 775 2746 835 10.
2771 779 2916 833 Nam
2927 795 3030 834 nec
3047 781 3322 850 gloriﬁca-

47 874 181 922 -tum
205 873 296 921 est
315 868 468 939 quod
483 873 610 933 θαι
627 867 830 921 claruit
845 867 905 921 in
924 867 1028 921 hac
1038 872 1217 938 parte,
1240 869 1300 920 id
1319 871 1411 931 est,
1438 869 1502 920 in
1520 867 1699 935 Moyse
1727 869 1945 920 nullius
1972 869 2164 935 gloriae
2181 872 2276 926 est,
2300 871 2577 938 quantum
2604 869 2679 921 ad
2698 871 3040 924 excellentem
3053 872 3319 938 gloriam,

69 974 177 1026 quae
198 962 278 1011 est
307 960 373 1010 in
401 957 775 1026 apostolorum
792 957 1202 1026 praedicatione,
1230 959 1460 1026 propter
1488 954 1850 1009 excellentem
1869 955 2109 1025 gloriam
2125 959 2519 1024 apostolorum.
2539 955 2598 1009 Si
2627 955 2778 1010 enim
2801 958 3070 1026 (repetitio
3085 962 3166 1014 vel
3187 975 3325 1029 pro-

75 1047 212 1100 batio
245 1061 282 1100 a
305 1049 462 1114 pari)
483 1044 722 1117 11.quod
744 1051 1047 1100 evacuatur
1061 1045 1148 1114 (ad
1168 1045 1264 1098 hoc
1282 1063 1300 1109 ;
1331 1059 1445 1098 non
1473 1046 1524 1098 si
1555 1045 1903 1096 ministratio
1917 1042 2459 1112 damnationis,etc.)
2471 1043 2821 1114 pergloriam
2840 1046 3127 1110 est,multo
3142 1047 3326 1120 magis

71 1135 209 1205 quod
237 1135 530 1201 manet,in
549 1135 731 1206 gloria
751 1142 853 1201 est,
878 1151 1002 1202 ergo
1022 1135 1337 1188 habebimus
1357 1134 1598 1201 gloriam
1624 1135 1676 1199 (a
1706 1135 1939 1202 minori)
1963 1137 2011 1186 et
2039 1149 2168 1186 cum
2195 1134 2491 1187 habeamus
2535 1150 2682 1203 spem
2711 1138 2923 1202 gloria,
2955 1153 3083 1191 cum
3118 1140 3326 1204 ﬁducia

67 1225 450 1292 pre-dicamus,
475 1229 527 1278 et
554 1225 652 1278 hoc
676 1228 768 1278 est.
801 1223 1083 1278 Habentes
1105 1221 1281 1292 igitur
1308 1221 1478 1274 talem
1494 1236 1650 1292 spem
1675 1223 1869 1288 gloria
1898 1237 1961 1274 ea:
1977 1221 2273 1288 Evangelio
2305 1223 2579 1288 habendae,
2601 1223 2781 1277 multa
2795 1223 3001 1278 ﬁducia
3019 1225 3326 1292 utimur,in

69 1313 362 1379 Evangelia
380 1328 404 1379 ;
433 1316 494 1366 et
521 1328 636 1366 non
660 1311 803 1366 sicut
833 1313 1045 1382 Moyses
1071 1309 1314 1382 ponebat
1341 1309 1594 1363 velamen
1623 1325 1792 1380 super
1818 1308 2020 1363 faciem
2039 1325 2220 1375 suam,
2248 1325 2363 1364 non
2384 1313 2646 1379 ponimus
2674 1315 2920 1366 velamen
2941 1327 3107 1381 super
3125 1315 3326 1380 faciem

75 1405 342 1464 nostram,
367 1401 429 1453 id
444 1405 540 1464 est,
557 1415 671 1454 non
685 1401 941 1454 habemus
961 1402 1138 1452 velata
1160 1399 1343 1463 verba,
1373 1400 1516 1450 sicut
1547 1397 1750 1463 Moyses
1777 1416 1794 1461 ;
1831 1399 1974 1465 quod
1996 1398 2423 1465 signiﬁcabatur
2443 1400 2506 1452 in
2535 1399 2825 1464 velamine,
2849 1403 2915 1453 ut
2937 1414 3049 1453 non
3068 1399 3326 1456 intende-

71 1491 189 1539 rent
201 1485 306 1540 ﬁlii
325 1484 1067 1553 Israelinfaciem,velamen
1097 1485 1218 1554 ejus
1239 1483 1387 1554 quod
1417 1487 1736 1550 evacuatur,
1768 1485 2030 1552 aufertur
2062 1487 2126 1539 in
2157 1485 2515 1539 Christianis.
2557 1485 2666 1539 Sed
2716 1490 2900 1539 tamen
2937 1487 3117 1540 adhuc
3141 1487 3328 1544 obtusi

69 1577 195 1628 sunt
216 1589 422 1628 sensus
435 1577 729 1640 eorum,id
743 1579 834 1640 est,
861 1575 1202 1639 Judzorum,
1227 1575 1327 1642 qui
1342 1573 1522 1626 adhuc
1558 1588 1674 1626 non
1696 1578 1929 1641 possunt
1956 1575 2281 1641 intelligere.
2311 1573 2500 1643 Usque
2527 1572 2587 1626 in
2621 1572 2957 1626 hodiernum
2984 1573 3134 1628 enim
3155 1575 3327 1643 diem,

68 1661 313 1732 idipsum
325 1663 583 1718 velamen
603 1663 662 1717 in
677 1663 914 1718 lectione
931 1661 1149 1716 Veteris
1159 1659 1504 1716 Testamenti
1516 1665 1710 1715 manet
1727 1663 1878 1730 apud
1894 1664 2106 1716 Juda'os
2122 1678 2236 1716 non
2248 1662 2561 1715 revelatum
2582 1663 2909 1728 incredulis,
2932 1664 3068 1730 quia
3091 1665 3330 1720 credulis

69 1757 287 1804 tantum
318 1755 602 1806 revelatur
632 1751 914 1822 (quoniam
944 1751 1001 1805 in
1023 1749 1265 1816 Christo,
1288 1749 1494 1803 Christi
1521 1751 1623 1816 ﬁde
1651 1751 2014 1818 credentibus,
2048 1754 2394 1820 evacuatur),
2417 1750 2515 1803 sed
2536 1765 2716 1819 usque
2732 1748 2792 1802 in
2811 1749 3144 1805 hodiernum
3154 1751 3329 1820 diem,

68 1856 184 1894 011m
203 1839 426 1910 legitur
443 1839 683 1911 Moyses,
704 1839 960 1894 velamen
988 1839 1233 1908 positum
1263 1843 1349 1891 est
1371 1853 1542 1908 super
1561 1852 1657 1890 cor
1678 1853 1893 1903 eorum,
1939 1841 2277 1892 Judzorum.
2315 1837 2458 1892 Cum
2500 1842 2691 1891 autem
2739 1852 3038 1892 conversus
3067 1838 3237 1893 fuerit
3259 1840 3332 1896 ad

68 1928 392 1993 Dominum,
409 1929 474 1981 de
501 1929 755 1981 cordibus
779 1943 969 1981 eorum
983 1925 1271 1980 auferetur
1285 1927 1668 1994 intelligentia
1684 1925 1957 1980 velamen.
1974 1924 2336 1983 l2.Dominus
2356 1929 2547 1980 autem
2567 1925 2807 1996 Spiritus
2827 1930 2934 1992 est,
2949 1925 3131 1982 l3.ubi
3141 1933 3334 1984 autem

70 2017 314 2087 Spiritus
333 2015 582 2081 Domini,
604 2014 689 2072 14.
708 2014 787 2069 ibi
805 2014 1052 2079 libertas,
1077 2015 1138 2068 id
1157 2019 1251 2078 est,
1273 2013 1450 2066 libera
1472 2013 1970 2081 intelligentia.15,
2004 2014 2085 2071 16.
2102 2015 2217 2069 Nos
2235 2031 2362 2068 vero
2384 2029 2597 2078 omnes,
2629 2015 2849 2082 (Moyses
2876 2018 3084 2069 velatus
3114 2031 3334 2085 non-po-

73 2111 205 2158 terat
234 2105 528 2173 intelligi;
553 2106 646 2158 sed
661 2120 757 2158 nos
789 2123 804 2158 :
834 2104 1204 2176 (commendat
1231 2105 1304 2168 se)
1327 2101 1576 2156 revelata
1607 2101 1770 2168 facie,
1798 2106 1989 2171 planis
2003 2104 2201 2169 verbis,
2223 2104 2514 2156 interioris
2529 2103 2775 2156 hominis
2789 2106 2964 2172 oculo,
2991 2100 3332 2173 17.gloriam

71 2192 310 2260 Domini,
325 2197 593 2248 aternam
615 2193 1006 2247 beatitudinem
1025 2195 1091 2247 in
1111 2192 1255 2248 Novo
1283 2191 1617 2246 Testamento
1631 2193 1987 2260 promissam,
2005 2192 2375 2263 speculantes,
2392 2206 2505 2246 non
2519 2193 2848 2260 temporalia
2877 2191 3331 2263 inlpseudojuda,

1410 2332 1993 2390 COMMENTARIUS.

75 2474 201 2544 quia
227 2474 354 2530 sine
376 2474 762 2531 misericordia
787 2479 1107 2552 peccatores
1131 2472 1514 2545 puniebat,vel
1529 2474 1663 2546 quia
1676 2473 1822 2541 Aibi
1853 2473 1978 2540 erit,
2009 2474 2106 2555 qui
2135 2490 2260 2529 eam
2277 2473 2461 2543 dabit;
2493 2479 2552 2529 et
2581 2474 2689 2530 hoc
2716 2475 2951 2546 probat:
2982 2477 3229 2550 Spiritus
3247 2485 3338 2538 est
3385 2525 3395 2536 .

74 2568 194 2632 post
205 2564 515 2619 adventum
539 2564 766 2631 Christi,
783 2565 854 2619 ad
872 2564 1118 2618 litteram
1135 2561 1445 2629 observata,
1461 2563 1665 2618 animae
1744 2561 2018 2618 Dominus
2041 2581 2054 2631 ;
2088 2564 2186 2618 sed
2205 2562 2522 2634 ubicunque
2535 2569 2620 2618 est
2651 2564 2944 2633 Dominus,
2963 2565 3043 2621 ibi
3069 2567 3332 2638 libertas;

76 2658 314 2707 mortem
340 2653 652 2711 ministrat.
689 2654 906 2708 Novum
929 2669 1062 2706 vero
1102 2652 1526 2707 Testamentum
1556 2652 1665 2706 mi-
1747 2668 1879 2722 ergo
1912 2651 2231 2723 ubicunque
2259 2657 2344 2706 est
2375 2651 2639 2724 Spiritus,
2665 2652 2743 2706 ibi
2774 2652 3004 2710 libertas
3021 2656 3081 2727 (a
3105 2673 3334 2727 genere,

75 2738 332 2794 nistratio
363 2742 594 2812 spiritus
623 2741 846 2807 dicitur,
862 2741 947 2795 vel
960 2739 1093 2812 quia
1113 2757 1211 2811 per
1224 2740 1408 2810 ipsum
1425 2739 1666 2810 Spiritus
1749 2741 2062 2812 assumptio
2077 2746 2134 2794 et
2143 2739 2441 2808 conclusio)
2465 2759 2477 2807 ;
2497 2741 2595 2794 sed
2613 2740 2676 2794 in
2693 2741 3176 2800 Israeleeonverso
3207 2747 3334 2815 erit,

75 2835 297 2884 sanctus
320 2829 638 2884 observanti
658 2830 846 2900 datur,
873 2829 956 2883 vel
1005 2829 1136 2900 quia
1179 2828 1242 2900 in_
1285 2845 1350 2882 eo
1379 2833 1539 2883 vetus
1579 2829 1667 2883 lex
1748 2844 1881 2898 ergo
1908 2828 1970 2882 in
1995 2845 2061 2883 eo
2080 2829 2189 2883 erit
2202 2827 2450 2883 libertas.

77 2916 446 2987 spiritualiter
475 2919 816 2989 intelligitur
843 2922 900 2971 et
927 2922 1200 2972 servatur.
1822 2917 1906 2971 15.
1940 2918 2045 2971 Nos
2073 2932 2199 2972 vero
2225 2932 2410 2975 omnes
2429 2919 2689 2973 revelata.
2721 2917 2858 2986 Nos,
2909 2919 3112 2990 inquit,
3145 2937 3342 2979 omnes

141 3001 195 3059 9.
225 3006 512 3075 AUGUST.(
542 3005 637 3060 lib.
675 3011 918 3060 ncontra
938 3007 1149 3059 advers.
1169 3007 1299 3073 legis
1315 3009 1364 3059 et
1387 3006 1659 3073 prophel.,

77 3108 120 3144 ς.
154 3093 210 3161 7,
238 3099 380 3147 tom.
409 3094 523 3162 VI).
555 3095 640 3149 Ita
677 3100 738 3148 ut
761 3110 872 3147 non
897 3098 1112 3162 possent
1142 3095 1253 3161 ﬁlii
1282 3094 1473 3147 Israel.
1509 3091 1668 3156 Quod

78 3197 186 3234 non
218 3185 487 3252 poterant
514 3182 613 3237 ﬁlii
636 3183 809 3237 Israel
836 3182 1130 3237 intendere
1185 3181 1246 3236 in
1296 3181 1498 3235 faciem
1529 3181 1668 3250 ejus,

82 3275 310 3340 propter
337 3270 578 3341 gloriam
606 3271 792 3325 vultus
849 3272 992 3342 ejus,
1046 3270 1271 3340 signum
1301 3274 1424 3324 erat
1446 3269 1576 3339 quia
1613 3269 1674 3322 in

83 3355 200 3426 lege
230 3357 524 3412 Christum
551 3357 889 3413 intellecturi
909 3374 1022 3413 non
1051 3363 1248 3425 erant;
1292 3363 1350 3412 et
1376 3357 1502 3412 ideo
1521 3357 1672 3412 vela-

83 3460 207 3498 men
236 3445 391 3499 inter
431 3445 632 3500 faciem
668 3447 877 3518 Moysis
908 3452 965 3501 et
994 3446 1120 3500 illos
1148 3445 1394 3517 positum
1429 3450 1568 3518 erat,
1611 3449 1677 3499 ut

85 3548 195 3586 non
257 3534 638 3600 intenderent,
671 3534 814 3589 sicut
855 3534 1122 3606 scriptum
1178 3539 1266 3589 est
1296 3552 1308 3589 :
1341 3533 1468 3588 Filii
1498 3532 1675 3590 Israel

81 3637 256 3693 usque
282 3622 345 3676 in
373 3624 565 3690 ﬁnem,
594 3629 701 3679 etc.

161 3710 223 3766 10
237 3755 249 3768 .
269 3711 490 3766 Laure.
505 3714 657 3777 Nam
677 3729 775 3766 nec
786 3714 1160 3780 gloriﬁcatum
1190 3716 1283 3764 est.
1303 3710 1452 3766 Ordo
1477 3729 1489 3765 :
1524 3711 1674 3783 quod

1750 3005 1988 3076 apostoli
2015 3004 2264 3058 revelata
2287 3003 2428 3057 facie
2455 3020 2570 3058 non
2597 3010 2880 3075 cooperta,
2911 3006 3058 3062 sicut
3094 3009 3338 3080 Moyses,

1751 3093 2038 3147 caelestem
2057 3092 2298 3162 gloriam
2326 3092 2682 3163 speculantes
2709 3093 2784 3150 ad
2814 3094 2997 3165 ipsam
3055 3095 3208 3152 enim
3253 3102 3344 3155 est

1752 3181 1990 3236 intentio
2012 3187 2206 3236 nostra
2233 3180 2367 3251 quia
2393 3196 2544 3234 nunc
2573 3197 2673 3251 per
2692 3183 2982 3252 speculum
3014 3188 3072 3238 et
3097 3185 3344 3257 anigma

1753 3270 2006 3326 videmus
2026 3270 2083 3323 in
2099 3269 2354 3323 eamdem
2374 3268 2633 3339 gloriam,
2661 3285 2784 3340 quae
2802 3270 3005 3340 adhuc,
3029 3289 3143 3328 non
3162 3275 3346 3346 qualis

1757 3363 1861 3426 est,
1883 3362 2137 3430 apparet;
2153 3357 2251 3412 sed
2283 3356 2442 3428 quasi
2467 3357 2724 3427 quaedam
2754 3357 2942 3429 imago
2964 3359 3188 3416 videtur
3212 3364 3342 3433 ﬁde,

1756 3451 1814 3500 et
1829 3445 1992 3501 bonis
2019 3444 2280 3516 operibus
2308 3444 2794 3499 transformamur.
2816 3446 2882 3500 In
2919 3447 3025 3502 hoc
3045 3449 3192 3504 enim
3223 3467 3350 3508 con-

1754 3534 2042 3590 tendimus
2055 3539 2119 3588 ut
2136 3532 2446 3588 conformes
2462 3533 2584 3604 ejus
2601 3532 2724 3588 ﬁeri
2737 3533 3018 3604 possimus
3043 3553 3078 3592 a
3092 3538 3355 3597 claritate

1755 3623 1887 3678 ﬁdei
1915 3627 2255 3694 perventura
2279 3621 2339 3675 in
2364 3620 2677 3675 claritatem
2697 3622 2836 3693 spei.

1836 3708 1916 3767 16.
1940 3713 2186 3766 Ansaos.
2219 3712 2326 3765 Nos
2353 3727 2480 3764 vero
2517 3725 2701 3764 omnes
2739 3714 2997 3766 revelata.
3028 3712 3137 3768 Per
3154 3714 3346 3786 ﬁdem,

89 3801 305 3868 claruit,
336 3817 441 3856 nec
468 3802 843 3872 gloriﬁcatum
867 3806 954 3856 est
985 3801 1044 3855 in
1094 3801 1201 3854 hac
1227 3805 1404 3872 parte,
1446 3805 1738 3872 propterB
1759 3800 2132 3871 speculantes,
2190 3799 2262 3853 ad
2299 3799 2556 3854 eamdem
2610 3797 2914 3869 imaginem
2959 3802 3352 3863 transformari

89 3890 446 3944 excellentem
467 3891 724 3970 gloriam.
746 3889 984 3963 Exponit
1001 3889 1237 3961 gloriam
1249 3889 1679 3962 praedicatorum

91 3979 222 4034 Novi
233 3980 608 4034 Testamenti.
628 3979 776 4034 Dicit
789 3980 938 4034 enim
953 3979 1102 4051 quod
1119 3978 1286 4034 facies
1303 3978 1530 4050 Moysis,
1555 3995 1679 4050 quae

90 4068 143 4122 in
169 4068 312 4140 legis
345 4068 547 4122 veteris
567 4068 779 4123 latione
809 4068 1030 4134 claruit,
1061 4084 1174 4122 non
1190 4071 1376 4139 potest
1394 4067 1681 4139 diciglori-

92 4157 268 4225 ﬁcata,
295 4158 356 4212 in
384 4157 834 4212 consideratione
863 4157 1026 4211 istius
1061 4157 1258 4228 partis,
1293 4156 1351 4210 id
1383 4162 1486 4224 est,
1517 4157 1568 4211 si
1605 4157 1677 4211 ad

92 4247 468 4318 apostolorum
494 4247 735 4316 gloriam
763 4247 1058 4324 referatur,
1075 4252 1306 4318 propter
1318 4247 1680 4302 excellentem

93 4336 322 4404 gloriam
355 4351 527 4406 quam
550 4335 762 4390 habent
779 4340 836 4391 et
861 4335 1112 4390 habituri
1143 4340 1295 4389 sunt.

156 4425 245 4482 11.
269 4425 424 4491 Quod
454 4429 776 4480 evacuatur.
810 4424 1083 4479 Velamen
1101 4424 1303 4479 veteris
1333 4423 1474 4496 legis
1492 4425 1682 4479 aufer-

96 4518 182 4567 tur
204 4531 376 4581 nunc,
410 4513 545 4585 quia
559 4514 725 4569 modo
752 4515 1049 4585 exponitur
1078 4513 1349 4586 quidquid
1362 4513 1572 4584 legales
1593 4513 1688 4568 ob-

99 4604 440 4659 servationes
467 4603 944 4674 signiﬁcaverunt.

169 4693 248 4748 12.
285 4694 562 4747 Dominus
591 4697 780 4747 autem
807 4694 1042 4762 spiritus
1074 4696 1169 4750 est.
1203 4689 1354 4746 Ordo
1384 4708 1396 4744 :
1443 4689 1685 4762 Spiritus

100 4785 319 4835 sanctus
350 4784 440 4834 est
467 4780 761 4846 Dominus,
797 4784 855 4836 et
882 4785 1068 4852 potest
1103 4779 1325 4852 operari
1349 4779 1500 4850 quod
1528 4779 1683 4852 vult;

106 4883 164 4921 ac
189 4886 290 4940 per
310 4869 421 4924 hoc
449 4869 599 4940 quod
629 4885 770 4940 quos
815 4869 938 4924 vult
963 4868 1264 4937 illuminat,
1296 4884 1436 4941 quos
1472 4868 1592 4922 vult
1625 4868 1687 4923 in

102 4957 339 5012 tenebris
365 4964 425 5012 et
450 4957 782 5028 ignorantiae
804 4958 1028 5014 deserit.

171 5044 250 5104 13.
281 5048 383 5102 Ubi
411 5053 603 5101 autem
629 5046 876 5116 Spiritus
903 5049 1156 5102 Domini.
1183 5045 1423 5118 Exponit
1459 5063 1687 5102 causam

1760 3904 2071 3960 speramus,
2091 3888 2149 3942 id
2195 3891 2301 3957 est,
2322 3893 2387 3942 ut
2413 3886 2624 3942 similes
2663 3886 3034 3956 inveniamur,
3064 3894 3374 3950 transacta.

1759 3977 1866 4031 hac
1902 3976 2036 4036 vita,
2064 3975 2327 4047 imaginis
2345 3975 2540 4046 gloriae
2585 3975 2817 4030 Christi.
2849 3975 3009 4032 Unde
3047 3979 3292 4042 Joannes
3329 3999 3356 4041 ε.

1757 4065 1996 4132 Scimus,
2044 4064 2247 4137 inquit,
2279 4068 2434 4134 quia,
2468 4079 2598 4118 cum
2639 4066 2987 4134 apparuerit,
3042 4070 3256 4126 similes
3301 4075 3370 4128 ei,

1759 4157 1989 4210 erimus.

1836 4243 1922 4300 17.
1953 4245 2202 4298 AUGUs'r.
2232 4241 2350 4309 (lib.
2396 4254 2468 4296 xv
2497 4242 2570 4295 De
2593 4241 2775 4309 Trin.,
2806 4257 2929 4314 cap.
2959 4241 3012 4311 8,
3042 4249 3184 4300 tom.
3213 4246 3377 4321 IIl.)v

1762 4331 2011 4388 Gloriam
2029 4333 2255 4386 Domini
2277 4333 2631 4399 speculantes.
2667 4329 2787 4385 Hoc
2815 4332 3108 4404 speculum
3139 4335 3188 4390 si
3207 4352 3355 4409 qum-

1765 4436 1976 4486 ramus,
2000 4419 2247 4491 profecto
2262 4417 2403 4472 illud
2421 4418 2682 4485 occurrit,
2724 4419 2874 4489 quod
2901 4421 2962 4474 in
2991 4423 3218 4493 speculo
3246 4425 3358 4480 nisi

1766 4509 1952 4580 imago
1974 4507 2264 4580 [ad.,non]
2285 4510 2412 4573 93
2438 4506 2707 4562 cernitur.
2749 4507 2869 4563 Hoc
2888 4525 3022 4580 ergo
3049 4511 3232 4568 facere
3261 4530 3358 4570 co-

1765 4597 1883 4652 nati
1911 4613 2127 4668 sumus,
2147 4601 2211 4650 ut
2233 4612 2333 4667 per
2351 4596 2497 4650 hanc
2515 4595 2842 4667 imaginem,
2860 4598 3011 4669 quod
3029 4615 3132 4655 nos
3161 4617 3359 4660 sumus

1764 4687 2080 4743 videremus
2105 4689 2412 4756 utcunque,
2446 4699 2481 4738 a
2507 4699 2618 4756 quo
2674 4685 2810 4740 facti
2837 4701 3052 4755 sumus,
3084 4693 3358 4764 tanquam

1767 4792 1870 4848 per
1897 4775 2207 4847 speculum.
2226 4773 2590 4846 Speculantes
2613 4790 2747 4846 ergo
2775 4774 2916 4830 dixit
2943 4793 3046 4848 per
3067 4781 3360 4850 speculum

1767 4865 2036 4932 videntes,
2051 4881 2164 4918 non
2181 4863 2251 4918 de
2268 4863 2494 4934 speculo
2511 4863 2888 4934 [al.,specula]
2933 4868 3357 4939 prospicientes.

1769 4954 1929 5018 Quod
1947 4969 2076 5007 vero
2095 4953 2177 5007 ait
2195 4951 2255 5006 in
2274 4951 2530 5006 eamdem
2548 4950 2855 5021 imaginem
2863 4955 3357 5026 transformamur,

1768 5043 1964 5114 utique
1992 5041 2295 5112 imaginem
2325 5039 2426 5094 Dei
2456 5041 2576 5094 vult
2598 5039 2858 5111 intelligi,
2886 5044 3142 5099 eamdem
3171 5045 3361 5103 dicens

106 5148 197 5188 cur
221 5135 400 5190 Judaei
433 5135 612 5190 libere
635 5151 749 5190 non
777 5140 1014 5207 possunt
1038 5135 1352 5205 intelligere
1366 5135 1541 5190 Vetus
1556 5137 1688 5191 Tes-
1703 5126 1744 5189 C
1767 5132 1934 5188 istam
1951 5132 2132 5203 ipsam
2149 5130 2379 5196 scilicet,
2400 5129 2456 5184 id
2487 5134 2593 5198 est,
2625 5145 2794 5200 quam
2828 5132 3201 5201 speculamur,
3226 5135 3362 5206 quia

106 5226 429 5292 tamentam,
465 5229 525 5280 et
577 5240 678 5279 cur
727 5225 1120 5295 praedicatores
1163 5224 1306 5279 Novi
1341 5224 1688 5280 Testamenti

1771 5222 1967 5277 eadem
1985 5221 2172 5292 imago
2198 5219 2301 5275 Dei
2316 5223 2424 5286 est,
2439 5222 2496 5272 et
2509 5218 2693 5289 gloria
2706 5218 2830 5284 Dei,
2851 5219 3016 5274 sicuti
3034 5220 3168 5276 alibi
3186 5222 3350 5279 dicit:

109 5309 279 5380 ipsum
310 5313 1130 5384 libereintelligantzvidelicet
1168 5313 1394 5384 quiailli
1415 5314 1690 5386 Spiritum
1781 5312 1874 5366 Vir
1904 5311 2125 5380 quidem
2151 5325 2263 5364 non
2309 5309 2455 5362 debet
2493 5310 2673 5361 velare
2715 5312 2878 5376 caput
2914 5323 3100 5374 suum,
3133 5315 3361 5368 sumsit

109 5398 198 5455 Dei
223 5401 336 5458 non
366 5401 599 5470 habent,
627 5401 688 5456 hi
713 5407 902 5458 autem
933 5401 1162 5460 habent.

1771 5403 1955 5468 imago
1982 5404 2034 5453 et
2058 5399 2240 5468 gloria
2271 5401 2382 5452 Dei.
2413 5394 2906 5451 Transformamur
2937 5411 3069 5467 ergo
3097 5396 3258 5470 dixit,
3289 5399 3370 5458 de"

167 5490 257 5549 14.
295 5495 382 5548 Ibi
405 5495 636 5550 libertas
658 5497 682 5546 ?
706 5491 792 5548 Ab
830 5492 1036 5549 Israele
1089 5507 1354 5548 converso
1405 5491 1691 5548 auferetur
1769 5490 1954 5546 forma
1975 5488 2036 5544 in
2052 5487 2293 5544 formam
2313 5489 2602 5542 mutamur
2630 5487 2800 5554 atque
2817 5483 3160 5550 transimus.

107 5581 347 5641 velamen
368 5603 384 5654 ;
416 5583 657 5639 libertas
681 5581 834 5639 enim
850 5581 955 5639 Dei
983 5581 1092 5640 erit
1109 5581 1170 5638 in
1192 5598 1278 5652 eo,
1301 5581 1434 5656 quia
1447 5581 1693 5655 Spiritus
