3912 6362
502 247 605 308 211
1488 245 1554 302 Β.
1591 245 2006 301 LANFRANCI
2042 241 2400 300 CANTUAR.
2439 240 2772 297 ARCHIEP.
3656 248 3771 308 212

505 388 677 446 quam
709 371 897 427 habeo
919 371 980 426 in
1010 370 1234 427 Christo
1263 371 1396 426 Jesu
1417 370 1660 425 Domino
1689 376 1903 424 nostro.
1935 369 2025 438 28,
2047 366 2137 425 29.
2173 369 2232 423 Si
2266 367 2593 438 (secundum
2617 366 2922 436 hominem)
2953 366 3024 421 ad
3052 366 3261 423 bestias
3276 369 3521 441 pugnavi
3534 369 3766 443 Ephesi,

510 462 646 534 quid
660 460 799 515 mihi
820 460 1068 532 prodest,
1099 460 1147 515 si
1175 460 1385 515 mortui
1396 475 1509 514 non
1528 459 1871 528 resurgunt?
1899 458 2130 531 (ironia)
2162 457 2582 522 Manducemus,
2615 460 2673 509 et
2689 454 2947 509 bibamus
2974 456 3041 526 (si
3057 459 3269 510 mortui
3283 473 3394 511 non
3414 458 3762 527 resurgunt),

507 568 634 607 cras
659 549 811 605 enim
842 549 1177 603 moriemur.
1199 546 1286 601 30.
1308 547 1496 603 Nolite
1515 546 1723 613 seduci,
1740 550 2105 617 corrumpunt
2126 562 2311 600 mores
2337 544 2509 599 bonos
2530 544 2805 614 colloquia
2833 543 3001 597 mala.
3043 542 3319 613 Evigilate
3338 544 3498 615 justi,
3514 550 3571 601 et
3588 546 3769 602 nolite

515 653 776 710 peccare;
793 636 857 690 31
873 677 885 690 .
907 636 1286 706 ignorantiam
1316 636 1465 690 enim
1494 635 1596 691 Dei
1614 634 1842 705 quidam
1855 633 2083 698 habent,
2098 633 2187 690 32.
2203 633 2274 687 ad
2296 633 2690 698 reverentiam,
2712 632 2788 686 ad
2807 633 3216 699 verecundiam,
3231 633 3385 687 vobis
3406 634 3625 705 loquor.
3652 635 3768 690 Sed

507 727 661 782 dicet
686 725 894 796 aliquis
927 744 938 779 :
972 724 1266 788 Quomodo
1293 728 1599 793 resurgunt
1624 722 1874 777 mortui?
1903 722 2132 785 Qualive
2157 739 2387 794 corpore
2401 720 2664 776 venient?
2697 722 2751 788 (α
2764 722 2946 774 simili
2964 723 3198 774 ostendit
3217 737 3447 789 corpora
3465 724 3767 778 hominum

518 817 867 870 immortalia
884 819 1289 880 resurrectura,
1308 819 1359 866 et
1376 813 1855 879 incorruptibilia,
1874 827 2000 864 cum
2016 812 2357 879 sepeliantur
2371 811 2814 878 corruptibilia.)
2825 808 3125 879 Incipiens,
3141 813 3207 863 tu
3223 810 3371 880 quod
3387 810 3634 865 seminas
3652 828 3771 867 non

515 903 845 969 viviﬁcatur,
861 902 972 956 nisi
1000 903 1157 973 prius
1184 901 1476 956 moriatur.
1496 901 1565 954 Et
1597 900 1747 970 quod
1768 898 2032 964 seminas,
2057 916 2166 952 non
2199 914 2401 969 corpus
2431 897 2576 968 quod
2600 896 2853 951 futurum
2869 901 2972 962 est,
2988 896 3251 963 seminas,
3276 898 3373 951 sed
3397 899 3612 953 nudum
3630 917 3770 970 gra-

511 1007 673 1057 num,
695 996 761 1045 ut
788 995 926 1062 puta
951 989 1146 1058 tritici,
1164 996 1263 1044 aut
1284 989 1523 1059 alicujus
1550 993 1901 1042 caeterorum.
1926 988 2076 1042 Deus
2090 991 2281 1041 autem
2300 986 2399 1040 dat
2413 985 2496 1038 illi
2516 1002 2735 1056 corpus,
2761 985 2906 1039 sicut
2933 985 3069 1051 vult,
3091 982 3178 1041 33.
3196 989 3254 1039 et
3280 986 3583 1058 unicuique
3598 990 3772 1044 semi-

511 1095 649 1134 num
665 1079 954 1150 proprium
978 1095 1197 1149 corpus.
1219 1080 1510 1146 (Induclio)
1539 1075 1627 1143 34,
1653 1075 1739 1134 35.
1764 1077 1889 1130 Non
1915 1076 2096 1130 omnis
2117 1092 2244 1128 caro
2265 1076 2517 1141 (ostendit
2533 1076 2829 1140 dignitates
2841 1089 3134 1141 corporum
3150 1079 3565 1143 resurgentium
3585 1078 3772 1131 diver-

510 1185 599 1224 sas
626 1169 763 1236 fore,
793 1183 896 1237 pro
925 1170 1259 1221 meritorum
1287 1170 1490 1221 scilicet
1517 1168 1733 1219 diversa
1763 1167 2055 1235 qualitate)
2068 1164 2263 1218 eadem
2281 1179 2439 1229 caro;
2469 1162 2565 1216 sed
2584 1162 2695 1216 alia
2709 1161 2934 1233 quidem
2954 1162 3245 1217 hominum
3264 1165 3324 1231 (a
3339 1166 3772 1232 reprobat),alia

511 1272 645 1311 vero
675 1271 961 1327 pecorum,
990 1256 1103 1310 alia
1128 1256 1437 1320 volucrum,
1462 1254 1573 1308 alia
1600 1258 1790 1308 autem
1824 1253 2079 1324 piscium.
2112 1251 2188 1306 Et
2215 1266 2451 1320 corpora
2481 1249 2746 1314 cmlestia,
2770 1253 2871 1314 sol,
2900 1253 3057 1314 (una,
3096 1256 3153 1303 et
3184 1266 3419 1320 corpora
3447 1254 3768 1320 terrestria,

509 1347 715 1400 scilicet
735 1350 895 1410 sunt;
926 1344 1026 1398 sed
1054 1344 1166 1398 alia
1187 1343 1414 1415 quidem
1439 1342 1748 1397 caelestium
1777 1343 1976 1413 gloria,
2007 1341 2119 1396 alia
2148 1346 2340 1394 autem
2367 1339 2743 1392 terrestrium.
2778 1339 2913 1392 Alia
2941 1336 3167 1392 Claritas
3194 1340 3350 1405 solis,
3398 1340 3510 1394 alia
3537 1341 3774 1397 claritas

508 1434 679 1499 lunae,
700 1438 757 1487 et
771 1433 884 1486 alia
910 1432 1138 1486 claritas
1159 1432 1468 1485 stellarum.
1496 1431 1670 1485 Stella
1685 1430 1833 1485 enim
1857 1448 1889 1484 a
1912 1431 2073 1484 stella
2091 1430 2278 1484 diﬂert
2297 1431 2354 1483 in
2373 1426 2629 1481 claritate
2649 1429 2949 1493 ;di/ferens,
2973 1430 3178 1495 inquit,
3202 1431 3431 1482 claritas
3446 1433 3771 1496 stellarum,

512 1524 649 1591 quia
672 1536 773 1589 per
791 1536 913 1574 eam
937 1521 1123 1586 differt
1150 1520 1356 1573 stellaa
1382 1522 1556 1572 stella.
1586 1523 1708 1583 επ
1728 1520 1807 1572 Ab
1827 1521 2013 1585 e/I‘ectu
2039 1518 2150 1583 ,'sic
2163 1523 2219 1572 et
2238 1519 2575 1572 resurrectio
2590 1520 3168 1583 mortuorum,scilicet
3185 1521 3369 1585 differt
3383 1535 3495 1572 non
3511 1521 3695 1572 solum
3708 1523 3777 1574 in

515 1612 772 1663 claritate
807 1609 1159 1673 meritorum,
1191 1607 1282 1659 sed
1317 1609 1484 1659 etiam
1512 1621 1824 1676 corporum.
1854 1606 1943 1661 36.
1975 1606 2297 1661 Seminatur
2313 1606 2373 1659 in
2395 1607 2771 1676 corruptione,
2805 1607 2866 1659 id
2888 1610 2980 1671 est,
3014 1608 3262 1659 moritur
3292 1612 3341 1659 et
3369 1609 3638 1675 sepelitur
3653 1624 3778 1662 cor-

511 1698 800 1766 ruptibite,
832 1700 1027 1765 surget
1052 1695 1110 1748 in
1130 1695 1569 1765 incorruptione,
1589 1697 2030 1763 incorruptibile.
2055 1695 2380 1749 Seminatur
2397 1695 2453 1748 in
2471 1694 2839 1764 ignobilitate,
2854 1696 3093 1761 ignobile
3104 1700 3335 1765 ;surget
3351 1695 3407 1748 in
3428 1695 3629 1765 gloria,
3653 1701 3779 1765 glo-

508 1787 747 1839 riosum.
765 1785 1091 1839 Seminatur
1119 1783 1179 1838 in
1207 1784 1558 1849 inﬁrmitate,
1573 1786 1900 1851 inﬁrmum;
1933 1788 2128 1852 surget
2162 1782 2223 1835 in
2249 1783 2475 1848 virtute,
2514 1784 2673 1850 forte,
2701 1780 2791 1847 37,
2819 1780 2905 1838 38.
2929 1782 3252 1836 Seminatur
3272 1799 3473 1853 corpus
3499 1784 3774 1851 animale,

512 1877 708 1944 surget
762 1889 965 1944 corpus
1012 1873 1282 1945 spiritale.
1335 1870 1422 1939 39,
1463 1870 1553 1928 40.
1603 1872 1663 1927 Si
1698 1877 1785 1926 est
1821 1888 2024 1942 corpus
2070 1871 2333 1939 animale,
2370 1880 2457 1925 est
2486 1876 2544 1926 et
2578 1871 2851 1942 spiritale,
2889 1871 2979 1927 41.
3012 1872 3158 1926 sicut
3205 1873 3477 1944 scriptum
3507 1878 3593 1928 est
3626 1892 3639 1926 :
3676 1872 3776 1933 42.

510 1964 714 2018 Factus
743 1968 829 2018 est
856 1962 1073 2034 primus
1101 1963 1269 2016 homo
1298 1962 1478 2016 Adam
1505 1962 1563 2016 in
1592 1961 1842 2016 animam
1874 1961 2173 2026 viventem,
2204 1963 2451 2027 vitalem,
2482 1959 2571 2015 44.
2605 1961 2939 2016 novissimus
2979 1962 3161 2016 Adam
3191 1963 3250 2017 in
3288 1963 3551 2034 spiritum
3592 1964 3778 2019 viviﬁ-

509 2056 752 2107 cantem.
769 2049 860 2107 44.
894 2050 1004 2106 Sed
1027 2065 1142 2104 non
1170 2049 1329 2121 prius
1382 2048 1533 2120 quod
1577 2048 1831 2120 spiritale
1861 2055 1965 2116 est,
1999 2049 2097 2103 sed
2127 2048 2275 2119 quod
2306 2048 2580 2117 animale;
2623 2049 2827 2105 deinde
2856 2050 3004 2120 quod
3030 2050 3302 2122 spiritale.
3338 2050 3561 2106 Primus
3595 2051 3779 2108 homo

1867 2174 2452 2231 COMMENTARIUS.

579 2316 671 2375 28.
692 2320 758 2374 Si
783 2319 1084 2373 secundum
1107 2319 1404 2383 hominem,
1437 2317 1494 2371 id
1522 2321 1626 2381 est,
1661 2317 1966 2372 secundum
1987 2318 2096 2371 hu-
2115 2316 2283 2377 ADei
2353 2317 2750 2388 incorruptela.
2822 2317 2967 2387 Ergo
3040 2318 3136 2373 isti
3217 2304 3331 2373 non
3404 2318 3787 2390 possidebunt

510 2423 742 2461 manum
754 2408 1183 2479 sensum,quiut
1195 2424 1324 2462 caro
1338 2407 1458 2478 jam
1486 2406 1737 2462 resoluta
1766 2407 2102 2461 reformetur

508 2497 581 2550 ad
609 2496 781 2550 vitam
809 2496 1044 2551 minime
1063 2496 1258 2551 credit.

578 2584 668 2640 29.
709 2585 909 2639 Lmen.
938 2587 1006 2641 Si
1026 2587 1329 2640 secundum
1356 2586 1656 2651 hominem,
1689 2585 1748 2639 id
1768 2590 1873 2654 est,
1897 2600 2096 2640 secun-

508 2676 644 2729 dum
675 2674 823 2745 quod
876 2674 1043 2728 homo
1086 2674 1233 2728 ferre
1273 2680 1473 2746 potest.
1528 2673 1617 2731 Ad
1645 2676 1854 2740 bestias,
1896 2674 1952 2727 id
1989 2659 2095 2739 est:

508 2768 706 2819 contra
723 2762 985 2817 bestiales
1012 2763 1291 2831 homines,
1326 2763 1528 2834 Ephesi

506 2852 954 2924 disputationum
982 2856 1039 2907 et
1062 2852 1361 2907 verborum
1384 2852 1748 2923 intelligenda
1767 2857 1877 2909 est.

579 2939 668 2998 30.
699 2943 881 2996 Nolite
908 2942 1108 2996 seduci.
1132 2942 1320 2996 Nolite
1357 2940 1710 3011 acquiescere
1735 2940 1900 2995 malis
1928 2941 2097 2995 collo—

506 3029 654 3102 quiis
682 3029 1143 3101 persuadentium
1167 3029 1322 3084 vobis
1349 3028 1815 3084 resurrectionem
1843 3046 1956 3084 non
1977 3044 2099 3084 esse

504 3119 791 3187 futuram;
823 3119 947 3190 ipsa
981 3118 1132 3173 enim
1180 3119 1331 3172 mala
1376 3118 1654 3189 colloquia
1701 3134 1885 3172 mores
1921 3118 2097 3173 bonos

506 3212 886 3278 corrumpent,
913 3207 1061 3277 quod
1091 3205 1298 3261 ibidem
1336 3223 1590 3277 agenere
1612 3207 1902 3278 probatur.

578 3296 670 3350 31.
702 3297 1091 3364 Ignorantiam
1117 3298 1285 3350 enim.
1310 3296 1483 3360 Quasi
1501 3296 1713 3351 diceret
1747 3315 1759 3350 :
1791 3297 1989 3351 Moneo
2002 3313 2098 3351 vos

506 3383 741 3455 vigilare
760 3389 818 3438 et
845 3400 958 3439 non
984 3400 1231 3456 peccare,
1257 3400 1329 3439 ne
1355 3384 1652 3440 imitemini
1682 3402 1777 3440 eos
1806 3385 1900 3457 qui
1936 3386 2098 3456 igno-

506 3477 637 3528 rant
663 3472 864 3527 Deum.

580 3558 669 3618 32.
691 3562 776 3616 Ad
793 3564 1177 3616 reverentiam.
1202 3562 1289 3617 Ad
1319 3563 1441 3630 hoc,
1475 3562 1678 3633 inquit,
1710 3562 1910 3632 loquor
1936 3560 2092 3615 vobis

2181 2405 2318 2459 illud
2329 2444 2342 2458 .

2253 2492 2337 2547 37.
2397 2494 2625 2551 Ausnos
2701 2495 3034 2552 Seminatur
3077 2511 3273 2566 corpus
3327 2497 3597 2551 animale.
3638 2498 3786 2554 Ani-

2181 2581 2327 2635 male
2355 2598 2556 2653 corpus
2589 2588 2693 2649 est,
2727 2583 2863 2638 dum
2896 2583 3032 2638 cibis
3071 2589 3438 2647 sustentatur.
3487 2591 3553 2640 ut
3588 2578 3779 2655 vivat;

2176 2669 2489 2740 spirituale,
2527 2688 2655 2726 cum
2694 2672 2837 2727 nihil
2872 2673 3075 2728 horum
3111 2673 3329 2745 indiget
3357 2691 3690 2731 conversum
3719 2677 3784 2733 in

2178 2759 2370 2814 vitam.

2250 2846 2339 2904 38.
2371 2849 2580 2905 LANFR.
2612 2849 2939 2906 Seminatur
2967 2867 3161 2922 corpus
3198 2856 3465 2909 animale.
3515 2854 3785 2910 Essentia

2179 2940 2277 2994 illa
2318 2956 2430 3010 qua
2472 2940 2783 2996 humanum
2822 2957 3023 3011 corpus
3059 2942 3386 3011 viviﬁcatur,
3419 2960 3486 2998 ex
3526 2961 3639 3016 qua
3685 2947 3785 3002 sui

2177 3033 2338 3099 parte
2366 3028 2606 3084 viviﬁcat
2635 3035 2691 3085 et
2719 3035 2944 3084 terrena
2969 3031 3204 3102 appetit,
3237 3033 3428 3087 anima
3447 3032 3672 3088 dicitur.
3697 3035 3786 3090 Ex

2180 3133 2292 3186 qua
2316 3123 2506 3173 autem
2534 3119 2622 3172 sui
2643 3125 2821 3190 parte,
2844 3120 3062 3174 ratione
3082 3120 3261 3175 utitur
3288 3127 3346 3176 et
3363 3122 3542 3176 Deum
3564 3122 3778 3195 diligit,

2177 3206 2469 3260 rationalis
2508 3208 2842 3278 appellatur.
2889 3209 3031 3263 Hinc
3071 3209 3311 3264 dicitur:
3346 3211 3669 3266 Seminatur
3717 3213 3785 3269 in

2179 3298 2332 3348 terra
2357 3311 2558 3366 corpus
2585 3296 2848 3362 animale,
2884 3297 2936 3350 id
2976 3302 3062 3351 est
3088 3298 3451 3369 corruptibile
3478 3300 3627 3371 quod
3651 3305 3783 3356 ter-

2180 3400 2319 3438 rena
2345 3384 2663 3455 appetebat,
2696 3392 2890 3457 surget
2907 3403 3109 3459 corpus
3141 3388 3528 3459 spirituale,id
3558 3394 3664 3459 est,
3682 3407 3786 3446 vo-

2180 3471 2457 3527 luntatem
2485 3474 2715 3545 spiritus
2744 3490 2846 3545 per
2863 3474 3052 3529 omnia
3080 3476 3307 3544 faciens,
3341 3492 3522 3548 neque
3547 3477 3787 3548 spiritui
3823 3464 3839 3474 ’

2174 3560 2463 3615 resistens.

506 3653 574 3704 ut
599 3648 991 3703 verecundiam
1033 3650 1306 3719 habeatis,
1332 3656 1389 3706 et
1416 3651 1587 3706 vitam
1623 3656 1864 3706 vestram
1896 3651 1954 3704 in
1978 3644 2159 3705 me-B
2252 3646 2339 3705 39.
2373 3650 2615 3704 AUGUST.
2649 3649 2928 3717 (ibid.).Si
2946 3657 3022 3705 est
3040 3650 3613 3724 corpus.Intelligitur
3640 3670 3786 3728 ergo

507 3737 617 3793 lius
644 3739 959 3809 corrigatis.

494 3866 497 3867 ν
579 3826 666 3884 33.
697 3828 947 3883 ΑΜΒΒΟΒ.
1002 3827 1068 3882 Et
1097 3830 1403 3897 unicuique
1436 3830 1734 3885 seminum.
1767 3827 2100 3900 Exemplum

507 3916 817 3971 melioratae
845 3917 1292 3983 resurrectionis,
1322 3934 1436 3972 non
1464 3918 1686 3973 amissae
1715 3916 2059 3974 substantias.

576 4005 666 4062 34.
724 4007 849 4062 Non
901 4009 1083 4060 omnis
1130 4022 1277 4061 caro.
1332 4007 1819 4071 Quemadmodum
1863 4024 1929 4061 ex
1986 4023 2100 4062 una

506 4094 765 4165 impensa
809 4094 1029 4149 diversa
1080 4096 1453 4151 animantium
1501 4112 1632 4150 caro
1670 4102 1773 4160 est,
1816 4097 1897 4151 ita
1933 4097 2100 4152 unius

510 4182 697 4237 carnis
718 4182 974 4238 homines
993 4184 1199 4238 diversi
1220 4190 1388 4239 erunt
1423 4185 1699 4255 dignitate
1725 4185 1786 4239 in
1814 4202 2099 4241 resurrec-

506 4271 679 4325 tione.

580 4358 930 4417 35.AUGUST.
941 4360 1122 4431 (epist.
1136 4358 1234 4417 146
1253 4363 1327 4416 ad
1339 4363 1591 4430 Censen.)
1602 4365 1745 4418 .Non
1756 4366 1935 4417 omnis
1947 4378 2094 4417 caro.

509 4446 578 4502 In
606 4448 695 4502 his
724 4447 983 4503 omnibus
1012 4449 1119 4503 iste
1155 4466 1352 4505 sensus
1395 4457 1482 4505 est
1514 4470 1525 4504 :
1564 4453 1622 4507 Si
1650 4470 1861 4522 genera
1889 4452 2093 4519 carnis,

508 4554 634 4593 cum
661 4538 775 4592 sint
792 4543 998 4592 cuncta
1025 4540 1305 4606 mortalia,
1336 4540 1604 4595 differunt
1626 4547 1818 4596 tamen
1837 4543 1988 4596 inter
2014 4559 2093 4608 se,

505 4642 608 4698 pro
635 4626 1051 4681 diversitatibus
1093 4628 1496 4698 animantium;
1530 4636 1587 4684 et
1632 4632 1679 4685 si
1709 4647 1942 4702 corpora
1971 4647 2097 4685 cum

508 4715 623 4770 sint
646 4721 846 4770 cuncta
867 4718 1057 4771 omnia
1078 4718 1335 4787 visibilia,
1369 4720 1637 4775 differunt
1668 4727 1985 4791 tamen,pro
2019 4720 2099 4773 di-

507 4804 866 4860 versitatibus
880 4805 1315 4863 locorum.Unde
1336 4809 1448 4863 alia
1465 4814 1552 4863 est
1566 4810 1875 4864 caelestium
1896 4809 2097 4880 gloria,

504 4892 618 4947 alia
646 4894 1031 4965 terrestrium;
1055 4902 1114 4951 et
1139 4898 1187 4951 si
1217 4897 1273 4951 in
1298 4898 1434 4952 locis
1460 4898 1814 4963 sublimibus,
1830 4915 1957 4953 cum
1988 4899 2102 4954 sint

2183 3751 2385 3807 corpus
2412 3738 2656 3793 animale
2676 3738 2786 3793 dici
2807 3738 2988 3792 simile
3017 3741 3232 3794 caeteris
3261 3741 3616 3809 animalibus,
3649 3759 3788 3814 pro-

2182 3830 2309 3896 pter
2360 3827 2558 3881 mortis
2613 3826 3036 3881 dissolutionem
3081 3833 3138 3882 et
3181 3830 3617 3901 corruptionem,
3652 3848 3785 3902 qua

2183 3913 2433 3984 quotidie
2452 3915 2573 3970 cibo
2590 3916 2860 3982 reﬁcitur,
2884 3921 2941 3970 et
2964 3921 3158 3988 postea
3177 3925 3455 3989 separata,
3471 3920 3785 3977 animantis

2180 4017 2449 4076 compago
2489 4005 2609 4076 [al.,
2641 4007 2931 4077 compage]
2960 4006 3302 4062 dissolvitur.

2252 4092 2340 4151 40.
2391 4096 2593 4149 LANFR-
2642 4096 2707 4151 Si
2754 4102 2829 4151 est
2869 4112 3063 4165 corpus
3090 4099 3357 4154 animale.
3398 4099 3539 4154 Cum
3567 4098 3784 4156 dicitur

2181 4199 2403 4255 corpus,
2436 4184 2647 4238 frustra
2684 4184 2985 4239 adderetur
3005 4184 3267 4249 animale,
3302 4185 3413 4239 nisi
3442 4191 3594 4240 esset
3623 4188 3785 4245 aliud

2185 4295 2389 4351 corpus
2429 4281 2703 4351 spiritale,
2736 4281 2806 4335 ad
2834 4283 2993 4353 cujus
3028 4281 3465 4353 discrepantiam
3488 4288 3788 4338 vocaretur

2181 4368 2443 4423 animale.

2254 4456 2338 4514 41.
2372 4457 2528 4513 Sicut
2548 4461 2837 4527 scriptum.
2857 4460 3029 4514 Deest
3050 4458 3378 4530 assumptio,
3396 4457 3444 4513 si
3471 4462 3558 4513 est
3576 4474 3787 4531 corpus

2180 4546 2439 4613 animale,
2474 4553 2531 4600 et
2548 4547 2693 4602 hanc
2721 4547 2940 4619 probat.

2250 4634 2336 4690 42.
2389 4637 2581 4690 Factus
2620 4639 2846 4705 primus
2893 4638 3069 4691 homo.
3106 4635 3317 4691 Habuit
3343 4636 3557 4708 primus
3609 4636 3788 4693 homo

2181 4724 2427 4778 animam
2456 4725 2683 4779 vitalem
2715 4729 2773 4778 et
2798 4724 3170 4796 spiritualem,
3202 4725 3259 4780 id
3291 4730 3394 4790 est,
3419 4724 3785 4793 rationalem,

2180 4813 2486 4867 secundum
2506 4830 2676 4884 quam
2692 4813 2872 4867 Adam
2904 4819 2961 4868 et
2985 4814 3080 4885 qui
3106 4830 3169 4868 ex
3198 4830 3264 4868 eo
3285 4813 3393 4868 orti
3421 4818 3555 4868 sunt
3576 4812 3787 4869 victuri

2180 4906 2361 4956 erant.

506 4989 705 5038 contra
731 4984 994 5051 coelestia,
1018 4986 1287 5041 differunt
1314 4987 1485 5041 etiam
1515 4987 1649 5058 ipsae
1665 4988 1948 5041 claritates
1971 4988 2094 5057 [at.,
2119 4969 2162 5029 Ο
2256 4988 2346 5046 43.
2381 4991 2723 5044 Nouissimas
2754 4989 2952 5045 Adam.
2978 4988 3189 5044 Habuit
3210 4989 3543 5044 novissimus
3568 4986 3781 5055 Adam,

503 5071 629 5142 ipsa
680 5072 1052 5146 claritatibus]
1100 5076 1416 5143 luminum;
1449 5093 1561 5130 non
1598 5077 1802 5132 mirum
1833 5083 1919 5132 est
1953 5079 2100 5149 quod

502 5160 563 5215 in
600 5163 1012 5218 resurrectione
1051 5169 1403 5218 mortuorum
1442 5163 1675 5219 distabit
1708 5166 1888 5235 gloria
1924 5167 2096 5219 meri-

501 5253 709 5303 torum.

573 5336 663 5394 36.
690 5338 894 5392 LANFR.
937 5339 1282 5404 Seminatur,
1314 5343 1418 5394 etc.
1468 5339 1697 5393 Nullum
1736 5340 2097 5411 corruptibile

500 5427 937 5498 incorruptclam
983 5426 1315 5498 possidebit;
1362 5428 1461 5482 sed
1499 5446 1627 5483 caro
1668 5436 1725 5483 et
1761 5431 2009 5501 sanguis,
2039 5431 2095 5483 id

500 5520 607 5583 est,
629 5517 931 5573 carnaliter
944 5516 1194 5572 viventes
1210 5522 1342 5572 sunt
1355 5517 1763 5590 corruptibiles,
1786 5523 1844 5573 et
1858 5535 2095 5590 regnum

2181 5078 2239 5132 id
2263 5083 2367 5141 est,
2391 5078 2667 5143 Christus,
2692 5079 2939 5133 animam
2969 5080 3192 5133 vitalem
3210 5084 3266 5133 et
3283 5077 3654 5150 spiritualem,
3679 5077 3786 5132 sed

2177 5167 2329 5221 illius
2374 5170 2592 5221 tantum
2644 5167 2819 5238 partis
2865 5168 3209 5223 mentionem
3258 5168 3408 5234 facit,
3463 5165 3784 5221 secundum

2179 5272 2346 5326 quam
2367 5254 2488 5326 ipse
2514 5256 2769 5311 Christus
2789 5263 2843 5310 et
2870 5256 3183 5311 imitatores
3213 5258 3335 5327 ejus
3362 5254 3540 5325 magis
3571 5253 3785 5310 victuri

2179 5351 2361 5398 erant.
2385 5345 2500 5398 Nec
2539 5345 2642 5398 hoc
2669 5345 2727 5398 in
2756 5345 3243 5415 Genesiscriptum
3265 5343 3564 5415 reperitur,
3583 5342 3683 5396 sed
3702 5342 3777 5397 ab

2176 5434 2445 5505 Apostolo
2471 5433 2745 5503 superiori
2775 5434 3065 5489 sententiae
3088 5433 3336 5489 additur.

2252 5520 2341 5577 44.
2370 5521 2475 5577 Sed
2498 5538 2611 5577 non
2651 5525 2809 5591 prius
2855 5524 3018 5594 quod,
3068 5522 3127 5576 id
3181 5526 3295 5584 est;
3343 5520 3500 5593 prius
3543 5524 3778 5576 terrena
