3912 6370
168 310 254 367 213

809 312 887 364 ΙΝ
923 311 989 364 D.
1031 311 1246 366 PAULI
1283 311 1505 367 EPIST.
1549 313 1916 372 COMMENT.
1955 345 2026 356 —
2064 313 2284 370 EPIST.
2325 314 2351 368 Ι
2387 313 2485 368 ΑΙ)
2523 313 2686 368 COR.

3276 311 3383 370 214

168 435 224 489 de
247 440 400 500 terra,
423 438 678 490 terrenus
699 455 712 501 ς
731 435 1007 489 secundus
1039 437 1204 490 homo
1233 435 1303 490 de
1332 437 1488 503 caelo,
1513 438 1772 494 caelestis.
1793 439 1878 494 45.
1897 438 2088 503 Qualis
2121 441 2398 503 terrenus,
2425 437 2568 492 tales
2596 441 2653 492 et
2671 436 2903 491 terreni.
2921 438 3049 492 Adae
3073 439 3381 492 imitatores

163 525 423 592 peccando;
453 528 510 577 et
537 524 717 594 qualis
745 524 1002 589 caelestis,
1033 526 1177 578 tales
1203 529 1260 578 et
1287 526 1561 596 caelestes,
1583 528 1790 582 Christi
1822 531 2147 583 imitatores.
2179 522 2269 581 46.
2301 524 2500 596 Igitur,
2535 525 2682 580 sicut
2703 524 3048 597 portavimus
3074 524 3383 594 imaginem

168 610 362 675 terreni,
391 615 676 681 portemus
708 617 763 666 et
801 612 1104 682 imaginem
1131 615 1389 668 caelestis.
1431 616 1548 669 Hoc
1577 619 1786 679 autem,
1819 621 1882 669 ut
1923 616 2204 670 Christum
2235 617 2544 680 imitemur,
2575 614 2717 679 dico,
2753 615 2974 680 fratres,
3006 614 3141 686 quia
3168 610 3254 686 47,
3287 612 3379 671 48.

168 715 274 753 caro
301 704 353 752 et
377 699 628 768 sanguis,
665 704 758 754 sui
789 705 1029 769 corporis
1065 706 1338 770 appetitui
1363 706 1616 767 viventes,
1650 720 1889 774 regnum
1924 703 2026 757 Dei
2077 702 2363 774 possidere
2391 718 2504 757 non
2536 706 2773 773 possunt
2805 723 2816 771 ;
2852 685 3039 773 neque
3073 685 3380 776 corrliptio,

170 792 272 853 83
288 788 710 859 incorruptelam
735 789 1058 860 possidebit.
1093 791 1228 846 Ecce
1245 793 1665 862 mysterium,id
1683 797 1775 859 est,
1795 797 2080 857 secretum,
2105 793 2248 860 quod
2265 796 2393 845 ante
2421 793 2811 858 nesciebamus,
2834 790 2990 846 vobis
3008 790 3152 848 dico.
3175 790 3385 846 Omnes

169 875 360 946 quidem
380 893 757 946 resurgemus,
784 878 873 931 49.
905 880 1002 933 sed
1021 896 1134 934 non
1164 895 1359 934 omnes
1377 884 1441 934 in
1461 883 1660 934 melius
1679 880 2122 936 immutabimur.
2150 881 2457 948 Quomodo?
2472 880 2538 934 In
2558 885 2864 947 momento,
2889 879 2950 935 in
2968 879 3084 935 ictu
3101 880 3268 948 oculi,
3290 879 3379 936 50.

167 964 216 1018 in
237 964 517 1019 novissima
535 965 672 1020 tuba
694 982 1042 1036 resurgemus
1065 986 1077 1034 ;
1111 973 1274 1023 canet
1301 970 1452 1023 enim
1482 967 1618 1024 tuba
1645 969 1732 1025 51.
1759 975 1817 1024 et
1831 971 2039 1024 mortui
2058 973 2359 1041 resurgent
2385 967 2716 1039 incorrupti,
2735 983 2862 1022 cum
2877 971 3196 1036 integritate
3216 985 3385 1023 mem-

171 1054 393 1120 brorum;
419 1058 477 1106 et
495 1070 596 1108 nos
608 1058 755 1123 justi
776 1059 839 1109 in
855 1059 1051 1110 melius
1075 1057 1506 1112 immutabimur
1522 1058 1575 1126 (a
1591 1063 1790 1128 parte.)
1810 1059 2045 1130 Oportet
2060 1058 2210 1113 enim
2226 1057 2587 1130 corruptibile
2602 1057 2708 1111 hoc
2731 1073 2918 1111 meum
2937 1073 3132 1126 corpus
3149 1057 3387 1113 induere

167 1141 628 1211 incorruptionem,
648 1148 704 1197 et.
717 1144 954 1198 mortale
972 1145 1076 1199 hoc
1097 1146 1331 1200 induere
1350 1146 2002 1203 immortalitatem.Cum
2023 1151 2213 1202 autem
2233 1146 2471 1201 mortale
2489 1147 2596 1200 hoc
2610 1144 2857 1200 induerit
2875 1144 3379 1213 immortalitatem,

167 1233 280 1282 tunc
299 1229 406 1296 ﬁet,
435 1233 852 1300 adimplebitur,
867 1249 1069 1300 sermo,
1101 1235 1197 1304 qui
1215 1235 1454 1306 scriptus
1474 1240 1579 1300 est,
1601 1239 1664 1290 in
1688 1237 1807 1292 Osee
1831 1235 1964 1292 XIII
1988 1256 1999 1290 :
2026 1237 2114 1294 52.
2134 1237 2414 1308 Absorpta
2428 1241 2515 1292 est
2533 1254 2701 1304 mors,
2721 1238 3159 1307 concupiscentia
3175 1238 3386 1305 peccati

166 1317 230 1383 in,
263 1334 396 1384 cum,
426 1319 677 1374 victoria.
713 1319 798 1377 53.
833 1321 936 1375 Ubi
963 1327 1069 1390 est,
1093 1339 1262 1388 mors,
1288 1323 1519 1377 victoria
1539 1324 1681 1377 tua?
1701 1340 1869 1392 quam
1896 1326 2097 1379 solebas
2125 1326 2318 1378 habere
2339 1327 2404 1379 in
2426 1326 2512 1379 his
2533 1328 2632 1393 qui
2663 1325 2768 1379 tibi
2788 1326 3126 1380 obedierunt.
3148 1322 3257 1379 Ubi
3277 1327 3384 1389 est,

167 1421 313 1472 mors,
344 1408 605 1462 stimulus
632 1409 806 1462 tuus?
826 1411 1165 1465 destructum
1189 1409 1379 1478 est.54,
1400 1411 1486 1465 55.
1513 1413 1787 1469 Stimulus
1816 1420 2005 1469 autem
2036 1415 2235 1470 mortis
2254 1419 2546 1485 peccatum
2566 1419 2681 1482 est;
2707 1412 2796 1470 56.
2817 1415 2994 1469 virtus
3021 1430 3152 1468 vero
3171 1412 3388 1485 peccati

165 1494 511 1562 (augmentum
539 1501 758 1564 peccati,
790 1501 924 1567 quia
942 1505 1181 1565 augetur
1201 1505 1484 1568 peccatum
1516 1517 1616 1568 per
1633 1506 2145 1569 praevaricationem
2176 1506 2350 1573 legis),
2383 1504 2490 1558 lex.
2520 1504 2637 1558 Deo
2660 1507 2851 1558 autem
2869 1502 3100 1574 gratias,
3119 1501 3216 1572 qui
3231 1500 3390 1557 dedit

163 1580 299 1636 nobis
337 1583 625 1638 victoriam
655 1602 756 1655 per
785 1587 1086 1641 Dominum
1117 1593 1372 1643 nostrum
1401 1589 1593 1643 Jesum
1625 1591 1930 1646 Christum.
1951 1591 2169 1664 Itaque,
2193 1593 2397 1647 fratres
2417 1593 2530 1648 mei
2546 1591 2754 1657 dilecti,
2783 1594 2917 1661 quia
2940 1591 3387 1658 incorruptibiles

163 1686 499 1740 resurgemus,
532 1673 758 1727 stabiles
787 1677 852 1729 in
879 1677 982 1742 ﬁde
1013 1681 1190 1731 estote
1217 1677 1623 1745 etimmobiles,
1640 1679 1991 1736 abundantes
2008 1681 2069 1735 in
2098 1697 2266 1752 opere
2290 1681 2516 1736 Domini
2533 1697 2774 1752 semper,
2804 1679 3042 1735 scientes
3057 1677 3206 1750 quod
3230 1676 3387 1733 labor

160 1765 318 1814 vester
342 1777 452 1815 non
482 1767 570 1816 est
595 1762 780 1817 inanis
805 1763 864 1817 in
890 1764 1129 1818 Domino
1162 1784 1174 1832 ;
1210 1768 1272 1821 in
1291 1768 1395 1834 ﬁde
1423 1769 1668 1834 Domini,
1706 1772 1786 1824 vel
1817 1772 1882 1823 in
1914 1772 2400 1837 praedestinatione
2430 1772 2676 1826 Domini.

1489 1915 1614 1975 84
1641 1908 1874 1966 CAPUT
1891 1911 2038 1967 XVI.

221 2043 263 2101 1.
292 2045 368 2100 De
395 2045 644 2101 collectis
670 2049 859 2101 autem
879 2064 1001 2120 quae
1024 2049 1168 2103 ﬁunt
1185 2049 1245 2104 in
1264 2054 1506 2119 sanctos,
1538 2051 1686 2106 sicut
1705 2050 1957 2106 ordinavi
1973 2051 2231 2108 Ecclesiis
2255 2052 2509 2121 Galatiae,
2524 2052 2607 2108 ita
2617 2055 2675 2108 et
2697 2067 2792 2108 vos
2813 2049 2997 2120 facite,
3016 2049 3125 2107 Per
3145 2064 3318 2107 unam
3335 2048 3395 2122 2,

1462 2191 2056 2249 COMMENTARIUS.

158 2312 740 2384 appetentium,postea
751 2313 859 2368 fuit
869 2329 1069 2386 corpus
1080 2311 1406 2386 spiritaliter
1421 2315 1724 2372 viventium
1739 2321 1792 2379 A
1814 2323 2004 2372 autem
2022 2317 2127 2371 hoc
2142 2316 2532 2373 testimonium
2551 2316 2612 2372 in
2627 2317 2839 2372 usitata
2858 2315 3235 2373 translatione
3250 2317 3394 2374 Osee

215 2396 293 2454 45.
321 2401 568 2456 Anaus'r.
605 2401 784 2472 (epist.
831 2401 931 2458 146
975 2407 1048 2457 ad
1088 2404 1358 2470 Comen).
1389 2406 1580 2472 Qualis
1611 2411 1725 2459 ter-

158 2503 319 2541 renus.
352 2489 497 2552 Quid
526 2494 631 2556 est,
665 2490 845 2560 qualis
870 2496 1147 2558 terrenus,
1181 2492 1322 2546 tales
1350 2493 1583 2560 terreni,
1616 2493 1725 2547 nisi

156 2577 394 2632 mortales
425 2595 492 2632 ex
522 2579 794 2633 mortali?
823 2580 891 2634 Et
932 2579 1060 2650 quid
1107 2587 1190 2635 est
1234 2581 1414 2652 qualis
1461 2581 1720 2650 caelestis,

156 2664 274 2717 tales
292 2667 565 2733 caelestes,
580 2667 690 2721 nisi
710 2667 1057 2724 immortales
1081 2686 1185 2740 per
1202 2668 1724 2725 immortalitatem?

159 2748 266 2822 [al.,
293 2753 733 2828 immortalem.]

213 2841 291 2896 46.
321 2843 532 2898 anrn.
571 2847 755 2913 Igitur
783 2848 925 2900 sicut
957 2849 1322 2915 portavimus,
1354 2847 1413 2901 id
1443 2853 1548 2912 est,
1583 2847 1728 2901 sicut

158 2932 381 3002 exemplo
409 2933 568 2998 Adae,
598 2939 826 2988 terrena
846 2934 1161 3001 dileximus,
1181 2935 1262 2989 ita
1291 2937 1542 3008 exemplo
1572 2936 1729 2990 Chri-

157 3017 231 3082 sti,
254 3021 494 3075 ccelestia
532 3021 854 3092 diligamus.
1083 3017 1086 3020 ’

212 3107 292 3162 47.
320 3110 457 3164 Caro
477 3117 528 3165 et
543 3115 793 3179 sanguis.
819 3114 962 3168 Caro
986 3119 1042 3168 et
1060 3114 1289 3184 sanguis
1315 3123 1399 3170 est
1416 3115 1729 3169 humanum

1807 2406 1887 2460 sic
1915 2406 2184 2476 scriptum
2217 2423 2228 2458 :
2281 2405 2388 2460 Ero
2427 2422 2576 2460 mors
2627 2411 2743 2473 tua,
2777 2423 2806 2460 ο
2833 2411 3019 2462 mors!
3065 2406 3214 2478 quod
3250 2406 3403 2462 idem

1806 2494 2120 2564 significat;
2165 2493 2286 2564 ipse
2315 2493 2467 2548 enim
2494 2493 2681 2562 vincit,
2717 2495 2814 2567 qui
2845 2494 3103 2551 ﬁdelibus
3133 2494 3252 2551 suis
3277 2496 3403 2551 vin-

1807 2583 1968 2638 cendi
1995 2582 2195 2638 tribuit
2220 2583 2565 2638 facultatem.

1877 2671 1965 2727 53.
1994 2673 2243 2727 AMBROS.
2283 2673 2380 2727 Ubi
2399 2676 2492 2739 est,
2517 2687 2686 2738 mors,
2712 2673 2948 2726 victoria
2967 2677 3064 2727 tua
3084 2671 3406 2728 ?Insu1tan.

1805 2759 1878 2813 tis
1899 2759 2109 2814 etenim
2135 2759 2307 2814 verba
2333 2764 2484 2815 sunt.

1878 2846 1964 2901 54.
1993 2847 2238 2901 AUGUST.
2269 2845 2393 2913 (lib.
2443 2860 2506 2903 III
2548 2847 2624 2900 De
2657 2862 2774 2915 pec.
2835 2848 3021 2901 merit.
3071 2851 3120 2901 et
3162 2850 3400 2915 remiss.,

1809 2951 1931 3006 cap.
1951 2933 2041 2998 11,
2069 2938 2207 2988 tom.
2231 2934 2372 3003 VII.)
2397 2934 2673 2990 Stimulus
2702 2938 2919 2988 mortis.
2937 2935 3058 2998 Quo
3077 2951 3231 2990 mors
3257 2935 3408 2992 facta

1811 3027 1914 3088 est,
1946 3038 2059 3076 non
2102 3038 2270 3092 quem
2300 3037 2452 3076 mors
2479 3021 2630 3076 fecit.
2660 3021 2896 3076 Peccato
2924 3023 3074 3076 enim
3104 3023 3402 3087 morimur,

1811 3127 1923 3165 non
1953 3115 2134 3165 morte
2162 3126 2474 3182 peccamus.
2510 3110 2600 3164 Sic
2628 3110 2821 3181 itaque
2849 3111 3063 3166 dictum
3089 3117 3176 3166 est
3210 3128 3222 3164 :
3255 3113 3406 3168 Acu-

153 3199 200 3248 et
224 3199 580 3269 corruptibile
604 3217 822 3271 corpus.
851 3202 920 3256 Et
947 3209 1032 3258 est
1057 3219 1273 3270 sensus,
1292 3205 1388 3274 qui
1417 3203 1724 3258 secundum
1806 3200 1927 3254 leus
1951 3200 2148 3254 mortis
2178 3200 2456 3270 quomodo
2473 3199 2694 3268 lignum
2713 3199 2839 3254 vitae
2857 3200 2882 3253 ’l
2899 3201 3026 3254 Non
3047 3200 3197 3271 quod
3221 3200 3407 3256 homi-

153 3286 438 3354 appetitum
482 3289 573 3342 sui
611 3290 856 3360 corporis
883 3291 1105 3359 vixerit,
1147 3309 1384 3362 regnum
1421 3292 1524 3347 Dei
1553 3291 1728 3364 possi-
1806 3288 1896 3343 nis
1923 3288 2092 3343 vitam
2127 3287 2247 3362 [al.,
2298 3288 2434 3359 vita]
2475 3288 2702 3355 faceret,
2735 3289 2833 3342 sed
2863 3305 2973 3360 quo
3009 3288 3126 3344 vita
3159 3289 3408 3344 hominis

152 3370 266 3428 dere
290 3392 400 3430 non
429 3377 660 3448 poterit.
1809 3377 1988 3432 ﬁeret.
2023 3378 2093 3431 Et
2117 3378 2396 3448 quomodo
2424 3377 2640 3448 lignum
2661 3377 2928 3446 scientiae,
2943 3394 3044 3449 per
3061 3379 3210 3450 quod
3234 3378 3412 3434 scien-

207 3462 288 3519 48.
319 3467 562 3520 Anaus'r.
592 3469 799 3535 (ibid).
846 3468 983 3522 Caro
1013 3475 1059 3522 et
1090 3473 1337 3539 sanguis.
1372 3471 1440 3524 Et
1468 3487 1540 3524 ne
1571 3472 1726 3541 quis-
1807 3465 1890 3519 tia
1931 3466 2094 3520 ﬁeret
2121 3465 2384 3532 hominis,
2417 3482 2531 3521 non
2579 3466 2728 3537 quod
2778 3483 2881 3537 per
2922 3483 3086 3522 suam
3113 3467 3408 3523 scientiam

154 3550 283 3620 piam
329 3560 558 3625 putaret
614 3557 920 3611 secundum
967 3557 1338 3612 substantiam
1395 3561 1578 3614 carnis
1627 3560 1731 3614 hoc
1811 3554 2008 3608 fecerit
2044 3555 2233 3608 homo.

153 3641 455 3710 Apostolum
487 3645 779 3709 difﬁnisse,
821 3647 1041 3717 aperuit
1083 3647 1215 3717 quid
1245 3647 1455 3701 diceret
1496 3648 1792 3735 subjun-B
1885 3642 1971 3698 55.
1994 3644 2202 3698 Lmen.
2227 3643 2740 3735 Stimulus-mortis.
2764 3642 2978 3735 Probat
2993 3643 3190 3699 mortis
3212 3645 3410 3735 stimu-

153 3730 331 3798 gendo,
364 3749 550 3804 neque
570 3735 854 3805 corruptio
879 3735 1312 3806 incorruptelam
1335 3738 1457 3806 [al.,
1483 3730 1786 3792 incorru-—
1812 3731 1929 3785 lum
1958 3748 2078 3786 esse
2099 3732 2467 3786 destructum.
2495 3731 2786 3798 Stimulus,
2824 3733 3028 3804 inquit,
3059 3733 3260 3788 mortis
3289 3749 3416 3805 pec-

154 3819 428 3894 ptionem.]
456 3822 786 3893 possidebit.
1325 3814 1327 3818 4
1813 3827 1998 3874 catum
2029 3826 2132 3888 est,
2164 3821 2270 3875 hoc
2298 3825 2488 3874 autem
2512 3821 2858 3875 destructum
2884 3825 2986 3876 est.
3014 3821 3242 3888 Probat,
3274 3838 3412 3876 nam

213 3906 294 3964 49.
331 3910 487 3978 (ibid)
533 3911 640 3966 Sed
684 3929 795 3966 non
835 3929 1019 3966 omnes
1063 3916 1514 3968 im-mutabimur.
1576 3913 1734 3967 Hanc
1813 3925 1914 3980 per
1929 3909 2217 3963 victoriam
2233 3914 2318 3964 est
2337 3909 2703 3976 destructum,
2725 3925 2894 3980 quam
2914 3908 3240 3963 deditnobis
3259 3909 3411 3964 Deus

155 3994 587 4053 immutationem
645 4005 836 4054 utrum
890 4001 948 4054 in
1008 4002 1208 4055 melius
1266 4019 1338 4056 an
1375 4003 1434 4057 in
1485 4003 1732 4057 deterius
1813 3999 2698 4069 perDominumnostrumJesum
2719 3997 3246 4068 Christum(priusa
3265 3997 3410 4069 pari,

156 4082 371 4158 intelligi
399 4088 662 4153 voluerit,
692 4089 956 4144 inferiora
974 4091 1382 4144 demonstrant.

214 4175 294 4228 50.
321 4179 570 4231 AMBROS.
611 4180 673 4231 In
723 4181 1022 4232 novissima
1061 4181 1209 4233 tuba.
1244 4180 1386 4243 Quia
1413 4196 1527 4234 non
1558 4181 1732 4235 semel

157 4276 265 4316 cum
290 4265 382 4319 illo
411 4271 730 4337 pugnatum
760 4272 862 4333 est,
902 4268 1034 4338 quia
1073 4268 1131 4321 in
1169 4269 1514 4322 Antichristo
1555 4269 1732 4323 victus

157 4357 255 4419 est;
282 4359 336 4408 et
361 4355 466 4409 hoc
495 4357 620 4409 loco
649 4356 946 4410 novissime
975 4358 1240 4412 adversus
1267 4358 1427 4412 illum
1455 4357 1733 4428 pugnabi-

158 4443 254 4505 tur,
273 4449 334 4496 ut
346 4445 467 4514 jam
497 4444 756 4498 mittatur
787 4445 844 4498 in
869 4446 1208 4516 gehennam.

219 4530 562 4587 5l.AUGUST.
590 4535 794 4600 (ibid)
819 4535 884 4588 Et
908 4539 1118 4588 mortui
1135 4541 1446 4603 resurgent.
1469 4534 1612 4600 Quid
1630 4534 1736 4589 sibi

160 4617 259 4670 vult
274 4636 400 4690 ergo
420 4622 740 4676 distinctio:
764 4625 831 4676 Et
858 4627 1070 4678 mortui
1089 4630 1376 4691 resurgant
1399 4627 1732 4694 incorrupti,

162 4711 201 4757 et
237 4724 326 4762 nos
355 4713 812 4778 immutabimur,
847 4712 957 4766 nisi
1003 4713 1136 4783 quia
1181 4729 1374 4766 omnes
1427 4713 1738 4784 incorrupti

163 4799 476 4866 resurgent?
509 4799 621 4852 Sed
641 4815 706 4852 ex
734 4800 821 4854 his
850 4800 1018 4854 etiam
1039 4801 1178 4870 justi
1199 4801 1650 4856 immutabuntur
1679 4801 1738 4854 in

1814 4087 2090 4157 posterius
2112 4104 2144 4141 a
2169 4092 2366 4158 parte),
2401 4104 2587 4143 nonne
2616 4104 2717 4158 per
2739 4086 2922 4157 legem
2943 4086 3294 4141 destructum
3325 4092 3414 4142 est

1813 4178 2139 4247 peccatum?
2168 4193 2281 4232 non
2313 4175 2406 4250 [f.;
2437 4177 2594 4248 nam]
2633 4177 2724 4231 lex
2749 4175 2857 4232 fuit
2883 4181 3253 4247 augmentum
3281 4192 3414 4248 pec-

1813 4266 1945 4331 cati,
1978 4282 2090 4320 non
2115 4266 2439 4321 destructio.

1887 4353 1973 4409 56.
2003 4354 2247 4410 AUGUST.
2277 4357 2390 4427 (lib.
2415 4357 2490 4411 De
2510 4355 2735 4425 perfect.
2767 4357 2917 4424 justi
2957 4355 3222 4420 hominis,
3262 4369 3318 4412 c.
3352 4352 3408 4421 6,

1814 4448 1857 4496 t.
1889 4441 2058 4513 VII.).
2097 4445 2277 4498 Virtus
2303 4460 2429 4498 vero
2449 4448 2659 4514 peccati
2686 4448 2789 4500 lea.
2822 4443 3102 4509 Quoniam
3121 4443 3210 4498 lex
3227 4443 3417 4514 prohi-

1817 4531 1999 4586 bendo
2030 4537 2200 4603 auget
2225 4533 2440 4604 peccati
2456 4533 2842 4605 cupiditatem,
2869 4533 2978 4588 nisi
2994 4533 3272 4588 diffundat
3295 4531 3417 4604 Spi-

1819 4620 1961 4675 ritus
1983 4621 2338 4676 charitatem.

1895 4711 2052 4766 CAP.
2082 4711 2228 4765 XVI.
2271 4740 2336 4750 —
2361 4710 2417 4764 1.
2443 4710 2694 4764 AUGUST.
2726 4709 2849 4776 (lib.
2885 4723 2926 4763 II
2949 4711 3023 4764 De
3051 4725 3298 4764 sermone
3318 4710 3420 4765 Do-

1819 4803 1967 4855 mini
1982 4803 2046 4854 in
2071 4804 2271 4866 monte,
2299 4814 2421 4869 cap.
2447 4796 2533 4864 i7,
2547 4803 2686 4852 tom.
2711 4798 2938 4867 IV.).De
2953 4801 3186 4854 collectis
3206 4803 3415 4853 autem.

165 4881 297 4938 illam
327 4887 766 4958 incorruptelam
793 4907 805 4955 ;
837 4889 927 4942 cui
947 4889 1173 4942 omnino
1204 4889 1358 4942 nulla
1387 4905 1587 4943 nocere
1616 4906 1739 4959 pos-
1765 4953 1798 4961 Α
1822 4889 2122 4961 Apostolus
2149 4887 2357 4942 Paulus
2381 4891 2568 4958 potest
2587 4886 2760 4941 videri
2779 4887 2850 4942 de
2877 4887 3120 4943 crastino
3147 4887 3416 4958 cogitare,

168 4971 230 5024 sit
253 4977 532 5047 corruptio
559 4996 570 5044 ;
605 4993 670 5030 ac
698 4993 798 5047 per
828 4977 950 5043 hoc,
986 4978 1080 5047 qui
1109 4977 1164 5031 in
1197 4994 1320 5032 eam
1353 4979 1475 5047 [al.,
1510 4979 1597 5048 ea]
1629 4953 1801 5032 nono
1825 4996 1952 5035 cum
1982 4978 2114 5032 dicit
2147 4996 2158 5030 :
2189 4979 2262 5031 De
2289 4979 2520 5032 collectis
2545 4980 2730 5030 autem
2759 4979 2822 5030 in
2845 4982 3080 5044 sanctos,
3110 4980 3253 5030 sicut
3273 4977 3422 5030 ordi-
3525 4972 3534 4982 ’

167 5067 645 5120 commutabuntur
669 5085 680 5133 ;
705 5065 1014 5136 incorrupti
1042 5065 1266 5136 quidem
1293 5067 1746 5139 resurgentinte—
1828 5071 1959 5123 navi
2005 5068 2257 5120 Ecclesiis
2304 5065 2550 5129 Galatia,
2583 5068 2663 5120 ita
2692 5070 2739 5118 et
2783 5080 2871 5118 vos
2902 5067 3089 5132 facile,
3120 5065 3424 5118 secundum

171 5151 350 5216 gritate
396 5153 807 5221 membrorum,
855 5154 950 5208 sed
987 5159 1178 5209 tamen
1215 5155 1611 5226 corrumpendi
1642 5156 1742 5210 do-
1826 5171 2001 5208 unam
2024 5146 2280 5210 Sabbati.
2301 5155 2684 5223 Unusquisque
2715 5159 2958 5207 vestrum
2980 5155 3130 5222 apud
3155 5169 3208 5206 se
3231 5157 3420 5220 ponat,

169 5235 266 5294 lore
294 5258 612 5312 poenarum.
1831 5244 2215 5297 thesaurizans
2243 5244 2386 5312 quod
2413 5246 2463 5296 ei
2485 5244 2781 5311 placuerit,
2806 5246 2869 5294 ut
2891 5257 3022 5308 non,
3051 5257 3177 5294 cum
3205 5255 3424 5309 venero,

227 5327 304 5386 52.
348 5333 568 5387 Larum.
624 5330 888 5400 Absorpta
939 5337 1012 5385 est
1063 5348 1229 5386 mors.
1289 5333 1354 5387 In
1404 5333 1515 5387 fine
1559 5333 1745 5388 saeculi
1833 5336 1964 5385 tunc
1994 5336 2221 5386 collectae
2243 5334 2402 5400 ﬁant.
2436 5331 2537 5385 His
2568 5336 2624 5385 et
2650 5329 2977 5400 hujusmodi
3007 5327 3429 5399 Scripturarum

171 5415 406 5489 absorpta
423 5421 538 5474 erit
556 5435 705 5472 mors
733 5425 789 5473 ct
815 5420 1015 5474 animae
1045 5425 1102 5474 et
1131 5421 1378 5492 corporis
1407 5421 1464 5475 in
1492 5422 1741 5488 victoria,
1830 5421 1966 5474 locis
1994 5421 2132 5475 satis
2160 5425 2395 5491 apparet
2425 5420 2723 5475 Dominum
2756 5420 3014 5472 nostrum
3041 5432 3156 5471 non
3185 5416 3292 5470 hoc
3315 5417 3426 5470 im-

172 5506 284 5572 quia
309 5509 466 5562 victis
515 5508 578 5563 in
606 5525 772 5563 carne
803 5525 1090 5563 servorum
1135 5509 1236 5563 Dei
1287 5511 1747 5581 concupiscentiis
1831 5509 2088 5578 probare,
2122 5510 2169 5563 si
2202 5510 2326 5580 quis
2355 5511 2602 5564 humano
2624 5523 2779 5562 more
2811 5507 2919 5562 ista
2949 5511 3231 5578 procuret,
3257 5505 3356 5560 sed
3379 5505 3427 5560 si

176 5595 432 5667 omnibus,
480 5613 589 5653 nec
611 5597 736 5669 ipsi,
766 5614 870 5652 nec
907 5597 1119 5668 aliquid
1151 5599 1301 5652 ultra
1330 5599 1620 5654 morietur.
1655 5601 1751 5653 Est
1832 5597 1957 5668 quis
1985 5603 2212 5669 pr0pter
2242 5599 2350 5652 ista
2380 5599 2494 5652 Deo
2524 5597 2744 5652 militet.
