3912 6360
508 277 615 338 215
1493 283 1557 339 Β.
1598 283 2015 342 LANFRANCI
2052 285 2412 343 CANTUAR.
2453 280 2791 339 ARCHIEP.
3663 281 3782 339 216

509 401 742 459 Sabbati
770 405 854 460 ita
881 406 1085 460 scilicet
1110 406 1495 478 unusquisque
1526 412 1775 463 vestrum
1806 409 1954 480 apud
1981 426 2041 464 se
2075 413 2329 480 reponat,
2371 405 2682 462 recondens
2712 403 2859 475 quod
2892 403 2944 457 ei
2975 402 3133 469 bene,
3167 408 3444 472 quantum
3473 407 3600 470 sibi,
3647 405 3780 476 pla-

510 492 713 558 suerit,
741 497 807 547 ut
833 508 968 560 non,
1000 509 1128 550 cum
1151 511 1376 562 venero,
1397 500 1532 552 tunc
1561 496 1803 550 collectae
1823 498 1980 565 ﬁant,
2011 500 2213 552 scilicet
2231 499 2386 564 facta
2416 499 2550 550 sint.
2587 495 2730 548 Cum
2770 497 2960 546 autem
2982 508 3225 562 praesens
3256 492 3433 558 fuero,
3470 508 3612 562 quos
3632 509 3782 562 pro-

510 579 779 636 baveritis
807 597 908 653 per
935 582 1219 652 epistolas,
1239 600 1365 637 cum
1385 587 1639 653 epistolis,
1660 585 1761 639 hos
1783 586 2006 640 mittam
2027 585 2274 656 perferre
2299 584 2544 655 gratiam
2567 588 2830 646 vestram,
2855 584 3035 648 gratis
3055 583 3185 635 data
3205 597 3239 634 a
3259 583 3424 643 vobis,
3449 583 3657 634 sanctis
3677 585 3785 649 qui

513 675 647 723 sunt
674 669 736 724 in
759 668 1131 725 Hierusalem.
1163 671 1322 735 Quod
1343 673 1390 726 si
1416 672 1651 742 dignum
1670 673 2024 739 fuerit,tanta
2039 677 2112 728 sit
2131 676 2388 740 collectio,
2408 677 2472 727 ut
2500 676 2560 725 et
2579 687 2685 740 ego
2708 686 2853 735 eam,
2875 685 3096 723 mecum
3116 668 3296 722 ibunt.
3322 669 3567 722 Veniant
3583 673 3785 723 autem

515 755 587 810 ad
605 773 720 822 vos,
742 773 867 812 cum
889 759 1271 814 Macedoniam
1292 759 1699 831 pertransiero;
1733 777 1864 815 nam
1888 762 2274 816 Macedoniam
2303 759 2672 833 pertransibo.
2698 757 2862 829 Apud
2904 774 2999 812 vos
3031 762 3220 812 autem
3246 757 3481 811 forsitan
3512 757 3781 823 manebo,

518 844 603 900 vel
633 845 802 900 etiam
832 846 1111 914 hiemabo,
1145 853 1211 902 ut
1242 863 1339 902 vos
1369 863 1459 902 me
1509 847 1800 902 deducatis
1831 865 2165 920 quocunque
2193 849 2327 903 iero.
2366 847 2508 902 Nolo
2533 847 2686 902 enim
2715 863 2810 901 vos
2840 846 3004 900 modo
3031 847 3088 900 in
3118 847 3378 912 transitu,
3410 848 3783 915 transeundo,

521 933 742 1002 videre;
773 952 936 1006 spero
967 936 1116 990 enim
1154 953 1245 991 me
1275 937 1687 1007 aliquantulum
1723 937 1994 1008 temporis
2026 954 2253 992 manere
2282 937 2432 1008 apud
2476 953 2589 1001 vos,
2623 936 2670 989 si
2711 935 2983 990 Dominus
3024 935 3365 1006 permiserit.
3415 933 3775 989 Permanebo

515 1027 708 1078 autem
729 1023 933 1094 Ephesi
962 1040 1141 1095 usque
1161 1025 1230 1079 ad
1262 1026 1650 1082 Pentecosten.
1665 1023 1719 1081 3.
1739 1026 1959 1082 Ostium
1977 1027 2127 1081 enim
2147 1027 2286 1080 mihi
2309 1027 2485 1093 (Ratio
2506 1040 2677 1093 quare
2691 1025 2887 1092 Ephesi
2911 1029 3187 1091 tantopere
3210 1021 3299 1094 [f..
3323 1028 3474 1076 tanto
3503 1021 3780 1094 tempore]

509 1125 918 1180 permansurus
947 1114 1039 1180 sit)
1080 1115 1338 1182 apertum
1391 1116 1480 1165 est
1507 1127 1778 1181 magnum
1823 1116 1883 1166 et
1911 1115 2171 1182 evidens;
2205 1119 2263 1169 et
2309 1112 2614 1169 adversarii
2654 1112 2816 1166 multi
2847 1115 2946 1180 qui
2975 1115 3215 1166 nolentes
3245 1111 3462 1164 credere
3491 1115 3785 1164 conantur

515 1199 801 1268 impedire.
839 1199 899 1253 Si
925 1203 1113 1254 autem
1143 1199 1360 1254 venerit
1385 1199 1732 1260 Timotheus,
1765 1200 1947 1256 videte
1975 1208 2040 1258 ut
2075 1203 2197 1258 sine
2216 1202 2419 1257 timore
2445 1217 2480 1254 a
2509 1202 2668 1268 falsis
2693 1201 2967 1267 fratribus
2997 1199 3071 1254 sit
3103 1199 3251 1270 apud
3280 1215 3376 1253 vos
3405 1218 3418 1266 ;
3453 1215 3593 1270 opus
3624 1199 3786 1253 enim

513 1285 740 1342 Domini
763 1292 1046 1358 operatur,
1076 1290 1406 1356 pradicator
1432 1293 1525 1354 est,
1552 1288 1696 1342 sicut
1727 1293 1783 1342 et
1805 1305 1928 1359 ego.
1959 1291 2043 1344 Ne
2063 1291 2188 1359 quis
2217 1305 2349 1360 ergo
2371 1289 2530 1344 illum
2563 1292 2812 1358 spernat,
2845 1289 2978 1355 quia
3003 1288 3331 1354 praedicator
3369 1293 3464 1340 est.
3498 1287 3784 1341 Deducite

516 1379 710 1432 autem
741 1377 903 1430 illum
931 1376 992 1430 in
1020 1391 1178 1446 pace,
1207 1381 1273 1430 ut
1296 1377 1489 1431 veniat
1510 1377 1580 1431 ad
1613 1392 1704 1431 me
1728 1395 1741 1444 ;
1772 1383 2000 1447 expecto
2031 1379 2180 1432 enim
2205 1378 2366 1433 illum
2391 1393 2518 1432 cum
2545 1375 2838 1431 fratribus.
2869 1377 2950 1429 De
2971 1377 3168 1446 Apollo
3198 1382 3386 1431 autem
3417 1377 3593 1431 fratre
3622 1377 3788 1432 vobis

515 1470 716 1519 notum
741 1464 888 1518 facio
917 1463 1182 1535 quoniam
1211 1465 1454 1519 multum
1482 1464 1673 1534 rogavi
1702 1481 1832 1518 eum
1857 1470 1922 1518 ut
1949 1465 2165 1519 veniret
2191 1465 2261 1518 ad
2283 1481 2378 1518 vos
2401 1479 2528 1518 cum
2557 1462 2848 1528 fratribus,
2877 1467 2934 1516 et
2960 1462 3154 1532 utique
3169 1479 3281 1516 non
3305 1463 3413 1517 fuit
3435 1463 3696 1517 voluntas
3719 1471 3789 1518 ut

518 1569 670 1607 nunc
689 1552 934 1619 veniret;
960 1551 1145 1606 veniet
1163 1557 1372 1618 autem,
1396 1568 1524 1606 cum
1545 1552 1597 1605 ei
1627 1567 1862 1606 vacuum
1889 1553 2078 1606 fuerit.
2107 1552 2368 1622 Vigilate,
2393 1557 2536 1605 state
2565 1551 2622 1603 in
2652 1551 2780 1615 fide,
2800 1551 3035 1604 viriliter
3052 1551 3225 1621 agite,
3256 1557 3314 1605 et
3342 1551 3745 1604 confortamini
3767 1570 3782 1614 ;

520 1641 713 1696 omnia
743 1646 930 1695 vestra
956 1641 1016 1694 in
1043 1641 1317 1694 charitate
1354 1641 1512 1696 ﬁant.
1553 1639 1604 1698 4.
1629 1640 1872 1696 Obsecro
1904 1646 2095 1696 autem
2125 1657 2240 1706 vos,
2258 1640 2551 1701 fratres,5.
2584 1639 2760 1693 nostis
2789 1639 3018 1692 domum
3049 1639 3365 1708 Stephants,
3392 1644 3449 1692 et
3477 1638 3786 1694 Fortunati

519 1735 578 1783 et
613 1729 857 1794 Achaici,
886 1729 1150 1800 quoniam
1173 1734 1307 1784 sunt
1331 1729 1592 1800 primitiae
1611 1729 1853 1796 Achaiae,
1880 1732 2042 1797 prius
2071 1730 2442 1793 crediderunt,
2465 1732 2521 1780 et
2545 1727 2603 1780 in
2625 1726 3000 1780 ministerium
3022 1733 3343 1780 sanctorum
3372 1727 3790 1781 ordinaverunt

520 1817 754 1887 seipsos,
786 1823 851 1872 ut
877 1822 937 1871 et
971 1834 1067 1871 vos
1094 1816 1303 1873 subditi
1338 1818 1460 1872 sitis
1489 1817 1780 1887 ejusmodi,
1817 1822 1874 1871 et
1894 1817 2046 1870 omni
2079 1816 2400 1886 cooperanti
2434 1821 2492 1868 et
2519 1815 2814 1868 laboranti.
2851 1815 3080 1868 Gaudeo
3123 1821 3312 1868 autem
3361 1815 3420 1868 in
3451 1816 3782 1885 praesentia,

520 1906 582 1958 id
610 1910 702 1969 est,
729 1907 863 1973 quia
892 1907 1168 1959 vobiscum
1200 1911 1351 1974 sunt,
1394 1906 1707 1976 Stephane,
1744 1910 1801 1958 et
1828 1904 2121 1959 Fortunati
2153 1909 2209 1958 et
2237 1903 2484 1969 Achaici,
2527 1902 2791 1972 quoniam
2822 1902 2876 1955 id
2911 1903 3059 1972 quod
3089 1902 3240 1955 vobis
3272 1903 3483 1968 deerat,
3507 1903 3616 1973 ipsi
3650 1919 3791 1974 sup-

518 1992 842 2064 pleverunt;
867 1989 1180 2048 refecerunt
1204 1993 1352 2047 enim
1376 1999 1433 2047 et
1451 2011 1640 2048 meum
1661 1994 1918 2066 spiritum
1945 1997 2004 2048 et
2022 1998 2288 2057 vestrum,
2306 1994 2450 2046 mihi
2470 1993 2845 2046 ministrando
2865 1996 3045 2060 prius,
3063 1998 3111 2045 et
3132 2009 3284 2046 nunc
3303 2009 3391 2045 vos
3413 1994 3786 2046 exhortando-

519 2080 866 2151 Cognoscite,
903 2081 1237 2144 imitamini,
1267 2097 1400 2150 ergo
1443 2082 1540 2151 qui
1581 2081 1859 2152 ejusmodi
1903 2086 2054 2135 sunt.
2086 2081 2347 2135 Salutant
2381 2096 2478 2133 vos
2523 2080 2778 2134 Ecclesiae
2805 2081 2969 2134 Asiae.
3007 2080 3270 2134 Salutant
3308 2096 3405 2134 vos
3452 2080 3509 2133 in
3536 2081 3791 2135 Domino

517 2169 781 2235 multum,
813 2169 1034 2240 Aquila,
1079 2173 1188 2236 vir,
1220 2174 1276 2223 et
1305 2169 1575 2235 Priscilla,
1619 2186 1780 2236 uxor,
1830 2186 1960 2224 cum
2009 2170 2315 2224 domestica
2352 2184 2455 2222 sua
2484 2169 2746 2234 Ecclesia,
2795 2171 2856 2222 id
2887 2174 2978 2233 est,
3011 2172 3239 2236 familia
3269 2189 3285 2222 :
3336 2170 3481 2240 apud
3532 2186 3679 2240 quos
3732 2177 3795 2226 et

516 2256 788 2327 hospitor.
832 2258 1093 2312 Salutant
1134 2274 1230 2311 vos
1281 2273 1476 2310 omnes
1520 2257 1740 2312 fratres.
1769 2257 2022 2312 Salutate
2072 2258 2310 2312 invicem
2347 2257 2406 2312 in
2441 2263 2564 2322 85
2601 2258 2788 2311 osculo
2829 2264 3042 2312 sancto.
3085 2257 3384 2324 Salutatio,
3431 2274 3558 2312 mea
3593 2275 3785 2316 manu

516 2343 698 2399 Pauli.
741 2345 799 2400 Si
829 2345 953 2416 quis
981 2363 1093 2400 non
1120 2351 1273 2400 amat
1303 2345 1606 2399 Dominum
1633 2349 1889 2399 nostrum
1917 2346 2109 2399 Jesum
2140 2345 2445 2411 Christum,
2482 2345 2532 2410 6,
2583 2345 2634 2398 7.
2668 2345 2742 2400 sit
2771 2347 3098 2411 anathema,
3130 2347 3412 2400 alienatur
3440 2348 3508 2401 ab
3533 2347 3791 2402 Ecclesia

517 2437 584 2490 in
614 2436 851 2488 adventu
877 2435 1121 2493 Domini.
1155 2431 1207 2491 8.
1239 2434 1590 2492 Maranatha.
1615 2434 1812 2488 Gratia
1844 2433 2070 2488 Domini
2096 2434 2274 2488 nostri
2298 2433 2429 2489 Jesu
2459 2434 2666 2490 Christi
2697 2435 3002 2490 vobiscum.
3038 2435 3297 2490 Charitas
3327 2451 3472 2502 mea,
3508 2437 3568 2488 id
3595 2441 3702 2505 est,
3721 2445 3793 2493 ut

515 2539 612 2592 ego
629 2539 737 2591 vos,
761 2527 842 2578 ita
870 2539 958 2578 vos
981 2526 1215 2578 invicem
1242 2525 1512 2594 diligatis,
1536 2538 1666 2578 cum
1695 2521 1955 2578 omnibus
1983 2521 2138 2576 vobis
2167 2521 2225 2575 in
2256 2522 2479 2577 Christo
2509 2523 2538 2578 J
2543 2539 2660 2590 esu,
2687 2540 2800 2579 non
2829 2527 3017 2580 seculi
3040 2525 3328 2582 charitate.
3355 2525 3554 2580 Amen.

1839 2663 2414 2719 COMMENTARIUS
2429 2709 2441 2722 .

589 2787 643 2844 2.
674 2788 888 2847 Lmn.
920 2790 1024 2844 Per
1053 2803 1228 2843 unam
1268 2788 1510 2856 Sabbati,
1559 2786 1617 2842 id
1646 2792 1749 2850 est,
1781 2803 1883 2860 per
1931 2787 2371 2848 unamAdatur.

516 2877 667 2934 diem
691 2878 1018 2952 septimanae
1038 2877 1200 2948 jubet
1236 2877 1422 2948 colligi
1449 2893 1516 2931 ea
1545 2892 1669 2949 quae
1697 2876 2104 2948 Jerosolymam
2258 2875 2310 2932 7.
2342 2878 2593 2933 AUGUST.
2629 2879 2819 2950 (Epist.
2855 2877 2955 2935 178
3009 2879 3082 2932 ad
3111 2880 3259 2934 Pasc.
3292 2882 3335 2934 t.
3383 2879 3479 2950 II).
3512 2877 3600 2933 Sit
3641 2895 3795 2934 ana-

517 2968 726 3023 sanctis
763 2965 1149 3023 mittebantur.
2191 2967 2388 3032 thema,
2428 2968 2786 3022 maranatha.
2829 2967 3009 3021 Simul
3061 2967 3252 3022 Graeco
3300 2971 3357 3022 et
3403 2968 3543 3039 Syro
3598 2968 3798 3024 utitur

585 3055 642 3113 3.
675 3059 888 3112 Ostium
917 3059 1066 3111 enim
1086 3056 1246 3110 mihi.
1279 3054 1445 3110 Ratio
1463 3070 1564 3110 cur
1586 3057 1879 3126 tantopere
1905 3053 2107 3124 Ephesi

514 3145 591 3200 sit
617 3162 1036 3218 permansurus.
1072 3145 1221 3200 Dicit
1255 3145 1406 3202 enim
1453 3144 1661 3200 ostium
1689 3160 1954 3215 magnum
1987 3159 2107 3198 esse

513 3239 774 3307 apertum
802 3235 1210 3306 praedicationis
1238 3251 1371 3303 suae,
1406 3251 1507 3306 per
1527 3233 1674 3306 quod
1706 3233 1884 3304 possit
1910 3232 2107 3304 praedi-

515 3323 693 3378 cando
739 3323 811 3378 ad
836 3325 1004 3380 corda
1031 3324 1378 3380 audientium
1417 3323 1633 3378 intrare
1661 3327 1718 3378 et
1745 3321 1914 3376 ﬁdem
1944 3320 2104 3375 Chri-

512 3413 756 3468 stianam
774 3414 1152 3484 persuadere;

583 3499 640 3555 4.
675 3502 895 3556 Obsecro
940 3507 1145 3556 autem.
1193 3502 1435 3558 Obsecro
1465 3505 1656 3555 autem
1684 3503 1750 3555 ut
1778 3504 1835 3554 et
1862 3516 1959 3554 vos
1990 3499 2105 3553 fra-

511 3593 630 3656 tres
658 3589 867 3644 subditi
893 3589 1035 3645 sitis.

587 3675 639 3734 5.
685 3679 867 3732 Nostis
912 3678 1198 3749 Stephana
1243 3678 1490 3734 domum.
1540 3677 1615 3730 Hi
1656 3693 1784 3731 cum
1839 3675 2105 3746 Apostolo

516 3768 756 3836 fuerant,
781 3772 837 3822 et
865 3766 1202 3838 quibusdam
1220 3765 1526 3822 Corinthiis
1557 3765 1652 3837 qui
1684 3782 1810 3819 cum
1841 3765 2105 3834 Apostolo

511 3862 692 3924 erant,
726 3863 783 3912 et
811 3857 918 3930 ipsi
940 3857 1207 3928 Apostolo
1233 3855 1545 3912 necessaria
1575 3871 1721 3928 saepe
1749 3853 2105 3908 ministrave-

668 4037 914 4093 AMsnos.
943 4034 1028 4091 Sit
1055 4035 1374 4090 anathema.
1407 4031 1568 4098 Quod
1594 4032 2019 4102 interpretatur.
2045 4031 2102 4086 Si

514 4125 642 4198 quis
681 4125 982 4182 Dominum
1025 4126 1218 4181 Jesum
1250 4121 1536 4178 Christum
1570 4136 1681 4176 non
1707 4125 1880 4187 amat,
1929 4115 2162 4175 absci-B

2189 3054 2374 3108 verbo.
2406 3053 2469 3109 Si
2495 3059 2637 3123 quis,
2663 3055 2865 3126 inquit,
2888 3073 2996 3110 non
3019 3061 3174 3110 amat
3198 3058 3522 3125 Dominum,
3545 3059 3618 3110 sit
3641 3073 3798 3111 ana-

2191 3144 2388 3210 thema,
2419 3145 2776 3198 maranatha.
2799 3144 3116 3198 Anathema
3134 3145 3325 3200 Graeco
3342 3161 3598 3200 sermone
3617 3145 3794 3214 dixit,

2189 3233 2596 3286 condemnatus.
2629 3233 2962 3286 Maranatha
2990 3233 3262 3298 definivit,
3285 3235 3450 3288 donec
3476 3236 3661 3288 veniat
3681 3237 3799 3290 Do-

2187 3322 2396 3385 minus,
2429 3321 2514 3373 vel
2553 3323 2753 3374 redeat.

2259 3412 2309 3464 8.
2348 3409 2594 3462 Humon.
2640 3410 3000 3464 Maranatha.
3035 3409 3214 3480 Magis
3243 3410 3448 3480 Syrum
3465 3415 3567 3478 est,
3604 3428 3791 3482 quam

2188 3495 2506 3565 Hebraeum,
2536 3502 2651 3550 tam
2683 3497 2788 3551 etsi
2817 3515 2881 3551 ex
2901 3499 3139 3552 conﬁnio
3169 3504 3540 3570 utrarumque
3560 3499 3796 3569 lingua-

2188 3602 2313 3640 rum
2351 3586 2536 3657 aliquo
2577 3592 2633 3640 et
2680 3585 2975 3640 Hebraeum
3027 3592 3208 3650 sonet,
3249 3592 3306 3641 et
3350 3588 3789 3658 interpretatur,

2187 3677 2455 3729 Dominus
2504 3680 2682 3729 noster
2720 3679 2886 3729 venit.
2918 3675 2994 3730 Ut
3034 3676 3110 3730 sit
3136 3693 3332 3731 sensus
3368 3695 3378 3727 :
3413 3677 3470 3731 Si
3500 3677 3626 3748 quis
3665 3693 3790 3732 non

2188 3769 2340 3816 amat
2367 3763 2667 3816 Dominum
2696 3764 2906 3827 Jesum,
2929 3764 3246 3832 anathema,
3273 3769 3330 3818 et
3348 3765 3444 3818 illo
3474 3765 3783 3835 completo,

2185 3852 2446 3923 deinceps
2474 3852 2782 3906 inferatur:
2815 3854 3082 3907 Dominus
3108 3860 3289 3908 noster
3304 3857 3466 3908 venit.
3504 3855 3664 3918 Quod
3681 3872 3790 3911 su-

2185 3943 2398 4013 perﬂue
2444 3942 2520 3995 sit
2546 3941 2842 3996 adversum
2872 3959 2998 3996 eum
3052 3942 3195 3996 odiis
3223 3943 3603 4014 pertinacibus
3647 3959 3789 4000 con-

2186 4031 2416 4085 tendere
2448 4030 2587 4085 velle
2615 4047 2780 4102 quem
2805 4032 2923 4101 jam
2951 4031 3168 4086 venisse
3198 4036 3435 4086 constat.

501 4267 3765 4303 W

631 4475 634 4478 .
704 4411 1157 4486 EPISTOLA
1224 4411 1308 4483 B.
1392 4411 1681 4484 PAULI
1757 4409 2215 4484 APOSTOLI
2278 4411 2410 4483 AD
2471 4408 3044 4482 CORINTHIOS
3107 4408 3566 4518 SECUNDA.

1154 4612 1334 4677 CUM
1363 4611 1944 4676 INTERJECTIS
1983 4612 2061 4675 Β.
2096 4609 2589 4673 LANFRANCI
2620 4607 3113 4672 GLOSSULIS.

582 4774 997 4828 AnoUMEN'rUM.
1029 4801 1100 4816 -
1129 4776 1250 4828 Post
1296 4779 1480 4828 actam
1509 4791 1545 4828 a
1574 4774 1877 4829 Corinthiis
1901 4775 2304 4842 paenitentiam,
2352 4772 2776 4826 consolatoriam
2801 4770 2994 4822 scribit
3039 4771 3112 4821 eis
3140 4769 3442 4836 Epistolam
3485 4768 3785 4838 Apostolus

511 4878 547 4917 a
576 4863 800 4928 Troade,
826 4877 926 4931 per
957 4863 1162 4918 Titum.
1203 4863 1270 4917 Et
1313 4864 1639 4918 collaudans
1690 4880 1793 4931 eos,
1841 4864 2101 4916 hortatur
2151 4863 2225 4915 ad
2252 4863 2504 4926 meliora,
2539 4861 2886 4913 contristatos
2921 4859 3144 4927 quidem
3180 4874 3282 4920 eos,
3327 4859 3416 4911 sed
3461 4858 3784 4913 emendatos

511 4951 817 5006 ostendens.

1855 5039 2088 5094 CAPUT
2119 5036 2425 5092 PRIMUM.

583 5126 794 5181 Paulus
819 5126 1120 5197 Apostolus
1151 5128 1284 5182 Jesu
1314 5127 1522 5182 Christi
1551 5143 1652 5198 per
1673 5127 2018 5181 voluntatem
2050 5125 2170 5188 Dei,
2203 5140 2316 5177 non
2337 5125 2596 5188 hominis,
2630 5126 2710 5177 vel
2738 5138 2850 5177 non
2881 5126 3115 5188 meritis,
3145 5127 3202 5176 et
3221 5121 3548 5177 Timotheus
3569 5124 3776 5195 frater,

511 5214 768 5271 Ecclesiae
797 5215 917 5278 Dei,
950 5232 1072 5287 quae
1101 5221 1188 5270 est
1218 5217 1490 5282 Corinthi,
1511 5233 1638 5271 cum
1671 5215 1932 5269 omnibus
1964 5212 2172 5266 sanctis
2200 5211 2296 5282 qui
2327 5216 2459 5265 sunt
2478 5211 2538 5265 in
2556 5211 2818 5265 universa
2845 5210 3075 5274 Achaia,
3111 5210 3307 5264 Gratia
3336 5210 3490 5265 vobis
3517 5217 3574 5265 et
3602 5228 3715 5282 pax
3745 5231 3784 5270 a

509 5302 626 5360 Deo
656 5303 823 5360 Patre
845 5308 1056 5369 nostro,
1089 5309 1146 5358 et
1175 5303 1412 5358 Domino
1439 5304 1572 5358 Jesu
1612 5302 1853 5357 Christo.
1886 5301 2218 5356 Benedictus
2256 5301 2405 5354 Deus
2435 5305 2492 5355 et
2519 5301 2687 5354 Pater
2717 5299 2941 5352 Domini
2972 5299 3149 5352 nostri
3183 5300 3316 5353 Jesu
3348 5299 3576 5364 Christi,
3611 5306 3782 5370 pater

507 5393 1043 5460 misericordiarum,
1077 5410 1188 5448 non
1209 5396 1380 5449 unius
1403 5397 1643 5457 tantum,
1671 5392 1760 5444 sed
1777 5393 2034 5459 plurium
2062 5392 2362 5444 secundum
2386 5392 2806 5459 participantes,
2835 5393 2892 5442 et
2916 5389 2962 5441 1.
2983 5388 3130 5442 Deus
3153 5387 3329 5442 totius
3349 5389 3773 5458 consolationis,

1839 5479 2426 5534 COMMENTARIUS.

581 5569 742 5628 CAP.
770 5573 815 5630 Ι.
859 5603 924 5617 -
946 5571 1002 5629 1.
1038 5573 1289 5630 Attianos.
1317 5573 1456 5627 Deus
1481 5570 1647 5624 totius
1672 5570 2078 5624 consolationis.

2190 5567 2570 5624 consolatione
2597 5565 2846 5640 incmpit,
2874 5565 3025 5624 unde
3054 5564 3412 5638 refrigerium
3440 5564 3539 5620 dat
3567 5564 3668 5633 eis,
