3912 6364
119 301 213 360 217
761 304 840 359 IN
877 305 944 360 D.
985 305 1202 362 PAULI
1239 304 1467 362 EPIST.
1509 301 1884 361 COMMENT.
1928 326 1994 342 --
2033 300 2259 357 EPIST.
2300 299 2356 356 Η
2389 297 2487 352 AD
2525 298 2688 354 COR.
3244 293 3352 352 218

117 422 161 480 2.
191 424 283 494 qui
314 425 636 480 consolatur
659 441 762 480 nos
789 426 849 480 in
874 426 1028 481 omni
1046 427 1408 482 tribulatione
1434 429 1650 492 nostra,
1673 427 1740 480 ut
1767 422 2048 494 possimus
2069 426 2129 477 et
2154 421 2262 492 ipsi
2289 421 2569 477 consolari
2593 422 2771 475 verbis
2785 423 2868 475 vel
2883 419 3123 488 coempto
3137 433 3232 474 eos
3247 416 3348 490 qui

116 512 163 566 in
191 513 337 566 omni
366 529 631 582 pressura
658 520 808 577 sunt,
835 531 936 586 per
955 516 1400 571 exhortationem
1422 518 1560 586 (ipse
1588 515 1914 568 emhortatur
1942 528 2038 566 nos
2068 516 2214 577 80,
2247 517 2295 564 et
2320 527 2419 579 per
2451 527 2548 565 nos
2586 511 2744 578 alios)
2767 524 2880 580 qua
2903 508 3264 562 exhortamur
3290 510 3350 562 et

116 600 208 672 ipsi
227 617 261 655 a
283 602 420 666 Deo,
435 606 589 656 intus
605 619 702 671 per
717 607 1001 672 spiritum.
1020 606 1325 672 Responsio.
1340 603 1622 668 Quoniam
1636 601 1783 658 sicut
1795 600 2087 655 abundant
2109 601 2445 669 (consolatur
2467 603 2600 653 tunc
2612 613 2700 652 vos
2712 600 2774 652 in
2789 599 2946 651 omni
2964 598 3043 674 tri
3047 597 3348 666 balatione)

117 689 384 760 passiones
398 691 609 746 Christi
635 692 695 746 in
713 691 893 759 nobis,
914 709 1049 760 quas
1069 708 1172 760 pro
1199 692 1414 748 Christo
1435 694 1709 760 patimur,
1730 690 1812 743 ita
1835 693 1892 742 et
1906 705 2006 760 per
2020 687 2304 744 Christum
2324 686 2575 742 abundat
2587 685 2891 740 consolatio
2913 689 3106 739 nostra
3127 685 3348 744 (exhor-

121 783 276 846 tatio).
306 778 434 832 Sive
470 785 658 835 autem
702 780 1040 835 tribulamur
1069 797 1170 852 pro
1197 785 1384 835 vestra
1411 778 1817 844 exhortatione,
1848 778 2089 844 exemplo
2120 778 2317 841 nostri,
2355 778 2437 830 vel
2461 777 2620 829 verbo
2645 776 2814 841 facta,
2841 777 2900 828 et
2927 772 3111 828 salute
3143 777 3356 827 eterna

118 868 449 921 tribulamur
480 888 495 922 :
523 869 638 923 sive
661 869 1018 924 consolamur
1045 887 1146 941 pro
1169 875 1353 924 vestra
1383 868 1782 933 consolatione,
1811 865 1925 920 sive
1953 865 2316 919 exhortamur
2345 881 2441 918 nos
2471 867 2623 918 intus
2641 879 2677 918 a
2699 863 2921 931 Spiritu
2949 868 3155 927 sancto,
3175 861 3347 932 3.pro

117 961 279 1008 vestra
303 955 712 1024 exhortatione,
744 964 806 1012 ut
829 975 917 1012 vos
939 959 1308 1024 eahortemur,
1336 962 1394 1012 et
1424 958 1624 1022 salute,
1649 959 1846 1021 vestra,
1877 952 1932 1009 4.
1962 970 2104 1024 quae,
2121 955 2326 1008 scilicet
2349 957 2520 1019 satus,
2551 956 2630 1007 vel
2661 954 2975 1017 consolatio,
2998 954 3080 1005 vel
3097 951 3349 1005 exhorta-

117 1045 195 1107 tio,
216 1048 484 1114 operatur
496 1046 853 1100 tolerantiam
879 1049 943 1100 in
971 1049 1117 1101 vobis
1137 1045 1464 1102 earumdem
1492 1045 1816 1116 passionum
1847 1058 1986 1114 quas
2015 1047 2073 1098 et
2101 1058 2203 1097 nos
2230 1041 2646 1113 patimur,5.ut
2663 1043 2762 1106 ita,
2778 1044 2860 1095 vel
2874 1042 3044 1107 unde,
3065 1041 3234 1094 velad
3251 1040 3350 1095 hoc

115 1146 224 1200 spes
248 1137 466 1198 nostra,
481 1136 624 1202 quod
641 1151 927 1202 speramus
957 1151 1048 1190 vos
1071 1137 1380 1202 salvandos,
1399 1135 1563 1190 ﬁrma
1581 1134 1656 1188 sit
1669 1149 1770 1204 pro
1785 1131 1960 1198 vobis,
1986 1131 2228 1186 scientes
2253 1131 2400 1202 quod
2421 1131 2569 1186 sicut
2585 1129 2722 1186 socii
2749 1129 3074 1201 passionum
3095 1127 3247 1194 estis,
3265 1127 3350 1181 sic

116 1218 254 1272 eritis
280 1226 338 1273 et
361 1221 763 1276 consolationis
778 1228 1008 1290 aeternae,
1040 1227 1122 1278 vel
1146 1227 1368 1293 praemii
1388 1225 1601 1280 aeterni.
1630 1221 1684 1288 6,
1719 1222 1769 1277 7.
1801 1213 1928 1276 Non
1959 1221 2111 1276 enim
2137 1222 2394 1277 volumus
2424 1221 2686 1292 ignorare
2702 1237 2816 1286 vos,
2837 1220 3059 1283 fratres,
3079 1219 3150 1272 de
3163 1216 3348 1272 tribu-

115 1306 304 1361 latione
327 1314 528 1363 nostra
551 1310 879 1379 (Responsio.
896 1313 1052 1366 Passi
1069 1315 1219 1367 enim
1249 1328 1444 1367 sumus
1472 1313 1832 1367 vehementem
1857 1313 2202 1378 passionem:
2227 1311 2392 1364 ethoc
2412 1312 2672 1364 nolumus
2699 1324 2790 1362 vos
2808 1311 3114 1378 ignorare),
3145 1305 3198 1360 8.
3223 1319 3348 1376 quas

115 1395 244 1450 facta
267 1401 351 1450 est
369 1396 431 1451 in
447 1397 603 1463 Asia,
619 1399 881 1469 quoniam
901 1415 1072 1470 supra
1091 1400 1318 1455 modum
1343 1401 1561 1471 gravati
1581 1416 1777 1454 sumus
1794 1415 1966 1471 supra
1983 1398 2270 1463 virtutem,
2285 1397 2703 1463 humanam,ita
2719 1401 2788 1452 ut
2808 1395 3349 1464 (erprimit)taederet

115 1501 201 1539 nos
225 1485 390 1539 etiam
422 1485 629 1551 vivere,
662 1504 775 1542 non
803 1505 1148 1557 speraremus
1166 1492 1364 1554 vivere,
1389 1491 1479 1544 sed
1496 1492 1661 1544 mori.
1678 1487 1786 1544 Sed
1803 1487 1912 1559 ipsi
1927 1487 1988 1542 in
2003 1485 2422 1558 nobismetipsis
2450 1501 2753 1556 reponsum
2775 1485 2972 1538 mortis
2999 1485 3350 1552 (conscientia

117 1579 281 1626 nostra
303 1575 464 1627 nobis
495 1579 712 1628 tantum
745 1582 988 1630 mortem
1005 1579 1402 1646 respondebat),
1434 1575 1752 1643 habuimus,
1769 1580 1964 1645 plagas
1995 1579 2188 1630 mortis
2216 1577 2502 1644 sperabam
2541 1591 2653 1629 non
2681 1576 2922 1642 evadere,
2944 1578 3012 1628 ut
3029 1589 3142 1627 non
3169 1573 3350 1628 simus

117 1661 328 1716 ﬁdentes
353 1661 416 1715 in
446 1661 631 1727 nobis,
663 1663 761 1718 sed
776 1663 842 1717 in
866 1663 980 1718 Deo
1013 1666 1112 1729 (ita
1138 1665 1280 1732 fidus
1319 1681 1474 1719 eram
1514 1667 1578 1720 de
1609 1671 1784 1720 morte
1821 1672 1882 1719 ut
1915 1669 2050 1734 quia
2081 1681 2191 1719 non
2229 1669 2485 1719 mortuus
2523 1679 2671 1730 sum,
2703 1679 2816 1718 non
2845 1664 3066 1716 debeam
3102 1664 3348 1731 amplius

117 1751 261 1815 ﬁdere
282 1752 345 1803 in
366 1767 476 1814 me,
501 1753 592 1804 sed
625 1753 690 1805 in
714 1753 837 1816 Deo,
867 1754 968 1820 qui
989 1769 1073 1806 me
1093 1756 1216 1821 jam
1245 1759 1534 1808 mortuum
1549 1757 1776 1822 eripuit,
1806 1755 1951 1823 quod
1971 1755 2089 1808 ideo
2105 1755 2359 1822 permisit
2391 1753 2524 1807 Deus
2553 1768 2727 1821 supra
2755 1755 3020 1806 virtutem
3053 1752 3343 1817 tribulari,

119 1843 158 1890 et
183 1853 273 1892 suo
300 1842 525 1893 aus-ilio
553 1842 729 1893 voluit
751 1840 970 1907 juvari,
1004 1846 1067 1894 ut
1109 1856 1223 1895 non
1261 1844 1437 1896 simus
1479 1844 1802 1910 conﬁdentes
1829 1845 1894 1897 in
1922 1841 2116 1910 nobis),
2148 1841 2245 1912 qui
2275 1841 2512 1896 suscitat
2542 1845 2795 1895 mortuos
2821 1839 3136 1912 (emphasis,
3169 1840 3231 1893 id
3273 1844 3348 1894 est

115 1928 489 1997 exaggeratio),
513 1927 610 1997 qui
642 1927 711 1982 de
738 1927 912 1982 tantis
944 1927 1205 1998 periculis
1232 1945 1336 1984 nos
1367 1929 1574 2000 eripuit
1601 1935 1659 1984 et
1686 1930 1865 1996 eruit;
1897 1930 1956 1984 in
1985 1946 2152 2001 quem
2195 1945 2508 2000 speramus,
2539 1929 2807 2000 quoniam
2831 1933 2888 1983 et
2915 1928 3098 1983 adhuc
3124 1928 3344 1999 eripiet,

117 2013 488 2082 adjuvantibus
509 2019 566 2070 et
583 2014 738 2070 vobis
764 2017 965 2086 (captio
987 2019 1376 2083 benevoteMia,
1411 2023 1461 2072 et
1495 2022 1588 2072 sui
1614 2019 1958 2088 humiliatio)
1985 2019 2046 2073 in
2074 2019 2328 2074 oratione
2354 2022 2504 2086 facta
2535 2034 2636 2089 pro
2658 2017 2838 2081 nobis,
2870 2021 2935 2072 ut
2968 2018 3172 2071 scilicet
3197 2033 3263 2071 ex
3292 2017 3345 2090 9.

117 2103 396 2158 multorum
423 2103 600 2171 (idem
622 2106 764 2172 quod
783 2120 884 2172 per
912 2106 1134 2173 multos)
1165 2105 1418 2175 personis
1447 2109 1750 2162 masculini
1768 2123 1944 2172 serus,
1976 2114 2024 2162 et
2051 2110 2273 2176 femini,
2307 2109 2450 2177 ejus,
2479 2123 2603 2178 qua
2629 2106 2690 2160 in
2711 2104 2872 2160 nobis
2911 2110 3014 2171 est,
3049 2106 3349 2174 professio-

117 2193 188 2244 nis
203 2194 278 2246 vel
309 2193 664 2246 liberationis
693 2209 838 2259 mea,
865 2192 1207 2258 donationis,
1240 2195 1301 2248 id
1324 2199 1418 2259 est,
1445 2195 1904 2262 Christianitatis,
1938 2213 2041 2267 per
2066 2196 2273 2252 multos
2297 2195 2494 2266 gratim
2520 2199 2761 2266 agantur
2780 2211 2880 2265 pro
2906 2192 3067 2248 nobis
3098 2195 3219 2248 Deo.
3259 2193 3344 2260 10,

123 2277 187 2333 11.
226 2282 308 2333 Vos
328 2296 436 2349 pro
467 2282 624 2334 nobis
654 2297 814 2335 orare
841 2283 1037 2335 debetis
1059 2302 1076 2348 ;
1109 2299 1241 2336 nam
1275 2282 1456 2352 gloria
1490 2288 1686 2337 nostra
1704 2283 1821 2337 haec
1849 2289 1950 2350 est,
1995 2289 2113 2350 δυ
2131 2284 2514 2339 testimonium
2534 2282 2885 2338 conscientiae
2912 2288 3136 2348 nosam,
3193 2280 3344 2351 quod

119 2367 230 2433 (ideo
245 2369 479 2435 dignum
503 2373 578 2422 est
599 2384 704 2437 pro
731 2385 819 2423 me
846 2373 1059 2437 gratias
1087 2374 1200 2437 agi,
1230 2387 1362 2424 nam
1391 2375 1456 2425 in
1479 2374 1828 2440 simplicitate
1855 2378 1906 2426 et
1932 2375 2246 2428 sinceritate
2274 2378 2622 2428 conservatus
2653 2389 2778 2426 sum
2806 2374 2956 2440 apud
2985 2376 3096 2437 vos)
3120 2370 3180 2424 in
3209 2371 3347 2426 sim-

121 2454 340 2524 plicitate
370 2471 489 2509 non
519 2457 756 2524 duplicis
777 2457 978 2523 cordis,
1011 2462 1066 2513 et
1085 2459 1407 2514 sinceritate
1425 2459 1549 2524 Dei,
1570 2475 1604 2513 α
1635 2465 1736 2516 Deo
1757 2462 1968 2526 habita,
2000 2467 2057 2517 et
2083 2477 2198 2516 non
2230 2461 2313 2517 l2.
2347 2460 2404 2515 in
2437 2461 2716 2533 sapientia
2741 2460 2974 2525 carnali,
3033 2464 3095 2514 ut
3144 2461 3348 2529 pseudo

123 2539 197 2598 13,
226 2543 328 2598 Sed
353 2543 416 2597 in
444 2545 636 2614 gratia
658 2545 779 2612 Dei,
813 2546 1124 2602 conversati
1148 2563 1344 2602 sumus
1369 2547 1431 2602 in
1459 2548 1565 2604 hoc
1585 2545 1816 2614 mundo,
1851 2547 1934 2606 14.
1967 2549 2345 2606 abundantius
2377 2556 2566 2608 autem
2617 2551 2709 2617 ad,
2734 2552 2903 2620 apud,
2932 2566 3046 2605 vos.
3073 2547 3164 2606 15.
3224 2550 3352 2606 Non

121 2632 247 2687 enim
265 2633 377 2690 alia
403 2633 708 2690 scribimus
734 2633 907 2703 vobis,
938 2651 1109 2708 quam
1137 2651 1261 2708 quae
1281 2636 1514 2708 legistis,
1546 2642 1604 2693 et
1631 2638 1986 2709 cognovistis,
2017 2642 2083 2695 in
2104 2656 2190 2694 me
2217 2641 2406 2709 fuisse.

1441 2803 2030 2893 COMMENTARIUS.

123 3007 199 3076 qui
222 3011 589 3081 correptionis
607 3027 777 3067 causa
795 3012 1018 3068 fuerant
1031 3013 1366 3079 contristati,
1381 3018 1441 3068 et
1456 3013 1746 3075 PatremA
1765 3013 1874 3080 hic,
1906 3031 2029 3085 quae
2057 3019 2146 3069 est
2171 3013 2345 3069 totius
2371 3012 2570 3068 mundi
2594 3013 2764 3068 tertia
2789 3027 2958 3084 pars;
2989 3011 3087 3066 sed
3111 3010 3183 3066 de
3209 3025 3353 3082 quso

121 3095 604 3155 misericordiamm
631 3099 730 3167 ait,
763 3107 993 3173 propter
1019 3102 1240 3158 diversa
1265 3107 1511 3174 peccata,
1545 3107 1603 3158 et
1620 3107 1686 3156 ut
1764 3104 1893 3157 dam
1927 3103 2228 3174 provincia,
2263 3118 2386 3173 quae
2422 3102 2598 3172 ipsius
2629 3101 2863 3172 majoris
2889 3100 3036 3156 Asiae
3061 3115 3196 3172 pars
3221 3105 3316 3157 est
3332 3115 3350 3173 ;

121 3195 520 3255 cognosceretur
546 3205 650 3261 per
686 3189 1126 3246 misericordiam
1166 3191 1474 3247 reformare
1510 3191 1684 3263 pueni-
1765 3181 1889 3262 ejus
1917 3196 2106 3246 tamen
2135 3191 2362 3246 nomine
2389 3195 2766 3262 nuncupatur.
3096 3232 3104 3240 .

121 3276 292 3329 tentes.
1834 3281 1888 3335 9.
1919 3282 2231 3335 Multarum
2259 3282 2523 3347 personis.
2565 3281 2751 3334 Causa
2785 3293 2888 3333 cur
2914 3279 3100 3334 adhuc
3125 3278 3346 3350 eripiet,

176 3360 223 3418 2.
248 3364 448 3422 Lassa.
485 3368 594 3435 Qui
620 3370 936 3422 consolatur
960 3384 1076 3422 nos.
1109 3368 1217 3423 Per
1235 3368 1472 3439 hocjam
1496 3375 1686 3424 osten-
1763 3373 1828 3424 ut
1869 3358 2147 3435 videlicet,
2181 3384 2247 3422 ex
2291 3368 2600 3422 multarum
2645 3367 2913 3424 facierum
2954 3368 3228 3440 personis,
3277 3367 3351 3423 ad

121 3448 187 3503 dit
199 3455 624 3511 consolatoriam
640 3472 762 3511 esse
775 3455 1104 3526 Epistolam;
1125 3457 1242 3512 vult
1261 3457 1411 3512 enim
1424 3459 1686 3514 omnibus
1762 3458 1941 3513 Deum
1971 3463 2200 3529 pr0pter
2217 3473 2413 3513 eorum
2423 3457 2877 3528 prmdicationem
2894 3459 3199 3526 conversis,
3219 3475 3352 3530 gra-

121 3542 381 3605 consolari,
428 3552 497 3600 et
538 3545 651 3600 illis
686 3546 1046 3608 contristatis,
1087 3552 1144 3602 et
1189 3548 1273 3602 illi
1325 3547 1542 3618 abjecto
1590 3549 1687 3620 qui
1761 3548 1853 3602 tiae
1873 3553 2116 3617 agantur
2139 3549 2254 3602 Deo
2269 3563 2369 3618 per
2389 3563 2583 3601 eorum
2604 3547 3074 3617 praedicationem,
3096 3563 3199 3619 per
3213 3547 3359 3602 mul-

125 3642 318 3684 uxorem
338 3634 486 3703 patri
508 3634 850 3700 abstulerat;
873 3639 935 3688 et
963 3639 1192 3706 propter
1209 3636 1314 3690 hoc
1333 3636 1501 3691 dixit:
1525 3641 1687 3693 Pater
1769 3642 1858 3690 tos
1878 3635 2150 3691 habentes
2174 3652 2298 3690 eam
2313 3635 2676 3690 donationem
2703 3636 2836 3690 ﬁdei
2855 3652 2979 3708 qum
2997 3637 3057 3690 in
3083 3636 3221 3707 ipsis
3250 3641 3356 3695 est.

125 3719 604 3776 misericordiarum
634 3727 684 3776 et
709 3724 850 3776 Deus
880 3726 1063 3789 totius,
1091 3729 1195 3778 etc.
1771 3726 2046 3780 Personas
2074 3730 2264 3780 autem
2285 3725 2590 3779 multarum
2609 3725 2878 3780 facierum
2896 3725 3359 3795 vocat,infantes,

178 3804 221 3858 3.
249 3810 346 3863 Pro
372 3816 554 3866 vestra
579 3812 969 3865 exhortatione.
991 3811 1304 3875 Quamdam
1333 3829 1559 3869 causam
1583 3815 1682 3869 tri-
1762 3829 1986 3884 pueros,
2011 3819 2070 3868 et
2085 3820 2316 3868 caeteras
2334 3819 2526 3869 mtates
2544 3813 2836 3868 hominum
2856 3813 3150 3886 utriusque
3169 3829 3354 3869 sexus.

127 3889 388 3952 bulationis
449 3915 567 3954 sum
621 3900 909 3971 supponit,
969 3905 1035 3955 ut
1099 3901 1354 3957 videlicet
1403 3903 1680 3959 Corinthii
1835 3900 1922 3959 10.
1953 3905 2098 3958 Nam
2126 3907 2308 3971 gloria
2333 3909 2544 3957 nostra.
2572 3902 2735 3956 Ratio
2749 3918 2958 3957 cureos
2978 3907 3100 3968 θ’,
3121 3903 3356 3973 Odium"

127 3986 341 4054 exemplo
380 3989 504 4057 ejus
535 3988 818 4058 provocati
864 3988 1231 4043 exhortantur
1269 3990 1340 4044 ad
1387 3989 1680 4046 ferendum
1770 4008 1833 4046 re
1857 3991 2115 4050 debeant.
2140 3991 2199 4046 in
2218 3991 2566 4046 orationibus
2595 3990 2872 4061 videlicet,
2903 3991 3036 4062 quia
3067 3990 3357 4045 consciam-

134 4069 512 4144 tribulationes,
555 4082 614 4132 et
657 4075 736 4131 sic
777 4077 1020 4132 salutem
1044 4077 1448 4149 sempiternam
1497 4096 1691 4136 conse-
1772 4081 1856 4135 tia
1865 4097 2059 4136 eorum
2077 4081 2242 4135 testis
2259 4080 2334 4135 sit
2344 4079 2494 4152 quod
2513 4080 2730 4134 sincere
2747 4080 3060 4135 conversati
3079 4079 3196 4135 sint
3211 4079 3361 4134 inter

168 4175 362 4218 cantur.
1777 4186 1892 4224 808.

168 4168 362 4218 cantur.
1880 4211 1892 4224 .

137 4173 162 4228 ᾳ
191 4248 236 4304 4.
262 4253 379 4318 Qua:
405 4260 713 4324 operantur
743 4258 1117 4312 tolerantiam.
1139 4256 1279 4327 Spes
1307 4257 1506 4314 salutis
1534 4263 1694 4316 aeter-
1711 4311 1757 4330 ἢ
1777 4186 1876 4316 eo:
1895 4259 1936 4317 l.
1970 4260 2214 4315 AMBROS.
2249 4259 2397 4313 Nam
2437 4260 2638 4326 gloria.
2688 4257 2853 4314 Ratio
2894 4257 3264 4330 quamobrem
3291 4260 3362 4316 de

138 4350 205 4391 me
225 4311 474 4411 operatur
484 4344 865 4410 tolerantiam,
883 4343 940 4398 id
964 4348 1067 4410 est,
1091 4311 1422 4416 patientiam
1711 4311 1759 4372 B
1779 4311 1907 4404 Dect
1922 4311 2372 4411 nonvdifli—debat,
2405 4311 2539 4419 quia
2574 4311 2635 4401 in
2663 4311 3362 4420 amnismaior—iniu;-

139 4422 232 4492 Dei,
261 4431 384 4499 quia
411 4437 643 4503 propter
664 4432 844 4504 ipsam
866 4433 1099 4488 adversa
1125 4433 1460 4491 tolerantur.
1773 4439 1957 4496 batur.
1991 4440 2063 4494 Et
2079 4439 2197 4493 haec
2215 4441 2315 4492 est.
2324 4436 2506 4508 gloria
2531 4437 2906 4505 conscientiae,
2943 4437 3274 4510 simplicitas
3302 4443 3363 4494 et

195 4511 235 4570 5.
265 4517 320 4572 Ut
337 4535 447 4588 spes
468 4526 680 4575 nostra.
701 4521 842 4576 Cum
861 4521 1186 4594 principalis
1197 4539 1366 4579 causa
1378 4525 1690 4583 tolerantiae
1769 4528 2082 4584 sinceritas.

138 4597 324 4660 illorum
350 4607 499 4664 dicta
527 4610 604 4664 sit
629 4609 782 4665 salus
815 4616 1046 4678 aeterna,
1093 4611 1264 4668 aliam
1299 4629 1526 4670 causam
1553 4632 1688 4688 sup-
1839 4617 1928 4672 12.
1952 4619 2154 4674 Lassa.
2185 4619 2254 4672 In
2274 4619 2568 4686 sapientia.
2593 4617 2883 4688 Sapientia
2897 4619 3138 4676 camelis
3157 4626 3245 4678 est
3269 4637 3362 4678 vo-

138 4693 281 4780 ponit,
307 4701 368 4752 ut
392 4698 649 4756 videlicet
674 4715 801 4770 spes
825 4715 950 4768 sua,
980 4717 1150 4772 quam
1176 4718 1278 4774 pro
1306 4702 1396 4758 his
1422 4703 1684 4774 habebat,
1767 4708 2014 4780 luptates
2041 4707 2292 4778 diligere,
2326 4705 2547 4760 labores
2575 4706 2773 4762 vitare.

139 4777 268 4835 firma
287 4793 571 4857 appareat.
1828 4777 1924 4852 13.
1958 4797 2063 4853 Sed
2091 4777 2157 4849 in
2182 4798 2390 4864 gratia,
2436 4793 2495 4848 id
2537 4800 2642 4860 est,
2682 4794 3037 4853 observantia
3081 4798 3358 4858 bonorum

188 4867 232 4922 6-
272 4874 506 4931 Annos.
543 4878 668 4932 Non
712 4880 866 4934 enim
911 4879 1188 4936 volumus.
1228 4881 1361 4936 Ideo
1397 4882 1684 4953 passiones
1765 4900 2022 4955 operum,
2054 4900 2180 4955 quae
2207 4899 2309 4954 per
2334 4882 2580 4954 gratiam
2609 4884 2710 4939 Dei
2739 4883 2928 4940 datur.

138 4969 482 5022 Pressurarum
504 4965 735 5034 indicat,
764 4972 832 5022 ut
853 4969 1114 5024 ostendat
1141 4986 1265 5041 quae
1293 4971 1480 5038 mala;
1514 4988 1684 5027 causa
1839 4972 1923 5029 14.
1945 4974 2191 5030 Annos.
2205 4974 2600 5031 Abundantius
2614 4981 2822 5030 autem.
2835 4975 2981 5040 Quia
2999 4991 3128 5031 cum
3144 4975 3218 5031 ab
3234 4976 3359 5031 aliis

139 5045 297 5135 salutis
323 5069 511 5111 eorum
534 5055 909 5127 partiebatur;
933 5063 997 5112 ut
1020 5074 1132 5112 non
1145 5059 1373 5129 gravius
1388 5061 1616 5124 terrent,
1633 5061 1681 5117 si
1763 5063 2058 5134 acceperit,
2091 5063 2160 5116 ab
2189 5063 2276 5118 his
2305 5063 2506 5129 noluit,
2529 5078 2605 5118 ne
2631 5064 2906 5135 arguendi
2937 5081 3032 5119 eos
3060 5063 3360 5120 auctorita-

142 5131 194 5186 ab
215 5136 296 5194 illo
321 5145 746 5217 corriperentur,
783 5147 879 5218 qui
903 5151 1022 5202 tam
1044 5163 1244 5220 aspera
1263 5165 1364 5220 pro
1399 5149 1512 5205 illis
1537 5151 1680 5206 tole-
1761 5156 1878 5207 tem
1892 5131 2209 5208 amitteret.

143 5222 284 5281 tabat.
1833 5241 1928 5298 15.
1965 5242 2176 5296 Lassa.
2193 5243 2316 5297 Non
2336 5244 2488 5297 enim
2515 5246 2660 5298 alias
2677 5243 3100 5298 scribimus.Vel
3119 5242 3352 5299 dicitur:

197 5310 238 5404 7.
264 5317 455 5376 Lara.
487 5325 614 5378 Non
644 5327 793 5378 enim
833 5329 1104 5381 vctu-mus.
1143 5326 1383 5398 Exponit
1407 5329 1557 5399 quod
1584 5345 1680 5383 su-
1763 5331 1828 5385 In
1857 5330 2215 5402 simplicitate
2249 5330 2423 5386 dicis:
2449 5333 2533 5386 Tu
2553 5332 2612 5386 in
2632 5331 2743 5386 alia
2774 5332 3024 5402 Epistula
3048 5332 3360 5404 promisisti

145 5402 294 5492 [terius
310 5409 466 5464 dixit:
489 5411 614 5468 Sive
640 5417 826 5468 autem
845 5416 1209 5470 tributamur.
1238 5415 1306 5471 Et
1328 5417 1476 5487 quod
1500 5423 1683 5488 poste-
1759 5423 1819 5474 te
1849 5426 2149 5475 venturum
2189 5421 2259 5475 ad
2288 5437 2410 5489 nos,
2453 5427 2511 5475 et
2537 5437 2650 5475 non
2677 5420 2899 5475 venisti.
2931 5402 3069 5477 Non:
3095 5437 3242 5492 sum,
3271 5423 3357 5480 in-

143 5488 234 5587 litis
261 5497 438 5587 :_Sicut
465 5504 602 5556 socii
623 5505 965 5570 passionum,
994 5510 1100 5559 etc.
1767 5509 1908 5580 quit,
1932 5509 2088 5577 levis,
2118 5510 2252 5582 quia
2278 5488 2404 5581 quae
2425 5509 2639 5582 scripsi,
2666 5513 2724 5565 et
2749 5509 2966 5582 legistis
2994 5511 3056 5567 in
3092 5488 3359 5587 Epistolis

193 5577 240 5638 8ο
264 5585 374 5653 Qua
397 5591 544 5660 facta
566 5597 643 5648 est
672 5595 737 5648 in
759 5593 914 5650 Asia.
944 5593 1072 5652 Non
1087 5594 1159 5652 de
1183 5611 1252 5652 ea
1273 5595 1409 5654 Asia
1434 5595 1686 5671 loquitur
1765 5577 1927 5668 meis,
1956 5614 2054 5658 vos
2198 5577 2323 5657 esse
2347 5577 2700 5672 cognoscitis.
