3912 6364
573 253 680 312 219
1572 270 1635 324 Β.
1677 272 2089 333 LANFRANCI
2131 277 2484 334 CANTUAR.
2527 277 2862 334 ARCHIEP.
3738 282 3848 336 220

576 373 664 434 16.
689 378 864 450 Spero
884 387 1073 438 autem
1105 386 1252 456 quod
1279 403 1458 459 usque
1484 391 1542 446 in
1564 394 1734 449 ﬁnem
1757 400 1881 451 vitae
1902 415 2030 454 mea;
2047 403 2410 471 cognoscetis,
2443 403 2587 458 sicut
2603 408 2660 457 et
2679 403 3015 473 cognovistis
3041 420 3144 459 nos
3173 421 3285 460 non
3297 408 3456 474 plene
3481 408 3664 471 (homo
3689 411 3845 461 enim

573 468 718 520 videt
743 471 809 522 in
826 471 995 536 facie;
1030 473 1170 528 Deus
1193 482 1380 530 autem
1403 482 1467 532 in
1489 483 1689 551 corde),
1713 487 1804 538 sed
1829 503 1894 540 ex
1924 468 2214 557 parteivel
2239 495 2362 546 vita:
2389 509 2536 556 mea,
2569 495 2651 545 vel
2687 509 2797 546 non
2830 495 3171 547 omnes.1deo
3192 497 3537 561 cognoscetis.
3567 495 3658 548 17.
3698 497 3849 560 Quia

571 553 754 623 gloria
782 564 967 613 vestra
995 577 1210 631 sumus,
1239 566 1384 620 sicut
1412 573 1469 622 et
1496 587 1590 624 vos
1619 579 1830 640 nostra,
1863 553 1950 631 18—.
1981 577 2039 631 in
2068 580 2159 634 die
2199 581 2425 635 Domini
2453 553 2630 634 nostri
2661 582 2690 635 J
2695 598 2794 635 esu
2823 580 3058 638 Christi.
3109 579 3194 638 i9.
3231 553 3301 636 Εἷι
3327 583 3432 636 hac
3477 583 3844 650 conﬁdentia,

573 645 709 709 quia
733 660 821 697 vos
844 651 1024 713 gloria
1048 658 1255 718 nostra,
1289 671 1384 708 nos
1413 664 1604 725 vestra,
1619 662 1765 715 volui
1778 664 1948 733 prius,
1968 683 2161 736 nuper,
2181 670 2370 724 venire
2393 670 2463 724 ad
2491 686 2608 734 vos,
2631 675 2696 723 ut
2713 671 3019 724 secundum
3036 671 3278 740 gratiam
3311 671 3592 726 haberetis
3615 691 3626 724 :
3656 679 3716 727 et
3738 691 3846 744 per

566 744 663 784 vos
693 734 933 789 transire
959 736 1019 791 in
1047 739 1446 810 Macedoniam,
1464 751 1521 800 et
1534 748 1740 804 iterum
1769 769 1802 804 a
1830 734 2157 811 Macedonia
2176 758 2366 812 venire
2385 758 2456 811 ad
2477 774 2592 823 vos,
2629 763 2688 811 et
2706 775 2740 811 a
2767 757 2921 812 vobis
2941 758 3140 812 deduci
3169 758 3228 812 in
3255 759 3532 818 Judaeam.
3567 759 3834 828 Objectio,

573 821 710 885 quia
730 825 970 889 voluisti,
1007 842 1102 881 nec
1128 833 1344 895 venisti,
1379 849 1504 901 ergo
1534 839 1747 892 levitate
1775 857 1904 894 usus
1934 860 2020 898 es:
2042 848 2250 914 etquod
2277 862 2388 900 non
2416 849 2638 912 venisti,
2657 849 2958 900 secundum
2982 849 3303 911 carnem,id
3325 854 3417 913 est,
3431 863 3534 915 pro
3556 850 3718 901 lucro
3739 854 3827 903 ali
3834 881 3850 890 -

570 921 677 974 quo
705 910 905 974 fecisti.
931 913 1042 966 Hoc
1060 924 1309 971 removet.
1327 922 1631 990 Responsio.
1667 927 1805 981 Cum
1829 946 1962 1001 ergo
1987 933 2091 986 hoc
2107 910 2429 999 voluissem,
2451 941 2499 989 et
2521 951 2633 988 non
2668 938 2952 1002 venissem,
2979 935 3233 1006 nunquid
3264 935 3488 988 levitate
3508 951 3650 990 usus
3676 939 3849 991 sum?

572 991 665 1052 20.
693 996 808 1050 Aut
827 1014 948 1068 quae
967 1003 1168 1072 cogito,
1186 1005 1243 1061 21
1262 1047 1273 1059 .
1289 1011 1597 1066 secundum
1611 1029 1837 1070 carnem
1859 1021 2061 1089 cogito,
2086 1039 2234 1077 more
2257 1026 2563 1078 carnaliter
2580 1026 2910 1088 viventium,
2931 1027 3029 1092 qui
3047 1039 3147 1092 pro
3164 1029 3380 1078 terreno
3407 1026 3690 1078 commodo
3716 1041 3849 1093 pro-

575 1084 828 1151 mittunt,
855 1091 935 1142 vel
964 1097 1184 1159 negant,
1208 1099 1270 1147 ut
1298 1095 1374 1150 sit
1401 1099 1547 1168 apud
1577 1117 1667 1156 me
1697 1110 1801 1169 est,
1834 1113 1891 1160 et
1916 1084 2069 1163 non?
2097 1111 2301 1166 Fidelis
2327 1117 2517 1166 autem
2539 1112 2708 1177 Deus,
2740 1084 2956 1165 scilicet.
2976 1084 3094 1177 scit,
3121 1112 3255 1183 quia
3281 1129 3465 1166 sermo
3495 1117 3712 1180 noster,
3750 1115 3850 1184 qui

570 1168 679 1224 fuit
705 1175 854 1242 apud
879 1192 994 1243 vos,
1026 1194 1138 1234 non
1169 1188 1255 1237 est
1274 1182 1370 1243 22.
1399 1187 1460 1241 in
1485 1187 1582 1243 illo
1612 1196 1715 1258 est,
1749 1168 1806 1246 et
1824 1210 1935 1248 non
1969 1215 1981 1250 :
2016 1203 2382 1267 mutabilitas,
2421 1168 2794 1265 mendacium,
2826 1202 2916 1254 sed
2934 1207 3009 1254 est
3034 1168 3097 1254 in
3113 1168 3212 1255 illo
3243 1207 3336 1255 est.
3365 1201 3465 1254 Dei
3481 1200 3635 1254 enim
3663 1202 3850 1255 Filius

570 1257 734 1313 Jesus
759 1261 1051 1320 Christus:
1090 1271 1185 1339 qui
1207 1272 1266 1326 in
1295 1274 1450 1329 vobis
1474 1294 1576 1347 per
1601 1257 1710 1334 nos
1732 1283 2066 1351 praedicatus
2095 1293 2197 1354 est,
2232 1305 2333 1358 per
2373 1257 2486 1354 ine,
2521 1294 2578 1342 et
2617 1257 2941 1360 Sylvanum,
2975 1294 3031 1342 et
3055 1289 3433 1356 Timotheum,
3468 1289 3558 1346 23.
3587 1306 3706 1343 non
3739 1291 3853 1345 fuit

571 1349 676 1412 est,
701 1353 757 1402 et
787 1365 919 1417 non,
939 1354 1038 1407 sed
1059 1361 1144 1410 est
1162 1358 1221 1412 in
1251 1361 1367 1427 illo,
1385 1365 1446 1416 id
1461 1371 1555 1430 est,
1580 1349 1803 1436 veritas,
1836 1371 1942 1425 fuit
1987 1379 2109 1439 ss
2129 1349 2218 1442 24,
2346 1349 2633 1446 Quotquot
2652 1349 2801 1431 enim
2824 1349 3219 1447 promissiones
3235 1377 3336 1431 Dei
3357 1349 3507 1442 sunt,
3533 1378 3591 1431 in
3611 1378 3716 1432 illo
3739 1384 3849 1432 est:

566 1448 688 1487 vere
726 1442 1140 1505 completasunt
1159 1464 1176 1508 ;
1209 1445 1296 1500 26.
1317 1449 1443 1504 ideo
1460 1457 1516 1505 et
1532 1452 1618 1510 27.
1637 1473 1738 1526 per
1760 1458 1964 1529 ipsum,
1991 1465 2249 1518 dicimus.
2265 1465 2446 1520 Amen
2471 1442 2608 1532 D_eo,
2626 1463 2716 1522 28.
2738 1466 2808 1520 ad
2825 1442 3066 1536 gloriam
3089 1472 3362 1521 nostram-
3386 1466 3476 1522 29-
3512 1467 3623 1530 QUi
3645 1473 3851 1521 autem

569 1523 868 1580 conﬁrmat
887 1543 990 1582 nos
1014 1531 1364 1600 (quodsermo
1386 1547 1565 1595 noster
1585 1559 1696 1598 non
1714 1551 1810 1612 est,
1828 1554 1921 1614 est,
1961 1556 2008 1603 et
2045 1568 2187 1617 non;
2219 1570 2332 1608 non
2363 1570 2427 1607 ea
2461 1557 2614 1608 nobis
2637 1555 2750 1621 hoc,
2783 1557 2873 1608 sed
2903 1571 2968 1608 ea:
2995 1556 3116 1618 Deo,
3150 1559 3248 1624 qui
3284 1559 3580 1622 conﬁrmat
3608 1571 3716 1609 nos
3745 1573 3848 1609 vo-

574 1609 786 1667 biscum
814 1614 874 1669 in
905 1617 1143 1687 Christo,
1175 1622 1263 1678 30.
1295 1632 1352 1680 et
1381 1629 1476 1698 qui
1505 1633 1664 1686 unxit
1693 1651 1815 1702 nos,
1848 1641 2096 1705 spiritali
2125 1644 2400 1707 unctione,
2427 1648 2500 1695 est
2532 1643 2701 1708 Deus,
2737 1641 2830 1712 qui
2856 1647 2913 1696 et
2940 1643 3183 1712 signavit
3210 1659 3332 1708 nos,
3367 1659 3433 1695 ne
3464 1645 3748 1696 violemur
3779 1646 3851 1698 ab

570 1700 733 1800 hoste,
751 1708 808 1756 et
827 1701 912 1760 3t.
937 1706 1091 1762 dedit
1107 1711 1309 1782 pignus
1328 1717 1558 1787 spiritus
1578 1721 1636 1775 in
1663 1700 1923 1779 cordibus
1943 1729 2150 1782 nostris
2173 1731 2249 1796 (id
2269 1734 2365 1797 est,
2389 1700 2636 1784 varrham
2651 1700 2771 1796 sui:
2774 1733 2858 1784 vel
2889 1700 3102 1785 uterne?
3116 1731 3491 1799 hereditatis);
3515 1746 3620 1800 ego
3643 1735 3852 1786 autem

569 1787 668 1856 (ad
689 1790 786 1844 hoc
799 1796 943 1860 quod
958 1804 1212 1865 superius
1228 1805 1374 1858 dixit
1387 1811 1540 1861 volui
1557 1815 1743 1866 venire
1764 1816 1838 1867 ad
1857 1819 1963 1883 vos)
1982 1819 2186 1868 testem
2211 1816 2390 1869 Deum
2421 1816 2616 1871 invoco
2648 1818 2726 1885 in,
2747 1823 2961 1884 contra,
2985 1819 3230 1872 animam
3262 1835 3466 1882 meam,
3489 1821 3539 1872 si
3566 1823 3848 1887 mentior,

572 1877 720 1945 quod
745 1881 1054 1949 (conﬁrmat
1071 1903 1184 1944 non
1193 1908 1301 1960 pro
1321 1898 1555 1965 levitate,
1571 1904 1652 1954 vel
1667 1905 1965 1970 cupiditate
1986 1921 2097 1958 non
2111 1907 2332 1964 venisse.
2351 1908 2441 1959 sed
2463 1909 2596 1974 quia
2613 1909 2874 1975 quosdam
2889 1923 3080 1960 eorum
3101 1911 3344 1962 noluerit
3355 1905 3585 1976 punire)
3598 1923 3851 1978 parcens

569 1964 743 2033 vobis,
778 1985 845 2022 ne
868 1987 956 2025 vos
979 1991 1169 2044 aspere
1206 1986 1624 2054 corrigerem,et
1644 1995 2051 2058 contristarem,
2075 2009 2187 2046 non
2210 1993 2332 2046 veni
2355 1995 2524 2060 ultra,
2543 1995 3152 2073 iterum,Corinthumi
3183 1993 3270 2052 32.
3299 2011 3414 2051 non
3444 1995 3576 2066 quia
3608 1994 3706 2051 33.
3743 1997 3851 2050 do-

569 2052 858 2112 minamur
893 2061 1022 2116 ﬁdei
1056 2071 1271 2134 vestrae,
1303 2088 1416 2128 non
1446 2077 1564 2129 ideo
1585 2079 1704 2132 dico
1725 2096 1978 2148 parcens,
2011 2087 2074 2134 ut
2103 2085 2265 2150 quasi
2290 2084 2519 2137 Domini
2541 2069 2796 2152 cogamus
2813 2101 2900 2138 vos
2911 2087 2984 2138 ad
3006 2086 3187 2152 ﬁdem,
3207 2101 3325 2153 quae
3346 2100 3454 2155 per
3481 2086 3849 2138 dilectionem

571 2150 836 2211 operatur
863 2151 926 2204 in
949 2155 1122 2220 nobis,
1157 2158 1255 2212 sed
1287 2158 1356 2218 34
1383 2162 1672 2233 adjutores
1700 2183 1895 2222 sumus
1933 2170 2126 2240 gaudii
2155 2171 2346 2240 vestri,
2379 2174 2440 2225 id
2479 2178 2573 2240 est,
2604 2150 2968 2242 correptionis
3006 2150 3367 2243 vestrw,‘qua-
3393 2174 3686 2242 gaudeatis
3717 2176 3850 2227 vita:

567 2236 780 2289 aeternae
803 2255 819 2290 :
850 2253 982 2293 nam
1008 2243 1118 2298 ﬁde
1145 2247 1326 2303 statis.

1899 2329 2490 2386 COMMENTARIUS.

599 2510 612 2523 .
753 2427 920 2530 Spero
958 2441 1162 2494 autem.
1198 2441 1368 2504 Quasi
1394 2446 1603 2504 diceret
1638 2468 1648 2504 :
1680 2452 1744 2506 In
1768 2452 1913 2508 bono
1943 2458 2413 2525 cogno-Asalute
2441 2462 2636 2512 nostra
2662 2459 3060 2530 prophetatum
3090 2463 3192 2515 est.

561 2519 722 2610 vistis
749 2533 868 2586 nos,
885 2519 940 2574 in
968 2525 1260 2599 principio;
1283 2539 1340 2586 et
1363 2534 1422 2589 in
1444 2535 1590 2592 bono
1621 2543 2154 2614 cognoscetisusque
2305 2545 2393 2602 26.
2428 2549 2676 2604 Aunsos.
2717 2551 2842 2604 Ideo
2872 2556 2918 2603 et
2945 2566 3047 2618 per
3079 2553 3281 2618 ipsum.
3315 2549 3677 2606 Manifestum
3704 2552 3848 2622 quia

561 2598 623 2655 in
644 2603 814 2660 ﬁnem
828 2649 842 2664 .

642 2689 725 2791 17‘.
755 2696 998 2753 AMBROS.
1034 2702 1175 2768 Quia
1192 2708 1374 2774 gloria
1395 2719 1590 2769 vestra.
1607 2717 1883 2774 Proﬁcere
1897 2720 2005 2775 illis
2026 2722 2147 2791 [al.,

563 2777 717 2880 illos].
749 2792 956 2880 sperat,
991 2792 1124 2880 quia
1147 2795 1536 2864 gloriabantur
1558 2804 1617 2857 in
1642 2822 1725 2873 eo,
1751 2808 1902 2862 velut
1917 2809 1974 2862 in
1994 2777 2152 2880 patre

563 2867 909 2942 charissimo;
930 2879 1078 2933 unde
1095 2886 1151 2934 et
1165 2883 1404 2953 gloriam
1434 2907 1594 2945 suam
1622 2895 1797 2949 videri
1826 2901 2068 2952 testatur
2093 2900 2150 2953 in

561 2955 707 3056 ﬁlios
735 2959 1130 3056 obaudientes;
1165 2977 1222 3027 et
1263 2979 1399 3031 tunc
1426 2979 1620 3048 videri,
1654 2985 1878 3053 quando
1898 2987 2144 3056 prodest,

559 3042 617 3099 id
645 3052 748 3115 est,
781 3049 839 3105 in
864 3053 955 3108 die
973 3057 1191 3126 judicii.

629 3134 724 3192 18.
763 3138 971 3196 LANFR.
1013 3149 1082 3200 In
1131 3151 1217 3204 die
1251 3153 1495 3222 Domini,
1529 3163 1634 3212 etc.
1668 3160 1858 3215 Sancti
1895 3163 2043 3216 enim
2092 3165 2151 3219 in

561 3227 825 3317 praesenti
853 3229 922 3283 de
951 3248 1053 3287 sua
1082 3234 1231 3292 bona
1264 3244 1602 3299 conscientia
1636 3248 1968 3317 gloriantur,
2003 3257 2066 3306 ut
2091 3253 2150 3306 in

558 3311 777 3400 psalmo
809 3331 821 3366 :
859 3317 1050 3374 Omnis
1076 3325 1258 3390 gloria
1279 3332 1396 3396 ejus
1425 3333 1554 3396 ﬁliae
1575 3311 1718 3400 regis
1737 3339 1806 3390 ab
1826 3311 1998 3392 intus.

636 3396 821 3493 19._Et
849 3405 950 3459 hac
977 3413 1324 3482 conﬁdentia,
1359 3417 1416 3471 id
1450 3427 1554 3482 est,
1585 3396 1814 3493 propter
1843 3426 1986 3480 hanc
2015 3445 2146 3483 con-

557 3484 868 3582 ﬁdentiam,
887 3510 997 3564 qua
1025 3515 1316 3568 speramus
1344 3522 1445 3576 per
1462 3484 1798 3565 alterutrum
1819 3515 2142 3582 gloriﬁcari.

630 3573 718 3631 20.
750 3579 994 3638 AMBROS.
1028 3589 1138 3642 Aut
1176 3607 1293 3659 quae
1327 3573 1518 3662 cogito.
1552 3597 1660 3661 Qui
1690 3573 1992 3658 secundum
2023 3623 2146 3660 car-

2233 2633 2292 2688 in
2338 2635 2453 2690 Deo
2501 2637 2706 2692 veritas
2735 2643 2839 2705 est,
2872 2638 2977 2693 hoc
2997 2643 3083 2693 est
3097 2641 3298 2706 Amen,
3341 2638 3707 2694 manifestata
3741 2657 3848 2710 per

2235 2723 2540 2778 Christum.
2814 2745 2816 2747 '

2303 2810 2391 2868 27.
2422 2814 2633 2871 LANFR.
2668 2817 2770 2868 Per
2812 2818 2995 2883 ipsum
3023 2833 3188 2871 amen
3214 2819 3337 2872 Deo.
3385 2818 3494 2871 Per
3539 2815 3845 2871 Christum

2233 2915 2398 2954 amen
2427 2901 2648 2968 dicitur,
2673 2906 2807 2973 quia
2822 2905 2970 2959 Deus
2987 2906 3174 2972 Pater,
3199 2906 3469 2976 quidquid
3499 2906 3568 2959 de
3599 2921 3667 2958 eo
3701 2922 3843 2976 pro-

2234 2989 2408 3055 misit,
2439 2990 2497 3044 in
2527 3007 2592 3044 eo
2621 2992 2936 3062 complevit.

2304 3077 2394 3132 28.
2421 3079 2506 3132 Ad
2531 3081 2772 3146 gloriam
2801 3088 3067 3136 nostram.
3095 3083 3285 3136 Gloria
3311 3082 3698 3153 apostolorum
3729 3084 3848 3138 fuit

2233 3181 2485 3220 veracem
2525 3169 2826 3237 praedicare
2876 3169 3219 3240 Magistrum,
3250 3177 3308 3226 et
3333 3172 3392 3225 in
3425 3187 3534 3241 quo
3577 3172 3845 3241 promis-

2233 3253 2418 3308 siones
2450 3255 2551 3308 Dei
2579 3258 2869 3328 completae
2889 3264 3040 3313 sunt.

2297 3340 2387 3398 29.
2422 3345 2528 3410 Qui
2555 3351 2741 3399 autem
2773 3350 3082 3414 conﬁrmat.
3113 3347 3284 3412 Quasi
3305 3347 3548 3402 diceret:
3585 3348 3761 3412 Quod
3782 3349 3843 3403 in

2230 3429 2513 3484 Christum
2545 3433 2792 3500 creditis,
2843 3451 2957 3488 non
2996 3442 3200 3491 nostrae
3239 3435 3618 3507 praedicationi
3648 3435 3845 3508 impu-

2227 3521 2349 3573 tare
2394 3520 2628 3589 debetis,
2691 3521 2823 3592 quia
2872 3523 3020 3578 Deus
3063 3531 3164 3591 est,
3199 3527 3360 3596 cujus
3397 3525 3582 3595 gratia
3618 3525 3679 3578 in
3724 3527 3843 3580 ﬁde

2228 3610 2646 3676 conﬁrmamur,
2680 3618 2736 3665 et
2765 3613 2835 3666 ad
2858 3613 3215 3668 serviendum
3244 3613 3349 3668 sibi
3372 3620 3559 3668 mente
3579 3614 3841 3670 delecta-

555 3679 687 3765 ner
717 3670 941 3739 οοείῒεῐι
977 3678 1111 3730 tunc
1138 3677 1336 3749 implet
1364 3682 1612 3752 [a‘.,non
1631 3687 1847 3760 implet]
1870 3695 2015 3761 quod
2037 3696 2146 3750 dis-
2167 3766 2206 3774 _
2227 3712 2372 3763 mur,
2407 3699 2539 3768 quia
2582 3670 2751 3754 etiam
2781 3718 2881 3755 nos
2913 3702 3071 3772 signo
3115 3703 3466 3774 baptismatis
3491 3702 3560 3756 ab
3581 3703 3841 3758 inﬁdeli-

553 3755 734 3826 ponit,
766 3762 989 3828 quando
1020 3771 1118 3819 aut
1142 3771 1397 3837 personis
1425 3755 1790 3844 amplioribus
1813 3755 2009 3848 dei'ert,
2045 3791 2144 3840 aut
2166 3766 2212 3826 Β
2235 3782 2337 3838 bus
2361 3755 2673 3857 separavit;
2708 3794 2764 3842 et
2803 3755 3074 3860 Spiritum
3106 3755 3384 3860 sanctum,
3406 3798 3626 3846 aeternae
3653 3791 3840 3848 haere-

554 3850 706 3934 certe
741 3847 945 3904 litteris
976 3853 1054 3924 [al
1084 3894 1096 3921 ,
1127 3856 1306 3928 lucis],
1341 3867 1440 3915 aut
1481 3866 1840 3934 apparatibus
1885 3847 2142 3930 vincitur.

552 3932 870 4030 Spiritualis
885 3946 1075 3996 autem
1087 3948 1221 3999 tunc
1231 3932 1569 4019 dispositum
1577 3970 1689 4008 non
1702 3955 2145 4030 implet,quando

551 4021 766 4092 aliquid
813 4030 1196 4096 providentius
1224 4051 1326 4105 pro
1354 4038 1534 4092 salute
1581 4021 1801 4098 animae
1818 4021 2140 4107 meditatur.

623 4110 687 4166 21
701 4152 712 4164 .
732 4114 936 4170 LANFR.
966 4119 1281 4178 Secundum
1308 4142 1552 4194 carnem,
1576 4128 1633 4183 id
1654 4136 1756 4199 est,
1778 4151 1933 4189 more
1953 4154 2145 4193 carna-

551 4197 683 4253 liter
703 4201 1040 4274 viventium;
1083 4211 1178 4280 qui
1215 4229 1316 4282 pro
1358 4219 1583 4272 terreno
1621 4223 1931 4291 commodo,
1983 4227 2144 4282 facile

554 4287 898 4345 voluntatem
928 4310 1088 4350 suam
1118 4305 1358 4354 mutant.

621 4376 710 4435 22.
748 4382 818 4435 In
854 4385 952 4437 illo
982 4391 1079 4454 est,
1099 4392 1150 4441 et
1182 4404 1312 4455 non,
1355 4390 1412 4445 id
1443 4399 1546 4460 est,
1576 4398 1896 4467 praedicatio
1924 4410 2135 4472 nostra,

549 4483 664 4522 non
679 4469 870 4525 docuit
885 4489 980 4527 vos
999 4476 1313 4544 mentiri,et
1331 4481 1525 4537 leviter
1545 4493 1765 4542 mutare
1776 4494 2134 4548 sententiam.

619 4557 710 4614 23.
739 4560 863 4614 Non
887 4563 1022 4630 fuit,
1047 4570 1141 4631 est,
1179 4571 1228 4619 et
1272 4584 1403 4624 non.
1438 4573 1608 4636 Quasi
1639 4576 1851 4632 diceret
1882 4599 1892 4632 :
1929 4582 2138 4636 Praedi-

550 4646 695 4700 catio
724 4653 919 4703 nostra
945 4667 1059 4707 non
1096 4653 1285 4710 docuit
1311 4658 1565 4717 homines
1596 4667 1842 4731 mentiri,
1871 4669 2002 4738 quia
2031 4673 2144 4725 Ma-

547 4734 726 4806 gister
753 4745 963 4807 noster,
997 4758 1162 4813 quem
1208 4748 1574 4816 praedicamus
1604 4754 1775 4819 vobis,
1810 4773 1924 4810 non
1954 4759 2145 4813 docuit

553 4841 654 4878 nos
679 4825 748 4879 de
777 4828 973 4883 eadem
1016 4848 1078 4886 re
1106 4833 1309 4902 dicere,
1345 4843 1449 4904 est,
1481 4846 1536 4894 et
1567 4858 1713 4910 non;
1760 4844 1817 4897 id
1869 4852 1971 4911 est,
2017 4865 2144 4917 pro-

549 4914 698 4968 ferre
723 4917 1097 4975 mendacium.
1131 4924 1240 4977 Sed
1269 4931 1361 4993 est,
1382 4931 1602 4983 tantum
1622 4932 1691 4985 de
1713 4949 1774 4986 re
1796 4949 1919 5004 quae
1939 4914 2063 5003 est;
2089 4943 2146 4992 et

553 5019 667 5058 non
696 5009 791 5071 est,
817 5006 1076 5064 similiter
1103 5011 1173 5066 de
1201 5029 1262 5069 re
1287 5031 1410 5085 quae
1438 5033 1550 5072 non
1583 5027 1691 5077 est.

620 5093 708 5150 24.
740 5095 1006 5166 Quotquot
1033 5105 1202 5172 enim,
1255 5104 1312 5157 id
1351 5111 1453 5170 est,
1484 5107 1686 5161 merito
1718 5108 1976 5164 Christus
2006 5113 2148 5167 veri-

552 5187 728 5239 tatem
761 5184 968 5254 docuit,
1003 5189 1136 5259 quia
1182 5191 1332 5246 Deus
1375 5193 1546 5248 Pater
1582 5196 1984 5264 promissiones
2013 5215 2144 5254 suas

549 5271 610 5326 in
637 5273 734 5327 illo
760 5275 953 5342 etiam,
976 5277 1033 5331 id
1062 5285 1165 5345 est,
1198 5298 1345 5348 vere,
1375 5282 1687 5351 complevit.

621 5361 711 5416 25.
731 5364 956 5417 AUGUST
997 5368 1200 5438 (cmpos.
1219 5372 1362 5438 psat.
1383 5384 1527 5437 LXXI,
1552 5371 2145 5445 tom.VIII.)Quotquot

553 5451 722 5503 enim.
749 5451 956 5509 Omnes
975 5458 1375 5527 promissiones
1407 5458 1508 5511 Dei
1528 5459 1623 5512 illo
1657 5459 1826 5514 etiam
1869 5461 1927 5515 id
1948 5470 2052 5531 est,
2082 5466 2141 5520 in

486 5531 492 5537 ”
554 5527 891 5598 illoﬁrmatae
918 5545 1071 5616 ,quia
1095 5546 1154 5600 in
1184 5546 1281 5602 illo
1307 5546 1599 5617 impletum
1613 5554 1695 5604 est
1719 5550 1988 5622 quidquid
2040 5527 2140 5627 pro

2229 3873 2422 3929 ditatis
2451 3877 2672 3946 pignus,
2706 3878 2765 3931 in
2795 3879 3055 3934 cordibus
3082 3881 3288 3935 nostris
3316 3881 3496 3940 dedit.

2295 3962 2383 4019 30.
2416 3966 2659 4019 AMBROS.
2713 3969 2820 4033 Qui
2848 3974 3012 4023 unxit
3043 3987 3158 4037 nos,
3184 3971 3242 4023 id
3287 3975 3392 4035 est,
3424 3970 3520 4041 qui
3548 3969 3706 4024 dedit
3736 3987 3836 4025 re-

2224 4050 2375 4119 giam
2405 4052 2911 4122 honoriﬁcentiam,
2941 4063 3006 4111 ut
3036 4058 3172 4112 dicit
3198 4059 3418 4124 Petrus,
3450 4059 3582 4129 quia
3601 4075 3829 4125 sumus,

2225 4140 2430 4210 inquit,
2462 4158 2640 4211 genus
2667 4146 2855 4214 regale
2884 4163 2984 4216 per
3011 4147 3334 4202 unctionem
3363 4147 3702 4221 spiritalem.~

2299 4228 2385 4283 31.
2411 4232 2572 4284 Dedit
2605 4235 2833 4300 pignus.
2869 4235 2928 4288 Si
2953 4236 3104 4289 enim
3133 4237 3315 4290 adhuc
3341 4236 3673 4290 mortalibus
3704 4235 3834 4308 Spi-

2224 4315 2398 4369 ritum
2429 4333 2594 4371 suum
2626 4320 2800 4385 dedit,
2848 4321 3082 4377 dubium
3123 4341 3236 4379 non
3283 4330 3370 4380 est
3413 4325 3547 4396 quin
3571 4327 3693 4396 jam
3723 4326 3836 4380 im-

2224 4405 2557 4461 mortalibus
2582 4408 2821 4478 gloriam
2851 4412 3041 4470 addat.

2290 4492 2381 4549 32.
2414 4497 2538 4550 Non
2567 4501 2700 4566 quia
2725 4502 3090 4556 dominamur
3118 4504 3246 4569 ﬁdei
3272 4509 3476 4557 vestra.
3510 4503 3676 4558 Fides
3710 4521 3832 4560 non

2221 4583 2591 4653 necessitatis,
2627 4588 2723 4641 sed
2759 4590 3060 4644 voluntatis
3092 4608 3182 4646 res
3211 4597 3312 4646 est.
3358 4593 3487 4646 Ideo
3521 4593 3676 4660 dicit,
3710 4610 3831 4649 non

2226 4672 2358 4741 quia
2395 4673 2752 4730 dominemur
2775 4678 2907 4732 ﬁdei
2933 4684 3149 4734 vestrae.
3179 4681 3510 4736 Dominatus
3541 4682 3694 4736 enim
3721 4699 3834 4738 ne-

2225 4760 2543 4816 cessitatem
2567 4763 2754 4818 habet.

2295 4848 2384 4902 33.
2418 4851 2621 4906 LANFR.
2654 4854 3045 4921 Dominamur,
3080 4861 3186 4912 etc.
3220 4855 3442 4910 Diceret
3488 4857 3614 4927 quis
3650 4875 3661 4911 :
3690 4859 3832 4914 Par-

2225 4952 2356 4991 cens
2383 4943 2518 4992 tunc
2546 4940 2627 4994 vis
2656 4957 2756 4994 nos
2783 4958 2981 5012 cogere
3001 4943 3071 4996 ad
3100 4943 3269 4997 ﬁdem
3320 4945 3446 4998 Non
3475 4950 3579 5010 est,
3613 4945 3830 5018 inquit,

2161 5035 2205 5094 ί]
2230 5025 2329 5091 ita,
2365 5043 2478 5080 non
2505 5029 2867 5084 dominamur
2903 5034 3030 5098 ﬁdei
3065 5038 3269 5098 vestrae,
3297 5049 3409 5087 non
3434 5033 3691 5102 cogimus
3733 5053 3834 5091 vos

2228 5115 2298 5168 ad
2328 5115 2514 5171 ﬁdem.
2547 5117 2650 5170 Vel
2679 5135 2912 5187 parcens
2931 5119 3071 5173 dixit
3094 5121 3164 5174 de
3196 5121 3550 5191 quibusdam,
3587 5122 3685 5193 qui
3715 5124 3833 5179 ﬁde

2226 5219 2339 5257 non
2361 5203 2612 5272 stabant;
2637 5211 2695 5260 et
2716 5223 2786 5262 ne
2807 5212 3021 5262 stantes
3049 5210 3159 5262 ﬁde
3181 5214 3446 5279 putarent
3472 5212 3578 5265 hoc
3605 5211 3831 5267 dictum

2227 5291 2295 5344 de
2325 5307 2402 5356 se,
2429 5291 2578 5360 dicit,
2613 5311 2722 5348 non
2747 5297 3112 5350 dominamur
3127 5299 3478 5364 ﬁdeivestraz,
3501 5299 3557 5352 id
3587 5305 3689 5363 est,
3718 5317 3830 5355 no-

2229 5379 2413 5434 lumus
2439 5397 2694 5437 exercere
2720 5384 3032 5438 dominium
3061 5386 3120 5438 in
3150 5385 3275 5439 illos
3299 5387 3394 5457 qui
3415 5392 3570 5441 stant
3597 5388 3654 5441 in
3684 5390 3822 5458 ﬁde,

2226 5469 2320 5522 sed
2353 5470 2619 5539 adjuvare
2658 5490 2751 5526 vos
2789 5473 2845 5526 in
2889 5473 3281 5528 emendatione
3323 5477 3817 5546 corrigendorum.

2293 5557 2386 5614 34.
2428 5559 2673 5614 AMBROS.
2708 5562 2995 5630 Adjutores
3016 5564 3216 5630 gaudii
3244 5568 3428 5618 vestri.
3463 5565 3552 5620 Sic
3577 5565 3638 5621 in
3667 5572 3827 5624 malo
