  <div class='ocr_page' id='page_1' title='image "/cluster/home/n/w/nwhite01/storage/ocr_20150623/150/umn.31951002477443u/152.png"; bbox 0 0 3912 6406; ppageno 0'>
   <div class='ocr_carea' id='block_1_1' title="bbox 142 333 225 391">
    <p class='ocr_par' dir='ltr' id='par_1_1' title="bbox 142 333 225 391">
     <span class='ocr_line' id='line_1_1' title="bbox 142 333 225 391; baseline 0.012 -1"><span class='ocrx_word' id='word_1_1' title='bbox 142 333 225 391; x_wconf 76' lang='lat'><strong>221</strong></span> 
     </span>
    </p>
   </div>
   <div class='ocr_carea' id='block_1_2' title="bbox 745 335 3343 397">
    <p class='ocr_par' dir='ltr' id='par_1_2' title="bbox 745 335 3343 397">
     <span class='ocr_line' id='line_1_2' title="bbox 745 335 3343 397; baseline 0.001 -5"><span class='ocrx_word' id='word_1_2' title='bbox 745 336 826 392; x_wconf 85' lang='lat' dir='ltr'><strong>IN</strong></span> <span class='ocrx_word' id='word_1_3' title='bbox 860 335 928 391; x_wconf 91' lang='lat' dir='ltr'><strong>D.</strong></span> <span class='ocrx_word' id='word_1_4' title='bbox 969 336 1186 394; x_wconf 79' lang='lat' dir='ltr'><strong>PAULI</strong></span> <span class='ocrx_word' id='word_1_5' title='bbox 1224 337 1449 396; x_wconf 90' lang='lat' dir='ltr'><strong>EPIST.</strong></span> <span class='ocrx_word' id='word_1_6' title='bbox 1488 338 1863 397; x_wconf 82' lang='lat' dir='ltr'><strong>COMMENT.</strong></span> <span class='ocrx_word' id='word_1_7' title='bbox 1907 368 1974 382; x_wconf 95' lang='lat'><strong><em>—</em></strong></span> <span class='ocrx_word' id='word_1_8' title='bbox 2013 338 2235 397; x_wconf 84' lang='lat' dir='ltr'><strong>EPIST.</strong></span> <span class='ocrx_word' id='word_1_9' title='bbox 2279 338 2353 396; x_wconf 89' lang='grc' dir='ltr'><strong>Π.</strong></span> <span class='ocrx_word' id='word_1_10' title='bbox 2392 339 2491 396; x_wconf 81' lang='grc' dir='ltr'><strong>ΑΙ)</strong></span> <span class='ocrx_word' id='word_1_11' title='bbox 2529 338 2691 395; x_wconf 86' lang='lat' dir='ltr'><strong>COR.</strong></span> <span class='ocrx_word' id='word_1_12' title='bbox 3232 335 3343 395; x_wconf 73' lang='lat'><strong>222</strong></span> 
     </span>
    </p>
   </div>
   <div class='ocr_carea' id='block_1_3' title="bbox 1539 514 1892 573">
    <p class='ocr_par' dir='ltr' id='par_1_3' title="bbox 1539 514 1892 573">
     <span class='ocr_line' id='line_1_3' title="bbox 1539 514 1892 573; baseline 0 -2"><span class='ocrx_word' id='word_1_13' title='bbox 1539 514 1782 571; x_wconf 87' lang='lat' dir='ltr'><strong>CAPUT</strong></span> <span class='ocrx_word' id='word_1_14' title='bbox 1818 515 1892 573; x_wconf 88' lang='lat' dir='ltr'><strong>H.</strong></span> 
     </span>
    </p>
   </div>
   <div class='ocr_carea' id='block_1_4' title="bbox 192 669 3343 747">
    <p class='ocr_par' dir='ltr' id='par_1_4' title="bbox 192 669 3343 747">
     <span class='ocr_line' id='line_1_4' title="bbox 192 669 3343 747; baseline 0 -22"><span class='ocrx_word' id='word_1_15' title='bbox 192 671 355 725; x_wconf 87' lang='lat' dir='ltr'><strong>Statui</strong></span> <span class='ocrx_word' id='word_1_16' title='bbox 390 674 574 726; x_wconf 88' lang='lat' dir='ltr'><strong>autem</strong></span> <span class='ocrx_word' id='word_1_17' title='bbox 613 671 718 725; x_wconf 92' lang='lat' dir='ltr'><strong>hoc</strong></span> <span class='ocrx_word' id='word_1_18' title='bbox 746 670 931 743; x_wconf 90' lang='lat' dir='ltr'><strong>ipsum</strong></span> <span class='ocrx_word' id='word_1_19' title='bbox 963 673 1114 747; x_wconf 78' lang='lat' dir='ltr'><strong>apud</strong></span> <span class='ocrx_word' id='word_1_20' title='bbox 1142 690 1234 729; x_wconf 92' lang='lat' dir='ltr'><strong>me</strong></span> <span class='ocrx_word' id='word_1_21' title='bbox 1260 690 1374 729; x_wconf 88' lang='lat' dir='ltr'><strong>non</strong></span> <span class='ocrx_word' id='word_1_22' title='bbox 1400 678 1607 742; x_wconf 89' lang='lat' dir='ltr'><strong>venire,</strong></span> <span class='ocrx_word' id='word_1_23' title='bbox 1643 691 1717 730; x_wconf 92' lang='lat' dir='ltr'><strong>ne</strong></span> <span class='ocrx_word' id='word_1_24' title='bbox 1757 675 1965 730; x_wconf 86' lang='lat' dir='ltr'><strong>iterum</strong></span> <span class='ocrx_word' id='word_1_25' title='bbox 2003 675 2062 730; x_wconf 91' lang='lat' dir='ltr'><strong>in</strong></span> <span class='ocrx_word' id='word_1_26' title='bbox 2087 674 2319 731; x_wconf 84' lang='lat' dir='ltr'><strong>tristitia</strong></span> <span class='ocrx_word' id='word_1_27' title='bbox 2346 673 2598 729; x_wconf 87' lang='lat' dir='ltr'><strong>venirem</strong></span> <span class='ocrx_word' id='word_1_28' title='bbox 2636 672 2716 727; x_wconf 81' lang='lat' dir='ltr'><strong>ad</strong></span> <span class='ocrx_word' id='word_1_29' title='bbox 2739 687 2858 737; x_wconf 85' lang='lat' dir='ltr'><strong>vos,</strong></span> <span class='ocrx_word' id='word_1_30' title='bbox 2897 670 2943 727; x_wconf 87' lang='lat' dir='ltr'><strong>l.</strong></span> <span class='ocrx_word' id='word_1_31' title='bbox 2977 669 3035 725; x_wconf 89' lang='lat' dir='ltr'><strong>Si</strong></span> <span class='ocrx_word' id='word_1_32' title='bbox 3059 669 3213 724; x_wconf 89' lang='lat' dir='ltr'><strong>enim</strong></span> <span class='ocrx_word' id='word_1_33' title='bbox 3240 685 3343 740; x_wconf 87' lang='lat' dir='ltr'><strong>ego</strong></span> 
     </span>
    </p>
   </div>
   <div class='ocr_carea' id='block_1_5' title="bbox 135 759 3348 835">
    <p class='ocr_par' dir='ltr' id='par_1_5' title="bbox 135 759 3348 835">
     <span class='ocr_line' id='line_1_5' title="bbox 135 759 3348 835; baseline -0.001 -22"><span class='ocrx_word' id='word_1_34' title='bbox 135 760 364 814; x_wconf 83' lang='lat' dir='ltr'><strong>contristo</strong></span> <span class='ocrx_word' id='word_1_35' title='bbox 383 777 494 826; x_wconf 84' lang='lat' dir='ltr'><strong>vos,</strong></span> <span class='ocrx_word' id='word_1_36' title='bbox 518 765 575 814; x_wconf 90' lang='lat' dir='ltr'><strong>et</strong></span> <span class='ocrx_word' id='word_1_37' title='bbox 593 760 718 831; x_wconf 84' lang='lat' dir='ltr'><strong>quis</strong></span> <span class='ocrx_word' id='word_1_38' title='bbox 740 770 827 815; x_wconf 88' lang='lat' dir='ltr'><strong>est</strong></span> <span class='ocrx_word' id='word_1_39' title='bbox 846 762 941 832; x_wconf 89' lang='lat' dir='ltr'><strong>qui</strong></span> <span class='ocrx_word' id='word_1_40' title='bbox 969 778 1060 816; x_wconf 91' lang='lat' dir='ltr'><strong>me</strong></span> <span class='ocrx_word' id='word_1_41' title='bbox 1077 762 1359 818; x_wconf 81' lang='lat' dir='ltr'><strong>leetiﬁcet?</strong></span> <span class='ocrx_word' id='word_1_42' title='bbox 1383 768 1510 829; x_wconf 74' lang='lat'><strong>89</strong></span> <span class='ocrx_word' id='word_1_43' title='bbox 1525 763 1636 819; x_wconf 89' lang='lat' dir='ltr'><strong>nisi</strong></span> <span class='ocrx_word' id='word_1_44' title='bbox 1662 764 1758 835; x_wconf 87' lang='lat' dir='ltr'><strong>qui</strong></span> <span class='ocrx_word' id='word_1_45' title='bbox 1786 764 2152 818; x_wconf 83' lang='lat' dir='ltr'><strong>contristatur</strong></span> <span class='ocrx_word' id='word_1_46' title='bbox 2170 780 2236 817; x_wconf 84' lang='lat' dir='ltr'><strong>ex</strong></span> <span class='ocrx_word' id='word_1_47' title='bbox 2255 780 2346 819; x_wconf 87' lang='lat' dir='ltr'><strong>me</strong></span> <span class='ocrx_word' id='word_1_48' title='bbox 2365 779 2528 818; x_wconf 87' lang='lat' dir='ltr'><strong>suam</strong></span> <span class='ocrx_word' id='word_1_49' title='bbox 2547 777 2648 831; x_wconf 89' lang='lat' dir='ltr'><strong>per</strong></span> <span class='ocrx_word' id='word_1_50' title='bbox 2667 762 3062 829; x_wconf 87' lang='lat' dir='ltr'><strong>correptionem</strong></span> <span class='ocrx_word' id='word_1_51' title='bbox 3084 759 3348 826; x_wconf 74' lang='lat' dir='ltr'><strong>laetiﬁcet?</strong></span> 
     </span>
    </p>
   </div>
   <div class='ocr_carea' id='block_1_6' title="bbox 136 845 3347 924">
    <p class='ocr_par' dir='ltr' id='par_1_6' title="bbox 136 845 3347 924">
     <span class='ocr_line' id='line_1_6' title="bbox 136 845 3347 924; baseline -0.001 -21"><span class='ocrx_word' id='word_1_52' title='bbox 136 845 176 911; x_wconf 74' lang='grc'>2,</span> <span class='ocrx_word' id='word_1_53' title='bbox 203 845 246 900; x_wconf 91' lang='grc'><strong>3.</strong></span> <span class='ocrx_word' id='word_1_54' title='bbox 269 847 332 901; x_wconf 90' lang='lat' dir='ltr'><strong>Et</strong></span> <span class='ocrx_word' id='word_1_55' title='bbox 356 847 457 901; x_wconf 91' lang='lat' dir='ltr'><strong>hoc</strong></span> <span class='ocrx_word' id='word_1_56' title='bbox 477 847 681 918; x_wconf 85' lang='lat' dir='ltr'><strong>ipsum,</strong></span> <span class='ocrx_word' id='word_1_57' title='bbox 714 851 860 918; x_wconf 86' lang='lat' dir='ltr'><strong>quod</strong></span> <span class='ocrx_word' id='word_1_58' title='bbox 880 865 948 903; x_wconf 90' lang='lat' dir='ltr'><strong>ne</strong></span> <span class='ocrx_word' id='word_1_59' title='bbox 976 866 1066 904; x_wconf 87' lang='lat' dir='ltr'><strong>vos</strong></span> <span class='ocrx_word' id='word_1_60' title='bbox 1095 854 1481 906; x_wconf 88' lang='lat' dir='ltr'><strong>contristarem</strong></span> <span class='ocrx_word' id='word_1_61' title='bbox 1519 868 1631 907; x_wconf 89' lang='lat' dir='ltr'><strong>non</strong></span> <span class='ocrx_word' id='word_1_62' title='bbox 1659 856 1804 920; x_wconf 86' lang='lat' dir='ltr'><strong>veni,</strong></span> <span class='ocrx_word' id='word_1_63' title='bbox 1837 852 2034 924; x_wconf 87' lang='lat' dir='ltr'><strong>scripsi</strong></span> <span class='ocrx_word' id='word_1_64' title='bbox 2060 850 2232 920; x_wconf 82' lang='lat' dir='ltr'><strong>vobis,</strong></span> <span class='ocrx_word' id='word_1_65' title='bbox 2264 854 2382 906; x_wconf 86' lang='lat' dir='ltr'><strong>ideo</strong></span> <span class='ocrx_word' id='word_1_66' title='bbox 2409 856 2476 907; x_wconf 90' lang='lat' dir='ltr'><strong>ut</strong></span> <span class='ocrx_word' id='word_1_67' title='bbox 2502 866 2618 905; x_wconf 94' lang='lat' dir='ltr'><strong>non</strong></span> <span class='ocrx_word' id='word_1_68' title='bbox 2643 866 2771 904; x_wconf 90' lang='lat' dir='ltr'><strong>cum</strong></span> <span class='ocrx_word' id='word_1_69' title='bbox 2802 863 3026 914; x_wconf 89' lang='lat' dir='ltr'><strong>venero,</strong></span> <span class='ocrx_word' id='word_1_70' title='bbox 3057 846 3347 902; x_wconf 81' lang='lat' dir='ltr'><strong>tristitiam</strong></span> 
     </span>
    </p>
   </div>
   <div class='ocr_carea' id='block_1_7' title="bbox 136 935 3344 1011">
    <p class='ocr_par' dir='ltr' id='par_1_7' title="bbox 136 935 3344 1011">
     <span class='ocr_line' id='line_1_7' title="bbox 136 935 3344 1011; baseline 0 -24"><span class='ocrx_word' id='word_1_71' title='bbox 136 936 535 1003; x_wconf 75' lang='lat' dir='ltr'><strong>impani&#39;tudinis</strong></span> <span class='ocrx_word' id='word_1_72' title='bbox 554 941 739 990; x_wconf 73' lang='lat' dir='ltr'><strong>vestrae</strong></span> <span class='ocrx_word' id='word_1_73' title='bbox 765 953 936 1008; x_wconf 87' lang='lat' dir='ltr'><strong>super</strong></span> <span class='ocrx_word' id='word_1_74' title='bbox 957 938 1248 993; x_wconf 84' lang='lat' dir='ltr'><strong>tristitiam</strong></span> <span class='ocrx_word' id='word_1_75' title='bbox 1278 943 1481 1008; x_wconf 86' lang='lat' dir='ltr'><strong>peccati</strong></span> <span class='ocrx_word' id='word_1_76' title='bbox 1506 940 1764 1008; x_wconf 83' lang='lat' dir='ltr'><strong>habeam,</strong></span> <span class='ocrx_word' id='word_1_77' title='bbox 1796 940 1866 995; x_wconf 89' lang='lat' dir='ltr'><strong>de</strong></span> <span class='ocrx_word' id='word_1_78' title='bbox 1892 940 2114 1011; x_wconf 89' lang='lat' dir='ltr'><strong>quibus,</strong></span> <span class='ocrx_word' id='word_1_79' title='bbox 2137 942 2197 994; x_wconf 91' lang='lat' dir='ltr'><strong>id</strong></span> <span class='ocrx_word' id='word_1_80' title='bbox 2224 946 2316 1006; x_wconf 87' lang='lat' dir='ltr'><strong>est,</strong></span> <span class='ocrx_word' id='word_1_81' title='bbox 2340 941 2403 994; x_wconf 86' lang='lat' dir='ltr'><strong>de</strong></span> <span class='ocrx_word' id='word_1_82' title='bbox 2421 941 2590 1002; x_wconf 87' lang='lat' dir='ltr'><strong>vobis,</strong></span> <span class='ocrx_word' id='word_1_83' title='bbox 2613 942 2939 1010; x_wconf 83' lang='lat' dir='ltr'><strong>oportuerat</strong></span> <span class='ocrx_word' id='word_1_84' title='bbox 2959 952 3051 990; x_wconf 91' lang='lat' dir='ltr'><strong>me</strong></span> <span class='ocrx_word' id='word_1_85' title='bbox 3068 935 3344 1006; x_wconf 89' lang='lat' dir='ltr'><strong>gaudere;</strong></span> 
     </span>
    </p>
   </div>
   <div class='ocr_carea' id='block_1_8' title="bbox 136 1022 3350 1100">
    <p class='ocr_par' dir='ltr' id='par_1_8' title="bbox 136 1022 3350 1100">
     <span class='ocr_line' id='line_1_8' title="bbox 136 1022 3350 1100; baseline 0.001 -25"><span class='ocrx_word' id='word_1_86' title='bbox 136 1027 288 1076; x_wconf 84' lang='lat' dir='ltr'><strong>tamen</strong></span> <span class='ocrx_word' id='word_1_87' title='bbox 302 1022 579 1077; x_wconf 87' lang='lat' dir='ltr'><strong>conﬁdens</strong></span> <span class='ocrx_word' id='word_1_88' title='bbox 596 1022 655 1077; x_wconf 89' lang='lat' dir='ltr'><strong>in</strong></span> <span class='ocrx_word' id='word_1_89' title='bbox 677 1024 937 1079; x_wconf 90' lang='lat' dir='ltr'><strong>omnibus</strong></span> <span class='ocrx_word' id='word_1_90' title='bbox 960 1025 1134 1093; x_wconf 88' lang='lat' dir='ltr'><strong>vobis,</strong></span> <span class='ocrx_word' id='word_1_91' title='bbox 1158 1027 1291 1098; x_wconf 85' lang='lat' dir='ltr'><strong>quia</strong></span> <span class='ocrx_word' id='word_1_92' title='bbox 1307 1044 1496 1084; x_wconf 90' lang='lat' dir='ltr'><strong>meum</strong></span> <span class='ocrx_word' id='word_1_93' title='bbox 1519 1028 1812 1100; x_wconf 84' lang='lat' dir='ltr'><strong>gaudium,</strong></span> <span class='ocrx_word' id='word_1_94' title='bbox 1839 1029 2090 1084; x_wconf 91' lang='lat' dir='ltr'><strong>omnium</strong></span> <span class='ocrx_word' id='word_1_95' title='bbox 2110 1033 2358 1083; x_wconf 88' lang='lat' dir='ltr'><strong>vestrum</strong></span> <span class='ocrx_word' id='word_1_96' title='bbox 2389 1032 2493 1095; x_wconf 91' lang='lat' dir='ltr'><strong>est,</strong></span> <span class='ocrx_word' id='word_1_97' title='bbox 2518 1030 2652 1097; x_wconf 90' lang='lat' dir='ltr'><strong>quia</strong></span> <span class='ocrx_word' id='word_1_98' title='bbox 2681 1029 2745 1081; x_wconf 86' lang='lat' dir='ltr'><strong>de</strong></span> <span class='ocrx_word' id='word_1_99' title='bbox 2772 1031 2953 1080; x_wconf 85' lang='lat' dir='ltr'><strong>vestra</strong></span> <span class='ocrx_word' id='word_1_100' title='bbox 2971 1026 3350 1079; x_wconf 76' lang='lat' dir='ltr'><strong>emendatione</strong></span> 
     </span>
    </p>
   </div>
   <div class='ocr_carea' id='block_1_9' title="bbox 135 1111 3350 1188">
    <p class='ocr_par' dir='ltr' id='par_1_9' title="bbox 135 1111 3350 1188">
     <span class='ocr_line' id='line_1_9' title="bbox 135 1111 3350 1188; baseline 0.001 -25"><span class='ocrx_word' id='word_1_101' title='bbox 135 1112 354 1178; x_wconf 85' lang='lat' dir='ltr'><strong>gaudebo.</strong></span> <span class='ocrx_word' id='word_1_102' title='bbox 386 1111 531 1165; x_wconf 90' lang='lat' dir='ltr'><strong>Nam</strong></span> <span class='ocrx_word' id='word_1_103' title='bbox 559 1129 626 1165; x_wconf 83' lang='lat' dir='ltr'><strong>ex</strong></span> <span class='ocrx_word' id='word_1_104' title='bbox 654 1112 832 1167; x_wconf 90' lang='lat' dir='ltr'><strong>multa</strong></span> <span class='ocrx_word' id='word_1_105' title='bbox 859 1113 1242 1183; x_wconf 86' lang='lat' dir='ltr'><strong>tribulatione,</strong></span> <span class='ocrx_word' id='word_1_106' title='bbox 1276 1120 1531 1185; x_wconf 74' lang='lat' dir='ltr'><strong>tristitia,</strong></span> <span class='ocrx_word' id='word_1_107' title='bbox 1567 1123 1624 1173; x_wconf 91' lang='lat' dir='ltr'><strong>et</strong></span> <span class='ocrx_word' id='word_1_108' title='bbox 1651 1117 1915 1188; x_wconf 80' lang='lat' dir='ltr'><strong>angustia</strong></span> <span class='ocrx_word' id='word_1_109' title='bbox 1941 1116 2124 1173; x_wconf 88' lang='lat' dir='ltr'><strong>cordis</strong></span> <span class='ocrx_word' id='word_1_110' title='bbox 2144 1116 2344 1187; x_wconf 91' lang='lat' dir='ltr'><strong>scripsi</strong></span> <span class='ocrx_word' id='word_1_111' title='bbox 2370 1115 2525 1170; x_wconf 86' lang='lat' dir='ltr'><strong>vobis</strong></span> <span class='ocrx_word' id='word_1_112' title='bbox 2554 1131 2654 1186; x_wconf 91' lang='lat' dir='ltr'><strong>per</strong></span> <span class='ocrx_word' id='word_1_113' title='bbox 2681 1114 2888 1168; x_wconf 91' lang='lat' dir='ltr'><strong>multas</strong></span> <span class='ocrx_word' id='word_1_114' title='bbox 2907 1114 3202 1184; x_wconf 86' lang='lat' dir='ltr'><strong>lacrymas,</strong></span> <span class='ocrx_word' id='word_1_115' title='bbox 3234 1125 3350 1166; x_wconf 92' lang='lat' dir='ltr'><strong>non</strong></span> 
     </span>
    </p>
   </div>
   <div class='ocr_carea' id='block_1_10' title="bbox 134 1199 3351 1277">
    <p class='ocr_par' dir='ltr' id='par_1_10' title="bbox 134 1199 3351 1277">
     <span class='ocr_line' id='line_1_10' title="bbox 134 1199 3351 1277; baseline 0.002 -26"><span class='ocrx_word' id='word_1_116' title='bbox 134 1200 227 1252; x_wconf 82' lang='lat' dir='ltr'><strong>ideo</strong></span> <span class='ocrx_word' id='word_1_117' title='bbox 242 1199 350 1253; x_wconf 86' lang='lat' dir='ltr'><strong>dico</strong></span> <span class='ocrx_word' id='word_1_118' title='bbox 359 1214 459 1267; x_wconf 87' lang='lat' dir='ltr'><strong>per</strong></span> <span class='ocrx_word' id='word_1_119' title='bbox 476 1204 684 1254; x_wconf 84' lang='lat' dir='ltr'><strong>multas</strong></span> <span class='ocrx_word' id='word_1_120' title='bbox 714 1206 778 1255; x_wconf 95' lang='lat' dir='ltr'><strong>ut</strong></span> <span class='ocrx_word' id='word_1_121' title='bbox 805 1202 1232 1271; x_wconf 89' lang='lat' dir='ltr'><strong>contristemini,</strong></span> <span class='ocrx_word' id='word_1_122' title='bbox 1268 1204 1367 1259; x_wconf 91' lang='lat' dir='ltr'><strong>sed</strong></span> <span class='ocrx_word' id='word_1_123' title='bbox 1388 1210 1454 1259; x_wconf 91' lang='lat' dir='ltr'><strong>ut</strong></span> <span class='ocrx_word' id='word_1_124' title='bbox 1473 1206 1662 1260; x_wconf 86' lang='lat' dir='ltr'><strong>sciatis</strong></span> <span class='ocrx_word' id='word_1_125' title='bbox 1688 1222 1857 1277; x_wconf 90' lang='lat' dir='ltr'><strong>quam</strong></span> <span class='ocrx_word' id='word_1_126' title='bbox 1881 1206 2218 1260; x_wconf 86' lang='lat' dir='ltr'><strong>charitatem</strong></span> <span class='ocrx_word' id='word_1_127' title='bbox 2237 1204 2477 1259; x_wconf 87' lang='lat' dir='ltr'><strong>habeam</strong></span> <span class='ocrx_word' id='word_1_128' title='bbox 2505 1202 2884 1259; x_wconf 87' lang='lat' dir='ltr'><strong>abundantius</strong></span> <span class='ocrx_word' id='word_1_129' title='bbox 2912 1201 2973 1255; x_wconf 93' lang='lat' dir='ltr'><strong>in</strong></span> <span class='ocrx_word' id='word_1_130' title='bbox 3000 1200 3175 1255; x_wconf 86' lang='lat' dir='ltr'><strong>vobis.</strong></span> <span class='ocrx_word' id='word_1_131' title='bbox 3202 1201 3253 1254; x_wconf 84' lang='grc'><strong>4.</strong></span> <span class='ocrx_word' id='word_1_132' title='bbox 3289 1200 3351 1256; x_wconf 90' lang='lat' dir='ltr'><strong>Si</strong></span> 
     </span>
    </p>
   </div>
   <div class='ocr_carea' id='block_1_11' title="bbox 133 1285 3344 1363">
    <p class='ocr_par' dir='ltr' id='par_1_11' title="bbox 133 1285 3344 1363">
     <span class='ocr_line' id='line_1_11' title="bbox 133 1285 3344 1363; baseline 0.001 -24"><span class='ocrx_word' id='word_1_133' title='bbox 133 1285 231 1357; x_wconf 89' lang='lat' dir='ltr'><strong>quis</strong></span> <span class='ocrx_word' id='word_1_134' title='bbox 241 1290 416 1341; x_wconf 86' lang='lat' dir='ltr'><strong>autem</strong></span> <span class='ocrx_word' id='word_1_135' title='bbox 442 1288 741 1342; x_wconf 87' lang='lat' dir='ltr'><strong>utadulter</strong></span> <span class='ocrx_word' id='word_1_136' title='bbox 751 1289 1120 1357; x_wconf 87' lang='lat' dir='ltr'><strong>contristavit,</strong></span> <span class='ocrx_word' id='word_1_137' title='bbox 1141 1307 1256 1346; x_wconf 90' lang='lat' dir='ltr'><strong>non</strong></span> <span class='ocrx_word' id='word_1_138' title='bbox 1269 1308 1359 1347; x_wconf 90' lang='lat' dir='ltr'><strong>me</strong></span> <span class='ocrx_word' id='word_1_139' title='bbox 1372 1309 1626 1362; x_wconf 78' lang='lat' dir='ltr'><strong>prorsus,</strong></span> <span class='ocrx_word' id='word_1_140' title='bbox 1648 1298 1730 1351; x_wconf 83' lang='lat' dir='ltr'><strong>oet</strong></span> <span class='ocrx_word' id='word_1_141' title='bbox 1750 1299 1970 1349; x_wconf 86' lang='lat' dir='ltr'><strong>tantum</strong></span> <span class='ocrx_word' id='word_1_142' title='bbox 1983 1293 2353 1357; x_wconf 87' lang='lat' dir='ltr'><strong>contristavit,</strong></span> <span class='ocrx_word' id='word_1_143' title='bbox 2372 1293 2470 1348; x_wconf 91' lang='lat' dir='ltr'><strong>sed</strong></span> <span class='ocrx_word' id='word_1_144' title='bbox 2490 1308 2560 1347; x_wconf 86' lang='lat' dir='ltr'><strong>ex</strong></span> <span class='ocrx_word' id='word_1_145' title='bbox 2584 1297 2762 1363; x_wconf 88' lang='lat' dir='ltr'><strong>parte,</strong></span> <span class='ocrx_word' id='word_1_146' title='bbox 2778 1293 2839 1345; x_wconf 92' lang='lat' dir='ltr'><strong>id</strong></span> <span class='ocrx_word' id='word_1_147' title='bbox 2852 1295 2946 1359; x_wconf 88' lang='lat' dir='ltr'><strong>est,</strong></span> <span class='ocrx_word' id='word_1_148' title='bbox 2965 1292 3344 1359; x_wconf 86' lang='lat' dir='ltr'><strong>aliquantum,</strong></span> 
     </span>
    </p>
   </div>
   <div class='ocr_carea' id='block_1_12' title="bbox 130 1376 3349 1449">
    <p class='ocr_par' dir='ltr' id='par_1_12' title="bbox 130 1376 3349 1449">
     <span class='ocr_line' id='line_1_12' title="bbox 130 1376 3349 1449; baseline 0.001 -21"><span class='ocrx_word' id='word_1_149' title='bbox 130 1376 195 1428; x_wconf 78' lang='lat' dir='ltr'><strong>vel</strong></span> <span class='ocrx_word' id='word_1_150' title='bbox 216 1390 312 1441; x_wconf 83' lang='lat' dir='ltr'><strong>vos,</strong></span> <span class='ocrx_word' id='word_1_151' title='bbox 335 1380 397 1429; x_wconf 89' lang='lat' dir='ltr'><strong>ut</strong></span> <span class='ocrx_word' id='word_1_152' title='bbox 419 1377 555 1444; x_wconf 89' lang='lat' dir='ltr'><strong>(ideo</strong></span> <span class='ocrx_word' id='word_1_153' title='bbox 576 1378 722 1445; x_wconf 89' lang='lat' dir='ltr'><strong>dico,</strong></span> <span class='ocrx_word' id='word_1_154' title='bbox 753 1380 804 1431; x_wconf 89' lang='lat' dir='ltr'><strong>si</strong></span> <span class='ocrx_word' id='word_1_155' title='bbox 836 1381 961 1447; x_wconf 89' lang='lat' dir='ltr'><strong>quis</strong></span> <span class='ocrx_word' id='word_1_156' title='bbox 988 1383 1068 1434; x_wconf 87' lang='lat' dir='ltr'><strong>vet</strong></span> <span class='ocrx_word' id='word_1_157' title='bbox 1093 1386 1358 1449; x_wconf 76' lang='lat' dir='ltr'><strong>exparte,</strong></span> <span class='ocrx_word' id='word_1_158' title='bbox 1380 1382 1500 1436; x_wconf 89' lang='lat' dir='ltr'><strong>dico</strong></span> <span class='ocrx_word' id='word_1_159' title='bbox 1528 1398 1613 1436; x_wconf 90' lang='lat' dir='ltr'><strong>me</strong></span> <span class='ocrx_word' id='word_1_160' title='bbox 1640 1384 2052 1449; x_wconf 86' lang='lat' dir='ltr'><strong>contristatum,</strong></span> <span class='ocrx_word' id='word_1_161' title='bbox 2084 1399 2155 1437; x_wconf 86' lang='lat' dir='ltr'><strong>ne</strong></span> <span class='ocrx_word' id='word_1_162' title='bbox 2175 1398 2263 1436; x_wconf 89' lang='lat' dir='ltr'><strong>vos</strong></span> <span class='ocrx_word' id='word_1_163' title='bbox 2292 1383 2715 1449; x_wconf 85' lang='lat' dir='ltr'><strong>contristemini)</strong></span> <span class='ocrx_word' id='word_1_164' title='bbox 2746 1396 2861 1435; x_wconf 92' lang='lat' dir='ltr'><strong>non</strong></span> <span class='ocrx_word' id='word_1_165' title='bbox 2885 1382 3097 1447; x_wconf 88' lang='lat' dir='ltr'><strong>peccato</strong></span> <span class='ocrx_word' id='word_1_166' title='bbox 3119 1392 3349 1431; x_wconf 89' lang='lat' dir='ltr'><strong>onerem</strong></span> 
     </span>
    </p>
   </div>
   <div class='ocr_carea' id='block_1_13' title="bbox 131 1468 3353 1540">
    <p class='ocr_par' dir='ltr' id='par_1_13' title="bbox 131 1468 3353 1540">
     <span class='ocr_line' id='line_1_13' title="bbox 131 1468 3353 1540; baseline 0.001 -24"><span class='ocrx_word' id='word_1_167' title='bbox 131 1478 293 1518; x_wconf 88' lang='lat' dir='ltr'><strong>omnes</strong></span> <span class='ocrx_word' id='word_1_168' title='bbox 309 1480 420 1531; x_wconf 88' lang='lat' dir='ltr'><strong>vos,</strong></span> <span class='ocrx_word' id='word_1_169' title='bbox 449 1469 531 1519; x_wconf 86' lang='lat' dir='ltr'><strong>vel</strong></span> <span class='ocrx_word' id='word_1_170' title='bbox 557 1468 658 1531; x_wconf 91' lang='lat' dir='ltr'><strong>ita,</strong></span> <span class='ocrx_word' id='word_1_171' title='bbox 690 1482 801 1520; x_wconf 89' lang='lat' dir='ltr'><strong>non</strong></span> <span class='ocrx_word' id='word_1_172' title='bbox 824 1484 888 1521; x_wconf 76' lang='lat' dir='ltr'><strong>ea</strong></span> <span class='ocrx_word' id='word_1_173' title='bbox 911 1472 1015 1521; x_wconf 87' lang='lat' dir='ltr'><strong>toto</strong></span> <span class='ocrx_word' id='word_1_174' title='bbox 1045 1484 1132 1523; x_wconf 88' lang='lat' dir='ltr'><strong>me</strong></span> <span class='ocrx_word' id='word_1_175' title='bbox 1158 1472 1524 1537; x_wconf 87' lang='lat' dir='ltr'><strong>contristavit,</strong></span> <span class='ocrx_word' id='word_1_176' title='bbox 1543 1472 1635 1525; x_wconf 88' lang='lat' dir='ltr'><strong>sed</strong></span> <span class='ocrx_word' id='word_1_177' title='bbox 1662 1488 1727 1525; x_wconf 72' lang='lat' dir='ltr'><strong>ea:</strong></span> <span class='ocrx_word' id='word_1_178' title='bbox 1738 1476 1920 1540; x_wconf 88' lang='lat' dir='ltr'><strong>parte,</strong></span> <span class='ocrx_word' id='word_1_179' title='bbox 1943 1476 2011 1524; x_wconf 84' lang='lat' dir='ltr'><strong>ut-</strong></span> <span class='ocrx_word' id='word_1_180' title='bbox 2036 1486 2150 1525; x_wconf 88' lang='lat' dir='ltr'><strong>non</strong></span> <span class='ocrx_word' id='word_1_181' title='bbox 2177 1485 2415 1537; x_wconf 87' lang='lat' dir='ltr'><strong>onerem,</strong></span> <span class='ocrx_word' id='word_1_182' title='bbox 2437 1470 2498 1524; x_wconf 88' lang='lat' dir='ltr'><strong>id</strong></span> <span class='ocrx_word' id='word_1_183' title='bbox 2516 1473 2608 1533; x_wconf 87' lang='lat' dir='ltr'><strong>est,</strong></span> <span class='ocrx_word' id='word_1_184' title='bbox 2642 1484 2708 1522; x_wconf 90' lang='lat' dir='ltr'><strong>ne</strong></span> <span class='ocrx_word' id='word_1_185' title='bbox 2726 1484 2816 1522; x_wconf 86' lang='lat' dir='ltr'><strong>vos</strong></span> <span class='ocrx_word' id='word_1_186' title='bbox 2830 1481 3123 1535; x_wconf 86' lang='lat' dir='ltr'><strong>gravarem</strong></span> <span class='ocrx_word' id='word_1_187' title='bbox 3141 1468 3353 1520; x_wconf 84' lang='lat' dir='ltr'><strong>contri-</strong></span> 
     </span>
    </p>
   </div>
   <div class='ocr_carea' id='block_1_14' title="bbox 130 1553 3353 1629">
    <p class='ocr_par' dir='ltr' id='par_1_14' title="bbox 130 1553 3353 1629">
     <span class='ocr_line' id='line_1_14' title="bbox 130 1553 3353 1629; baseline 0.001 -24"><span class='ocrx_word' id='word_1_188' title='bbox 130 1555 326 1607; x_wconf 81' lang='lat' dir='ltr'><strong>statione</strong></span> <span class='ocrx_word' id='word_1_189' title='bbox 347 1558 527 1607; x_wconf 89' lang='lat' dir='ltr'><strong>tanta.</strong></span> <span class='ocrx_word' id='word_1_190' title='bbox 562 1553 777 1609; x_wconf 86' lang='lat' dir='ltr'><strong>Sufﬁcit</strong></span> <span class='ocrx_word' id='word_1_191' title='bbox 798 1554 880 1609; x_wconf 92' lang='lat' dir='ltr'><strong>illi</strong></span> <span class='ocrx_word' id='word_1_192' title='bbox 902 1557 1116 1627; x_wconf 87' lang='lat' dir='ltr'><strong>(tamen</strong></span> <span class='ocrx_word' id='word_1_193' title='bbox 1125 1561 1252 1627; x_wconf 85' lang='lat' dir='ltr'><strong>jam</strong></span> <span class='ocrx_word' id='word_1_194' title='bbox 1275 1574 1401 1612; x_wconf 87' lang='lat' dir='ltr'><strong>eum</strong></span> <span class='ocrx_word' id='word_1_195' title='bbox 1429 1561 1625 1614; x_wconf 79' lang='lat' dir='ltr'><strong>debetis</strong></span> <span class='ocrx_word' id='word_1_196' title='bbox 1644 1564 1905 1629; x_wconf 80' lang='lat' dir='ltr'><strong>recipere,</strong></span> <span class='ocrx_word' id='word_1_197' title='bbox 1931 1563 2031 1629; x_wconf 90' lang='lat' dir='ltr'><strong>qui</strong></span> <span class='ocrx_word' id='word_1_198' title='bbox 2048 1575 2280 1614; x_wconf 69' lang='lat' dir='ltr'><strong>umorem</strong></span> <span class='ocrx_word' id='word_1_199' title='bbox 2294 1560 2479 1627; x_wconf 84' lang='lat' dir='ltr'><strong>patris</strong></span> <span class='ocrx_word' id='word_1_200' title='bbox 2498 1556 2686 1625; x_wconf 61' lang='lat' dir='ltr'><strong>ducit)</strong></span> <span class='ocrx_word' id='word_1_201' title='bbox 2709 1555 2806 1627; x_wconf 91' lang='lat' dir='ltr'><strong>qui</strong></span> <span class='ocrx_word' id='word_1_202' title='bbox 2830 1553 3102 1626; x_wconf 84' lang='lat' dir='ltr'><strong>ejusmodi</strong></span> <span class='ocrx_word' id='word_1_203' title='bbox 3127 1558 3233 1623; x_wconf 90' lang='lat' dir='ltr'><strong>est,</strong></span> <span class='ocrx_word' id='word_1_204' title='bbox 3253 1557 3353 1622; x_wconf 91' lang='lat' dir='ltr'><strong>qui</strong></span> 
     </span>
    </p>
   </div>
   <div class='ocr_carea' id='block_1_15' title="bbox 133 1642 3346 1719">
    <p class='ocr_par' dir='ltr' id='par_1_15' title="bbox 133 1642 3346 1719">
     <span class='ocr_line' id='line_1_15' title="bbox 133 1642 3346 1719; baseline 0.001 -26"><span class='ocrx_word' id='word_1_205' title='bbox 133 1655 213 1705; x_wconf 84' lang='lat' dir='ltr'><strong>me,</strong></span> <span class='ocrx_word' id='word_1_206' title='bbox 242 1646 283 1694; x_wconf 82' lang='lat' dir='ltr'><strong>et</strong></span> <span class='ocrx_word' id='word_1_207' title='bbox 309 1656 394 1695; x_wconf 88' lang='lat' dir='ltr'><strong>vos</strong></span> <span class='ocrx_word' id='word_1_208' title='bbox 412 1645 782 1710; x_wconf 84' lang='lat' dir='ltr'><strong>contristavit,</strong></span> <span class='ocrx_word' id='word_1_209' title='bbox 815 1643 1131 1714; x_wconf 87' lang='lat' dir='ltr'><strong>objurgatio</strong></span> <span class='ocrx_word' id='word_1_210' title='bbox 1162 1646 1297 1712; x_wconf 73' lang='lat' dir='ltr'><strong>haec,</strong></span> <span class='ocrx_word' id='word_1_211' title='bbox 1325 1663 1447 1718; x_wconf 79' lang='lat' dir='ltr'><strong>quae</strong></span> <span class='ocrx_word' id='word_1_212' title='bbox 1474 1648 1539 1701; x_wconf 88' lang='lat' dir='ltr'><strong>ﬁt</strong></span> <span class='ocrx_word' id='word_1_213' title='bbox 1561 1664 1597 1702; x_wconf 91' lang='lat' dir='ltr'><strong>a</strong></span> <span class='ocrx_word' id='word_1_214' title='bbox 1623 1648 1900 1719; x_wconf 89' lang='lat' dir='ltr'><strong>pluribus,</strong></span> <span class='ocrx_word' id='word_1_215' title='bbox 1932 1664 1968 1702; x_wconf 92' lang='lat' dir='ltr'><strong>a</strong></span> <span class='ocrx_word' id='word_1_216' title='bbox 1997 1665 2101 1714; x_wconf 88' lang='lat' dir='ltr'><strong>me,</strong></span> <span class='ocrx_word' id='word_1_217' title='bbox 2132 1646 2245 1702; x_wconf 58' lang='lat' dir='ltr'><strong>et&#39;a</strong></span> <span class='ocrx_word' id='word_1_218' title='bbox 2267 1649 2434 1713; x_wconf 88' lang='lat' dir='ltr'><strong>vobis,</strong></span> <span class='ocrx_word' id='word_1_219' title='bbox 2465 1648 2692 1713; x_wconf 80' lang='lat' dir='ltr'><strong>sufﬁcit.</strong></span> <span class='ocrx_word' id='word_1_220' title='bbox 2728 1645 2816 1699; x_wconf 87' lang='lat' dir='ltr'><strong>Ita</strong></span> <span class='ocrx_word' id='word_1_221' title='bbox 2842 1649 2904 1699; x_wconf 88' lang='lat' dir='ltr'><strong>ut</strong></span> <span class='ocrx_word' id='word_1_222' title='bbox 2927 1661 2958 1698; x_wconf 92' lang='lat' dir='ltr'><strong>e</strong></span> <span class='ocrx_word' id='word_1_223' title='bbox 2987 1642 3268 1698; x_wconf 86' lang='lat' dir='ltr'><strong>contrario</strong></span> <span class='ocrx_word' id='word_1_224' title='bbox 3295 1642 3346 1698; x_wconf 84' lang='lat'><strong>5.</strong></span> 
     </span>
    </p>
   </div>
   <div class='ocr_carea' id='block_1_16' title="bbox 132 1728 3355 1805">
    <p class='ocr_par' dir='ltr' id='par_1_16' title="bbox 132 1728 3355 1805">
     <span class='ocr_line' id='line_1_16' title="bbox 132 1728 3355 1805; baseline 0.001 -23"><span class='ocrx_word' id='word_1_225' title='bbox 132 1728 279 1797; x_wconf 86' lang='lat' dir='ltr'><strong>magis</strong></span> <span class='ocrx_word' id='word_1_226' title='bbox 303 1728 540 1797; x_wconf 79' lang='lat' dir='ltr'><strong>donatis,</strong></span> <span class='ocrx_word' id='word_1_227' title='bbox 564 1735 848 1799; x_wconf 88' lang='lat' dir='ltr'><strong>peccatum</strong></span> <span class='ocrx_word' id='word_1_228' title='bbox 877 1734 1084 1787; x_wconf 90' lang='lat' dir='ltr'><strong>donare</strong></span> <span class='ocrx_word' id='word_1_229' title='bbox 1118 1734 1370 1801; x_wconf 85' lang='lat' dir='ltr'><strong>debeatis,</strong></span> <span class='ocrx_word' id='word_1_230' title='bbox 1400 1741 1458 1789; x_wconf 96' lang='lat' dir='ltr'><strong>et</strong></span> <span class='ocrx_word' id='word_1_231' title='bbox 1483 1736 1866 1804; x_wconf 89' lang='lat' dir='ltr'><strong>consolemini,</strong></span> <span class='ocrx_word' id='word_1_232' title='bbox 1898 1738 2177 1792; x_wconf 88' lang='lat' dir='ltr'><strong>consolari</strong></span> <span class='ocrx_word' id='word_1_233' title='bbox 2200 1738 2380 1805; x_wconf 87' lang='lat' dir='ltr'><strong>magis</strong></span> <span class='ocrx_word' id='word_1_234' title='bbox 2414 1750 2585 1804; x_wconf 89' lang='lat' dir='ltr'><strong>quam</strong></span> <span class='ocrx_word' id='word_1_235' title='bbox 2619 1736 2965 1789; x_wconf 85' lang='lat' dir='ltr'><strong>contristari.</strong></span> <span class='ocrx_word' id='word_1_236' title='bbox 2997 1732 3050 1787; x_wconf 87' lang='lat'><strong>6.</strong></span> <span class='ocrx_word' id='word_1_237' title='bbox 3090 1733 3175 1787; x_wconf 89' lang='lat' dir='ltr'><strong>Ne</strong></span> <span class='ocrx_word' id='word_1_238' title='bbox 3209 1731 3355 1786; x_wconf 88' lang='lat' dir='ltr'><strong>forte</strong></span> 
     </span>
    </p>
   </div>
   <div class='ocr_carea' id='block_1_17' title="bbox 132 1814 3351 1895">
    <p class='ocr_par' dir='ltr' id='par_1_17' title="bbox 132 1814 3351 1895">
     <span class='ocr_line' id='line_1_17' title="bbox 132 1814 3351 1895; baseline 0.001 -26"><span class='ocrx_word' id='word_1_239' title='bbox 132 1814 491 1872; x_wconf 80' lang='lat' dir='ltr'><strong>abundantiori</strong></span> <span class='ocrx_word' id='word_1_240' title='bbox 523 1818 755 1873; x_wconf 76' lang='lat' dir='ltr'><strong>tristitia</strong></span> <span class='ocrx_word' id='word_1_241' title='bbox 794 1819 1182 1888; x_wconf 85' lang='lat' dir='ltr'><strong>absorbeatur,</strong></span> <span class='ocrx_word' id='word_1_242' title='bbox 1214 1825 1419 1877; x_wconf 82' lang='lat' dir='ltr'><strong>scilicet</strong></span> <span class='ocrx_word' id='word_1_243' title='bbox 1449 1826 1500 1877; x_wconf 91' lang='lat' dir='ltr'><strong>si</strong></span> <span class='ocrx_word' id='word_1_244' title='bbox 1540 1826 1865 1895; x_wconf 85' lang='lat' dir='ltr'><strong>abjeceritis,</strong></span> <span class='ocrx_word' id='word_1_245' title='bbox 1910 1841 1977 1880; x_wconf 90' lang='lat' dir='ltr'><strong>ne</strong></span> <span class='ocrx_word' id='word_1_246' title='bbox 2005 1826 2167 1879; x_wconf 86' lang='lat' dir='ltr'><strong>cadat</strong></span> <span class='ocrx_word' id='word_1_247' title='bbox 2210 1827 2274 1878; x_wconf 89' lang='lat' dir='ltr'><strong>in</strong></span> <span class='ocrx_word' id='word_1_248' title='bbox 2301 1825 2750 1892; x_wconf 81' lang='lat' dir='ltr'><strong>desperationem,</strong></span> <span class='ocrx_word' id='word_1_249' title='bbox 2797 1821 2893 1892; x_wconf 90' lang='lat' dir='ltr'><strong>qui</strong></span> <span class='ocrx_word' id='word_1_250' title='bbox 2937 1819 3216 1892; x_wconf 90' lang='lat' dir='ltr'><strong>ejusmodi</strong></span> <span class='ocrx_word' id='word_1_251' title='bbox 3247 1824 3351 1875; x_wconf 88' lang='lat' dir='ltr'><strong>est.</strong></span> 
     </span>
    </p>
   </div>
   <div class='ocr_carea' id='block_1_18' title="bbox 130 1904 3357 1981">
    <p class='ocr_par' dir='ltr' id='par_1_18' title="bbox 130 1904 3357 1981">
     <span class='ocr_line' id='line_1_18' title="bbox 130 1904 3357 1981; baseline 0.001 -23"><span class='ocrx_word' id='word_1_252' title='bbox 130 1904 330 1976; x_wconf 89' lang='lat' dir='ltr'><strong>Propter</strong></span> <span class='ocrx_word' id='word_1_253' title='bbox 356 1906 528 1976; x_wconf 89' lang='lat' dir='ltr'><strong>quod,</strong></span> <span class='ocrx_word' id='word_1_254' title='bbox 560 1923 627 1961; x_wconf 88' lang='lat' dir='ltr'><strong>ne</strong></span> <span class='ocrx_word' id='word_1_255' title='bbox 646 1908 1018 1976; x_wconf 88' lang='lat' dir='ltr'><strong>absorbeatur,</strong></span> <span class='ocrx_word' id='word_1_256' title='bbox 1042 1908 1269 1964; x_wconf 87' lang='lat' dir='ltr'><strong>obsecro</strong></span> <span class='ocrx_word' id='word_1_257' title='bbox 1288 1927 1384 1966; x_wconf 89' lang='lat' dir='ltr'><strong>vos</strong></span> <span class='ocrx_word' id='word_1_258' title='bbox 1407 1916 1473 1965; x_wconf 89' lang='lat' dir='ltr'><strong>ut</strong></span> <span class='ocrx_word' id='word_1_259' title='bbox 1499 1915 1809 1981; x_wconf 86' lang='lat' dir='ltr'><strong>recipiendo</strong></span> <span class='ocrx_word' id='word_1_260' title='bbox 1827 1929 1953 1968; x_wconf 90' lang='lat' dir='ltr'><strong>eum</strong></span> <span class='ocrx_word' id='word_1_261' title='bbox 1973 1911 2316 1967; x_wconf 73' lang='lat' dir='ltr'><strong>confirmatis</strong></span> <span class='ocrx_word' id='word_1_262' title='bbox 2334 1910 2394 1965; x_wconf 90' lang='lat' dir='ltr'><strong>in</strong></span> <span class='ocrx_word' id='word_1_263' title='bbox 2413 1911 2574 1966; x_wconf 90' lang='lat' dir='ltr'><strong>illum</strong></span> <span class='ocrx_word' id='word_1_264' title='bbox 2590 1909 2944 1965; x_wconf 88' lang='lat' dir='ltr'><strong>charitatem.</strong></span> <span class='ocrx_word' id='word_1_265' title='bbox 2994 1909 3357 1977; x_wconf 86' lang='lat' dir='ltr'><strong>Suscipientes</strong></span> 
     </span>
    </p>
   </div>
   <div class='ocr_carea' id='block_1_19' title="bbox 132 1996 3359 2072">
    <p class='ocr_par' dir='ltr' id='par_1_19' title="bbox 132 1996 3359 2072">
     <span class='ocr_line' id='line_1_19' title="bbox 132 1996 3359 2072; baseline 0.002 -26"><span class='ocrx_word' id='word_1_266' title='bbox 132 1996 412 2059; x_wconf 80' lang='lat' dir='ltr'><strong>conﬁrmate</strong></span> <span class='ocrx_word' id='word_1_267' title='bbox 439 1996 770 2050; x_wconf 85' lang='lat' dir='ltr'><strong>charitatem</strong></span> <span class='ocrx_word' id='word_1_268' title='bbox 797 2002 1052 2052; x_wconf 89' lang='lat' dir='ltr'><strong>vestram.</strong></span> <span class='ocrx_word' id='word_1_269' title='bbox 1091 1997 1226 2053; x_wconf 91' lang='lat' dir='ltr'><strong>Ideo</strong></span> <span class='ocrx_word' id='word_1_270' title='bbox 1259 2000 1409 2054; x_wconf 90' lang='lat' dir='ltr'><strong>enim</strong></span> <span class='ocrx_word' id='word_1_271' title='bbox 1450 2004 1508 2054; x_wconf 91' lang='lat' dir='ltr'><strong>et</strong></span> <span class='ocrx_word' id='word_1_272' title='bbox 1538 2001 1753 2072; x_wconf 89' lang='lat' dir='ltr'><strong>scripsi,</strong></span> <span class='ocrx_word' id='word_1_273' title='bbox 1786 2007 1852 2056; x_wconf 92' lang='lat' dir='ltr'><strong>ut</strong></span> <span class='ocrx_word' id='word_1_274' title='bbox 1885 2018 2215 2072; x_wconf 81' lang='lat' dir='ltr'><strong>cognoscam</strong></span> <span class='ocrx_word' id='word_1_275' title='bbox 2249 2000 2691 2072; x_wconf 81' lang='lat' dir='ltr'><strong>experimentum</strong></span> <span class='ocrx_word' id='word_1_276' title='bbox 2725 2002 2975 2053; x_wconf 89' lang='lat' dir='ltr'><strong>vestrum</strong></span> <span class='ocrx_word' id='word_1_277' title='bbox 3002 1999 3145 2067; x_wconf 89' lang='lat' dir='ltr'><strong>quod</strong></span> <span class='ocrx_word' id='word_1_278' title='bbox 3172 2003 3266 2064; x_wconf 87' lang='lat' dir='ltr'><strong>est,</strong></span> <span class='ocrx_word' id='word_1_279' title='bbox 3292 2001 3359 2051; x_wconf 88' lang='lat' dir='ltr'><strong>ut</strong></span> 
     </span>
    </p>
   </div>
   <div class='ocr_carea' id='block_1_20' title="bbox 133 2084 3359 2159">
    <p class='ocr_par' dir='ltr' id='par_1_20' title="bbox 133 2084 3359 2159">
     <span class='ocr_line' id='line_1_20' title="bbox 133 2084 3359 2159; baseline 0.001 -24"><span class='ocrx_word' id='word_1_280' title='bbox 133 2085 352 2151; x_wconf 62' lang='lat' dir='ltr'><strong>experiar</strong></span> <span class='ocrx_word' id='word_1_281' title='bbox 375 2099 484 2149; x_wconf 88' lang='lat' dir='ltr'><strong>vos,</strong></span> <span class='ocrx_word' id='word_1_282' title='bbox 498 2087 585 2138; x_wconf 88' lang='lat' dir='ltr'><strong>vet</strong></span> <span class='ocrx_word' id='word_1_283' title='bbox 612 2086 865 2138; x_wconf 90' lang='lat' dir='ltr'><strong>studium</strong></span> <span class='ocrx_word' id='word_1_284' title='bbox 896 2090 1158 2153; x_wconf 87' lang='lat' dir='ltr'><strong>vestrum,</strong></span> <span class='ocrx_word' id='word_1_285' title='bbox 1185 2088 1236 2141; x_wconf 92' lang='lat'><strong>7.</strong></span> <span class='ocrx_word' id='word_1_286' title='bbox 1260 2104 1334 2142; x_wconf 88' lang='lat' dir='ltr'><strong>an</strong></span> <span class='ocrx_word' id='word_1_287' title='bbox 1360 2088 1421 2142; x_wconf 92' lang='lat' dir='ltr'><strong>in</strong></span> <span class='ocrx_word' id='word_1_288' title='bbox 1448 2087 1709 2143; x_wconf 87' lang='lat' dir='ltr'><strong>omnibus</strong></span> <span class='ocrx_word' id='word_1_289' title='bbox 1736 2094 1799 2143; x_wconf 89' lang='lat' dir='ltr'><strong>ut</strong></span> <span class='ocrx_word' id='word_1_290' title='bbox 1819 2092 1884 2144; x_wconf 88' lang='lat' dir='ltr'><strong>in</strong></span> <span class='ocrx_word' id='word_1_291' title='bbox 1903 2091 2209 2158; x_wconf 79' lang='lat' dir='ltr'><strong>eapettendo</strong></span> <span class='ocrx_word' id='word_1_292' title='bbox 2224 2091 2407 2159; x_wconf 86' lang='lat' dir='ltr'><strong>prius,</strong></span> <span class='ocrx_word' id='word_1_293' title='bbox 2432 2091 2514 2142; x_wconf 88' lang='lat' dir='ltr'><strong>ita</strong></span> <span class='ocrx_word' id='word_1_294' title='bbox 2532 2091 2598 2142; x_wconf 88' lang='lat' dir='ltr'><strong>in</strong></span> <span class='ocrx_word' id='word_1_295' title='bbox 2614 2104 2708 2141; x_wconf 85' lang='lat' dir='ltr'><strong>reo</strong></span> <span class='ocrx_word' id='word_1_296' title='bbox 2728 2088 3039 2155; x_wconf 87' lang='lat' dir='ltr'><strong>recipiendo</strong></span> <span class='ocrx_word' id='word_1_297' title='bbox 3059 2101 3213 2140; x_wconf 87' lang='lat' dir='ltr'><strong>nunc</strong></span> <span class='ocrx_word' id='word_1_298' title='bbox 3231 2084 3359 2139; x_wconf 88' lang='lat' dir='ltr'><strong>obe-</strong></span> 
     </span>
    </p>
   </div>
   <div class='ocr_carea' id='block_1_21' title="bbox 133 2170 3355 2249">
    <p class='ocr_par' dir='ltr' id='par_1_21' title="bbox 133 2170 3355 2249">
     <span class='ocr_line' id='line_1_21' title="bbox 133 2170 3355 2249; baseline 0.001 -25"><span class='ocrx_word' id='word_1_299' title='bbox 133 2170 315 2225; x_wconf 85' lang='lat' dir='ltr'><strong>dientes</strong></span> <span class='ocrx_word' id='word_1_300' title='bbox 338 2173 483 2226; x_wconf 85' lang='lat' dir='ltr'><strong>mihi</strong></span> <span class='ocrx_word' id='word_1_301' title='bbox 502 2171 649 2226; x_wconf 85' lang='lat' dir='ltr'><strong>sitis.</strong></span> <span class='ocrx_word' id='word_1_302' title='bbox 672 2173 794 2227; x_wconf 89' lang='lat' dir='ltr'><strong>Ideo</strong></span> <span class='ocrx_word' id='word_1_303' title='bbox 825 2175 1038 2228; x_wconf 87' lang='lat' dir='ltr'><strong>obedire</strong></span> <span class='ocrx_word' id='word_1_304' title='bbox 1065 2176 1280 2229; x_wconf 86' lang='lat' dir='ltr'><strong>debetis.</strong></span> <span class='ocrx_word' id='word_1_305' title='bbox 1315 2175 1419 2230; x_wconf 89' lang='lat' dir='ltr'><strong>Cui</strong></span> <span class='ocrx_word' id='word_1_306' title='bbox 1448 2182 1658 2246; x_wconf 88' lang='lat' dir='ltr'><strong>autem,</strong></span> <span class='ocrx_word' id='word_1_307' title='bbox 1690 2181 1860 2245; x_wconf 89' lang='lat' dir='ltr'><strong>enim,</strong></span> <span class='ocrx_word' id='word_1_308' title='bbox 1887 2178 2099 2249; x_wconf 90' lang='lat' dir='ltr'><strong>aliquid</strong></span> <span class='ocrx_word' id='word_1_309' title='bbox 2129 2177 2396 2243; x_wconf 86' lang='lat' dir='ltr'><strong>donastis,</strong></span> <span class='ocrx_word' id='word_1_310' title='bbox 2432 2178 2778 2231; x_wconf 86' lang='lat' dir='ltr'><strong>condonastis</strong></span> <span class='ocrx_word' id='word_1_311' title='bbox 2809 2180 2867 2230; x_wconf 90' lang='lat' dir='ltr'><strong>et</strong></span> <span class='ocrx_word' id='word_1_312' title='bbox 2887 2191 2991 2246; x_wconf 88' lang='lat' dir='ltr'><strong>ego</strong></span> <span class='ocrx_word' id='word_1_313' title='bbox 3020 2175 3355 2229; x_wconf 86' lang='lat' dir='ltr'><strong>condonavi:</strong></span> 
     </span>
    </p>
   </div>
   <div class='ocr_carea' id='block_1_22' title="bbox 134 2260 3360 2338">
    <p class='ocr_par' dir='ltr' id='par_1_22' title="bbox 134 2260 3360 2338">
     <span class='ocr_line' id='line_1_22' title="bbox 134 2260 3360 2338; baseline 0.001 -25"><span class='ocrx_word' id='word_1_314' title='bbox 134 2263 195 2314; x_wconf 81' lang='lat' dir='ltr'><strong>sic</strong></span> <span class='ocrx_word' id='word_1_315' title='bbox 211 2264 347 2314; x_wconf 87' lang='lat' dir='ltr'><strong>etvos</strong></span> <span class='ocrx_word' id='word_1_316' title='bbox 362 2260 507 2314; x_wconf 86' lang='lat' dir='ltr'><strong>mihi</strong></span> <span class='ocrx_word' id='word_1_317' title='bbox 525 2262 784 2329; x_wconf 89' lang='lat' dir='ltr'><strong>faciatis;</strong></span> <span class='ocrx_word' id='word_1_318' title='bbox 814 2277 947 2315; x_wconf 86' lang='lat' dir='ltr'><strong>nam</strong></span> <span class='ocrx_word' id='word_1_319' title='bbox 969 2266 1024 2317; x_wconf 89' lang='lat' dir='ltr'><strong>et</strong></span> <span class='ocrx_word' id='word_1_320' title='bbox 1045 2279 1148 2333; x_wconf 85' lang='lat' dir='ltr'><strong>ego</strong></span> <span class='ocrx_word' id='word_1_321' title='bbox 1173 2262 1457 2338; x_wconf 73' lang='lat' dir='ltr'><strong>(repetitio)</strong></span> <span class='ocrx_word' id='word_1_322' title='bbox 1478 2265 1628 2335; x_wconf 89' lang='lat' dir='ltr'><strong>quod</strong></span> <span class='ocrx_word' id='word_1_323' title='bbox 1654 2265 1875 2333; x_wconf 89' lang='lat' dir='ltr'><strong>donavi,</strong></span> <span class='ocrx_word' id='word_1_324' title='bbox 1902 2265 1951 2320; x_wconf 91' lang='lat' dir='ltr'><strong>si</strong></span> <span class='ocrx_word' id='word_1_325' title='bbox 1980 2264 2115 2336; x_wconf 89' lang='lat' dir='ltr'><strong>quid</strong></span> <span class='ocrx_word' id='word_1_326' title='bbox 2145 2264 2365 2332; x_wconf 87' lang='lat' dir='ltr'><strong>donavi,</strong></span> <span class='ocrx_word' id='word_1_327' title='bbox 2396 2269 2627 2336; x_wconf 90' lang='lat' dir='ltr'><strong>propter</strong></span> <span class='ocrx_word' id='word_1_328' title='bbox 2651 2279 2768 2331; x_wconf 88' lang='lat' dir='ltr'><strong>vos,</strong></span> <span class='ocrx_word' id='word_1_329' title='bbox 2800 2264 2997 2317; x_wconf 89' lang='lat' dir='ltr'><strong>debetis</strong></span> <span class='ocrx_word' id='word_1_330' title='bbox 3018 2262 3114 2315; x_wconf 84' lang='lat' dir='ltr'><strong>hoc</strong></span> <span class='ocrx_word' id='word_1_331' title='bbox 3132 2266 3360 2331; x_wconf 84' lang='lat' dir='ltr'><strong>propter</strong></span> 
     </span>
    </p>
   </div>
   <div class='ocr_carea' id='block_1_23' title="bbox 135 2349 3361 2424">
    <p class='ocr_par' dir='ltr' id='par_1_23' title="bbox 135 2349 3361 2424">
     <span class='ocr_line' id='line_1_23' title="bbox 135 2349 3361 2424; baseline 0 -21"><span class='ocrx_word' id='word_1_332' title='bbox 135 2366 217 2416; x_wconf 83' lang='lat' dir='ltr'><strong>me,</strong></span> <span class='ocrx_word' id='word_1_333' title='bbox 240 2353 363 2418; x_wconf 84' lang='lat' dir='ltr'><strong>quia</strong></span> <span class='ocrx_word' id='word_1_334' title='bbox 390 2366 482 2418; x_wconf 87' lang='lat' dir='ltr'><strong>ego</strong></span> <span class='ocrx_word' id='word_1_335' title='bbox 496 2354 728 2420; x_wconf 85' lang='lat' dir='ltr'><strong>propter</strong></span> <span class='ocrx_word' id='word_1_336' title='bbox 754 2365 843 2404; x_wconf 88' lang='lat' dir='ltr'><strong>vos</strong></span> <span class='ocrx_word' id='word_1_337' title='bbox 861 2352 969 2418; x_wconf 83' lang='lat' dir='ltr'><strong>feci</strong></span> <span class='ocrx_word' id='word_1_338' title='bbox 992 2354 1276 2420; x_wconf 83' lang='lat' dir='ltr'><strong>similiter,</strong></span> <span class='ocrx_word' id='word_1_339' title='bbox 1304 2368 1469 2421; x_wconf 87' lang='lat' dir='ltr'><strong>agens</strong></span> <span class='ocrx_word' id='word_1_340' title='bbox 1488 2355 1588 2409; x_wconf 89' lang='lat' dir='ltr'><strong>hoc</strong></span> <span class='ocrx_word' id='word_1_341' title='bbox 1605 2371 1719 2410; x_wconf 89' lang='lat' dir='ltr'><strong>non</strong></span> <span class='ocrx_word' id='word_1_342' title='bbox 1741 2371 1846 2424; x_wconf 85' lang='lat' dir='ltr'><strong>pro</strong></span> <span class='ocrx_word' id='word_1_343' title='bbox 1873 2371 1978 2420; x_wconf 89' lang='lat' dir='ltr'><strong>me,</strong></span> <span class='ocrx_word' id='word_1_344' title='bbox 2002 2355 2094 2408; x_wconf 90' lang='lat' dir='ltr'><strong>sed</strong></span> <span class='ocrx_word' id='word_1_345' title='bbox 2121 2354 2181 2408; x_wconf 93' lang='lat' dir='ltr'><strong>in</strong></span> <span class='ocrx_word' id='word_1_346' title='bbox 2205 2369 2445 2424; x_wconf 89' lang='lat' dir='ltr'><strong>persona</strong></span> <span class='ocrx_word' id='word_1_347' title='bbox 2473 2351 2699 2415; x_wconf 82' lang='lat' dir='ltr'><strong>Christi,</strong></span> <span class='ocrx_word' id='word_1_348' title='bbox 2733 2351 2786 2419; x_wconf 92' lang='lat'><strong>8,</strong></span> <span class='ocrx_word' id='word_1_349' title='bbox 2816 2349 2869 2408; x_wconf 88' lang='lat'><strong>9.</strong></span> <span class='ocrx_word' id='word_1_350' title='bbox 2897 2355 2962 2405; x_wconf 89' lang='lat' dir='ltr'><strong>ut</strong></span> <span class='ocrx_word' id='word_1_351' title='bbox 2990 2366 3105 2405; x_wconf 91' lang='lat' dir='ltr'><strong>non</strong></span> <span class='ocrx_word' id='word_1_352' title='bbox 3124 2349 3361 2404; x_wconf 90' lang='lat' dir='ltr'><strong>circum-</strong></span> 
     </span>
    </p>
   </div>
   <div class='ocr_carea' id='block_1_24' title="bbox 134 2438 3362 2511">
    <p class='ocr_par' dir='ltr' id='par_1_24' title="bbox 134 2438 3362 2511">
     <span class='ocr_line' id='line_1_24' title="bbox 134 2438 3362 2511; baseline 0 -21"><span class='ocrx_word' id='word_1_353' title='bbox 134 2438 387 2493; x_wconf 77' lang='lat' dir='ltr'><strong>veniamur</strong></span> <span class='ocrx_word' id='word_1_354' title='bbox 416 2455 453 2493; x_wconf 87' lang='lat' dir='ltr'><strong>a</strong></span> <span class='ocrx_word' id='word_1_355' title='bbox 476 2438 712 2505; x_wconf 88' lang='lat' dir='ltr'><strong>Satana,</strong></span> <span class='ocrx_word' id='word_1_356' title='bbox 742 2442 878 2507; x_wconf 88' lang='lat' dir='ltr'><strong>quia</strong></span> <span class='ocrx_word' id='word_1_357' title='bbox 904 2442 956 2493; x_wconf 90' lang='lat' dir='ltr'><strong>si</strong></span> <span class='ocrx_word' id='word_1_358' title='bbox 977 2441 1215 2507; x_wconf 88' lang='lat' dir='ltr'><strong>donatis,</strong></span> <span class='ocrx_word' id='word_1_359' title='bbox 1245 2447 1293 2495; x_wconf 91' lang='lat' dir='ltr'><strong>et</strong></span> <span class='ocrx_word' id='word_1_360' title='bbox 1321 2457 1431 2510; x_wconf 87' lang='lat' dir='ltr'><strong>ego,</strong></span> <span class='ocrx_word' id='word_1_361' title='bbox 1460 2458 1577 2497; x_wconf 90' lang='lat' dir='ltr'><strong>non</strong></span> <span class='ocrx_word' id='word_1_362' title='bbox 1597 2446 1705 2497; x_wconf 90' lang='lat' dir='ltr'><strong>erit</strong></span> <span class='ocrx_word' id='word_1_363' title='bbox 1720 2443 1998 2497; x_wconf 88' lang='lat' dir='ltr'><strong>discordia</strong></span> <span class='ocrx_word' id='word_1_364' title='bbox 2018 2445 2168 2497; x_wconf 88' lang='lat' dir='ltr'><strong>inter</strong></span> <span class='ocrx_word' id='word_1_365' title='bbox 2189 2458 2307 2500; x_wconf 85' lang='lat' dir='ltr'><strong>vos:</strong></span> <span class='ocrx_word' id='word_1_366' title='bbox 2342 2457 2457 2495; x_wconf 90' lang='lat' dir='ltr'><strong>non</strong></span> <span class='ocrx_word' id='word_1_367' title='bbox 2476 2440 2627 2495; x_wconf 90' lang='lat' dir='ltr'><strong>enim</strong></span> <span class='ocrx_word' id='word_1_368' title='bbox 2647 2441 2974 2511; x_wconf 89' lang='lat' dir='ltr'><strong>ignoramus</strong></span> <span class='ocrx_word' id='word_1_369' title='bbox 2994 2438 3362 2509; x_wconf 83' lang='lat' dir='ltr'><strong>cogitationes</strong></span> 
     </span>
    </p>
   </div>
   <div class='ocr_carea' id='block_1_25' title="bbox 137 2524 3361 2602">
    <p class='ocr_par' dir='ltr' id='par_1_25' title="bbox 137 2524 3361 2602">
     <span class='ocr_line' id='line_1_25' title="bbox 137 2524 3361 2602; baseline 0 -23"><span class='ocrx_word' id='word_1_370' title='bbox 137 2526 251 2595; x_wconf 88' lang='lat' dir='ltr'><strong>ejus.</strong></span> <span class='ocrx_word' id='word_1_371' title='bbox 284 2526 518 2583; x_wconf 66' lang='lat' dir='ltr'><strong>Satanae.</strong></span> <span class='ocrx_word' id='word_1_372' title='bbox 552 2524 637 2583; x_wconf 82' lang='lat'><strong>10.</strong></span> <span class='ocrx_word' id='word_1_373' title='bbox 671 2527 813 2583; x_wconf 90' lang='lat' dir='ltr'><strong>Cum</strong></span> <span class='ocrx_word' id='word_1_374' title='bbox 840 2528 1115 2583; x_wconf 89' lang='lat' dir='ltr'><strong>venissem</strong></span> <span class='ocrx_word' id='word_1_375' title='bbox 1153 2533 1344 2584; x_wconf 89' lang='lat' dir='ltr'><strong>autem</strong></span> <span class='ocrx_word' id='word_1_376' title='bbox 1373 2530 1649 2585; x_wconf 88' lang='lat' dir='ltr'><strong>Troadem</strong></span> <span class='ocrx_word' id='word_1_377' title='bbox 1684 2536 1915 2602; x_wconf 89' lang='lat' dir='ltr'><strong>propter</strong></span> <span class='ocrx_word' id='word_1_378' title='bbox 1940 2529 2304 2601; x_wconf 89' lang='lat' dir='ltr'><strong>Evangelium</strong></span> <span class='ocrx_word' id='word_1_379' title='bbox 2341 2529 2570 2595; x_wconf 88' lang='lat' dir='ltr'><strong>Christi,</strong></span> <span class='ocrx_word' id='word_1_380' title='bbox 2617 2533 2675 2583; x_wconf 89' lang='lat' dir='ltr'><strong>et</strong></span> <span class='ocrx_word' id='word_1_381' title='bbox 2700 2528 2909 2583; x_wconf 89' lang='lat' dir='ltr'><strong>ostium</strong></span> <span class='ocrx_word' id='word_1_382' title='bbox 2938 2526 3074 2581; x_wconf 89' lang='lat' dir='ltr'><strong>mihi</strong></span> <span class='ocrx_word' id='word_1_383' title='bbox 3102 2530 3361 2597; x_wconf 90' lang='lat' dir='ltr'><strong>apertum</strong></span> 
     </span>
    </p>
   </div>
   <div class='ocr_carea' id='block_1_26' title="bbox 137 2615 3364 2687">
    <p class='ocr_par' dir='ltr' id='par_1_26' title="bbox 137 2615 3364 2687">
     <span class='ocr_line' id='line_1_26' title="bbox 137 2615 3364 2687; baseline -0.001 -17"><span class='ocrx_word' id='word_1_384' title='bbox 137 2616 325 2671; x_wconf 81' lang='lat' dir='ltr'><strong>essetin</strong></span> <span class='ocrx_word' id='word_1_385' title='bbox 352 2616 617 2684; x_wconf 90' lang='lat' dir='ltr'><strong>Domino,</strong></span> <span class='ocrx_word' id='word_1_386' title='bbox 642 2618 909 2671; x_wconf 87' lang='lat' dir='ltr'><strong>introitus</strong></span> <span class='ocrx_word' id='word_1_387' title='bbox 929 2619 1073 2685; x_wconf 83' lang='lat' dir='ltr'><strong>ﬁdei,</strong></span> <span class='ocrx_word' id='word_1_388' title='bbox 1103 2623 1167 2672; x_wconf 88' lang='lat' dir='ltr'><strong>ut</strong></span> <span class='ocrx_word' id='word_1_389' title='bbox 1191 2632 1277 2674; x_wconf 89' lang='lat' dir='ltr'><strong>me</strong></span> <span class='ocrx_word' id='word_1_390' title='bbox 1297 2621 1360 2673; x_wconf 87' lang='lat' dir='ltr'><strong>in</strong></span> <span class='ocrx_word' id='word_1_391' title='bbox 1378 2623 1523 2687; x_wconf 80' lang='lat' dir='ltr'><strong>illos,</strong></span> <span class='ocrx_word' id='word_1_392' title='bbox 1555 2623 1615 2674; x_wconf 88' lang='lat' dir='ltr'><strong>id</strong></span> <span class='ocrx_word' id='word_1_393' title='bbox 1642 2625 1738 2687; x_wconf 86' lang='lat' dir='ltr'><strong>est,</strong></span> <span class='ocrx_word' id='word_1_394' title='bbox 1768 2622 1833 2674; x_wconf 88' lang='lat' dir='ltr'><strong>in</strong></span> <span class='ocrx_word' id='word_1_395' title='bbox 1853 2635 2045 2674; x_wconf 89' lang='lat' dir='ltr'><strong>eorum</strong></span> <span class='ocrx_word' id='word_1_396' title='bbox 2070 2620 2253 2686; x_wconf 89' lang='lat' dir='ltr'><strong>corda,</strong></span> <span class='ocrx_word' id='word_1_397' title='bbox 2277 2622 2357 2673; x_wconf 87' lang='lat' dir='ltr'><strong>vet</strong></span> <span class='ocrx_word' id='word_1_398' title='bbox 2378 2621 2502 2673; x_wconf 85' lang='lat' dir='ltr'><strong>ittos</strong></span> <span class='ocrx_word' id='word_1_399' title='bbox 2523 2621 2588 2672; x_wconf 89' lang='lat' dir='ltr'><strong>in</strong></span> <span class='ocrx_word' id='word_1_400' title='bbox 2607 2634 2691 2671; x_wconf 88' lang='lat' dir='ltr'><strong>me</strong></span> <span class='ocrx_word' id='word_1_401' title='bbox 2706 2618 3058 2686; x_wconf 72' lang='lat' dir='ltr'><strong>praedicando</strong></span> <span class='ocrx_word' id='word_1_402' title='bbox 3079 2615 3364 2669; x_wconf 90' lang='lat' dir='ltr'><strong>intromit-</strong></span> 
     </span>
    </p>
   </div>
   <div class='ocr_carea' id='block_1_27' title="bbox 140 2705 3362 2779">
    <p class='ocr_par' dir='ltr' id='par_1_27' title="bbox 140 2705 3362 2779">
     <span class='ocr_line' id='line_1_27' title="bbox 140 2705 3362 2779; baseline -0 -19"><span class='ocrx_word' id='word_1_403' title='bbox 140 2710 295 2770; x_wconf 82' lang='lat' dir='ltr'><strong>terem,</strong></span> <span class='ocrx_word' id='word_1_404' title='bbox 316 2723 427 2761; x_wconf 91' lang='lat' dir='ltr'><strong>non</strong></span> <span class='ocrx_word' id='word_1_405' title='bbox 449 2705 630 2761; x_wconf 87' lang='lat' dir='ltr'><strong>habui</strong></span> <span class='ocrx_word' id='word_1_406' title='bbox 652 2705 907 2777; x_wconf 89' lang='lat' dir='ltr'><strong>requiem</strong></span> <span class='ocrx_word' id='word_1_407' title='bbox 926 2705 1149 2777; x_wconf 88' lang='lat' dir='ltr'><strong>spiritui</strong></span> <span class='ocrx_word' id='word_1_408' title='bbox 1169 2724 1315 2775; x_wconf 91' lang='lat' dir='ltr'><strong>meo,</strong></span> <span class='ocrx_word' id='word_1_409' title='bbox 1341 2708 1489 2779; x_wconf 91' lang='lat' dir='ltr'><strong>quod</strong></span> <span class='ocrx_word' id='word_1_410' title='bbox 1514 2724 1628 2764; x_wconf 91' lang='lat' dir='ltr'><strong>non</strong></span> <span class='ocrx_word' id='word_1_411' title='bbox 1647 2708 1955 2764; x_wconf 86' lang='lat' dir='ltr'><strong>invenerim</strong></span> <span class='ocrx_word' id='word_1_412' title='bbox 1979 2708 2065 2765; x_wconf 87' lang='grc'><strong>11.</strong></span> <span class='ocrx_word' id='word_1_413' title='bbox 2087 2708 2278 2763; x_wconf 88' lang='lat' dir='ltr'><strong>Titum</strong></span> <span class='ocrx_word' id='word_1_414' title='bbox 2295 2712 2427 2773; x_wconf 73' lang='lat'><strong>90</strong></span> <span class='ocrx_word' id='word_1_415' title='bbox 2445 2706 2677 2762; x_wconf 84' lang='lat' dir='ltr'><strong>fratrem</strong></span> <span class='ocrx_word' id='word_1_416' title='bbox 2697 2722 2906 2767; x_wconf 85' lang='lat' dir='ltr'><strong>meum.</strong></span> <span class='ocrx_word' id='word_1_417' title='bbox 2927 2707 3028 2775; x_wconf 90' lang='lat' dir='ltr'><strong>qui</strong></span> <span class='ocrx_word' id='word_1_418' title='bbox 3043 2707 3362 2774; x_wconf 85' lang='lat' dir='ltr'><strong>mejuvaret</strong></span> 
     </span>
    </p>
   </div>
   <div class='ocr_carea' id='block_1_28' title="bbox 140 2792 3363 2870">
    <p class='ocr_par' dir='ltr' id='par_1_28' title="bbox 140 2792 3363 2870">
     <span class='ocr_line' id='line_1_28' title="bbox 140 2792 3363 2870; baseline 0 -23"><span class='ocrx_word' id='word_1_419' title='bbox 140 2796 517 2865; x_wconf 80' lang='lat' dir='ltr'><strong>interpretando</strong></span> <span class='ocrx_word' id='word_1_420' title='bbox 545 2796 694 2864; x_wconf 89' lang='lat' dir='ltr'><strong>quod</strong></span> <span class='ocrx_word' id='word_1_421' title='bbox 715 2797 1101 2865; x_wconf 70' lang='lat' dir='ltr'><strong>praedicarem,</strong></span> <span class='ocrx_word' id='word_1_422' title='bbox 1136 2796 1234 2851; x_wconf 92' lang='lat' dir='ltr'><strong>sed</strong></span> <span class='ocrx_word' id='word_1_423' title='bbox 1268 2795 1350 2853; x_wconf 84' lang='lat'>1‘2.</span> <span class='ocrx_word' id='word_1_424' title='bbox 1375 2797 1705 2853; x_wconf 86' lang='lat' dir='ltr'><strong>valefaciens</strong></span> <span class='ocrx_word' id='word_1_425' title='bbox 1723 2799 1822 2865; x_wconf 88' lang='lat' dir='ltr'><strong>eis,</strong></span> <span class='ocrx_word' id='word_1_426' title='bbox 1848 2797 2126 2870; x_wconf 85' lang='lat' dir='ltr'><strong>profectus</strong></span> <span class='ocrx_word' id='word_1_427' title='bbox 2149 2814 2277 2852; x_wconf 90' lang='lat' dir='ltr'><strong>sum</strong></span> <span class='ocrx_word' id='word_1_428' title='bbox 2295 2797 2357 2851; x_wconf 93' lang='lat' dir='ltr'><strong>in</strong></span> <span class='ocrx_word' id='word_1_429' title='bbox 2378 2796 2780 2852; x_wconf 88' lang='lat' dir='ltr'><strong>Macedoniam.</strong></span> <span class='ocrx_word' id='word_1_430' title='bbox 2808 2796 2923 2850; x_wconf 89' lang='lat' dir='ltr'><strong>Deo</strong></span> <span class='ocrx_word' id='word_1_431' title='bbox 2942 2799 3133 2850; x_wconf 90' lang='lat' dir='ltr'><strong>autem</strong></span> <span class='ocrx_word' id='word_1_432' title='bbox 3150 2792 3363 2865; x_wconf 88' lang='lat' dir='ltr'><strong>gratias</strong></span> 
     </span>
    </p>
   </div>
   <div class='ocr_carea' id='block_1_29' title="bbox 138 2881 3360 2959">
    <p class='ocr_par' dir='ltr' id='par_1_29' title="bbox 138 2881 3360 2959">
     <span class='ocr_line' id='line_1_29' title="bbox 138 2881 3360 2959; baseline 0 -24"><span class='ocrx_word' id='word_1_433' title='bbox 138 2884 330 2952; x_wconf 82' lang='lat' dir='ltr'><strong>(iterum</strong></span> <span class='ocrx_word' id='word_1_434' title='bbox 344 2886 696 2940; x_wconf 79' lang='lat' dir='ltr'><strong>commendat</strong></span> <span class='ocrx_word' id='word_1_435' title='bbox 709 2901 762 2938; x_wconf 88' lang='lat' dir='ltr'><strong>se</strong></span> <span class='ocrx_word' id='word_1_436' title='bbox 776 2889 840 2938; x_wconf 88' lang='lat' dir='ltr'><strong>ut</strong></span> <span class='ocrx_word' id='word_1_437' title='bbox 859 2886 1087 2939; x_wconf 84' lang='lat' dir='ltr'><strong>verbum</strong></span> <span class='ocrx_word' id='word_1_438' title='bbox 1105 2901 1273 2940; x_wconf 88' lang='lat' dir='ltr'><strong>suum</strong></span> <span class='ocrx_word' id='word_1_439' title='bbox 1290 2889 1623 2959; x_wconf 85' lang='lat' dir='ltr'><strong>recipiatur)</strong></span> <span class='ocrx_word' id='word_1_440' title='bbox 1636 2887 1733 2958; x_wconf 89' lang='lat' dir='ltr'><strong>qui</strong></span> <span class='ocrx_word' id='word_1_441' title='bbox 1753 2902 1975 2958; x_wconf 88' lang='lat' dir='ltr'><strong>semper</strong></span> <span class='ocrx_word' id='word_1_442' title='bbox 1990 2886 2309 2957; x_wconf 73' lang='lat' dir='ltr'><strong>triumphat</strong></span> <span class='ocrx_word' id='word_1_443' title='bbox 2325 2901 2427 2939; x_wconf 89' lang='lat' dir='ltr'><strong>nos</strong></span> <span class='ocrx_word' id='word_1_444' title='bbox 2446 2885 2506 2939; x_wconf 92' lang='lat' dir='ltr'><strong>in</strong></span> <span class='ocrx_word' id='word_1_445' title='bbox 2521 2886 2744 2939; x_wconf 87' lang='lat' dir='ltr'><strong>Christo</strong></span> <span class='ocrx_word' id='word_1_446' title='bbox 2761 2885 2791 2939; x_wconf 87' lang='lat' dir='ltr'>J</span> <span class='ocrx_word' id='word_1_447' title='bbox 2796 2900 2914 2951; x_wconf 91' lang='lat' dir='ltr'><strong>esu,</strong></span> <span class='ocrx_word' id='word_1_448' title='bbox 2930 2888 2987 2939; x_wconf 90' lang='lat' dir='ltr'><strong>et</strong></span> <span class='ocrx_word' id='word_1_449' title='bbox 3006 2881 3090 2940; x_wconf 86' lang='lat' dir='ltr'><strong>l3.</strong></span> <span class='ocrx_word' id='word_1_450' title='bbox 3111 2883 3360 2949; x_wconf 82' lang='lat' dir='ltr'><strong>odorem,</strong></span> 
     </span>
    </p>
   </div>
   <div class='ocr_carea' id='block_1_30' title="bbox 134 2972 3366 3048">
    <p class='ocr_par' dir='ltr' id='par_1_30' title="bbox 134 2972 3366 3048">
     <span class='ocr_line' id='line_1_30' title="bbox 134 2972 3366 3048; baseline -0.001 -20"><span class='ocrx_word' id='word_1_451' title='bbox 134 2976 570 3043; x_wconf 61' lang='lat' dir='ltr'><strong>praedicationem,</strong></span> <span class='ocrx_word' id='word_1_452' title='bbox 605 2972 818 3029; x_wconf 74' lang='lat' dir='ltr'><strong>notitiae</strong></span> <span class='ocrx_word' id='word_1_453' title='bbox 845 2989 961 3029; x_wconf 78' lang='lat' dir='ltr'><strong>suae</strong></span> <span class='ocrx_word' id='word_1_454' title='bbox 985 2974 1307 3030; x_wconf 82' lang='lat' dir='ltr'><strong>manifestat</strong></span> <span class='ocrx_word' id='word_1_455' title='bbox 1330 2992 1435 3048; x_wconf 89' lang='lat' dir='ltr'><strong>per</strong></span> <span class='ocrx_word' id='word_1_456' title='bbox 1459 2992 1561 3031; x_wconf 89' lang='lat' dir='ltr'><strong>nos</strong></span> <span class='ocrx_word' id='word_1_457' title='bbox 1585 2976 1647 3031; x_wconf 90' lang='lat' dir='ltr'><strong>in</strong></span> <span class='ocrx_word' id='word_1_458' title='bbox 1675 2977 1828 3032; x_wconf 91' lang='lat' dir='ltr'><strong>omni</strong></span> <span class='ocrx_word' id='word_1_459' title='bbox 1854 2977 1997 3042; x_wconf 93' lang='lat' dir='ltr'><strong>loco,</strong></span> <span class='ocrx_word' id='word_1_460' title='bbox 2031 2991 2143 3030; x_wconf 91' lang='lat' dir='ltr'><strong>non</strong></span> <span class='ocrx_word' id='word_1_461' title='bbox 2161 2978 2342 3029; x_wconf 81' lang='lat' dir='ltr'><strong>solum</strong></span> <span class='ocrx_word' id='word_1_462' title='bbox 2373 2975 2610 3040; x_wconf 64' lang='lat' dir='ltr'><strong>Troada,</strong></span> <span class='ocrx_word' id='word_1_463' title='bbox 2641 2975 2736 3027; x_wconf 91' lang='lat' dir='ltr'><strong>sed</strong></span> <span class='ocrx_word' id='word_1_464' title='bbox 2758 2976 2824 3027; x_wconf 89' lang='lat' dir='ltr'><strong>in</strong></span> <span class='ocrx_word' id='word_1_465' title='bbox 2851 2974 3006 3027; x_wconf 84' lang='lat' dir='ltr'><strong>omni</strong></span> <span class='ocrx_word' id='word_1_466' title='bbox 3034 2975 3163 3039; x_wconf 86' lang='lat' dir='ltr'><strong>loco,</strong></span> <span class='ocrx_word' id='word_1_467' title='bbox 3185 2972 3366 3026; x_wconf 79' lang='lat' dir='ltr'><strong>Mace-</strong></span> 
     </span>
    </p>
   </div>
   <div class='ocr_carea' id='block_1_31' title="bbox 1437 3166 2031 3227">
    <p class='ocr_par' dir='ltr' id='par_1_31' title="bbox 1437 3166 2031 3227">
     <span class='ocr_line' id='line_1_31' title="bbox 1437 3166 2031 3227; baseline 0.002 -2"><span class='ocrx_word' id='word_1_468' title='bbox 1437 3166 2031 3227; x_wconf 84' lang='lat' dir='ltr'><strong>COMMENTARIUS.</strong></span> 
     </span>
    </p>
   </div>
   <div class='ocr_carea' id='block_1_32' title="bbox 137 3346 3279 3443">
    <p class='ocr_par' dir='ltr' id='par_1_32' title="bbox 137 3346 3279 3443">
     <span class='ocr_line' id='line_1_32' title="bbox 137 3346 3279 3443; baseline 0.001 -20"><span class='ocrx_word' id='word_1_469' title='bbox 137 3385 275 3441; x_wconf 88' lang='lat' dir='ltr'><strong>opere</strong></span> <span class='ocrx_word' id='word_1_470' title='bbox 294 3371 523 3427; x_wconf 87' lang='lat' dir='ltr'><strong>tristitia</strong></span> <span class='ocrx_word' id='word_1_471' title='bbox 542 3375 651 3436; x_wconf 89' lang='lat' dir='ltr'><strong>est,</strong></span> <span class='ocrx_word' id='word_1_472' title='bbox 676 3371 759 3426; x_wconf 89' lang='lat' dir='ltr'><strong>ita</strong></span> <span class='ocrx_word' id='word_1_473' title='bbox 776 3346 835 3426; x_wconf 79' lang='lat' dir='ltr'><strong>in</strong></span> <span class='ocrx_word' id='word_1_474' title='bbox 855 3370 1246 3427; x_wconf 84' lang='lat' dir='ltr'><strong>emendatione</strong></span> <span class='ocrx_word' id='word_1_475' title='bbox 1264 3372 1563 3443; x_wconf 84' lang='lat' dir='ltr'><strong>gaudium;</strong></span> <span class='ocrx_word' id='word_1_476' title='bbox 1593 3372 1696 3428; x_wconf 89' lang='lat' dir='ltr'><strong>hu-</strong></span> <span class='ocrx_word' id='word_1_477' title='bbox 1708 3374 1757 3433; x_wconf 83' lang='lat' dir='ltr'><strong>A</strong></span> <span class='ocrx_word' id='word_1_478' title='bbox 1776 3372 1931 3440; x_wconf 92' lang='lat' dir='ltr'><strong>dum,</strong></span> <span class='ocrx_word' id='word_1_479' title='bbox 1967 3370 2127 3443; x_wconf 91' lang='lat' dir='ltr'><strong>quasi</strong></span> <span class='ocrx_word' id='word_1_480' title='bbox 2154 3371 2357 3443; x_wconf 75' lang='lat' dir='ltr'><strong>locum</strong></span> <span class='ocrx_word' id='word_1_481' title='bbox 2369 3371 2519 3442; x_wconf 91' lang='lat' dir='ltr'><strong>apud</strong></span> <span class='ocrx_word' id='word_1_482' title='bbox 2542 3370 2722 3426; x_wconf 91' lang='lat' dir='ltr'><strong>Deum</strong></span> <span class='ocrx_word' id='word_1_483' title='bbox 2740 3372 2861 3442; x_wconf 90' lang='lat' dir='ltr'><strong>jam</strong></span> <span class='ocrx_word' id='word_1_484' title='bbox 2883 3386 2999 3425; x_wconf 89' lang='lat' dir='ltr'><strong>non</strong></span> <span class='ocrx_word' id='word_1_485' title='bbox 3026 3369 3279 3426; x_wconf 86' lang='lat' dir='ltr'><strong>haberet.</strong></span> 
     </span>
    </p>
   </div>
   <div class='ocr_carea' id='block_1_33' title="bbox 134 3458 1696 3532">
    <p class='ocr_par' dir='ltr' id='par_1_33' title="bbox 134 3458 1696 3532">
     <span class='ocr_line' id='line_1_33' title="bbox 134 3458 1696 3532; baseline 0.003 -21"><span class='ocrx_word' id='word_1_486' title='bbox 134 3458 209 3526; x_wconf 89' lang='lat' dir='ltr'><strong>jus</strong></span> <span class='ocrx_word' id='word_1_487' title='bbox 249 3466 426 3515; x_wconf 86' lang='lat' dir='ltr'><strong>autem</strong></span> <span class='ocrx_word' id='word_1_488' title='bbox 472 3460 671 3532; x_wconf 89' lang='lat' dir='ltr'><strong>gaudii</strong></span> <span class='ocrx_word' id='word_1_489' title='bbox 724 3460 950 3531; x_wconf 88' lang='lat' dir='ltr'><strong>adjutor</strong></span> <span class='ocrx_word' id='word_1_490' title='bbox 995 3466 1135 3527; x_wconf 89' lang='lat' dir='ltr'><strong>erat,</strong></span> <span class='ocrx_word' id='word_1_491' title='bbox 1190 3460 1326 3515; x_wconf 91' lang='lat' dir='ltr'><strong>dum</strong></span> <span class='ocrx_word' id='word_1_492' title='bbox 1382 3460 1696 3517; x_wconf 90' lang='lat' dir='ltr'><strong>volentibus</strong></span> 
     </span>
    </p>
   </div>
   <div class='ocr_carea' id='block_1_34' title="bbox 139 3548 1164 3604">
    <p class='ocr_par' dir='ltr' id='par_1_34' title="bbox 139 3548 1164 3604">
     <span class='ocr_line' id='line_1_34' title="bbox 139 3548 1164 3604; baseline 0.003 -4"><span class='ocrx_word' id='word_1_493' title='bbox 139 3548 403 3603; x_wconf 85' lang='lat' dir='ltr'><strong>emendare</strong></span> <span class='ocrx_word' id='word_1_494' title='bbox 429 3549 847 3604; x_wconf 86' lang='lat' dir='ltr'><strong>admonitiones</strong></span> <span class='ocrx_word' id='word_1_495' title='bbox 877 3548 1164 3603; x_wconf 81' lang='lat' dir='ltr'><strong>offerebat.</strong></span> 
     </span>
    </p>
   </div>
   <div class='ocr_carea' id='block_1_35' title="bbox 194 3635 1697 3705">
    <p class='ocr_par' dir='ltr' id='par_1_35' title="bbox 194 3635 1697 3705">
     <span class='ocr_line' id='line_1_35' title="bbox 194 3635 1697 3705; baseline 0.001 -16"><span class='ocrx_word' id='word_1_496' title='bbox 194 3635 340 3690; x_wconf 78' lang='lat' dir='ltr'><strong>CAP.</strong></span> <span class='ocrx_word' id='word_1_497' title='bbox 376 3637 451 3692; x_wconf 91' lang='lat' dir='ltr'><strong>II.</strong></span> <span class='ocrx_word' id='word_1_498' title='bbox 489 3669 549 3677; x_wconf 90' lang='lat'>—</span> <span class='ocrx_word' id='word_1_499' title='bbox 589 3636 637 3693; x_wconf 83' lang='lat'><strong>1.</strong></span> <span class='ocrx_word' id='word_1_500' title='bbox 669 3637 878 3693; x_wconf 63' lang='lat' dir='ltr'><strong>Lana.</strong></span> <span class='ocrx_word' id='word_1_501' title='bbox 911 3637 976 3692; x_wconf 87' lang='lat' dir='ltr'><strong>Si</strong></span> <span class='ocrx_word' id='word_1_502' title='bbox 1011 3640 1161 3691; x_wconf 88' lang='lat' dir='ltr'><strong>enim</strong></span> <span class='ocrx_word' id='word_1_503' title='bbox 1197 3654 1289 3705; x_wconf 87' lang='lat' dir='ltr'><strong>ego</strong></span> <span class='ocrx_word' id='word_1_504' title='bbox 1319 3640 1602 3695; x_wconf 81' lang='lat' dir='ltr'><strong>contristo.</strong></span> <span class='ocrx_word' id='word_1_505' title='bbox 1635 3637 1697 3692; x_wconf 91' lang='lat' dir='ltr'><strong>Si</strong></span> 
     </span>
    </p>
   </div>
   <div class='ocr_carea' id='block_1_36' title="bbox 140 3722 1700 3797">
    <p class='ocr_par' dir='ltr' id='par_1_36' title="bbox 140 3722 1700 3797">
     <span class='ocr_line' id='line_1_36' title="bbox 140 3722 1700 3797; baseline 0.003 -22"><span class='ocrx_word' id='word_1_506' title='bbox 140 3722 301 3778; x_wconf 88' lang='lat' dir='ltr'><strong>doctor</strong></span> <span class='ocrx_word' id='word_1_507' title='bbox 341 3725 697 3797; x_wconf 90' lang='lat' dir='ltr'><strong>corripiendo</strong></span> <span class='ocrx_word' id='word_1_508' title='bbox 751 3724 1048 3780; x_wconf 74' lang='lat' dir='ltr'><strong>contristat</strong></span> <span class='ocrx_word' id='word_1_509' title='bbox 1100 3724 1455 3796; x_wconf 87' lang='lat' dir='ltr'><strong>discipulum,</strong></span> <span class='ocrx_word' id='word_1_510' title='bbox 1503 3725 1700 3780; x_wconf 87' lang='lat' dir='ltr'><strong>laetitia</strong></span> 
     </span>
    </p>
   </div>
   <div class='ocr_carea' id='block_1_37' title="bbox 140 3809 1699 3885">
    <p class='ocr_par' dir='ltr' id='par_1_37' title="bbox 140 3809 1699 3885">
     <span class='ocr_line' id='line_1_37' title="bbox 140 3809 1699 3885; baseline 0.005 -23"><span class='ocrx_word' id='word_1_511' title='bbox 140 3809 261 3867; x_wconf 89' lang='lat' dir='ltr'><strong>illius</strong></span> <span class='ocrx_word' id='word_1_512' title='bbox 277 3820 373 3880; x_wconf 88' lang='lat' dir='ltr'><strong>est,</strong></span> <span class='ocrx_word' id='word_1_513' title='bbox 398 3815 445 3868; x_wconf 91' lang='lat' dir='ltr'><strong>si</strong></span> <span class='ocrx_word' id='word_1_514' title='bbox 468 3813 779 3884; x_wconf 89' lang='lat' dir='ltr'><strong>discipulus</strong></span> <span class='ocrx_word' id='word_1_515' title='bbox 800 3814 871 3868; x_wconf 91' lang='lat' dir='ltr'><strong>ad</strong></span> <span class='ocrx_word' id='word_1_516' title='bbox 896 3813 1283 3885; x_wconf 72' lang='lat' dir='ltr'><strong>paenitentiam</strong></span> <span class='ocrx_word' id='word_1_517' title='bbox 1313 3813 1699 3872; x_wconf 88' lang='lat' dir='ltr'><strong>contristatur.</strong></span> 
     </span>
    </p>
   </div>
   <div class='ocr_carea' id='block_1_38' title="bbox 196 3898 1702 3972">
    <p class='ocr_par' dir='ltr' id='par_1_38' title="bbox 196 3898 1702 3972">
     <span class='ocr_line' id='line_1_38' title="bbox 196 3898 1702 3972; baseline 0.001 -16"><span class='ocrx_word' id='word_1_518' title='bbox 196 3898 241 3956; x_wconf 79' lang='lat'><strong>2.</strong></span> <span class='ocrx_word' id='word_1_519' title='bbox 267 3902 327 3957; x_wconf 85' lang='lat' dir='ltr'><strong>Et</strong></span> <span class='ocrx_word' id='word_1_520' title='bbox 356 3903 452 3958; x_wconf 86' lang='lat' dir='ltr'><strong>hoc</strong></span> <span class='ocrx_word' id='word_1_521' title='bbox 487 3907 695 3972; x_wconf 85' lang='lat' dir='ltr'><strong>ipsum.</strong></span> <span class='ocrx_word' id='word_1_522' title='bbox 739 3902 901 3967; x_wconf 85' lang='lat' dir='ltr'><strong>Quod</strong></span> <span class='ocrx_word' id='word_1_523' title='bbox 947 3907 1031 3957; x_wconf 89' lang='lat' dir='ltr'><strong>est</strong></span> <span class='ocrx_word' id='word_1_524' title='bbox 1075 3902 1413 3957; x_wconf 90' lang='lat' dir='ltr'><strong>contristans</strong></span> <span class='ocrx_word' id='word_1_525' title='bbox 1440 3919 1554 3969; x_wconf 90' lang='lat' dir='ltr'><strong>vos,</strong></span> <span class='ocrx_word' id='word_1_526' title='bbox 1588 3919 1702 3959; x_wconf 91' lang='lat' dir='ltr'><strong>non</strong></span> 
     </span>
    </p>
   </div>
   <div class='ocr_carea' id='block_1_39' title="bbox 142 3987 1700 4062">
    <p class='ocr_par' dir='ltr' id='par_1_39' title="bbox 142 3987 1700 4062">
     <span class='ocr_line' id='line_1_39' title="bbox 142 3987 1700 4062; baseline 0.001 -17"><span class='ocrx_word' id='word_1_527' title='bbox 142 3987 366 4059; x_wconf 75' lang='lat' dir='ltr'><strong>lzeﬁﬁcet,</strong></span> <span class='ocrx_word' id='word_1_528' title='bbox 406 3992 522 4047; x_wconf 90' lang='lat' dir='ltr'><strong>nisi</strong></span> <span class='ocrx_word' id='word_1_529' title='bbox 560 4007 658 4045; x_wconf 88' lang='lat' dir='ltr'><strong>vos</strong></span> <span class='ocrx_word' id='word_1_530' title='bbox 702 3990 808 4062; x_wconf 90' lang='lat' dir='ltr'><strong>ipsi</strong></span> <span class='ocrx_word' id='word_1_531' title='bbox 856 3990 927 4046; x_wconf 90' lang='lat' dir='ltr'><strong>ad</strong></span> <span class='ocrx_word' id='word_1_532' title='bbox 967 3991 1357 4062; x_wconf 72' lang='lat' dir='ltr'><strong>paenitentiam</strong></span> <span class='ocrx_word' id='word_1_533' title='bbox 1402 3991 1700 4047; x_wconf 89' lang='lat' dir='ltr'><strong>contriste-</strong></span> 
     </span>
    </p>
   </div>
   <div class='ocr_carea' id='block_1_40' title="bbox 144 4091 275 4133">
    <p class='ocr_par' dir='ltr' id='par_1_40' title="bbox 144 4091 275 4133">
     <span class='ocr_line' id='line_1_40' title="bbox 144 4091 275 4133; baseline -0.008 0"><span class='ocrx_word' id='word_1_534' title='bbox 144 4091 275 4133; x_wconf 80' lang='lat' dir='ltr'><strong>1mm.</strong></span> 
     </span>
    </p>
   </div>
   <div class='ocr_carea' id='block_1_41' title="bbox 200 4164 1704 4237">
    <p class='ocr_par' dir='ltr' id='par_1_41' title="bbox 200 4164 1704 4237">
     <span class='ocr_line' id='line_1_41' title="bbox 200 4164 1704 4237; baseline 0.002 -16"><span class='ocrx_word' id='word_1_535' title='bbox 200 4164 245 4221; x_wconf 91' lang='lat'><strong>3.</strong></span> <span class='ocrx_word' id='word_1_536' title='bbox 292 4170 536 4225; x_wconf 64' lang='lat' dir='ltr'><strong>Asianos.</strong></span> <span class='ocrx_word' id='word_1_537' title='bbox 579 4168 649 4223; x_wconf 88' lang='lat' dir='ltr'><strong>Et</strong></span> <span class='ocrx_word' id='word_1_538' title='bbox 690 4167 785 4228; x_wconf 80' lang='lat' dir='ltr'><strong>hoc</strong></span> <span class='ocrx_word' id='word_1_539' title='bbox 820 4169 1025 4237; x_wconf 85' lang='lat' dir='ltr'><strong>ipsum.</strong></span> <span class='ocrx_word' id='word_1_540' title='bbox 1069 4166 1283 4223; x_wconf 88' lang='lat' dir='ltr'><strong>Idcirco</strong></span> <span class='ocrx_word' id='word_1_541' title='bbox 1321 4184 1383 4223; x_wconf 91' lang='lat' dir='ltr'><strong>se</strong></span> <span class='ocrx_word' id='word_1_542' title='bbox 1409 4168 1545 4224; x_wconf 91' lang='lat' dir='ltr'><strong>dicit</strong></span> <span class='ocrx_word' id='word_1_543' title='bbox 1571 4170 1704 4226; x_wconf 91' lang='lat' dir='ltr'><strong>scri-</strong></span> 
     </span>
    </p>
   </div>
   <div class='ocr_carea' id='block_1_42' title="bbox 144 4253 1705 4330">
    <p class='ocr_par' dir='ltr' id='par_1_42' title="bbox 144 4253 1705 4330">
     <span class='ocr_line' id='line_1_42' title="bbox 144 4253 1705 4330; baseline 0.003 -20"><span class='ocrx_word' id='word_1_544' title='bbox 144 4253 309 4323; x_wconf 72' lang='lat' dir='ltr'><strong>psisse,</strong></span> <span class='ocrx_word' id='word_1_545' title='bbox 335 4264 399 4313; x_wconf 89' lang='lat' dir='ltr'><strong>ut</strong></span> <span class='ocrx_word' id='word_1_546' title='bbox 422 4262 624 4330; x_wconf 88' lang='lat' dir='ltr'><strong>postea</strong></span> <span class='ocrx_word' id='word_1_547' title='bbox 646 4256 877 4312; x_wconf 86' lang='lat' dir='ltr'><strong>veniens</strong></span> <span class='ocrx_word' id='word_1_548' title='bbox 902 4272 1015 4312; x_wconf 90' lang='lat' dir='ltr'><strong>non</strong></span> <span class='ocrx_word' id='word_1_549' title='bbox 1045 4261 1210 4325; x_wconf 88' lang='lat' dir='ltr'><strong>esset,</strong></span> <span class='ocrx_word' id='word_1_550' title='bbox 1238 4257 1389 4313; x_wconf 88' lang='lat' dir='ltr'><strong>unde</strong></span> <span class='ocrx_word' id='word_1_551' title='bbox 1412 4258 1705 4315; x_wconf 88' lang='lat' dir='ltr'><strong>contrista-</strong></span> 
     </span>
    </p>
   </div>
   <div class='ocr_carea' id='block_1_43' title="bbox 146 4345 748 4411">
    <p class='ocr_par' dir='ltr' id='par_1_43' title="bbox 146 4345 748 4411">
     <span class='ocr_line' id='line_1_43' title="bbox 146 4345 748 4411; baseline 0.007 -15"><span class='ocrx_word' id='word_1_552' title='bbox 146 4348 291 4411; x_wconf 83' lang='lat' dir='ltr'><strong>retur,</strong></span> <span class='ocrx_word' id='word_1_553' title='bbox 319 4346 554 4402; x_wconf 83' lang='lat' dir='ltr'><strong>sublatis</strong></span> <span class='ocrx_word' id='word_1_554' title='bbox 579 4345 748 4401; x_wconf 87' lang='lat' dir='ltr'><strong>vitiis.</strong></span> 
     </span>
    </p>
   </div>
   <div class='ocr_carea' id='block_1_44' title="bbox 198 4432 1706 4508">
    <p class='ocr_par' dir='ltr' id='par_1_44' title="bbox 198 4432 1706 4508">
     <span class='ocr_line' id='line_1_44' title="bbox 198 4432 1706 4508; baseline 0.002 -20"><span class='ocrx_word' id='word_1_555' title='bbox 198 4432 245 4488; x_wconf 85' lang='grc'><strong>4.</strong></span> <span class='ocrx_word' id='word_1_556' title='bbox 263 4434 461 4492; x_wconf 59' lang='lat' dir='ltr'><strong>Lara.</strong></span> <span class='ocrx_word' id='word_1_557' title='bbox 482 4436 554 4493; x_wconf 89' lang='lat' dir='ltr'><strong>Si</strong></span> <span class='ocrx_word' id='word_1_558' title='bbox 571 4438 696 4505; x_wconf 87' lang='lat' dir='ltr'><strong>quis</strong></span> <span class='ocrx_word' id='word_1_559' title='bbox 709 4441 914 4491; x_wconf 88' lang='lat' dir='ltr'><strong>autem.</strong></span> <span class='ocrx_word' id='word_1_560' title='bbox 935 4435 994 4491; x_wconf 91' lang='lat' dir='ltr'><strong>Si</strong></span> <span class='ocrx_word' id='word_1_561' title='bbox 1012 4435 1156 4507; x_wconf 90' lang='lat' dir='ltr'><strong>quis,</strong></span> <span class='ocrx_word' id='word_1_562' title='bbox 1175 4434 1377 4507; x_wconf 91' lang='lat' dir='ltr'><strong>inquit,</strong></span> <span class='ocrx_word' id='word_1_563' title='bbox 1395 4436 1706 4508; x_wconf 64' lang='lat' dir='ltr'><strong>praedicans</strong></span> 
     </span>
    </p>
   </div>
   <div class='ocr_carea' id='block_1_45' title="bbox 146 4512 1743 4593">
    <p class='ocr_par' dir='ltr' id='par_1_45' title="bbox 146 4512 1743 4593">
     <span class='ocr_line' id='line_1_45' title="bbox 146 4512 1743 4593; baseline 0.004 -19"><span class='ocrx_word' id='word_1_564' title='bbox 146 4524 457 4581; x_wconf 86' lang='lat' dir='ltr'><strong>contristavit</strong></span> <span class='ocrx_word' id='word_1_565' title='bbox 482 4540 596 4592; x_wconf 90' lang='lat' dir='ltr'><strong>me,</strong></span> <span class='ocrx_word' id='word_1_566' title='bbox 629 4540 741 4579; x_wconf 90' lang='lat' dir='ltr'><strong>non</strong></span> <span class='ocrx_word' id='word_1_567' title='bbox 779 4540 871 4579; x_wconf 92' lang='lat' dir='ltr'><strong>me</strong></span> <span class='ocrx_word' id='word_1_568' title='bbox 897 4525 1291 4580; x_wconf 88' lang='lat' dir='ltr'><strong>tantummodo</strong></span> <span class='ocrx_word' id='word_1_569' title='bbox 1330 4525 1702 4593; x_wconf 88' lang='lat' dir='ltr'><strong>contristavit,</strong></span> <span class='ocrx_word' id='word_1_570' title='bbox 1740 4512 1743 4515; x_wconf 15' lang='grc' dir='ltr'>Ἴ</span> 
     </span>
    </p>
   </div>
   <div class='ocr_carea' id='block_1_46' title="bbox 1850 3456 3371 3531">
    <p class='ocr_par' dir='ltr' id='par_1_46' title="bbox 1850 3456 3371 3531">
     <span class='ocr_line' id='line_1_46' title="bbox 1850 3456 3371 3531; baseline -0.001 -16"><span class='ocrx_word' id='word_1_571' title='bbox 1850 3462 1901 3515; x_wconf 91' lang='grc'><strong>7.</strong></span> <span class='ocrx_word' id='word_1_572' title='bbox 1932 3462 2022 3517; x_wconf 84' lang='lat' dir='ltr'><strong>An</strong></span> <span class='ocrx_word' id='word_1_573' title='bbox 2050 3464 2115 3515; x_wconf 90' lang='lat' dir='ltr'><strong>in</strong></span> <span class='ocrx_word' id='word_1_574' title='bbox 2143 3462 2420 3515; x_wconf 88' lang='lat' dir='ltr'><strong>omnibus.</strong></span> <span class='ocrx_word' id='word_1_575' title='bbox 2447 3460 2732 3524; x_wconf 87' lang='lat' dir='ltr'><strong>Quantum</strong></span> <span class='ocrx_word' id='word_1_576' title='bbox 2762 3460 2930 3515; x_wconf 88' lang='lat' dir='ltr'><strong>datur</strong></span> <span class='ocrx_word' id='word_1_577' title='bbox 2952 3459 3211 3531; x_wconf 85' lang='lat' dir='ltr'><strong>intelligi,</strong></span> <span class='ocrx_word' id='word_1_578' title='bbox 3242 3456 3371 3515; x_wconf 63' lang='lat' dir='ltr'><strong>obeo</strong></span> 
     </span>
    </p>
   </div>
   <div class='ocr_carea' id='block_1_47' title="bbox 1776 3548 2904 3620">
    <p class='ocr_par' dir='ltr' id='par_1_47' title="bbox 1776 3548 2904 3620">
     <span class='ocr_line' id='line_1_47' title="bbox 1776 3548 2904 3620; baseline 0 -16"><span class='ocrx_word' id='word_1_579' title='bbox 1776 3550 1995 3605; x_wconf 90' lang='lat' dir='ltr'><strong>dientes</strong></span> <span class='ocrx_word' id='word_1_580' title='bbox 2022 3549 2126 3604; x_wconf 91' lang='lat' dir='ltr'><strong>hos</strong></span> <span class='ocrx_word' id='word_1_581' title='bbox 2152 3550 2328 3604; x_wconf 83' lang='lat' dir='ltr'><strong>factos</strong></span> <span class='ocrx_word' id='word_1_582' title='bbox 2354 3549 2414 3604; x_wconf 91' lang='lat' dir='ltr'><strong>in</strong></span> <span class='ocrx_word' id='word_1_583' title='bbox 2442 3549 2657 3604; x_wconf 65' lang='lat' dir='ltr'><strong>caeteris</strong></span> <span class='ocrx_word' id='word_1_584' title='bbox 2684 3548 2904 3620; x_wconf 83' lang='lat' dir='ltr'><strong>probat.</strong></span> 
     </span>
    </p>
   </div>
   <div class='ocr_carea' id='block_1_48' title="bbox 1845 3635 3373 3708">
    <p class='ocr_par' dir='ltr' id='par_1_48' title="bbox 1845 3635 3373 3708">
     <span class='ocr_line' id='line_1_48' title="bbox 1845 3635 3373 3708; baseline -0.002 -14"><span class='ocrx_word' id='word_1_585' title='bbox 1845 3635 1900 3694; x_wconf 90' lang='lat'><strong>8.</strong></span> <span class='ocrx_word' id='word_1_586' title='bbox 1948 3638 2010 3692; x_wconf 89' lang='lat' dir='ltr'><strong>Ut</strong></span> <span class='ocrx_word' id='word_1_587' title='bbox 2037 3654 2151 3692; x_wconf 89' lang='lat' dir='ltr'><strong>non</strong></span> <span class='ocrx_word' id='word_1_588' title='bbox 2178 3640 2706 3693; x_wconf 86' lang='lat' dir='ltr'><strong>circumveniamur.</strong></span> <span class='ocrx_word' id='word_1_589' title='bbox 2731 3638 2881 3692; x_wconf 91' lang='lat' dir='ltr'><strong>Dicit</strong></span> <span class='ocrx_word' id='word_1_590' title='bbox 2906 3637 3041 3708; x_wconf 90' lang='lat' dir='ltr'><strong>quia</strong></span> <span class='ocrx_word' id='word_1_591' title='bbox 3065 3635 3373 3693; x_wconf 76' lang='lat' dir='ltr'><strong>consolatio</strong></span> 
     </span>
    </p>
   </div>
   <div class='ocr_carea' id='block_1_49' title="bbox 1779 3725 3373 3797">
    <p class='ocr_par' dir='ltr' id='par_1_49' title="bbox 1779 3725 3373 3797">
     <span class='ocr_line' id='line_1_49' title="bbox 1779 3725 3373 3797; baseline 0 -17"><span class='ocrx_word' id='word_1_592' title='bbox 1779 3725 1947 3780; x_wconf 90' lang='lat' dir='ltr'><strong>debet</strong></span> <span class='ocrx_word' id='word_1_593' title='bbox 1963 3725 2250 3797; x_wconf 88' lang='lat' dir='ltr'><strong>subsequi,</strong></span> <span class='ocrx_word' id='word_1_594' title='bbox 2279 3743 2352 3781; x_wconf 92' lang='lat' dir='ltr'><strong>ue</strong></span> <span class='ocrx_word' id='word_1_595' title='bbox 2370 3726 2628 3781; x_wconf 88' lang='lat' dir='ltr'><strong>diabolus</strong></span> <span class='ocrx_word' id='word_1_596' title='bbox 2651 3730 2919 3796; x_wconf 87' lang='lat' dir='ltr'><strong>suggerat</strong></span> <span class='ocrx_word' id='word_1_597' title='bbox 2944 3725 3015 3793; x_wconf 89' lang='lat' dir='ltr'><strong>ei,</strong></span> <span class='ocrx_word' id='word_1_598' title='bbox 3039 3732 3102 3781; x_wconf 91' lang='lat' dir='ltr'><strong>ut</strong></span> <span class='ocrx_word' id='word_1_599' title='bbox 3121 3726 3208 3780; x_wconf 85' lang='lat' dir='ltr'><strong>vel</strong></span> <span class='ocrx_word' id='word_1_600' title='bbox 3227 3741 3373 3797; x_wconf 68' lang='lat' dir='ltr'><strong>prae-</strong></span> 
     </span>
    </p>
   </div>
   <div class='ocr_carea' id='block_1_50' title="bbox 1782 3813 3375 3887">
    <p class='ocr_par' dir='ltr' id='par_1_50' title="bbox 1782 3813 3375 3887">
     <span class='ocr_line' id='line_1_50' title="bbox 1782 3813 3375 3887; baseline -0.001 -18"><span class='ocrx_word' id='word_1_601' title='bbox 1782 3813 2034 3869; x_wconf 90' lang='lat' dir='ltr'><strong>sentibus</strong></span> <span class='ocrx_word' id='word_1_602' title='bbox 2058 3814 2299 3880; x_wconf 88' lang='lat' dir='ltr'><strong>fruatur,</strong></span> <span class='ocrx_word' id='word_1_603' title='bbox 2333 3815 2430 3887; x_wconf 89' lang='lat' dir='ltr'><strong>qui</strong></span> <span class='ocrx_word' id='word_1_604' title='bbox 2457 3814 2527 3869; x_wconf 93' lang='lat' dir='ltr'><strong>de</strong></span> <span class='ocrx_word' id='word_1_605' title='bbox 2554 3830 2653 3887; x_wconf 89' lang='lat' dir='ltr'><strong>spe</strong></span> <span class='ocrx_word' id='word_1_606' title='bbox 2679 3813 2856 3869; x_wconf 88' lang='lat' dir='ltr'><strong>futuri</strong></span> <span class='ocrx_word' id='word_1_607' title='bbox 2884 3813 3101 3885; x_wconf 84' lang='lat' dir='ltr'><strong>praemii</strong></span> <span class='ocrx_word' id='word_1_608' title='bbox 3123 3813 3375 3883; x_wconf 86' lang='lat' dir='ltr'><strong>dejectus</strong></span> 
     </span>
    </p>
   </div>
   <div class='ocr_carea' id='block_1_51' title="bbox 1782 3909 1887 3960">
    <p class='ocr_par' dir='ltr' id='par_1_51' title="bbox 1782 3909 1887 3960">
     <span class='ocr_line' id='line_1_51' title="bbox 1782 3909 1887 3960; baseline 0.01 -3"><span class='ocrx_word' id='word_1_609' title='bbox 1782 3909 1887 3960; x_wconf 90' lang='lat' dir='ltr'><strong>est.</strong></span> 
     </span>
    </p>
   </div>
   <div class='ocr_carea' id='block_1_52' title="bbox 1854 3988 3375 4057">
    <p class='ocr_par' dir='ltr' id='par_1_52' title="bbox 1854 3988 3375 4057">
     <span class='ocr_line' id='line_1_52' title="bbox 1854 3988 3375 4057; baseline -0.001 -11"><span class='ocrx_word' id='word_1_610' title='bbox 1854 3992 1906 4047; x_wconf 88' lang='lat'><strong>9.</strong></span> <span class='ocrx_word' id='word_1_611' title='bbox 1938 3991 2146 4046; x_wconf 63' lang='lat' dir='ltr'><strong>Lassa.</strong></span> <span class='ocrx_word' id='word_1_612' title='bbox 2183 3993 2246 4047; x_wconf 88' lang='lat' dir='ltr'><strong>Ut</strong></span> <span class='ocrx_word' id='word_1_613' title='bbox 2275 4007 2389 4046; x_wconf 90' lang='lat' dir='ltr'><strong>non</strong></span> <span class='ocrx_word' id='word_1_614' title='bbox 2414 3994 2942 4057; x_wconf 87' lang='lat' dir='ltr'><strong>circumveniamur,</strong></span> <span class='ocrx_word' id='word_1_615' title='bbox 2967 3988 3027 4044; x_wconf 88' lang='lat' dir='ltr'><strong>id</strong></span> <span class='ocrx_word' id='word_1_616' title='bbox 3051 3992 3154 4056; x_wconf 90' lang='lat' dir='ltr'><strong>est,</strong></span> <span class='ocrx_word' id='word_1_617' title='bbox 3175 3992 3241 4044; x_wconf 91' lang='lat' dir='ltr'><strong>ut</strong></span> <span class='ocrx_word' id='word_1_618' title='bbox 3260 4004 3375 4045; x_wconf 92' lang='lat' dir='ltr'><strong>non</strong></span> 
     </span>
    </p>
   </div>
   <div class='ocr_carea' id='block_1_53' title="bbox 1784 4079 2467 4136">
    <p class='ocr_par' dir='ltr' id='par_1_53' title="bbox 1784 4079 2467 4136">
     <span class='ocr_line' id='line_1_53' title="bbox 1784 4079 2467 4136; baseline -0.006 0"><span class='ocrx_word' id='word_1_619' title='bbox 1784 4081 1861 4136; x_wconf 89' lang='lat' dir='ltr'><strong>sit</strong></span> <span class='ocrx_word' id='word_1_620' title='bbox 1877 4081 2027 4135; x_wconf 90' lang='lat' dir='ltr'><strong>inter</strong></span> <span class='ocrx_word' id='word_1_621' title='bbox 2048 4097 2146 4134; x_wconf 90' lang='lat' dir='ltr'><strong>vos</strong></span> <span class='ocrx_word' id='word_1_622' title='bbox 2173 4079 2467 4134; x_wconf 88' lang='lat' dir='ltr'><strong>discordia.</strong></span> 
     </span>
    </p>
   </div>
   <div class='ocr_carea' id='block_1_54' title="bbox 1856 4166 3377 4239">
    <p class='ocr_par' dir='ltr' id='par_1_54' title="bbox 1856 4166 3377 4239">
     <span class='ocr_line' id='line_1_54' title="bbox 1856 4166 3377 4239; baseline -0.001 -15"><span class='ocrx_word' id='word_1_623' title='bbox 1856 4166 1943 4226; x_wconf 85' lang='grc'><strong>10.</strong></span> <span class='ocrx_word' id='word_1_624' title='bbox 1977 4169 2115 4224; x_wconf 80' lang='lat' dir='ltr'><strong>Cum</strong></span> <span class='ocrx_word' id='word_1_625' title='bbox 2140 4171 2407 4224; x_wconf 87' lang='lat' dir='ltr'><strong>venissem</strong></span> <span class='ocrx_word' id='word_1_626' title='bbox 2434 4173 2642 4232; x_wconf 88' lang='lat' dir='ltr'><strong>autem,</strong></span> <span class='ocrx_word' id='word_1_627' title='bbox 2681 4172 2789 4222; x_wconf 91' lang='lat' dir='ltr'><strong>etc.</strong></span> <span class='ocrx_word' id='word_1_628' title='bbox 2833 4168 3111 4223; x_wconf 85' lang='lat' dir='ltr'><strong>Excusato</strong></span> <span class='ocrx_word' id='word_1_629' title='bbox 3138 4182 3201 4223; x_wconf 86' lang='lat' dir='ltr'><strong>se</strong></span> <span class='ocrx_word' id='word_1_630' title='bbox 3225 4167 3377 4239; x_wconf 89' lang='lat' dir='ltr'><strong>quod</strong></span> 
     </span>
    </p>
   </div>
   <div class='ocr_carea' id='block_1_55' title="bbox 1784 4256 3378 4328">
    <p class='ocr_par' dir='ltr' id='par_1_55' title="bbox 1784 4256 3378 4328">
     <span class='ocr_line' id='line_1_55' title="bbox 1784 4256 3378 4328; baseline -0.001 -14"><span class='ocrx_word' id='word_1_631' title='bbox 1784 4275 1900 4314; x_wconf 91' lang='lat' dir='ltr'><strong>non</strong></span> <span class='ocrx_word' id='word_1_632' title='bbox 1933 4258 2169 4325; x_wconf 89' lang='lat' dir='ltr'><strong>venerit,</strong></span> <span class='ocrx_word' id='word_1_633' title='bbox 2208 4263 2403 4312; x_wconf 90' lang='lat' dir='ltr'><strong>narrat</strong></span> <span class='ocrx_word' id='word_1_634' title='bbox 2439 4257 2588 4328; x_wconf 90' lang='lat' dir='ltr'><strong>quod</strong></span> <span class='ocrx_word' id='word_1_635' title='bbox 2624 4256 2773 4324; x_wconf 90' lang='lat' dir='ltr'><strong>fecit,</strong></span> <span class='ocrx_word' id='word_1_636' title='bbox 2805 4257 3206 4313; x_wconf 88' lang='lat' dir='ltr'><strong>commendans</strong></span> <span class='ocrx_word' id='word_1_637' title='bbox 3232 4273 3294 4312; x_wconf 87' lang='lat' dir='ltr'><strong>se</strong></span> <span class='ocrx_word' id='word_1_638' title='bbox 3317 4256 3378 4312; x_wconf 91' lang='lat' dir='ltr'><strong>in</strong></span> 
     </span>
    </p>
   </div>
   <div class='ocr_carea' id='block_1_56' title="bbox 1787 4345 3378 4419">
    <p class='ocr_par' dir='ltr' id='par_1_56' title="bbox 1787 4345 3378 4419">
     <span class='ocr_line' id='line_1_56' title="bbox 1787 4345 3378 4419; baseline -0.001 -15"><span class='ocrx_word' id='word_1_639' title='bbox 1787 4348 1984 4404; x_wconf 87' lang='lat' dir='ltr'><strong>eodem</strong></span> <span class='ocrx_word' id='word_1_640' title='bbox 2022 4363 2210 4419; x_wconf 87' lang='lat' dir='ltr'><strong>opere,</strong></span> <span class='ocrx_word' id='word_1_641' title='bbox 2241 4363 2314 4401; x_wconf 87' lang='lat' dir='ltr'><strong>ne</strong></span> <span class='ocrx_word' id='word_1_642' title='bbox 2341 4362 2437 4400; x_wconf 88' lang='lat' dir='ltr'><strong>vos</strong></span> <span class='ocrx_word' id='word_1_643' title='bbox 2473 4345 2867 4402; x_wconf 88' lang='lat' dir='ltr'><strong>contristarem</strong></span> <span class='ocrx_word' id='word_1_644' title='bbox 2902 4363 3017 4402; x_wconf 91' lang='lat' dir='ltr'><strong>non</strong></span> <span class='ocrx_word' id='word_1_645' title='bbox 3052 4346 3198 4414; x_wconf 87' lang='lat' dir='ltr'><strong>veni,</strong></span> <span class='ocrx_word' id='word_1_646' title='bbox 3238 4347 3378 4403; x_wconf 76' lang='lat' dir='ltr'><strong>Cum</strong></span> 
     </span>
    </p>
   </div>
   <div class='ocr_carea' id='block_1_57' title="bbox 1785 4436 2718 4502">
    <p class='ocr_par' dir='ltr' id='par_1_57' title="bbox 1785 4436 2718 4502">
     <span class='ocr_line' id='line_1_57' title="bbox 1785 4436 2718 4502; baseline -0.002 -10"><span class='ocrx_word' id='word_1_647' title='bbox 1785 4443 1971 4492; x_wconf 88' lang='lat' dir='ltr'><strong>autem</strong></span> <span class='ocrx_word' id='word_1_648' title='bbox 1999 4439 2264 4491; x_wconf 86' lang='lat' dir='ltr'><strong>venissem</strong></span> <span class='ocrx_word' id='word_1_649' title='bbox 2300 4436 2580 4502; x_wconf 82' lang='lat' dir='ltr'><strong>Troadem,</strong></span> <span class='ocrx_word' id='word_1_650' title='bbox 2613 4440 2718 4490; x_wconf 88' lang='lat' dir='ltr'><strong>etc.</strong></span> 
     </span>
    </p>
   </div>
   <div class='ocr_carea' id='block_1_58' title="bbox 1856 4490 3381 4597">
    <p class='ocr_par' dir='ltr' id='par_1_58' title="bbox 1856 4490 3381 4597">
     <span class='ocr_line' id='line_1_58' title="bbox 1856 4490 3381 4597; baseline 0.001 -17"><span class='ocrx_word' id='word_1_651' title='bbox 1856 4490 1965 4582; x_wconf 49' lang='grc'><strong>11.</strong></span> <span class='ocrx_word' id='word_1_652' title='bbox 1993 4490 2178 4580; x_wconf 86' lang='lat' dir='ltr'><strong>Titum</strong></span> <span class='ocrx_word' id='word_1_653' title='bbox 2204 4526 2462 4592; x_wconf 86' lang='lat' dir='ltr'><strong>fratrem.</strong></span> <span class='ocrx_word' id='word_1_654' title='bbox 2504 4490 2663 4579; x_wconf 76' lang='lat' dir='ltr'><strong>Titus</strong></span> <span class='ocrx_word' id='word_1_655' title='bbox 2687 4523 2795 4579; x_wconf 90' lang='lat' dir='ltr'><strong>iste</strong></span> <span class='ocrx_word' id='word_1_656' title='bbox 2821 4490 3101 4596; x_wconf 81' lang='lat' dir='ltr'><strong>interpres</strong></span> <span class='ocrx_word' id='word_1_657' title='bbox 3127 4524 3381 4597; x_wconf 83' lang='lat' dir='ltr'><strong>Apostoli</strong></span> 
     </span>
    </p>
   </div>
   <div class='ocr_carea' id='block_1_59' title="bbox 147 4610 3381 4687">
    <p class='ocr_par' dir='ltr' id='par_1_59' title="bbox 147 4610 3381 4687">
     <span class='ocr_line' id='line_1_59' title="bbox 147 4610 3381 4687; baseline 0.002 -24"><span class='ocrx_word' id='word_1_658' title='bbox 147 4610 225 4663; x_wconf 82' lang='lat' dir='ltr'><strong>sed</strong></span> <span class='ocrx_word' id='word_1_659' title='bbox 249 4629 336 4667; x_wconf 86' lang='lat' dir='ltr'><strong>vos</strong></span> <span class='ocrx_word' id='word_1_660' title='bbox 358 4631 424 4669; x_wconf 85' lang='lat' dir='ltr'><strong>ex</strong></span> <span class='ocrx_word' id='word_1_661' title='bbox 451 4619 634 4686; x_wconf 88' lang='lat' dir='ltr'><strong>parte,</strong></span> <span class='ocrx_word' id='word_1_662' title='bbox 668 4612 726 4668; x_wconf 90' lang='lat' dir='ltr'><strong>id</strong></span> <span class='ocrx_word' id='word_1_663' title='bbox 748 4618 849 4679; x_wconf 89' lang='lat' dir='ltr'><strong>est,</strong></span> <span class='ocrx_word' id='word_1_664' title='bbox 886 4614 1156 4684; x_wconf 89' lang='lat' dir='ltr'><strong>quosdam</strong></span> <span class='ocrx_word' id='word_1_665' title='bbox 1187 4630 1254 4668; x_wconf 83' lang='lat' dir='ltr'><strong>ex</strong></span> <span class='ocrx_word' id='word_1_666' title='bbox 1279 4612 1455 4679; x_wconf 88' lang='lat' dir='ltr'><strong>vobis,</strong></span> <span class='ocrx_word' id='word_1_667' title='bbox 1498 4620 1565 4670; x_wconf 91' lang='lat' dir='ltr'><strong>ut</strong></span> <span class='ocrx_word' id='word_1_668' title='bbox 1592 4631 1705 4669; x_wconf 91' lang='lat' dir='ltr'><strong>non</strong></span> <span class='ocrx_word' id='word_1_669' title='bbox 1722 4664 1768 4687; x_wconf 64' lang='grc' dir='ltr'>η</span> <span class='ocrx_word' id='word_1_670' title='bbox 1788 4620 1928 4681; x_wconf 88' lang='lat' dir='ltr'><strong>erat,</strong></span> <span class='ocrx_word' id='word_1_671' title='bbox 1961 4619 2019 4669; x_wconf 93' lang='lat' dir='ltr'><strong>et</strong></span> <span class='ocrx_word' id='word_1_672' title='bbox 2046 4614 2249 4668; x_wconf 88' lang='lat' dir='ltr'><strong>horum</strong></span> <span class='ocrx_word' id='word_1_673' title='bbox 2276 4613 2472 4685; x_wconf 87' lang='lat' dir='ltr'><strong>lingua</strong></span> <span class='ocrx_word' id='word_1_674' title='bbox 2507 4613 2822 4685; x_wconf 85' lang='lat' dir='ltr'><strong>expressius</strong></span> <span class='ocrx_word' id='word_1_675' title='bbox 2848 4612 3185 4685; x_wconf 87' lang='lat' dir='ltr'><strong>loquebatur</strong></span> <span class='ocrx_word' id='word_1_676' title='bbox 3210 4629 3381 4687; x_wconf 86' lang='lat' dir='ltr'><strong>quam</strong></span> 
     </span>
    </p>
   </div>
   <div class='ocr_carea' id='block_1_60' title="bbox 150 4664 2107 4775">
    <p class='ocr_par' dir='ltr' id='par_1_60' title="bbox 150 4664 2107 4775">
     <span class='ocr_line' id='line_1_60' title="bbox 288 4664 2107 4686; baseline 0 -18"><span class='ocrx_word' id='word_1_677' title='bbox 365 4664 424 4669; x_wconf 57' lang='grc' dir='ltr'><strong>,η</strong></span> <span class='ocrx_word' id='word_1_678' title='bbox 668 4664 725 4668; x_wconf 51' lang='grc' dir='ltr'>η</span> <span class='ocrx_word' id='word_1_679' title='bbox 756 4664 849 4679; x_wconf 73' lang='lat'><strong>---,</strong></span> <span class='ocrx_word' id='word_1_680' title='bbox 894 4664 1156 4684; x_wconf 42' lang='grc' dir='ltr'><strong>Ἱππ---</strong></span> <span class='ocrx_word' id='word_1_681' title='bbox 1194 4664 1254 4668; x_wconf 71' lang='lat'><strong>-_</strong></span> <span class='ocrx_word' id='word_1_682' title='bbox 1295 4664 1455 4679; x_wconf 40' lang='lat'><strong>.---_,</strong></span> <span class='ocrx_word' id='word_1_683' title='bbox 1506 4664 1563 4670; x_wconf 72' lang='lat'><strong>_-</strong></span> <span class='ocrx_word' id='word_1_684' title='bbox 1592 4664 1705 4669; x_wconf 49' lang='grc' dir='ltr'><strong>κ---</strong></span> <span class='ocrx_word' id='word_1_685' title='bbox 1794 4664 1928 4681; x_wconf 49' lang='grc' dir='ltr'><strong>μη,</strong></span> <span class='ocrx_word' id='word_1_686' title='bbox 1966 4664 2017 4669; x_wconf 76' lang='grc'><strong>,-</strong></span> <span class='ocrx_word' id='word_1_687' title='bbox 2047 4664 2107 4668; x_wconf 82' lang='lat'>__</span> 
     </span>
     <span class='ocr_line' id='line_1_61' title="bbox 150 4664 2107 4775; baseline 0.003 -25"><span class='ocrx_word' id='word_1_688' title='bbox 150 4712 343 4756; x_wconf 88' lang='lat' dir='ltr'><strong>onerem</strong></span> <span class='ocrx_word' id='word_1_689' title='bbox 365 4714 703 4770; x_wconf 80' lang='lat' dir='ltr'><strong>vos‘omnes,</strong></span> <span class='ocrx_word' id='word_1_690' title='bbox 735 4707 793 4757; x_wconf 89' lang='lat' dir='ltr'><strong>et</strong></span> <span class='ocrx_word' id='word_1_691' title='bbox 821 4702 949 4757; x_wconf 90' lang='lat' dir='ltr'><strong>ideo</strong></span> <span class='ocrx_word' id='word_1_692' title='bbox 976 4702 1099 4757; x_wconf 92' lang='lat' dir='ltr'><strong>dico</strong></span> <span class='ocrx_word' id='word_1_693' title='bbox 1120 4718 1217 4757; x_wconf 90' lang='lat' dir='ltr'><strong>vos</strong></span> <span class='ocrx_word' id='word_1_694' title='bbox 1238 4719 1305 4757; x_wconf 83' lang='lat' dir='ltr'><strong>ex</strong></span> <span class='ocrx_word' id='word_1_695' title='bbox 1323 4708 1485 4774; x_wconf 89' lang='lat' dir='ltr'><strong>parte</strong></span> <span class='ocrx_word' id='word_1_696' title='bbox 1505 4703 1706 4759; x_wconf 87' lang='lat' dir='ltr'><strong>contri-</strong></span> <span class='ocrx_word' id='word_1_697' title='bbox 1722 4664 1769 4724; x_wconf 81' lang='grc' dir='ltr'>Β</span> <span class='ocrx_word' id='word_1_698' title='bbox 1786 4703 2107 4775; x_wconf 86' lang='lat' dir='ltr'><strong>Apostolus.</strong></span> 
     </span>
    </p>
   </div>
   <div class='ocr_carea' id='block_1_61' title="bbox 149 4791 1701 4864">
    <p class='ocr_par' dir='ltr' id='par_1_61' title="bbox 149 4791 1701 4864">
     <span class='ocr_line' id='line_1_62' title="bbox 149 4791 1701 4864; baseline 0.002 -20"><span class='ocrx_word' id='word_1_699' title='bbox 149 4791 312 4858; x_wconf 73' lang='lat' dir='ltr'><strong>statos,</strong></span> <span class='ocrx_word' id='word_1_700' title='bbox 358 4796 424 4846; x_wconf 90' lang='lat' dir='ltr'><strong>ut</strong></span> <span class='ocrx_word' id='word_1_701' title='bbox 467 4808 612 4847; x_wconf 92' lang='lat' dir='ltr'><strong>onus</strong></span> <span class='ocrx_word' id='word_1_702' title='bbox 651 4791 898 4846; x_wconf 76' lang='lat' dir='ltr'><strong>tristitiae</strong></span> <span class='ocrx_word' id='word_1_703' title='bbox 938 4808 1052 4846; x_wconf 93' lang='lat' dir='ltr'><strong>non</strong></span> <span class='ocrx_word' id='word_1_704' title='bbox 1096 4791 1383 4864; x_wconf 88' lang='lat' dir='ltr'><strong>imponam</strong></span> <span class='ocrx_word' id='word_1_705' title='bbox 1422 4791 1701 4857; x_wconf 88' lang='lat' dir='ltr'><strong>omnibus,</strong></span> 
     </span>
    </p>
   </div>
   <div class='ocr_carea' id='block_1_62' title="bbox 152 4879 1710 4953">
    <p class='ocr_par' dir='ltr' id='par_1_62' title="bbox 152 4879 1710 4953">
     <span class='ocr_line' id='line_1_63' title="bbox 152 4879 1710 4953; baseline 0.005 -25"><span class='ocrx_word' id='word_1_706' title='bbox 152 4887 243 4932; x_wconf 87' lang='lat' dir='ltr'><strong>non</strong></span> <span class='ocrx_word' id='word_1_707' title='bbox 263 4880 402 4935; x_wconf 90' lang='lat' dir='ltr'><strong>enim</strong></span> <span class='ocrx_word' id='word_1_708' title='bbox 429 4896 645 4948; x_wconf 86' lang='lat' dir='ltr'><strong>omnes,</strong></span> <span class='ocrx_word' id='word_1_709' title='bbox 670 4881 952 4952; x_wconf 88' lang='lat' dir='ltr'><strong>justitiam</strong></span> <span class='ocrx_word' id='word_1_710' title='bbox 981 4879 1196 4935; x_wconf 89' lang='lat' dir='ltr'><strong>sincere</strong></span> <span class='ocrx_word' id='word_1_711' title='bbox 1220 4881 1470 4953; x_wconf 89' lang='lat' dir='ltr'><strong>diligitis.</strong></span> <span class='ocrx_word' id='word_1_712' title='bbox 1516 4881 1710 4936; x_wconf 91' lang='lat' dir='ltr'><strong>Potest</strong></span> 
     </span>
    </p>
   </div>
   <div class='ocr_carea' id='block_1_63' title="bbox 153 4964 1708 5041">
    <p class='ocr_par' dir='ltr' id='par_1_63' title="bbox 153 4964 1708 5041">
     <span class='ocr_line' id='line_1_64' title="bbox 153 4964 1708 5041; baseline 0.004 -22"><span class='ocrx_word' id='word_1_713' title='bbox 153 4964 285 5022; x_wconf 80' lang='lat' dir='ltr'><strong>etita</strong></span> <span class='ocrx_word' id='word_1_714' title='bbox 309 4968 566 5041; x_wconf 86' lang='lat' dir='ltr'><strong>intelligi,</strong></span> <span class='ocrx_word' id='word_1_715' title='bbox 596 4986 711 5025; x_wconf 90' lang='lat' dir='ltr'><strong>non</strong></span> <span class='ocrx_word' id='word_1_716' title='bbox 738 4985 832 5025; x_wconf 90' lang='lat' dir='ltr'><strong>me</strong></span> <span class='ocrx_word' id='word_1_717' title='bbox 859 4970 1211 5025; x_wconf 86' lang='lat' dir='ltr'><strong>contristavit</strong></span> <span class='ocrx_word' id='word_1_718' title='bbox 1244 4987 1309 5025; x_wconf 82' lang='lat' dir='ltr'><strong>ex</strong></span> <span class='ocrx_word' id='word_1_719' title='bbox 1338 4974 1476 5038; x_wconf 91' lang='lat' dir='ltr'><strong>toto,</strong></span> <span class='ocrx_word' id='word_1_720' title='bbox 1507 4969 1606 5025; x_wconf 92' lang='lat' dir='ltr'><strong>sed</strong></span> <span class='ocrx_word' id='word_1_721' title='bbox 1635 4987 1708 5025; x_wconf 87' lang='lat' dir='ltr'><strong>ex</strong></span> 
     </span>
    </p>
   </div>
   <div class='ocr_carea' id='block_1_64' title="bbox 211 5142 1709 5219">
    <p class='ocr_par' dir='ltr' id='par_1_64' title="bbox 211 5142 1709 5219">
     <span class='ocr_line' id='line_1_65' title="bbox 211 5142 1709 5219; baseline 0.003 -21"><span class='ocrx_word' id='word_1_722' title='bbox 211 5142 256 5198; x_wconf 83' lang='lat'><strong>5.</strong></span> <span class='ocrx_word' id='word_1_723' title='bbox 282 5147 447 5216; x_wconf 78' lang='lat' dir='ltr'><strong>Magis</strong></span> <span class='ocrx_word' id='word_1_724' title='bbox 478 5149 711 5211; x_wconf 73' lang='lat' dir='ltr'><strong>donatis,</strong></span> <span class='ocrx_word' id='word_1_725' title='bbox 743 5152 849 5204; x_wconf 90' lang='lat' dir='ltr'><strong>etc.</strong></span> <span class='ocrx_word' id='word_1_726' title='bbox 884 5148 1033 5204; x_wconf 88' lang='lat' dir='ltr'><strong>Satis</strong></span> <span class='ocrx_word' id='word_1_727' title='bbox 1060 5146 1455 5219; x_wconf 88' lang='lat' dir='ltr'><strong>comprobatur</strong></span> <span class='ocrx_word' id='word_1_728' title='bbox 1481 5153 1709 5219; x_wconf 89' lang='lat' dir='ltr'><strong>aposto-</strong></span> 
     </span>
    </p>
   </div>
   <div class='ocr_carea' id='block_1_65' title="bbox 155 5224 1709 5308">
    <p class='ocr_par' dir='ltr' id='par_1_65' title="bbox 155 5224 1709 5308">
     <span class='ocr_line' id='line_1_66' title="bbox 155 5224 1709 5308; baseline 0.006 -26"><span class='ocrx_word' id='word_1_729' title='bbox 155 5224 251 5285; x_wconf 87' lang='lat' dir='ltr'><strong>lum</strong></span> <span class='ocrx_word' id='word_1_730' title='bbox 296 5250 401 5291; x_wconf 90' lang='lat' dir='ltr'><strong>non</strong></span> <span class='ocrx_word' id='word_1_731' title='bbox 450 5237 773 5292; x_wconf 88' lang='lat' dir='ltr'><strong>contristari</strong></span> <span class='ocrx_word' id='word_1_732' title='bbox 834 5253 936 5308; x_wconf 91' lang='lat' dir='ltr'><strong>pro</strong></span> <span class='ocrx_word' id='word_1_733' title='bbox 985 5236 1339 5303; x_wconf 89' lang='lat' dir='ltr'><strong>fornicatore,</strong></span> <span class='ocrx_word' id='word_1_734' title='bbox 1383 5236 1480 5307; x_wconf 88' lang='lat' dir='ltr'><strong>qui</strong></span> <span class='ocrx_word' id='word_1_735' title='bbox 1532 5235 1709 5307; x_wconf 88' lang='lat' dir='ltr'><strong>patris</strong></span> 
     </span>
    </p>
   </div>
   <div class='ocr_carea' id='block_1_66' title="bbox 156 5323 1711 5398">
    <p class='ocr_par' dir='ltr' id='par_1_66' title="bbox 156 5323 1711 5398">
     <span class='ocr_line' id='line_1_67' title="bbox 156 5323 1711 5398; baseline 0.005 -26"><span class='ocrx_word' id='word_1_736' title='bbox 156 5331 350 5378; x_wconf 81' lang='lat' dir='ltr'><strong>uxorem</strong></span> <span class='ocrx_word' id='word_1_737' title='bbox 386 5325 641 5393; x_wconf 85' lang='lat' dir='ltr'><strong>duxerat,</strong></span> <span class='ocrx_word' id='word_1_738' title='bbox 684 5342 750 5381; x_wconf 87' lang='lat' dir='ltr'><strong>ex</strong></span> <span class='ocrx_word' id='word_1_739' title='bbox 777 5326 883 5380; x_wconf 90' lang='lat' dir='ltr'><strong>hoc</strong></span> <span class='ocrx_word' id='word_1_740' title='bbox 912 5326 1060 5398; x_wconf 91' lang='lat' dir='ltr'><strong>quod</strong></span> <span class='ocrx_word' id='word_1_741' title='bbox 1094 5326 1262 5381; x_wconf 92' lang='lat' dir='ltr'><strong>modo</strong></span> <span class='ocrx_word' id='word_1_742' title='bbox 1302 5323 1610 5395; x_wconf 87' lang='lat' dir='ltr'><strong>subjungit,</strong></span> <span class='ocrx_word' id='word_1_743' title='bbox 1645 5329 1711 5381; x_wconf 92' lang='lat' dir='ltr'><strong>ut</strong></span> 
     </span>
    </p>
   </div>
   <div class='ocr_carea' id='block_1_67' title="bbox 157 5408 867 5481">
    <p class='ocr_par' dir='ltr' id='par_1_67' title="bbox 157 5408 867 5481">
     <span class='ocr_line' id='line_1_68' title="bbox 157 5408 867 5481; baseline 0.013 -22"><span class='ocrx_word' id='word_1_744' title='bbox 157 5408 422 5481; x_wconf 84' lang='lat' dir='ltr'><strong>recipiatur</strong></span> <span class='ocrx_word' id='word_1_745' title='bbox 449 5419 508 5469; x_wconf 91' lang='lat' dir='ltr'><strong>et</strong></span> <span class='ocrx_word' id='word_1_746' title='bbox 530 5415 867 5470; x_wconf 88' lang='lat' dir='ltr'><strong>consoletur.</strong></span> 
     </span>
    </p>
   </div>
   <div class='ocr_carea' id='block_1_68' title="bbox 213 5496 1710 5573">
    <p class='ocr_par' dir='ltr' id='par_1_68' title="bbox 213 5496 1710 5573">
     <span class='ocr_line' id='line_1_69' title="bbox 213 5496 1710 5573; baseline -0.001 -14"><span class='ocrx_word' id='word_1_747' title='bbox 213 5496 256 5552; x_wconf 76' lang='grc' dir='ltr'><strong>6ο</strong></span> <span class='ocrx_word' id='word_1_748' title='bbox 293 5501 527 5559; x_wconf 68' lang='lat' dir='ltr'><strong>Asianos.</strong></span> <span class='ocrx_word' id='word_1_749' title='bbox 583 5504 661 5559; x_wconf 85' lang='lat' dir='ltr'><strong>Ne</strong></span> <span class='ocrx_word' id='word_1_750' title='bbox 709 5506 850 5573; x_wconf 81' lang='lat' dir='ltr'><strong>forte</strong></span> <span class='ocrx_word' id='word_1_751' title='bbox 900 5505 1328 5571; x_wconf 85' lang='lat' dir='ltr'><strong>abundantiore,</strong></span> <span class='ocrx_word' id='word_1_752' title='bbox 1381 5503 1439 5557; x_wconf 92' lang='lat' dir='ltr'><strong>id</strong></span> <span class='ocrx_word' id='word_1_753' title='bbox 1486 5507 1589 5570; x_wconf 90' lang='lat' dir='ltr'><strong>est,</strong></span> <span class='ocrx_word' id='word_1_754' title='bbox 1638 5518 1710 5557; x_wconf 91' lang='lat' dir='ltr'><strong>ne</strong></span> 
     </span>
    </p>
   </div>
   <div class='ocr_carea' id='block_1_69' title="bbox 157 5580 1711 5662">
    <p class='ocr_par' dir='ltr' id='par_1_69' title="bbox 157 5580 1711 5662">
     <span class='ocr_line' id='line_1_70' title="bbox 157 5580 1711 5662; baseline -0.001 -13"><span class='ocrx_word' id='word_1_755' title='bbox 157 5580 424 5657; x_wconf 71' lang='lat' dir='ltr'><strong>desperans</strong></span> <span class='ocrx_word' id='word_1_756' title='bbox 450 5592 520 5649; x_wconf 89' lang='lat' dir='ltr'><strong>de</strong></span> <span class='ocrx_word' id='word_1_757' title='bbox 547 5610 628 5662; x_wconf 88' lang='lat' dir='ltr'><strong>se,</strong></span> <span class='ocrx_word' id='word_1_758' title='bbox 658 5594 821 5649; x_wconf 88' lang='lat' dir='ltr'><strong>daret</strong></span> <span class='ocrx_word' id='word_1_759' title='bbox 846 5593 1099 5650; x_wconf 88' lang='lat' dir='ltr'><strong>animum</strong></span> <span class='ocrx_word' id='word_1_760' title='bbox 1123 5593 1194 5649; x_wconf 88' lang='lat' dir='ltr'><strong>ad</strong></span> <span class='ocrx_word' id='word_1_761' title='bbox 1222 5592 1498 5649; x_wconf 88' lang='lat' dir='ltr'><strong>mundum</strong></span> <span class='ocrx_word' id='word_1_762' title='bbox 1524 5591 1711 5649; x_wconf 87' lang='lat' dir='ltr'><strong>fruen-</strong></span> 
     </span>
    </p>
   </div>
   <div class='ocr_carea' id='block_1_70' title="bbox 1865 4790 3382 4865">
    <p class='ocr_par' dir='ltr' id='par_1_70' title="bbox 1865 4790 3382 4865">
     <span class='ocr_line' id='line_1_71' title="bbox 1865 4790 3382 4865; baseline 0 -16"><span class='ocrx_word' id='word_1_763' title='bbox 1865 4790 1949 4849; x_wconf 85' lang='lat' dir='ltr'><strong>l2.</strong></span> <span class='ocrx_word' id='word_1_764' title='bbox 1994 4793 2114 4847; x_wconf 82' lang='lat' dir='ltr'><strong>Vale</strong></span> <span class='ocrx_word' id='word_1_765' title='bbox 2142 4793 2349 4860; x_wconf 89' lang='lat' dir='ltr'><strong>faciens</strong></span> <span class='ocrx_word' id='word_1_766' title='bbox 2380 4794 2474 4858; x_wconf 83' lang='lat' dir='ltr'><strong>eis,</strong></span> <span class='ocrx_word' id='word_1_767' title='bbox 2506 4795 2613 4850; x_wconf 91' lang='lat' dir='ltr'><strong>etc.</strong></span> <span class='ocrx_word' id='word_1_768' title='bbox 2650 4791 2738 4846; x_wconf 86' lang='lat' dir='ltr'><strong>Ad</strong></span> <span class='ocrx_word' id='word_1_769' title='bbox 2774 4791 2882 4846; x_wconf 90' lang='lat' dir='ltr'><strong>hoc</strong></span> <span class='ocrx_word' id='word_1_770' title='bbox 2905 4791 3056 4864; x_wconf 88' lang='lat' dir='ltr'><strong>quod</strong></span> <span class='ocrx_word' id='word_1_771' title='bbox 3084 4791 3225 4847; x_wconf 86' lang='lat' dir='ltr'><strong>dixit</strong></span> <span class='ocrx_word' id='word_1_772' title='bbox 3251 4809 3382 4865; x_wconf 88' lang='lat' dir='ltr'><strong>par-</strong></span> 
     </span>
    </p>
   </div>
   <div class='ocr_carea' id='block_1_71' title="bbox 1789 4878 3377 4948">
    <p class='ocr_par' dir='ltr' id='par_1_71' title="bbox 1789 4878 3377 4948">
     <span class='ocr_line' id='line_1_72' title="bbox 1789 4878 3377 4948; baseline 0.001 -14"><span class='ocrx_word' id='word_1_773' title='bbox 1789 4895 1920 4934; x_wconf 89' lang='lat' dir='ltr'><strong>cens</strong></span> <span class='ocrx_word' id='word_1_774' title='bbox 1946 4878 2102 4934; x_wconf 91' lang='lat' dir='ltr'><strong>vobis</strong></span> <span class='ocrx_word' id='word_1_775' title='bbox 2129 4894 2244 4933; x_wconf 91' lang='lat' dir='ltr'><strong>non</strong></span> <span class='ocrx_word' id='word_1_776' title='bbox 2274 4878 2401 4933; x_wconf 91' lang='lat' dir='ltr'><strong>veni</strong></span> <span class='ocrx_word' id='word_1_777' title='bbox 2431 4879 2781 4941; x_wconf 82' lang='lat' dir='ltr'><strong>Corinthum,</strong></span> <span class='ocrx_word' id='word_1_778' title='bbox 2808 4880 2906 4935; x_wconf 88' lang='lat' dir='ltr'><strong>sed</strong></span> <span class='ocrx_word' id='word_1_779' title='bbox 2935 4880 3059 4936; x_wconf 90' lang='lat' dir='ltr'><strong>veni</strong></span> <span class='ocrx_word' id='word_1_780' title='bbox 3081 4881 3377 4948; x_wconf 87' lang='lat' dir='ltr'><strong>Troadem,</strong></span> 
     </span>
    </p>
   </div>
   <div class='ocr_carea' id='block_1_72' title="bbox 1788 4967 3384 5036">
    <p class='ocr_par' dir='ltr' id='par_1_72' title="bbox 1788 4967 3384 5036">
     <span class='ocr_line' id='line_1_73' title="bbox 1788 4967 3384 5036; baseline 0.001 -14"><span class='ocrx_word' id='word_1_781' title='bbox 1788 4967 1886 5022; x_wconf 91' lang='lat' dir='ltr'><strong>ubi</strong></span> <span class='ocrx_word' id='word_1_782' title='bbox 1934 4984 2026 5022; x_wconf 91' lang='lat' dir='ltr'><strong>me</strong></span> <span class='ocrx_word' id='word_1_783' title='bbox 2072 4967 2313 5022; x_wconf 92' lang='lat' dir='ltr'><strong>libenter</strong></span> <span class='ocrx_word' id='word_1_784' title='bbox 2348 4967 2672 5036; x_wconf 87' lang='lat' dir='ltr'><strong>audiebant,</strong></span> <span class='ocrx_word' id='word_1_785' title='bbox 2716 4969 2823 5024; x_wconf 90' lang='lat' dir='ltr'><strong>hoc</strong></span> <span class='ocrx_word' id='word_1_786' title='bbox 2862 4975 2950 5025; x_wconf 87' lang='lat' dir='ltr'><strong>est</strong></span> <span class='ocrx_word' id='word_1_787' title='bbox 2993 4970 3203 5026; x_wconf 88' lang='lat' dir='ltr'><strong>ostium</strong></span> <span class='ocrx_word' id='word_1_788' title='bbox 3243 4968 3384 5024; x_wconf 89' lang='lat' dir='ltr'><strong>mihi</strong></span> 
     </span>
    </p>
   </div>
   <div class='ocr_carea' id='block_1_73' title="bbox 1791 5056 3386 5129">
    <p class='ocr_par' dir='ltr' id='par_1_73' title="bbox 1791 5056 3386 5129">
     <span class='ocr_line' id='line_1_74' title="bbox 1791 5056 3386 5129; baseline 0.001 -17"><span class='ocrx_word' id='word_1_789' title='bbox 1791 5061 2049 5129; x_wconf 90' lang='lat' dir='ltr'><strong>apertum</strong></span> <span class='ocrx_word' id='word_1_790' title='bbox 2074 5061 2195 5128; x_wconf 84' lang='lat' dir='ltr'><strong>est;</strong></span> <span class='ocrx_word' id='word_1_791' title='bbox 2228 5062 2285 5111; x_wconf 91' lang='lat' dir='ltr'><strong>et</strong></span> <span class='ocrx_word' id='word_1_792' title='bbox 2301 5056 2381 5111; x_wconf 91' lang='lat' dir='ltr'><strong>sic</strong></span> <span class='ocrx_word' id='word_1_793' title='bbox 2406 5058 2668 5113; x_wconf 86' lang='lat' dir='ltr'><strong>hortatur</strong></span> <span class='ocrx_word' id='word_1_794' title='bbox 2694 5063 2760 5113; x_wconf 91' lang='lat' dir='ltr'><strong>ut</strong></span> <span class='ocrx_word' id='word_1_795' title='bbox 2783 5064 2842 5114; x_wconf 92' lang='lat' dir='ltr'><strong>et</strong></span> <span class='ocrx_word' id='word_1_796' title='bbox 2867 5059 2963 5114; x_wconf 91' lang='lat' dir='ltr'><strong>isti</strong></span> <span class='ocrx_word' id='word_1_797' title='bbox 2983 5058 3223 5114; x_wconf 90' lang='lat' dir='ltr'><strong>libenter</strong></span> <span class='ocrx_word' id='word_1_798' title='bbox 3244 5057 3386 5114; x_wconf 87' lang='lat' dir='ltr'><strong>acci-</strong></span> 
     </span>
    </p>
   </div>
   <div class='ocr_carea' id='block_1_74' title="bbox 1790 5146 3193 5219">
    <p class='ocr_par' dir='ltr' id='par_1_74' title="bbox 1790 5146 3193 5219">
     <span class='ocr_line' id='line_1_75' title="bbox 1790 5146 3193 5219; baseline -0.001 -18"><span class='ocrx_word' id='word_1_799' title='bbox 1790 5147 1967 5219; x_wconf 83' lang='lat' dir='ltr'><strong>piant,</strong></span> <span class='ocrx_word' id='word_1_800' title='bbox 1994 5150 2293 5217; x_wconf 79' lang='lat' dir='ltr'><strong>postquam</strong></span> <span class='ocrx_word' id='word_1_801' title='bbox 2318 5146 2425 5200; x_wconf 85' lang='lat' dir='ltr'><strong>hoc</strong></span> <span class='ocrx_word' id='word_1_802' title='bbox 2451 5146 2521 5200; x_wconf 91' lang='lat' dir='ltr'><strong>de</strong></span> <span class='ocrx_word' id='word_1_803' title='bbox 2547 5146 2660 5202; x_wconf 89' lang='lat' dir='ltr'><strong>illis</strong></span> <span class='ocrx_word' id='word_1_804' title='bbox 2687 5147 3008 5203; x_wconf 88' lang='lat' dir='ltr'><strong>audierunt.</strong></span> <span class='ocrx_word' id='word_1_805' title='bbox 3160 5159 3193 5199; x_wconf 60' lang='grc' dir='ltr'><strong>ζ</strong></span> 
     </span>
    </p>
   </div>
   <div class='ocr_carea' id='block_1_75' title="bbox 1866 5234 3386 5292">
    <p class='ocr_par' dir='ltr' id='par_1_75' title="bbox 1866 5234 3386 5292">
     <span class='ocr_line' id='line_1_76' title="bbox 1866 5234 3386 5292; baseline -0.001 0"><span class='ocrx_word' id='word_1_806' title='bbox 1866 5235 1950 5292; x_wconf 84' lang='grc'><strong>13.</strong></span> <span class='ocrx_word' id='word_1_807' title='bbox 2016 5235 2263 5290; x_wconf 73' lang='lat' dir='ltr'><strong>AMBROS.</strong></span> <span class='ocrx_word' id='word_1_808' title='bbox 2335 5234 2564 5290; x_wconf 85' lang='lat' dir='ltr'><strong>Odorem</strong></span> <span class='ocrx_word' id='word_1_809' title='bbox 2629 5238 2856 5290; x_wconf 68' lang='lat' dir='ltr'><strong>notitias.</strong></span> <span class='ocrx_word' id='word_1_810' title='bbox 2924 5234 3386 5290; x_wconf 70' lang='lat' dir='ltr'><strong>Prsadicationem</strong></span> 
     </span>
    </p>
   </div>
   <div class='ocr_carea' id='block_1_76' title="bbox 1792 5322 3384 5394">
    <p class='ocr_par' dir='ltr' id='par_1_76' title="bbox 1792 5322 3384 5394">
     <span class='ocr_line' id='line_1_77' title="bbox 1792 5322 3384 5394; baseline 0.001 -16"><span class='ocrx_word' id='word_1_811' title='bbox 1792 5323 2019 5389; x_wconf 90' lang='lat' dir='ltr'><strong>Christi,</strong></span> <span class='ocrx_word' id='word_1_812' title='bbox 2052 5323 2179 5378; x_wconf 90' lang='lat' dir='ltr'><strong>ideo</strong></span> <span class='ocrx_word' id='word_1_813' title='bbox 2207 5322 2346 5377; x_wconf 91' lang='lat' dir='ltr'><strong>dicit</strong></span> <span class='ocrx_word' id='word_1_814' title='bbox 2373 5323 2621 5388; x_wconf 88' lang='lat' dir='ltr'><strong>odorem,</strong></span> <span class='ocrx_word' id='word_1_815' title='bbox 2653 5323 2788 5394; x_wconf 91' lang='lat' dir='ltr'><strong>quia</strong></span> <span class='ocrx_word' id='word_1_816' title='bbox 2820 5323 2967 5377; x_wconf 88' lang='lat' dir='ltr'><strong>sicut</strong></span> <span class='ocrx_word' id='word_1_817' title='bbox 2992 5338 3082 5377; x_wconf 86' lang='lat' dir='ltr'><strong>res</strong></span> <span class='ocrx_word' id='word_1_818' title='bbox 3105 5323 3384 5393; x_wconf 64' lang='lat' dir='ltr'><strong>quaedam,</strong></span> 
     </span>
    </p>
   </div>
   <div class='ocr_carea' id='block_1_77' title="bbox 1791 5410 3389 5483">
    <p class='ocr_par' dir='ltr' id='par_1_77' title="bbox 1791 5410 3389 5483">
     <span class='ocr_line' id='line_1_78' title="bbox 1791 5410 3389 5483; baseline 0 -16"><span class='ocrx_word' id='word_1_819' title='bbox 1791 5429 1920 5468; x_wconf 89' lang='lat' dir='ltr'><strong>cum</strong></span> <span class='ocrx_word' id='word_1_820' title='bbox 1949 5428 2063 5467; x_wconf 92' lang='lat' dir='ltr'><strong>non</strong></span> <span class='ocrx_word' id='word_1_821' title='bbox 2099 5411 2414 5477; x_wconf 86' lang='lat' dir='ltr'><strong>videantur,</strong></span> <span class='ocrx_word' id='word_1_822' title='bbox 2450 5428 2553 5483; x_wconf 90' lang='lat' dir='ltr'><strong>per</strong></span> <span class='ocrx_word' id='word_1_823' title='bbox 2581 5412 2809 5466; x_wconf 90' lang='lat' dir='ltr'><strong>odorem</strong></span> <span class='ocrx_word' id='word_1_824' title='bbox 2842 5415 3275 5481; x_wconf 87' lang='lat' dir='ltr'><strong>cognoscuntur,</strong></span> <span class='ocrx_word' id='word_1_825' title='bbox 3305 5410 3389 5468; x_wconf 86' lang='lat' dir='ltr'><strong>ita</strong></span> 
     </span>
    </p>
   </div>
   <div class='ocr_carea' id='block_1_78' title="bbox 1791 5499 3390 5573">
    <p class='ocr_par' dir='ltr' id='par_1_78' title="bbox 1791 5499 3390 5573">
     <span class='ocr_line' id='line_1_79' title="bbox 1791 5499 3390 5573; baseline 0.001 -16"><span class='ocrx_word' id='word_1_826' title='bbox 1791 5501 2084 5557; x_wconf 90' lang='lat' dir='ltr'><strong>invisibilis</strong></span> <span class='ocrx_word' id='word_1_827' title='bbox 2112 5502 2262 5557; x_wconf 89' lang='lat' dir='ltr'><strong>Deus</strong></span> <span class='ocrx_word' id='word_1_828' title='bbox 2291 5518 2392 5573; x_wconf 90' lang='lat' dir='ltr'><strong>per</strong></span> <span class='ocrx_word' id='word_1_829' title='bbox 2411 5499 2864 5572; x_wconf 79' lang='lat' dir='ltr'><strong>praedicationem</strong></span> <span class='ocrx_word' id='word_1_830' title='bbox 2892 5499 3104 5567; x_wconf 75' lang='lat' dir='ltr'><strong>Christi</strong></span> <span class='ocrx_word' id='word_1_831' title='bbox 3131 5516 3193 5556; x_wconf 88' lang='lat' dir='ltr'><strong>se</strong></span> <span class='ocrx_word' id='word_1_832' title='bbox 3212 5502 3390 5559; x_wconf 88' lang='lat' dir='ltr'><strong>voluit</strong></span> 
     </span>
    </p>
   </div>
   <div class='ocr_carea' id='block_1_79' title="bbox 1790 5589 2047 5661">
    <p class='ocr_par' dir='ltr' id='par_1_79' title="bbox 1790 5589 2047 5661">
     <span class='ocr_line' id='line_1_80' title="bbox 1790 5589 2047 5661; baseline -0.004 -15"><span class='ocrx_word' id='word_1_833' title='bbox 1790 5589 2047 5661; x_wconf 88' lang='lat' dir='ltr'><strong>intelligi.</strong></span> 
     </span>
    </p>
   </div>
  </div>
