3912 6368
624 275 732 332 228
1600 289 1663 345 B".
1703 285 2120 352 LANFRANCI
2157 295 2191 352 C

2288 289 2518 354 lTUAR'
2561 295 2899 356 ARCHI‘EP.
3765 303 3860 361 224

624 403 831 459 doniz:
869 407 1189 478 (Responsio)
1227 410 1357 481 quia
1387 413 1594 469 Christi
1621 415 1710 481 14,
1748 416 1829 485 15,
1862 416 1951 475 16.
1984 420 2184 488 bonus,
2214 424 2422 489 sua'ois,
2456 422 2595 477 odor
2618 440 2814 478 sumus
2854 426 2990 494 Deo,
3021 430 3085 481 in
3119 429 3272 483 nobis
3298 432 3374 482 est
3402 429 3532 481 odor
3561 427 3780 492 Christi,
3812 430 3864 480 id

533 517 538 520 -
622 497 718 559 est,
741 495 1066 561 praedicatio
1100 497 1158 551 in
1181 497 1252 552 iis
1282 500 1378 570 qui
1406 502 1542 556 salvi
1571 504 1736 571 ﬁunt,
1763 511 1820 560 et
1849 508 1908 561 in
1933 509 2002 562 iis
2033 509 2129 580 qui
2158 514 2424 580 pereunt:
2459 510 2545 565 17.
2581 511 2707 566 aliis
2734 513 2959 582 quidem
2991 514 3133 569 odor
3158 515 3354 569 mortis
3384 515 3442 569 in
3473 519 3731 580 mortem,
3764 531 3864 568 non

622 581 686 630 ut
705 581 857 646 odor,
883 583 944 635 id
963 589 1057 650 est,
1073 589 1395 653 praedicatio
1419 593 1492 644 sit
1511 607 1580 645 em
1599 599 1791 660 morte,
1813 597 1904 649 sed
1930 601 2056 651 illos
2076 601 2177 666 qui
2201 614 2314 652 non
2338 600 2568 653 credunt
2591 581 2767 654 morti
2779 603 3040 656 deliberat
3060 603 3144 672 [f.,
3171 603 3504 672 adjudicat];
3536 603 3660 657 aliis
3687 607 3864 656 autem

623 665 764 721 odor
779 668 924 737 vitae,
945 674 1198 741 justitiae,
1223 675 1282 729 in
1303 677 1472 732 vitam
1493 686 1776 737 aeternam.
1800 684 1870 738 Et
1896 685 1967 739 ad
1995 665 2113 740 haec
2134 687 2492 755 praedicanda
2517 687 2642 758 quis
2669 693 2788 742 tam
2817 665 3078 758 idoneus,
3101 665 3252 746 sicut
3264 707 3360 745 nos
3379 665 3642 760 apostoli?
3662 692 3861 744 nullus.

619 753 748 810 Non
767 758 916 812 enim
949 776 1164 830 sumus,
1196 763 1341 819 sicut
1367 766 1614 837 plurimi,
1640 771 1863 838 pseudo,
1894 769 1982 839 18,
2016 774 2111 829 19.
2135 753 2783 831 adulterantes—verbum
2811 778 2932 844 Dei,
2958 753 3271 848 legitimum
3298 753 3518 834 sensum
3549 781 3863 847 auferentes,

617 846 668 896 et
695 846 1084 904 adulterinum
1104 858 1376 919 ponentes,
1402 859 1482 909 vel
1504 871 1610 924 pro
1636 861 1790 913 lucro
1823 866 2039 916 terreno
2054 865 2442 931 pradicantes.
2468 865 2576 920 Sed
2597 882 2664 919 ex
2683 846 3026 934 sinceritate,
3049 869 3148 923 sed
3166 869 3328 934 sicut,
3351 870 3552 924 scilicet
3578 846 3865 938 accepimus

619 927 708 988 20.
736 950 801 988 ex
827 935 943 991 Deo
972 935 1062 994 21.
1094 954 1283 996 coram
1310 942 1428 998 Deo
1455 943 1514 1000 in
1542 945 1766 1002 Christo
1796 951 1940 1018 quod
1960 927 2139 1020 placet
2167 953 2272 1005 Deo
2298 956 2379 1006 vel
2405 960 2817 1010 sacramentum
2845 961 2940 1024 est,
2970 927 3272 1028 loquimur.

2060 1058 2293 1114 CAPUT
2328 1059 2430 1114 III.

687 1145 743 1200 1.
783 1145 1090 1220 Incipimus
1125 1151 1333 1209 iterum
1372 1158 1748 1230 nosmetipsos
1785 1162 2215 1217 commendare?
2241 1165 2357 1220 Aut
2380 1165 2634 1236 nunquid
2673 1183 2901 1238 egemus
2933 1167 3098 1236 (sicut
3129 1169 3377 1240 quidam)
3409 1167 3864 1224 commendatitiis

613 1232 880 1305 Epistolis
899 1241 1083 1294 missis
1105 1243 1176 1295 ab
1199 1245 1331 1297 aliis
1350 1245 1422 1299 ad
1449 1261 1566 1314 vos,
1595 1252 1712 1314 9|
1743 1254 1843 1305 aut
1863 1266 1929 1304 ex
1954 1251 2110 1305 vobis
2137 1253 2211 1306 ad
2236 1255 2376 1308 alios
2395 1232 2616 1309 missis?
2637 1253 2690 1310 2.
2705 1232 2967 1327 .Epistola
2985 1232 3176 1312 nostra
3201 1275 3316 1326 vos,
3345 1232 3473 1326 fides
3498 1262 3697 1322 vestra,
3725 1255 3862 1320 estis,

615 1317 668 1376 3.
701 1322 910 1395 scripta
925 1325 986 1381 in
1007 1329 1266 1386 cordibus
1287 1334 1512 1400 nostris,
1540 1341 1872 1393 memoriam
1892 1343 2062 1394 vestri
2081 1341 2300 1408 habens,
2334 1357 2457 1413 quae
2485 1342 2660 1397 scitur
2678 1347 2736 1398 et
2761 1317 2970 1414 legitur
2991 1345 3059 1400 ab
3084 1317 3695 1401 omnibus'hominibus
3709 1363 3719 1397 :
3758 1345 3863 1414 [Re-

611 1412 851 1482 sponsio]
876 1416 1220 1473 manifestati
1249 1437 1338 1475 vos
1358 1424 1505 1492 quod
1531 1425 1765 1496 epistola
1793 1428 2173 1490 estis‘Christi,
2209 1431 2270 1484 id
2299 1412 2374 1484 est
2404 1448 2641 1500 quorum
2669 1435 2772 1500 ﬁde
2803 1412 2852 1486 et
2882 1437 2998 1488 vita
3026 1439 3376 1504 gloriﬁcatur
3407 1436 3678 1500 Christus,
3711 1412 3862 1486 mini-

612 1502 796 1553 strata
813 1517 848 1555 a
865 1502 1040 1572 nobis,
1064 1508 1209 1561 sicut
1229 1515 1437 1579 nostra,
1462 1518 1518 1567 et
1537 1516 1744 1586 scripta
1763 1532 1877 1571 non
1897 1522 2230 1584 atramento,
2250 1519 2344 1572 sed
2369 1519 2582 1589 Spiritu
2597 1520 2698 1575 Dei
2713 1521 2840 1588 vivi,
2864 1502 3099 1590 illinita,
3121 1502 3181 1578 id
3199 1530 3293 1590 est,
3317 1526 3671 1592 conﬁrmata,
3687 1536 3794 1574 non
3813 1520 3862 1574 in

612 1585 821 1643 tabulis
832 1589 1088 1661 lapideis,
1102 1594 1151 1648 4.
1169 1597 1266 1652 sed
1278 1597 1337 1652 in
1352 1599 1557 1656 tabulis
1569 1585 1843 1672 [iumenti
1846 1604 1968 1678 bus]
1981 1606 2163 1660 cordis
2173 1585 2508 1675 carnalibus,
2523 1612 2670 1663 sensi
2673 1609 2777 1663 bili
2780 1585 2894 1678 bus,
2909 1585 3152 1679 intelligi
3155 1614 3229 1667 bil
3235 1615 3257 1665 i
3260 1585 3374 1667 bus.
3389 1585 3680 1666 Fiduciam
3690 1615 3863 1664 autem

611 1674 786 1730 talem
813 1677 1086 1737 habemus
1097 1700 1200 1754 per
1215 1687 1499 1744 Christum
1523 1692 1594 1746 ad
1625 1693 1803 1748 Deum
1825 1674 1969 1764 quod
1994 1698 2386 1748 ministramus
2409 1674 2502 1750 vel
2517 1699 2661 1765 quod
2685 1714 2773 1752 vos
2793 1674 2917 1753 estis
2939 1674 3164 1768 epistola
3189 1707 3398 1767 nostra,
3425 1706 3475 1755 et
3499 1701 3729 1756 Christi.
3750 1698 3862 1752 Non

613 1764 764 1835 quod
795 1767 1134 1826 sufficientes
1159 1776 1338 1830 simus
1366 1778 1611 1848 cogitare
1638 1781 1869 1852 aliquid,
1907 1785 2039 1849 (non
2059 1789 2123 1836 ut
2139 1799 2240 1852 per
2262 1799 2359 1837 nos
2383 1764 2548 1852 ﬁdem
2567 1789 2742 1841 verbis
2760 1764 3037 1842 instruere
3056 1792 3340 1859 possimus)
3372 1764 3408 1843 a
3431 1788 3615 1856 nobis,
3639 1804 3736 1858 per
3758 1803 3859 1849 nos,

613 1853 776 1921 quasi
801 1858 1198 1926 principaliter
1227 1877 1291 1916 ex
1315 1865 1494 1934 nobis,
1527 1868 1624 1921 sed
1653 1869 1990 1924 sufﬁcientia
2017 1876 2229 1938 nostra,
2265 1875 2407 1941 quod
2429 1889 2740 1943 possumus,
2773 1893 2838 1930 ex
2865 1877 2980 1931 Deo
3010 1883 3114 1944 est,
3148 1879 3244 1949 qui
3272 1883 3330 1932 et
3358 1878 3592 1934 idoneos
3622 1894 3722 1932 nos
3749 1875 3863 1930 fecit

609 1939 900 1997 ministros
920 1944 1057 2000 Novi
1076 1948 1420 2008 Testamenti
1445 1971 1559 2009 non
1580 1956 1788 2025 littera,
1817 1959 1915 2013 sed
1948 1959 2168 2030 spiritu,
2196 1939 2310 2013 non
2337 1939 2642 2015 carnaliter
2670 1939 2951 2031 intellecti,
2979 1967 3068 2019 sed
3087 1939 3480 2035 spiritualiter.
3513 1967 3568 2033 5,
3589 1965 3643 2020 6.
3667 1965 3863 2020 Littera

609 2027 763 2083 enim
783 2031 1002 2099 occidit,
1028 2034 1078 2090 7.
1105 2036 1348 2108 Spiritus
1366 2047 1558 2098 autem
1579 2044 1838 2114 viviﬁcat,
1861 2027 2153 2116 glori/lcet.
2180 2047 2231 2102 8.
2254 2047 2415 2111 Quod
2434 2049 2480 2103 si
2503 2050 2840 2107 ministratio
2862 2027 3080 2120 mortis,
3113 2027 3264 2108 l’etus
3293 2027 3699 2110 Testamentum
3727 2068 3856 2106 mor-

1883 2171 1888 2176 ’
1947 2171 2529 2230 COMMENTARIUS.

686 2255 769 2314 14.
809 2262 992 2318 Bonus
1033 2268 1184 2321 odor.
1229 2270 1297 2324 In
1322 2271 1466 2343 lege,
1519 2275 1615 2346 qui
1656 2277 1868 2332 hostias
1897 2279 2044 2334 bono
2071 2284 2198 2334 voto
2215 2281 2264 2339 A
2283 2279 2428 2335 Nam
2454 2299 2558 2337 nec
2577 2300 2678 2356 per
2697 2284 2991 2356 epistolam
3022 2286 3093 2340 ad
3121 2302 3218 2340 vos
3245 2285 3316 2340 ab
3337 2285 3460 2340 aliis
3488 2283 3742 2340 missam.
3766 2283 3860 2379 Per

686 2349 876 2379 Ἀκηιιηι
927 2353 1104 2379 1.--.--
1141 2360 1269 2379 -j-“
1296 2362 1338 2379 ἢ
1536 2370 1544 2379 .
1612 2371 1620 2379 .
1823 2374 1830 2379 .
1876 2369 1889 2379 .
1916 2369 1968 2379 η.
2049 2371 2082 2379 ..
2186 2376 2192 2379 .
2356 2370 2366 2379 .
2411 2375 2417 2379 .
2465 2371 2477 2379 .
2707 2374 2721 2379 -
3225 2375 3240 2379 -
3316 2374 3326 2379 -
3492 2373 3503 2379 -
3806 2376 3812 2379 .

609 2345 895 2418 offerebat,
927 2353 1106 2411 bonus
1135 2360 1273 2414 odor
1293 2362 1410 2417 Deo
1431 2345 1554 2418 erat
1573 2371 1630 2420 et
1647 2369 2023 2439 acceptabilis,
2045 2371 2127 2425 ita
2144 2376 2202 2426 et
2281 2345 2597 2439 epistolam‘
2632 2345 2895 2428 nolumus
2950 2374 3352 2441 commendari,
3412 2373 3547 2444 quia
3593 2391 3690 2428 vos
3742 2369 3861 2426 estis

607 2437 1018 2506 praedicationis
1045 2445 1151 2515 piae
1179 2449 1264 2502 vir
1285 2450 1407 2519 [al.,
1429 2452 1656 2526 virtus],
1682 2437 1948 2512 doctrinae
1971 2458 2198 2514 odorem

603 2532 838 2596 prastat
863 2529 1208 2602 fragrantem
1227 2537 1362 2592 Deo.

679 2613 770 2707 15.
816 2623 1055 2707 AUGUST.
1106 2624 1230 2694 (lib.
1265 2633 1403 2684 sent.
1443 2633 1654 2701 Prosp.,
1687 2649 1735 2688 c.
1773 2633 1862 2702 35,
1902 2639 2042 2689 tom.
2074 2637 2198 2707 III).

611 2698 822 2795 Christi
845 2706 1016 2764 bonus
1037 2714 1188 2767 odor.
1214 2714 1404 2772 Bonus
1427 2698 1792 2776 Christi'odor
1815 2698 1918 2792 est,
1941 2698 2203 2795 praedica-

609 2785 695 2884 tio_
706 2791 991 2884 veritatis;
1015 2815 1182 2870 quem
1210 2804 1439 2861 odorem
1465 2808 1526 2863 in
1546 2809 1716 2864 vitam
1736 2812 1886 2884 capit
2026 2813 2201 2869 Evan-

605 2876 755 2969 gelia
784 2878 942 2938 bonis
976 2888 1226 2946 moribus
1254 2894 1425 2949 servit
1458 2901 1514 2951 et
1540 2876 1823 2969 congruit:
1849 2876 2088 2956 Mortem
2117 2902 2200 2957 in-

605 2967 800 3058 currit,
835 2974 993 3042 cujus
1023 2976 1093 3030 ab
1122 2979 1210 3034 his
1234 2998 1356 3052 quae
1384 2984 1526 3040 bene
1547 2967 1814 3058 loquitur,
1848 2990 1960 3044 vita
1989 2991 2200 3045 dissen-

605 3054 694 3122 tit,
741 3075 864 3129 quae
912 3065 1156 3121 conditio
1198 3072 1369 3126 etiam
1411 3054 1696 3131 auditores
1732 3077 2033 3150 obstringit
2070 3097 2198 3135 cum

605 3149 762 3198 recta
794 3150 1116 3216 praedicatio
1145 3156 1215 3210 ab
1250 3160 1376 3215 aliis
1417 3179 1516 3232 per
1555 3149 2007 3220 incredulitatem
2037 3169 2196 3222 audi-

605 3234 701 3372 tzlr
746 3232 806 3286 in
850 3244 1108 3307 mortem,
1158 3243 1228 3297 ab
1271 3248 1397 3302 aliis
1438 3267 1540 3320 per
1581 3253 1750 3307 ﬁdem
1797 3255 2101 3326 suscipitur
2139 3257 2199 3311 in

606 3334 634 3372 s
694 3324 868 3372 utam.

606 3324 846 3376 salutem
857 3361 868 3375 .

798 3409 1005 3468 Laure.
1037 3417 1217 3472 Bonus
1245 3422 1397 3475 odor.
1439 3423 1767 3482 Praedicatio
1797 3429 2021 3499 quidem
2052 3429 2197 3486 bona

2281 2457 2520 2526 epistola
2560 2466 2774 2528 nostra,
2821 2477 2944 2532 quae
2973 2478 3076 2517 nos
3107 2462 3480 2529 commendat,
3512 2462 3574 2517 id
3601 2466 3704 2530 est,
3735 2459 3859 2515 ﬁdes

2282 2550 2485 2601 vestra.

2353 2633 2406 2690 2.
2453 2635 2697 2704 Epistola
2729 2643 2938 2694 nostra.
2988 2638 3264 2712 Epistola,
3313 2639 3519 2711 inquit,
3557 2643 3751 2695 nostra
3774 2650 3859 2690 vos

2282 2723 2438 2787 estis,
2463 2724 2522 2779 id
2545 2730 2650 2793 est,
2682 2727 2818 2782 ﬁdes
2841 2732 3035 2783 nostra
3055 2744 3155 2800 per
3175 2744 3302 2784 eam
3328 2728 3612 2795 laudatur,
3641 2743 3706 2782 eo
3725 2721 3859 2797 quod

2279 2811 2677 2882 pradicatione
2708 2820 2902 2870 nostra
2927 2832 3021 2871 vos
3044 2818 3116 2871 ad
3146 2817 3314 2871 ﬁdem
3333 2816 3728 2872 convertimus.

2352 2904 2403 2956 3.
2438 2905 2507 2956 In
2527 2905 2780 2958 cordibus
2806 2908 3027 2959 nostris.
3055 2906 3167 2959 Vos
3194 2909 3249 2959 et
3275 2905 3444 2959 ﬁdem
3471 2910 3717 2960 vestram
3739 2899 3860 2957 obli-

2279 2987 2429 3042 vioni
2451 3005 2564 3044 non
2584 2991 2936 3059 tradidimus,
2960 2993 3059 3046 sed
3077 2993 3136 3047 in
3155 2993 3428 3047 memoria
3445 2998 3642 3048 nostra
3654 3005 3860 3061 semper

2279 3078 2434 3133 estis.

2349 3167 2403 3220 4.
2434 3168 2677 3223 AUGUST.
2713 3169 2831 3236 (lib.
2862 3171 2934 3223 De
2951 3172 3157 3238 spiritu
3183 3175 3232 3223 et
3261 3172 3368 3234 lit.,
3393 3186 3438 3224 c.
3470 3167 3557 3225 17.
3579 3174 3715 3224 tom.
3740 3166 3852 3233 III).

2280 3257 2348 3308 In
2399 3258 2600 3310 tabulis
2639 3258 2837 3311 cordis.
2890 3259 3156 3312 Carnales
3197 3262 3386 3312 autem
3426 3256 3652 3313 tabulas
3691 3255 3855 3311 cordis

2280 3342 2437 3409 dixit,
2470 3359 2581 3399 non
2610 3346 2849 3400 carnalis
2882 3346 3221 3418 prudentiae;
3253 3346 3351 3401 sed
3380 3352 3656 3418 tanquam
3682 3346 3854 3400 viven-

2278 3431 2368 3498 tis,
2402 3449 2741 3505 sensumque
2776 3435 3054 3502 habentis,
3098 3436 3157 3489 in
3193 3435 3612 3506 comparatione
3640 3433 3848 3506 lapidis,

605 3499 693 3550 est
717 3496 777 3550 in
801 3500 1075 3573 utrisque,
1107 3506 1206 3559 sed
1235 3509 1330 3578 qui
1357 3510 1742 3569 inobedientes
1784 3496 1934 3580 sunt,
1973 3517 2085 3572 illis
2120 3520 2197 3573 sit
2216 3547 2261 3606 Β
2279 3521 2370 3593 qui
2405 3522 2526 3576 sine
2555 3539 2724 3577 sensu
2753 3528 2856 3578 est.

605 3585 886 3606 “ne.--”
1007 3591 1022 3606 ι
1259 3597 1290 3606 ..
1375 3599 1424 3606 .-
1799 3605 1805 3606 γ

603 3585 926 3653 praedicatio
955 3591 1096 3648 odor
1126 3597 1342 3666 mortis,
1371 3599 1429 3654 id
1463 3607 1566 3670 est,
1601 3605 1830 3674 peccati,
1864 3606 1924 3661 in
1953 3613 2193 3664 mortem

601 3676 892 3730 aeternam.

678 3762 705 3816 1
718 3762 770 3856 'l.
792 3765 1040 3856 Anenos.
1061 3772 1208 3828 Aliis
1229 3777 1361 3830 odor
1377 3782 1592 3834 mortis.
1611 3780 1919 3839 Incredulis
1935 3786 2194 3856 praedica-

601 3850 680 3906 tio
711 3852 918 3910 Christi
940 3858 1080 3913 odor
1102 3863 1300 3918 mortis
1328 3871 1431 3924 est.
1459 3868 1766 3925 Audientes
1785 3850 2191 3930 enim-verbum

600 3939 724 4007 Dei,
772 3942 853 3998 sic
904 3947 1185 4020 accipiunt
1234 3954 1392 4023 quasi
1441 3962 1673 4026 pestem,
1733 3976 1798 4014 ex
1853 3979 1966 4034 qua
2012 3964 2193 4020 oritur

600 4045 752 4086 mors
759 4071 775 4089 ο

677 4118 762 4214 l8.
791 4121 1202 4214 Adulterantes,
1234 4130 1293 4185 id
1321 4137 1424 4199 est,
1457 4135 1953 4209 pseudoapostolos
1982 4143 2185 4214 tangit,

600 4209 698 4280 qui
733 4211 902 4267 verba
931 4215 1032 4270 Dei
1057 4231 1159 4288 per
1185 4220 1390 4276 malam
1418 4223 1938 4296 interpretationem
1975 4209 2186 4288 adultes

597 4295 820 4357 rabant.
851 4302 998 4357 Nam
1035 4306 1296 4363 tollentes
1324 4295 1585 4368 divinum
1607 4332 1853 4385 sensum,
1883 4319 2190 4377 humanum

597 4387 900 4458 ponebant.

669 4476 758 4532 19.
1019 4483 1427 4542 Adulterantes.
1451 4491 1688 4548 Adulter
1706 4511 1818 4550 non
1842 4498 2043 4567 quaerit
2064 4515 2189 4570 pro-

596 4563 729 4654 lem,
761 4568 861 4622 sed
896 4570 1243 4628 voluntatem
1280 4580 1526 4649 corporis
1566 4584 1806 4654 explere.
1854 4563 2017 4641 'I‘ales
2058 4563 2192 4642 sunt

599 4653 697 4724 qui
725 4671 828 4726 pro
857 4661 1080 4714 terreno
1109 4665 1401 4720 commodo
1442 4653 1674 4724 verbum
1711 4672 1814 4726 Dei
1862 4673 2187 4744 praedicant,

595 4756 712 4796 non
738 4751 1050 4816 querentes
1069 4749 1216 4806 ﬁlios
1243 4753 1562 4824 spirituales
1584 4775 1875 4830 generare.

2349 3610 2399 3666 5.
2434 3612 2616 3681 (ibid,
2634 3628 2754 3682 cap.
2784 3611 2882 3682 14).
2909 3613 3114 3666 Littera
3134 3615 3284 3666 enim
3303 3614 3517 3667 occidit.
3552 3611 3789 3667 Attende
3803 3613 3852 3662 et

2275 3697 2399 3753 vide
2421 3703 2482 3753 ut
2499 3715 2626 3755 cum
2655 3699 2961 3771 quidquam
2991 3705 3218 3772 propter
3247 3700 3748 3766 circumcisionem,
3777 3695 3849 3750 vel

2277 3786 2602 3856 Sabbatum,
2629 3791 2714 3843 vel
2735 3790 2868 3862 quid
2897 3789 3049 3844 aliud
3074 3788 3388 3844 umbratilis
3417 3788 3772 3852 sacramenti,
3795 3800 3851 3839 ac

2273 3893 2387 3931 non
2423 3881 2604 3932 totum
2637 3883 2864 3950 propter
2891 3878 2995 3932 hoc
3020 3879 3204 3945 dicat;
3250 3878 3399 3950 quod
3443 3879 3635 3933 littera
3673 3874 3852 3948 prohi-

2272 3965 2428 4032 bens,
2444 3971 2734 4038 peccatum
2750 3983 2862 4021 non
2878 3967 3115 4022 viviﬁcat
3127 3966 3225 4040 lat.
3239 3967 3542 4038 .justiﬁcat]
3555 3965 3847 4027 hominem,

2271 4056 2367 4110 sed
2391 4056 2579 4126 potius
2599 4056 2818 4121 occidit,
2842 4056 3098 4126 augendo
3122 4057 3652 4128 concupiscentiam,
3681 4060 3735 4109 et
3753 4051 3850 4107 ini-

2271 4144 2545 4216 quitatem
2596 4145 3051 4216 praevaricatione
3102 4146 3461 4211 cumulando,
3512 4145 3621 4200 nisi
3666 4144 3849 4198 liberet

2266 4233 2450 4304 gratia
2478 4249 2579 4304 per
2607 4234 2787 4305 legem
2817 4234 2968 4302 ﬁdei,
2997 4250 3119 4304 quae
3145 4239 3231 4289 est
3259 4233 3318 4288 in
3349 4233 3570 4289 Christo
3601 4235 3630 4290 J
3635 4249 3751 4288 esu.

2343 4324 2395 4374 6.
2427 4323 2632 4376 LANFR.
2677 4325 2884 4377 Littera
2928 4324 3142 4376 occidit.
3187 4323 3494 4394 Dupliciter
3535 4325 3719 4394 potest
3757 4319 3850 4372 hoc

2269 4409 2529 4482 intelligi,
2557 4410 2642 4465 vel
2673 4411 2806 4481 quia
2829 4411 2950 4465 sine
2977 4411 3359 4466 misericordia
3380 4417 3671 4484 peccantes
3691 4405 3850 4464 occidi

2265 4497 2444 4569 jubet,
2491 4498 2715 4556 dicens:
2762 4500 2821 4555 Si
2863 4499 2987 4571 quis
3017 4500 3122 4555 hoc
3149 4501 3236 4555 vel
3262 4500 3401 4555 illud
3429 4499 3641 4566 fecerit,
3683 4501 3850 4552 morte

2272 4587 2567 4642 moriatur.
2601 4588 2707 4643 Vel
2735 4587 3036 4644 carnaliter
3060 4589 3370 4657 observata,
3403 4589 3650 4644 animam
3677 4587 3850 4642 obser-

2271 4676 2452 4731 vantis
2479 4677 2758 4731 occidunt.

2344 4764 2395 4818 7.
2440 4765 2688 4834 Spiritus
2729 4770 2915 4819 autem
2957 4768 3215 4834 vivi/teat,
3260 4765 3317 4820 id
3351 4769 3455 4832 est,
3487 4761 3842 4838 spiritualiter

665 4831 757 4888 20.
805 4834 894 4890 Ea:
931 4838 1056 4892 Deo.
1103 4840 1180 4895 Ex
1218 4841 1354 4908 Deo,
1385 4843 1586 4916 inquit,
1625 4848 1927 4920 loquimur,
1959 4851 2091 4923 quia
2120 4857 2245 4916 exc
2269 4831 2552 4908 intellecta
2575 4853 2920 4909 observantis
2949 4831 3481 4909 animam'viviﬁcat.

593 4917 711 4976 Deo
742 4923 1064 4996 accipimus,
1098 4929 1246 5002 quod
1272 4933 1658 5003 praedicamus.

662 5011 907 5069 Amos:
947 5015 1036 5070 Ea:
1051 5019 1174 5086 Deo,
1206 5018 1264 5074 id
1291 5025 1397 5086 est,
1429 5025 1708 5093 quomodo
1741 5026 1890 5081 Deus
1919 5027 2091 5082 dedit.

664 5101 753 5160 21.
785 5102 989 5158 LANFR.
1026 5106 1224 5162 Coram
1250 5111 1376 5165 Deo‘.
1420 5113 1562 5177 Quia
1588 5113 1670 5168 illi
1698 5115 1922 5186 placere
1950 5121 2184 5172 conten-

662 5281 825 5337 OAP.
857 5281 964 5338 III.
1011 5313 1074 5327 -—-
1131 5285 1174 5343 ι.
1208 5287 1414 5342 LANFR.
1462 5291 1767 5358 Incipimus
1811 5294 2035 5360 iterum,
2069 5299 2173 5350 etc.

590 5367 718 5424 Non
743 5381 865 5437 nes,
894 5371 1098 5445 inquit,
1141 5375 1618 5443 commendamus,
1663 5379 1819 5432 nulla
1849 5381 1999 5436 enim
2027 5399 2183 5438 com-

589 5458 947 5515 mendatione
973 5462 1310 5535 indigemus,
1344 5465 1476 5536 quia
1503 5482 1607 5522 nec
1633 5466 1731 5523 illa
1759 5485 1882 5540 quae
1909 5471 1975 5525 ﬁt
2001 5471 2180 5541 vobis,

590 5560 696 5604 nec
738 5562 861 5622 quae
907 5551 974 5609 ﬁt
1015 5551 1238 5622 litteris,
1289 5554 1425 5629 quia
1465 5571 1568 5630 per
1594 5554 1889 5632 epistolam
1929 5561 1985 5632 (α
2010 5562 2174 5638 pari).

2335 4939 2389 4997 8.
2423 4943 2574 5010 Quod
2587 4946 2637 4996 si
2651 4945 3013 4999 ministratio.
3041 4942 3465 4999 Commendatio
3486 4947 3543 4997 et
3562 4941 3684 4996 laus
3708 4935 3840 4994 Novi

2265 5030 2641 5098 Testamenti;
2683 5031 2946 5102 dicitque,
2991 5032 3039 5086 si
3081 5032 3421 5087 ministratio
3463 5030 3664 5086 veteris
3713 5024 3842 5096 legis

2265 5117 2508 5172 formata
2549 5119 2771 5184 litteris,
2813 5120 2872 5174 in
2914 5119 3121 5175 tabulis
3164 5121 3418 5192 lapideis,
3447 5119 3555 5174 fuit
3582 5116 3754 5188 Moysi
3786 5114 3839 5166 in

2265 5213 2482 5262 tantam
2503 5208 2742 5278 gloriam
2766 5213 2831 5264 ut
2851 5208 2952 5264 ﬁlii
2973 5209 3148 5264 Israel
3171 5209 3368 5264 faciem
3392 5210 3513 5280 ejus
3535 5208 3718 5261 videre
3736 5216 3839 5257 non

2264 5301 2508 5368 possent,
2542 5303 2770 5368 propter
2796 5298 3108 5352 claritatem
3130 5299 3317 5352 vultus
3347 5299 3489 5368 ejus,
3515 5313 3644 5388 quae
3660 5300 3838 5388 tamen

2262 5385 2589 5439 transitoria
2632 5386 2772 5453 fuit;
2819 5387 3096 5457 quomodo
3133 5403 3245 5442 non
3288 5387 3469 5456 magis
3511 5385 3836 5439 ministratio

2263 5489 2417 5529 novae
2446 5474 2586 5544 legis
2615 5475 2725 5529 erit
2759 5475 3024 5546 apostolis
3062 5477 3120 5530 in
3148 5477 3384 5547 gloriam
3425 5473 3832 5547 sempiternam.

2263 5560 2445 5620 Vetus
2490 5567 2680 5620 autem
2723 5562 2811 5619 lex
2846 5563 3186 5620 ministratio
3226 5562 3424 5620 mortis
3463 5561 3708 5638 dicitur;
3757 5554 3834 5610 vel
