3912 6398
59 306 160 362 225
739 305 814 359 ΙΝ
854 305 920 360 D.
963 305 1176 360 PAULI
1216 306 1436 364 EPIST.
1479 306 1850 376 COMMENT.
1892 337 1959 348 —
2001 307 2220 380 EBIST.
2262 307 2314 361 ll
2351 307 2447 363 AD
2486 307 2649 364 COR.
3217 309 3324 371 226

62 433 302 496 tiﬁcans,
339 428 543 484 litteris
573 429 904 496 deformata,
943 432 1168 498 scripta,
1194 430 1252 484 in
1277 430 1576 502 lapidibus,
1601 432 1822 496 tabulis,
1857 430 1966 486 fuit
2004 431 2063 486 in
2088 430 2287 502 gloria,
2319 432 2511 498 Moysi,
2535 429 2590 485 9.
2617 431 2699 486 ita
2727 437 2792 486 ut
2813 433 3051 503 (eqmnit
3090 437 3320 492 modum

60 522 250 584 gloria:
279 521 501 588 Moysi),
534 536 647 572 non
679 524 909 589 possent
928 519 1220 574 intendere
1237 519 1339 573 ﬁlii
1361 521 1534 574 Israel
1555 520 1612 574 in
1642 519 1838 574 faciem
1871 518 2098 588 Moysis,
2132 523 2362 590 propter
2387 518 2646 588 gloriam,
2691 536 2803 587 pra:
2835 523 3021 576 nimia
3043 526 3318 593 claritate,

63 607 248 661 vultus
275 609 420 678 ejus,
441 625 564 679 quae
587 610 770 676 gloria
792 613 1114 673 evacuatur,
1143 611 1367 675 transit,
1387 609 1664 678 quomodo
1686 624 1799 662 non
1826 606 2008 677 magis
2037 606 2376 661 ministratio
2389 606 2639 678 spiritus,
2662 611 2978 675 spiritualis
2991 615 3321 681 testamenti,

65 696 168 748 erit
198 696 260 750 in
283 696 506 766 gloria?
536 698 690 750 nobis
719 700 994 764 apostolis.
1029 697 1358 765 (Responsio,
1386 701 1466 750 vel
1485 699 1680 764 probat
1703 711 1737 748 a
1765 697 1934 764 pari.)
1966 695 2111 748 Nam
2142 695 2190 748 si
2220 694 2559 749 ministratio
2574 696 2969 764 damnationis,
3001 700 3326 755 damnantis

68 788 194 852 legis
210 789 277 839 in
291 785 476 856 gloria
498 791 585 839 est
601 786 792 852 Moysi,
806 785 985 839 multo
999 785 1178 854 magis
1191 784 1442 839 abundat
1457 783 1831 839 ministerium
1843 782 2080 854 justitiae
2097 782 2156 837 in
2169 783 2352 853 gloria
2365 786 2639 852 apostolis.
2664 781 2748 841 10.
2772 785 2918 840 Nam
2929 802 3033 840 nec
3049 787 3324 858 gloriﬁca-

45 877 182 926 -tum
207 877 297 926 est
317 873 469 944 quod
485 878 612 938 9g
629 873 832 926 claruit
848 872 907 926 in
926 873 1030 926 hac
1040 877 1220 943 parte,
1242 874 1302 926 id
1321 877 1413 936 est,
1440 875 1504 926 in
1524 873 1701 941 Moyse
1730 875 1947 926 nullius
1975 875 2166 940 gloriae
2183 877 2277 932 est.
2301 877 2579 944 quantum
2605 875 2681 928 ad
2700 878 3042 930 excellentem
3055 879 3322 944 gloriam,

65 979 179 1030 qua
200 967 279 1015 est
308 965 376 1015 in
402 963 777 1030 apostolorum
794 963 1205 1031 praedicatione,
1233 966 1463 1032 propter
1491 960 1851 1014 excellentem
1871 960 2112 1031 gloriam
2128 964 2520 1029 apostolorum.
2540 961 2600 1016 Si
2629 961 2780 1016 enim
2804 964 3071 1032 (repetitio
3087 969 3168 1020 vel
3190 982 3327 1036 pro-

74 1052 214 1104 batio
247 1067 284 1104 a
309 1053 464 1120 pari)
484 1049 724 1122 11.quod
746 1056 1049 1106 evacuatur
1063 1051 1151 1119 (ad
1170 1051 1267 1103 hoc
1283 1068 1302 1114 ;
1334 1066 1448 1105 non
1475 1052 1526 1103 si
1559 1051 1904 1102 ministratio
1919 1050 2044 1102 dam
2055 1048 2460 1118 nationis,etc.)
2473 1049 2823 1120 pergloriam
2842 1052 3129 1117 est,multo
3144 1054 3328 1126 magis

69 1139 212 1210 quod
241 1140 532 1206 manet,in
550 1140 734 1211 gloria
753 1147 856 1206 est,
880 1157 1005 1207 ergo
1024 1140 1340 1192 habebimus
1359 1140 1600 1206 gloriam
1626 1141 1678 1204 (α
1708 1139 1941 1207 minori)
1964 1143 2012 1191 et
2041 1154 2169 1192 cum
2197 1139 2492 1194 habeamus
2537 1156 2683 1209 spem
2713 1145 2925 1208 gloria,
2957 1159 3084 1197 cum
3120 1147 3329 1211 ﬁducia.

65 1230 452 1296 pradicamus,
477 1235 529 1282 et
556 1230 654 1284 hoc
678 1233 770 1283 est.
803 1227 1086 1283 Habentes
1108 1227 1284 1297 igitur
1310 1227 1480 1280 talem
1496 1242 1652 1297 spem
1677 1228 1870 1293 gloria
1900 1242 1963 1280 ea:
1979 1227 2275 1294 Evangelia
2306 1229 2581 1294 habendas,
2603 1229 2783 1283 multa
2798 1229 3004 1284 ﬁducia
3021 1231 3328 1298 utimur,in

67 1317 365 1384 Evangelia
385 1333 406 1383 ;
435 1321 495 1371 et
523 1333 638 1371 non
662 1316 804 1371 sicut
835 1318 1047 1387 Moyses
1074 1314 1316 1386 ponebat
1344 1314 1596 1368 velamen
1624 1331 1794 1386 super
1821 1314 2022 1368 faciem
2041 1330 2222 1382 suam,
2249 1331 2364 1370 non
2386 1319 2648 1384 ponimus
2676 1321 2923 1372 velamen
2943 1333 3109 1388 super
3127 1322 3328 1388 faciem

73 1409 345 1468 nostram,
369 1406 432 1458 id
446 1410 542 1470 est,
559 1421 673 1459 non
686 1405 943 1458 habe-mus
963 1407 1140 1457 velata
1162 1405 1345 1468 verba,
1376 1405 1517 1456 sicut
1549 1403 1752 1469 Moyses
1779 1421 1795 1466 ;
1833 1405 1976 1470 quod
1999 1404 2425 1470 signiﬁcabatur
2445 1407 2509 1458 in
2537 1405 2828 1469 velamine,
2851 1409 2916 1459 ut
2939 1421 3051 1459 non
3070 1405 3328 1462 intende-

69 1490 310 1544 rentﬁlii
329 1491 578 1546 Israelin
591 1490 1070 1566 faciem,velamen
1099 1490 1220 1559 ejus
1241 1489 1390 1560 quod
1419 1492 1738 1556 evacuatur,
1769 1491 2032 1557 aufertur
2064 1493 2128 1545 in
2159 1491 2518 1545 Christianis.
2558 1491 2668 1545 Sed
2718 1497 2902 1546 tamen
2939 1493 3119 1548 adhuc
3143 1493 3330 1550 obtusi

67 1583 198 1632 sunt
220 1595 424 1634 sensus
437 1582 730 1644 eorum,id
745 1585 836 1645 est,
863 1580 1204 1644 Iudaeorum,
1229 1581 1329 1646 qui
1344 1579 1524 1632 adhuc
1559 1593 1676 1632 non
1699 1584 1930 1646 possunt
1958 1581 2283 1647 intelligere.
2312 1578 2502 1649 Usque
2529 1578 2590 1632 in
2623 1579 2959 1634 hodiernum
2986 1580 3137 1635 enim
3157 1581 3328 1650 diem,

67 1665 317 1737 idipsum
329 1668 584 1723 velamen
604 1668 663 1722 in
679 1668 915 1723 lectione
933 1666 1150 1721 Veteris
1160 1665 1506 1721 Testamenti
1518 1672 1712 1721 manet
1730 1669 1879 1736 apud
1896 1670 2107 1722 Judaeos
2123 1684 2238 1722 non
2249 1668 2563 1721 revelatum
2584 1669 2911 1734 incredulis,
2934 1671 3071 1736 quia
3092 1672 3331 1726 credulis

68 1762 291 1810 tantum
323 1761 604 1810 reveletur
633 1757 916 1828 (quoniam
946 1756 1004 1810 in
1026 1755 1267 1821 Christo,
1290 1755 1496 1809 Christi
1523 1756 1624 1822 ﬁde
1653 1757 2016 1824 credentibus,
2050 1760 2395 1826 evacuatur),
2419 1756 2517 1810 sed
2538 1771 2718 1825 usque
2734 1755 2794 1809 in
2813 1755 3145 1812 hodiernum
3156 1757 3331 1827 diem,

66 1861 188 1899 cum
207 1845 427 1915 legitur
445 1845 684 1916 Moyses,
707 1845 963 1899 velamen
989 1844 1235 1914 positum
1265 1848 1351 1896 est
1373 1859 1544 1913 super
1563 1858 1659 1896 cor
1679 1859 1894 1910 eorum,
1940 1847 2279 1899 Judaeorum.
2317 1844 2460 1898 Cum
2502 1849 2693 1897 autem
2741 1859 3040 1898 conversus
3069 1845 3239 1900 fuerit
3262 1847 3334 1902 ad

66 1932 394 1998 Dominum,
411 1934 476 1986 de
502 1935 757 1987 cordibus
781 1948 971 1986 eorum
985 1931 1272 1985 auferetur
1287 1933 1670 2000 intelligentia
1687 1932 1959 1986 velamen.
1974 1930 2338 1989 l2.Dominus
2357 1937 2548 1986 autem
2569 1931 2810 2002 Spiritus
2830 1936 2936 1999 est,
2951 1931 3133 1989 l3.ubi
3143 1939 3336 1991 autem

69 2021 316 2091 Spiritus
336 2019 582 2087 Domini,
605 2019 690 2078 14.
710 2019 789 2074 ibi
807 2019 1054 2084 libertas,
1079 2021 1140 2073 id
1159 2025 1253 2084 est,
1275 2019 1452 2072 libera
1474 2019 1972 2087 intelligentia.l5,
2005 2020 2087 2076 16.
2103 2022 2219 2075 Nos
2236 2037 2363 2074 vero
2386 2035 2598 2085 omnes,
2631 2021 2850 2089 (Moyses
2877 2025 3086 2076 velatus
3115 2039 3336 2092 non-po-

72 2115 209 2163 terat
238 2111 528 2178 intelligi;
554 2111 646 2164 sed
664 2126 759 2163 nos
791 2127 807 2163 :
837 2109 1206 2180 (commendat
1232 2111 1306 2173 se)
1329 2106 1579 2161 revelata
1609 2107 1772 2174 facie,
1800 2112 1990 2177 planis
2005 2111 2202 2176 verbis,
2225 2110 2515 2163 interioris
2531 2109 2776 2162 hominis
2790 2113 2966 2178 oculo,
2993 2108 3334 2180 17.gloriam

70 2196 313 2264 Domini,
329 2202 594 2252 aeternam
615 2199 1008 2253 beatitudinem
1028 2200 1093 2252 in
1112 2197 1256 2253 Novo
1285 2197 1619 2251 Testamento
1633 2199 1988 2266 promissam,
2006 2198 2376 2270 speculantes,
2393 2212 2507 2252 non
2521 2199 2849 2267 temporalia
2880 2198 3332 2270 injpseudojuda,

1412 2338 1994 2396 COMMENTARIUS.

74 2479 204 2550 quia
230 2479 357 2535 sine
377 2479 763 2536 misericordia
789 2485 1108 2558 peccatores
1133 2478 1516 2551 puniebat,vel
1531 2480 1665 2552 quia
1678 2479 1825 2547 Aibi
1855 2480 1980 2547 erit,
2011 2480 2108 2561 qui
2137 2496 2262 2536 eam
2279 2479 2462 2549 dabit;
2494 2485 2553 2535 et
2583 2481 2690 2536 hoc
2717 2482 2953 2552 probat:
2983 2483 3230 2556 Spiritus
3249 2491 3339 2544 est
3387 2532 3396 2542 .

73 2573 196 2637 post
208 2569 516 2624 adventum
540 2569 768 2636 Christi,
785 2570 854 2624 ad
874 2569 1119 2624 litteram
1137 2567 1448 2635 observata,
1463 2569 1667 2624 animae
1746 2568 2019 2624 Dominus
2043 2588 2056 2636 ;
2089 2570 2188 2623 sed
2205 2569 2524 2640 ubicunque
2537 2575 2622 2624 est
2652 2570 2946 2639 Dominus,
2965 2571 3045 2627 ibi
3070 2574 3334 2645 libertas;

73 2663 316 2712 mortem
341 2658 653 2716 ministrat.
691 2659 908 2714 Novum
933 2675 1063 2712 vero
1103 2657 1528 2712 Testamentum
1558 2658 1666 2712 mi-

73 2744 334 2799 nistratio
363 2747 594 2818 spiritus
624 2747 848 2813 dicitur,
864 2746 950 2800 vel
962 2745 1095 2818 quia
1114 2763 1213 2817 per
1226 2746 1410 2817 ipsum
1426 2745 1668 2817 Spiritus

75 2839 298 2888 sanctus
320 2834 639 2890 observanti
659 2836 847 2905 datur,
872 2835 957 2888 vel
1007 2835 1138 2906 quia
1182 2834 1244 2906 in
1287 2851 1352 2889 eo
1380 2839 1541 2889 vetus
1581 2835 1669 2888 lex

77 2922 448 2992 spirituah'ter
476 2924 817 2994 intelligitur
845 2929 902 2977 et
928 2928 1202 2978 servatur.

142 3007 196 3064 9.
227 3011 512 3080 AUGUST.(
543 3011 638 3065 lib.
676 3016 920 3066 ucontra
940 3012 1151 3065 advers.
1171 3012 1301 3078 legis
1315 3015 1365 3064 et
1388 3011 1661 3078 prophet,

77 3113 121 3150 c.
155 3098 210 3166 7,
238 3105 380 3152 tom.
409 3099 524 3168 VI).
556 3101 641 3154 Ita
678 3106 740 3154 ut
763 3115 875 3153 non
898 3104 1113 3168 possent
1143 3093 1255 3166 ﬁlii
1284 3099 1475 3152 Israel.
1509 3096 1670 3162 Quod

77 3202 186 3239 non
219 3192 488 3257 poterant
514 3188 615 3242 ﬁlii
637 3189 811 3243 Israel
837 3188 1131 3243 intendere
1187 3187 1247 3241 in
1297 3186 1499 3241 faciem
1530 3187 1670 3256 ejus,

83 3280 309 3346 propter
337 3275 580 3346 gloriam
607 3277 794 3331 vultus
851 3278 993 3347 ejus,
1047 3276 1272 3345 signum
1302 3279 1425 3330 erat
1447 3274 1578 3345 quia
1614 3275 1674 3328 in

83 3361 199 3431 lege
230 3363 525 3418 Christum
553 3363 889 3418 intellecturi
911 3380 1023 3418 non
1053 3368 1249 3431 erant;
1293 3369 1351 3417 et
1377 3363 1503 3417 ideo
1522 3363 1674 3418 vela-

83 3466 206 3504 men
236 3451 391 3505 inter
429 3451 633 3505 faciem
670 3452 878 3523 Moysis
909 3457 967 3507 et
995 3451 1121 3506 illos
1149 3451 1395 3523 positum
1429 3455 1570 3518 erat,
1611 3455 1678 3505 ut

87 3554 195 3592 non
255 3539 640 3605 intenderent,
672 3539 815 3594 sicut
856 3540 1124 3612 scriptum
1179 3545 1266 3594 est
1297 3558 1309 3595 :
1343 3539 1469 3594 Filii
1499 3537 1676 3595 Israel

85 3642 256 3699 usque
281 3627 344 3681 in
372 3630 566 3696 ﬁnem,
595 3633 702 3685 etc.

159 3716 249 3773 10.
276 3717 658 3782 Lanatum
680 3734 776 3772 nec
787 3719 1162 3786 gloriﬁcatum
1191 3722 1284 3770 est.
1303 3716 1454 3772 Ordo
1477 3734 1490 3770 :
1525 3717 1676 3788 quod

1749 2674 1881 2728 ergo
1913 2657 2233 2729 ubicunque
2261 2663 2346 2712 est
2376 2657 2640 2730 Spiritus,
2667 2658 2744 2712 ibi
2776 2658 3006 2716 libertas
3022 2662 3083 2733 (a
3107 2679 3336 2734 genere,

1751 2747 2063 2817 assumptio
2079 2752 2136 2801 et
2144 2746 2442 2814 conclusio)
2466 2765 2478 2813 ;
2498 2747 2596 2800 sed
2615 2745 2676 2800 in
2695 2747 2904 2804 Israele
2913 2765 3178 2808 converso
3208 2753 3336 2822 erit,

1749 2850 1882 2904 ergo
1910 2834 1970 2888 in
1997 2851 2062 2889 eo
2082 2835 2191 2888 erit
2203 2833 2452 2889 libertas.

1824 2923 1908 2976 15.
1942 2923 2047 2976 Nos
2075 2938 2200 2977 vero
2227 2938 2410 2981 omnes
2430 2925 2690 2978 revelata.
2721 2923 2860 2993 Nos,
2912 2925 3114 2997 inquit,
3147 2944 3342 2986 omnes

1751 3010 1988 3081 apostoli
2016 3009 2266 3064 revelata
2288 3008 2429 3063 facie
2457 3025 2572 3064 non
2599 3017 2881 3081 cooperta,
2912 3013 3060 3069 sicut
3096 3016 3338 3086 Moyses,

1753 3098 2040 3153 ccelestem
2058 3097 2299 3168 gloriam
2327 3097 2683 3168 speculantes
2711 3099 2785 3154 ad
2816 3101 2998 3171 ipsam
3055 3101 3209 3158 enim
3255 3109 3346 3160 est

1753 3187 1992 3242 intentio
2013 3191 2207 3241 nostra
2234 3185 2369 3257 quia
2395 3202 2546 3240 nunc
2574 3203 2674 3257 per
2693 3189 2984 3258 speculum
3015 3194 3074 3244 et
3099 3191 3344 3264 aenigma

1753 3276 2007 3331 videmus
2027 3275 2085 3329 in
2100 3274 2356 3329 eamdem
2376 3274 2635 3345 gloriam,
2662 3291 2786 3346 quae
2803 3276 3007 3346 adhuc,
3031 3295 3144 3334 non
3163 3281 3347 3352 qualis

1758 3370 1863 3432 est,
1884 3368 2138 3436 apparet;
2154 3363 2252 3418 sed
2285 3362 2445 3434 quasi
2469 3362 2725 3433 quaedam
2755 3363 2943 3435 imago
2965 3366 3189 3422 videtur
3213 3370 3344 3438 ﬁde,

1757 3456 1816 3506 et
1831 3451 1993 3506 bonis
2020 3450 2282 3522 operibus
2309 3449 2796 3505 transformamur.
2817 3452 2883 3506 In
2920 3453 3026 3508 hoc
3045 3455 3193 3510 enim
3223 3473 3352 3513 con-

1756 3541 2043 3596 tendimus
2055 3545 2120 3594 ut
2137 3538 2448 3594 conformes
2463 3539 2586 3610 ejus
2602 3539 2725 3594 ﬁeri
2738 3539 3020 3610 possimus
3043 3559 3079 3597 a
3093 3543 3355 3603 claritate

1756 3629 1889 3684 ﬁdei
1915 3633 2256 3700 perventura
2280 3628 2341 3682 in
2366 3627 2678 3682 claritatem
2698 3628 2837 3698 spei.

1837 3714 1917 3773 16.
1941 3719 2187 3772 AMBROS.
2220 3717 2327 3772 Nos
2355 3733 2481 3770 vero
2518 3731 2702 3770 omnes
2740 3720 2998 3772 revelata.
3029 3718 3138 3774 Per
3154 3721 3346 3792 ﬁdem,

89 3807 304 3873 claruit,
335 3823 440 3861 nec
468 3807 844 3878 gloriﬁcatum
869 3812 955 3861 est
985 3806 1045 3860 in
1095 3806 1202 3860 hac
1228 3810 1404 3878 parte,
1447 3811 1740 3878 propterB
1759 3805 2134 3877 speculantes,
2191 3805 2262 3858 ad
2301 3804 2557 3860 eamdem
2612 3804 2915 3875 imaginem
2961 3807 3354 3869 transformari

88 3896 446 3951 excellentem
467 3896 726 3975 gloriam.
747 3894 986 3968 Exponit
1002 3895 1237 3966 gloriam
1251 3894 1680 3966 praedicatorum

88 3985 225 4039 Novi
235 3985 608 4040 Testamenti.
629 3985 776 4039 Dicit
789 3985 939 4040 enim
953 3985 1102 4056 quod
1119 3984 1286 4038 facies
1303 3983 1530 4056 Moysis,
1556 4001 1680 4056 quae

90 4074 142 4128 in
170 4073 312 4145 legis
343 4073 547 4128 veteris
568 4073 780 4128 latione
810 4073 1031 4140 claruit,
1061 4089 1174 4127 non
1191 4076 1377 4145 potest
1395 4072 1681 4145 diciglori-

93 4163 271 4229 ﬁcata,
296 4163 356 4216 in
383 4161 834 4217 consideratione
862 4161 1026 4216 istius
1061 4162 1259 4233 partis,
1293 4161 1352 4216 id
1383 4167 1486 4229 est,
1518 4162 1569 4217 si
1606 4162 1678 4216 ad

92 4252 468 4323 apostolorum
495 4252 736 4322 gloriam
763 4252 1059 4330 referatur,
1076 4258 1307 4324 propter
1319 4252 1680 4307 excellentem

92 4340 323 4410 gloriam
355 4355 526 4411 quam
551 4339 762 4395 habent
780 4345 836 4395 et
861 4340 1112 4394 habituri
1144 4345 1296 4395 sunt.

157 4429 249 4486 11.
272 4430 424 4496 Quod
454 4434 776 4484 evacuatur.
810 4429 1084 4484 Velamen
1100 4429 1303 4484 veteris
1333 4429 1475 4501 legis
1494 4430 1684 4485 aufer-

97 4523 184 4572 tur
208 4534 376 4585 nunc,
409 4517 545 4590 quia
559 4519 726 4574 modo
753 4519 1050 4591 exponitur
1079 4518 1349 4590 quidquid
1363 4519 1573 4590 legales
1593 4519 1688 4573 ob-

99 4608 440 4663 servationes
467 4607 945 4679 signiﬁcaverunt.

168 4697 253 4753 12.
288 4699 563 4752 Dominus
591 4702 780 4752 autem
807 4699 1043 4767 spiritus
1075 4702 1170 4755 est.
1203 4695 1354 4751 Ordo
1385 4715 1396 4750 :
1443 4695 1686 4768 Spiritus

101 4790 322 4840 sanctus
353 4789 441 4839 est
467 4785 762 4851 Dominus,
797 4790 855 4840 et
883 4791 1069 4858 potest
1104 4785 1326 4857 operari
1350 4785 1500 4856 quod
1529 4785 1683 4856 vult;

108 4888 166 4926 ac
193 4889 293 4945 per
314 4874 421 4928 hoc
450 4875 598 4944 quod
630 4890 770 4945 quos
816 4875 938 4930 vult
965 4873 1265 4942 illuminat,
1297 4890 1437 4946 quos
1473 4873 1592 4928 vult
1626 4874 1688 4928 in

104 4960 341 5017 tenebris
368 4968 426 5016 et
450 4963 783 5034 ignorantiae
804 4964 1028 5019 deserit.

175 5049 254 5108 13.
285 5053 385 5106 Ubi
413 5058 603 5107 autem
629 5051 876 5121 Spiritus
904 5055 1156 5108 Domini.
1184 5051 1424 5123 Exponit
1459 5068 1687 5107 causam

1761 3910 2072 3966 speramus,
2092 3894 2150 3947 id
2196 3898 2302 3962 est,
2323 3898 2389 3948 ut
2415 3892 2626 3946 similes
2664 3892 3035 3962 inveniamur,
3066 3900 3375 3959 transacta,

1759 3983 1868 4037 hac
1903 3982 2037 4041 vita.
2065 3981 2328 4053 imaginis
2347 3980 2541 4052 gloriae
2587 3981 2818 4036 Christi.
2850 3981 3011 4038 Unde
3048 3984 3293 4044 Joannes
3329 4005 3357 4047 :-

1759 4071 1997 4139 Scimus,
2045 4071 2248 4143 inquit,
2280 4074 2435 4140 quia,
2469 4085 2599 4124 cum
2640 4072 2988 4140 apparuerit,
3043 4076 3256 4132 similes
3301 4081 3372 4135 ei.

1761 4163 1990 4215 erimus.

1836 4248 1923 4306 17.
1954 4250 2203 4304 Aususr.
2233 4246 2351 4314 (lib.
2397 4260 2470 4301 xv
2499 4248 2572 4301 De
2594 4246 2776 4315 Trin.,
2807 4263 2929 4320 cap.
2961 4247 3014 4317 8,
3043 4254 3184 4306 tom.
3214 4252 3351 4327 IIl.)

1763 4336 2012 4393 Gloriam
2029 4339 2256 4392 Domini
2278 4338 2632 4404 speculantes.
2668 4335 2788 4391 Hoc
2815 4337 3108 4410 speculum
3139 4341 3188 4396 si
3207 4358 3356 4414 quae-

1765 4441 1977 4491 ramus,
2001 4424 2248 4496 profecto
2263 4423 2405 4478 illud
2421 4423 2682 4490 occurrit,
2725 4425 2875 4495 quod
2903 4427 2963 4480 in
2991 4429 3218 4498 speculo
3246 4430 3359 4487 nisi

1766 4514 1954 4586 imago
1975 4514 2113 4585 [ad.,
2129 4512 2265 4584 non]
2285 4515 2413 4578 93
2439 4512 2708 4567 cernitur.
2750 4513 2870 4569 Hoc
2888 4531 3022 4586 ergo
3050 4517 3232 4573 facere
3261 4536 3358 4576 co-

1765 4603 1884 4658 nati
1912 4619 2128 4674 sumus,
2147 4607 2212 4656 ut
2233 4617 2334 4672 per
2353 4601 2498 4656 hanc
2516 4600 2843 4672 imaginem,
2861 4603 3012 4675 quod
3030 4621 3134 4661 nos
3162 4623 3359 4666 sumus

1765 4691 2082 4748 videremus
2106 4695 2413 4761 utcunque,
2447 4705 2482 4744 a
2507 4705 2618 4762 quo
2675 4690 2810 4746 facti
2838 4707 3053 4761 sumus,
3085 4699 3358 4770 tanquam

1767 4798 1871 4854 per
1898 4781 2208 4853 speculum.
2227 4779 2591 4852 Speculantes
2614 4795 2748 4851 ergo
2776 4780 2916 4836 dixit
2944 4799 3046 4854 per
3067 4787 3361 4856 speculum

1767 4870 2037 4936 videntes,
2051 4886 2165 4924 non
2181 4869 2251 4923 de
2269 4869 2496 4940 speculo
2512 4869 2611 4938 [al.
2622 4869 2889 4940 ,specula]
2934 4873 3357 4945 prospicientes.

1769 4959 1930 5024 Quod
1948 4975 2078 5013 vero
2097 4959 2178 5013 ait
2196 4957 2256 5012 in
2274 4957 2531 5012 eamdem
2548 4956 2855 5027 imaginem
2865 4961 3357 5031 transformamur,

1769 5049 1965 5120 utique
1993 5048 2296 5118 imaginem
2325 5045 2427 5100 Dei
2457 5046 2577 5100 vult
2598 5045 2859 5117 intelligi,
2886 5049 3143 5104 eamdem
3171 5051 3360 5108 dicens

110 5153 202 5192 cur
225 5140 401 5194 Judaei
433 5140 612 5196 libere
636 5156 750 5196 non
778 5146 1014 5212 possunt
1038 5140 1353 5210 intelligere
1367 5140 1542 5196 Vetus
1556 5142 1688 5197 Tes-
1703 5131 1744 5195 C
1767 5137 1936 5194 istam
1951 5137 2132 5209 ipsam
2151 5135 2380 5202 scilicet,
2401 5135 2457 5189 id
2488 5140 2593 5204 est,
2626 5151 2795 5206 quam
2829 5137 3201 5206 speculamur,
3226 5140 3362 5211 quia

111 5232 430 5297 tamentum,
466 5234 525 5285 et
578 5246 680 5285 cur
729 5230 1121 5300 praedicatores
1164 5229 1306 5284 Novi
1342 5230 1689 5285 Testamenti

114 5313 282 5385 ipsum
312 5319 488 5374 libere
499 5319 822 5390 intelligant
841 5337 852 5372 :
873 5319 1130 5374 videlicet
1168 5318 1395 5390 quiailli
1416 5319 1691 5391 Spiritum

114 5403 205 5460 Dei
229 5407 339 5464 non
369 5408 600 5475 habent,
629 5407 688 5462 hi
714 5413 902 5463 autem
933 5407 1162 5466 habent.

175 5495 260 5555 14.
298 5501 383 5554 Ibi
408 5500 636 5555 libertas
659 5503 683 5552 1’
706 5497 792 5554 Ab
830 5498 1036 5554 Israele
1089 5512 1354 5553 converso
1405 5496 1692 5553 auferetur

113 5586 385 5659 velamen;
417 5587 658 5644 libertas
681 5587 834 5644 enim
851 5587 955 5645 Dei
983 5587 1092 5645 erit
1109 5587 1170 5644 in
1192 5603 1279 5657 eo,
1301 5586 1436 5660 quia
1447 5587 1693 5661 Spiritus

1771 5227 1968 5282 eadem
1985 5226 2173 5298 imago
2198 5225 2301 5281 Dei
2317 5230 2424 5292 est,
2440 5229 2497 5278 et
2509 5223 2694 5295 gloria
2707 5224 2831 5290 Dei,
2851 5224 3016 5279 sicuti
3034 5225 3168 5281 alibi
3186 5227 3350 5284 dicit:

1782 5317 1875 5372 Vir
1905 5317 2126 5386 quidem
2151 5331 2264 5370 non
2309 5315 2456 5367 debet
2493 5316 2673 5366 velare
2715 5317 2878 5381 caput
2913 5328 3100 5378 suum,
3133 5320 3361 5374 cumsit

1772 5409 1955 5475 imago
1983 5410 2034 5460 et
2059 5405 2241 5473 gloria
2272 5407 2383 5458 Dei.
2414 5400 2906 5457 Transformamur
2936 5417 3069 5472 ergo
3097 5401 3258 5476 dixit,
3288 5404 3364 5464 de'

1769 5496 1954 5552 forma
1975 5494 2036 5550 in
2052 5493 2294 5550 formam
2312 5495 2602 5548 mutamur
2630 5492 2800 5559 atque
2816 5488 3158 5553 transimus.
