3912 6356
548 293 654 353 22Ἷ
1514 294 1578 349 Β.
1619 294 2032 351 LANFRANCI
2069 295 2426 352 CANTUAR.
2466 297 2799 355 ARCHIEP.
3692 304 3793 363 2‘28

545 420 615 474 in
640 419 898 474 eamdem
922 420 1116 487 gloriae
1131 422 1295 474 illius
1323 418 1451 491 (qua
1462 418 1608 488 justi
1634 419 1843 488 sumus)
1876 418 2202 488 imaginem,
2218 435 2338 487 qua
2365 424 2472 475 erit
2500 424 2596 486 ibi,
2621 424 3110 493 transformamur,
3140 442 3254 480 non
3281 427 3487 495 fuscati
3507 430 3684 494 intus,
3706 427 3785 485 18.

549 525 586 562 a
605 508 862 563 claritate
891 509 1037 575 ﬁdei,
1064 510 1148 561 vel
1175 510 1490 571 creationis,
1522 506 1581 560 in
1611 506 1940 572 claritatem,
1975 511 2055 560 vel
2087 509 2149 559 de
2173 510 2377 562 virtute
2402 512 2465 563 in
2492 513 2772 578 virtutem,
2813 510 2895 569 19.
2928 519 3201 585 tanquam
3230 532 3262 569 a
3292 516 3517 571 Domini
3553 517 3788 589 Spiritu,

550 610 673 651 vere
690 598 854 663 docti,
874 600 957 650 vel
990 598 1385 665 transformati
1400 610 1502 663 per
1530 595 1810 662 Spiritum
1836 599 2114 648 sanctum.

1983 733 2219 790 CAPUT
2248 736 2342 790 IV.

626 879 759 934 Ideo
788 878 942 947 (quia
954 893 1059 946 per
1084 893 1232 945 spem
1260 878 1760 944 transformamur,
1793 879 1875 930 vel
1903 878 2038 944 quia
2069 881 2311 932 revelata
2337 880 2478 946 facie
2504 883 2853 949 speculamur
2875 887 3119 953 gloriam
3135 889 3290 942 nobis
3303 892 3679 963 promissam),
3705 892 3797 947 ha-

554 966 752 1037 bentes
776 966 922 1020 hanc
958 964 1501 1019 administrationem
1525 966 1956 1032 pradicationis,
1984 964 2147 1033 juxta
2171 966 2319 1034 quod
2348 967 2789 1024 misericordiam
2811 975 3094 1028 consecuti
3119 991 3334 1043 sumus,
3349 993 3461 1032 non
3478 996 3581 1048 per
3599 985 3799 1036 merita

556 1063 766 1121 nostra,
794 1056 1168 1124 praedicando,
1200 1070 1313 1108 non
1330 1053 1637 1118 deﬁcimus,
1654 1053 1751 1107 sed
1782 1051 2107 1106 abdicamus
2135 1053 2351 1108 occulta
2369 1055 2674 1124 dedecoris,
2699 1063 2909 1114 occulta
2918 1069 3139 1130 peccata
3165 1081 3285 1133 quas
3313 1067 3660 1136 dedecorant,
3692 1085 3801 1124 non

555 1143 909 1200 ambulantes
933 1149 997 1196 ut
1021 1143 1242 1211 pseudo,
1277 1142 1335 1196 in
1363 1141 1591 1208 astutia,
1625 1157 1807 1211 neque
1835 1142 2218 1196 adulterantes
2246 1141 2475 1197 verbum
2500 1144 2620 1211 Dei,
2648 1147 2943 1214 legitimun
2980 1167 3201 1205 sensum
3240 1155 3560 1223 adimentes,
3593 1161 3677 1212 vel
3703 1173 3803 1226 pro

557 1239 772 1288 terreno
797 1234 951 1284 lucro
968 1232 1356 1298 praedicantes;
1390 1230 1489 1284 sed
1516 1229 1574 1283 in
1612 1229 2064 1284 manifestatione
2109 1229 2361 1284 veritatis
2398 1233 2855 1289 commendantes
2903 1239 3281 1310 nosmetipsos
3309 1242 3381 1296 ad
3409 1258 3639 1299 omnem
3674 1261 3803 1300 con-

552 1319 848 1375 scientiam
875 1314 1192 1383 hominum,
1221 1320 1342 1387 ipsa
1367 1319 1746 1385 manifestatio
1774 1321 2024 1372 veritatis
2054 1320 2402 1373 commendat
2431 1336 2528 1373 nos
2552 1325 2686 1390 ipsis
2714 1324 3048 1393 hominibus,
3088 1344 3274 1383 coram
3321 1331 3457 1399 Deo,
3488 1349 3604 1388 non
3628 1339 3803 1390 solum

554 1409 891 1472 hominibus,
921 1408 1014 1461 sed
1043 1409 1211 1460 etiam
1240 1407 1364 1460 Deo.
1399 1407 1685 1473 Responsio
1713 1408 1787 1459 ad
1806 1407 1904 1460 hoc
1921 1408 2066 1475 quod
2099 1408 2241 1461 dixit
2274 1426 2290 1460 :
2322 1412 2562 1463 revelata
2604 1412 2764 1477 facie.
2798 1414 2958 1476 Quod
2996 1416 3043 1470 si
3072 1418 3244 1472 etiam
3274 1426 3532 1490 opertum
3571 1428 3660 1478 est
3694 1441 3805 1479 non

554 1500 736 1551 solum
754 1501 904 1549 vetus
926 1498 1028 1559 tea,
1060 1495 1152 1547 sed
1173 1495 1340 1547 etiam
1363 1493 1723 1563 Evangelium
1753 1498 2031 1561 nostrum,
2062 1494 2123 1549 in
2154 1495 2226 1550 iis
2254 1496 2350 1567 qui
2378 1504 2637 1567 pereunt,
2658 1506 2744 1554 est
2780 1509 3040 1573 opertum
3063 1523 3076 1571 ;
3108 1506 3155 1562 1.
3192 1508 3253 1561 in
3295 1509 3497 1579 quibus
3534 1512 3687 1567 Deus
3699 1513 3804 1569 hu-

550 1587 647 1657 jus
670 1584 877 1651 saeculi,
909 1590 1101 1638 auctor
1129 1585 1402 1647 omnium,
1429 1587 1510 1637 vel
1538 1584 1788 1637 diabolus
1811 1586 2068 1652 princeps
2095 1585 2262 1653 hujus
2283 1588 2487 1652 saeculi,
2521 1589 2815 1645 excmcavit
2840 1598 3058 1648 mentes
3085 1595 3421 1667 inﬁdelium,
3453 1605 3517 1655 ut
3560 1618 3677 1656 non
3702 1602 3805 1656 ful-

554 1678 691 1744 geat
716 1673 827 1728 illis
853 1671 1187 1727 illuminatio
1218 1670 1506 1739 Evangelii
1532 1670 1724 1741 gloriae
1744 1670 1972 1737 Christi,
1993 1687 2097 1741 per
2110 1673 2255 1741 quod
2288 1674 2641 1742 gloriﬁcatur
2670 1678 2937 1747 Christus,
2971 1681 3068 1753 qui
3113 1689 3201 1739 est
3235 1686 3424 1758 imago
3468 1688 3590 1757 Dei,
3623 1695 3802 1746 consi-

556 1763 713 1817 milis
739 1763 918 1816 Patri.
949 1762 1253 1829 Responsio.
1285 1758 1339 1815 2.
1363 1761 1489 1814 Non
1515 1758 1664 1813 enim
1698 1759 2071 1830 nosmetipsos
2097 1759 2485 1830 praedicamus,
2519 1765 2618 1819 sed
2645 1765 2675 1820 Ι
2679 1782 2838 1822 esum
2879 1770 3165 1827 Chrisz
3192 1775 3495 1831 Dominum
3522 1783 3802 1844 nostrum,

557 1851 764 1905 scilicet
789 1865 913 1915 esse,
945 1864 1047 1902 nos
1063 1852 1273 1915 autem,
1304 1863 1417 1902 non
1441 1850 1621 1901 solum
1648 1845 1785 1915 ejus,
1813 1849 1906 1900 sed
1930 1850 2099 1902 etiam
2127 1864 2315 1903 servos
2345 1856 2556 1906 vestros
2584 1869 2688 1924 per
2721 1856 2931 1924 Jesum,
2971 1861 3238 1930 quoniam
3268 1864 3416 1920 Deus
3444 1864 3495 1922 3.
3525 1867 3625 1938 qui
3668 1867 3805 1922 dixit

558 1937 630 1991 de
654 1936 901 1992 tenebris
930 1937 1131 2002 lucem,
1156 1938 1422 2005 quoniam
1451 1937 1601 1988 dixit
1633 1954 1649 1989 :
1677 1936 1798 1989 Fiat
1822 1936 1949 2000 tua;
1979 1937 2062 1990 vel
2090 1938 2191 2004 qui
2209 1938 2273 1990 de
2302 1940 2426 1992 caelo
2455 1940 2593 2006 facit
2622 1942 2819 1998 calum
2851 1946 3274 2018 splendescere;
3309 1952 3362 2007 4.
3395 1953 3514 2025 ipse
3542 1936 3601 2010 ᾗ.
3625 1955 3806 2010 illuxit

556 2025 616 2080 in
647 2030 773 2091 94
796 2024 1055 2080 cordibus
1086 2023 1296 2079 nostris
1322 2040 1442 2092 quae
1461 2025 1689 2078 obscura
1723 2029 1903 2090 erant,
1935 2025 1997 2078 id
2024 2029 2116 2090 est,
2151 2028 2251 2094 qui
2296 2027 2449 2081 nobis
2490 2031 2739 2086 innotuit
2770 2035 2845 2087 ad
2887 2035 2985 2090 hoc
3004 2042 3067 2091 ut
3104 2023 3493 2098 illuminatdm
3517 2048 3802 2100 scientiam

557 2117 838 2170 claritatis
863 2116 962 2169 Dei
989 2116 1070 2184 (ut
1093 2114 1301 2168 Christi
1330 2114 1593 2167 notitiam
1615 2113 1862 2166 homines
1890 2113 2176 2183 haberent)
2199 2116 2553 2182 praedicando
2580 2120 2860 2188 daremus,
2894 2121 2947 2179 6.
2977 2126 3069 2190 ad,
3098 2129 3300 2197 dando,
3334 2130 3807 2188 illuminationem

557 2202 802 2257 scientiae
825 2202 1098 2256 claritatis
1118 2201 1220 2256 Dei
1254 2203 1333 2267 (ut
1362 2202 1576 2253 sciatur
1598 2205 1810 2269 quanta
1839 2204 1912 2254 sit
1936 2203 2167 2256 claritas
2186 2203 2372 2256 Patris
2390 2219 2493 2271 per
2509 2211 2875 2273 cognitionem
2897 2215 3050 2281 Filii,
3072 2232 3235 2284 quem
3259 2222 3654 2291 praedicamus,
3679 2225 3807 2292 quia

556 2294 760 2345 notitia
774 2294 960 2346 Patris
985 2294 1047 2358 fit
1067 2292 1375 2358 cognitione
1404 2290 1561 2357 Filii)
1584 2288 1644 2342 in
1669 2288 1832 2355 facie,
1863 2292 1927 2343 in
1957 2294 2286 2358 cognitione,
2317 2292 2529 2347 Christi
2562 2295 2712 2351 Jesu.
2748 2300 3010 2366 Quamvis
3051 2306 3407 2361 tribulemur.
3439 2306 3490 2364 7.
3524 2288 3809 2365 Habemus

556 2383 746 2434 autem
773 2379 1101 2433 thesaurum
1120 2378 1313 2442 istum,
1346 2377 1407 2429 id
1431 2382 1525 2442 est,
1548 2377 1694 2430 hanc
1717 2378 2053 2443 claritatem,
2081 2378 2141 2432 in
2188 2380 2335 2434 vasis
2372 2381 2657 2451 ﬁctilibus,
2694 2390 2757 2440 ut
2779 2387 3095 2445 sublimitas
3122 2392 3198 2446 sit
3242 2393 3467 2451 virtutis
3491 2397 3597 2452 Dei
3618 2399 3695 2471 (si
3719 2400 3812 2454 da-

556 2473 716 2522 retur
744 2469 835 2522 hic
865 2468 1156 2521 thesaurus
1188 2467 1419 2532 angelis,
1460 2466 1796 2532 dignitatem
1832 2480 2023 2519 eorum
2061 2471 2375 2536 suppetiisse
2420 2471 2728 2539 diceretur;
2770 2492 2923 2532 nunc
2960 2495 3085 2534 vero
3117 2482 3435 2539 sublimitas
3457 2487 3558 2540 Dei
3590 2466 3809 2542 tantum

556 2556 984 2626 consideratur),
1016 2557 1068 2608 si
1091 2555 1229 2624 quid
1249 2555 1377 2608 boni
1394 2552 1656 2621 facimus,
1680 2555 1784 2634 Deo
1810 2557 2145 2622 ascribatur,
2170 2558 2228 2609 et
2254 2571 2369 2610 non
2398 2562 2709 2626 gloriemur
2728 2580 2795 2618 ex
2824 2564 3002 2622 nobis.
3037 2572 3091 2625 8.
3126 2569 3193 2624 In
3223 2572 3481 2629 omnibus
3510 2577 3693 2642 igitur
3716 2576 3810 2630 tri-

554 2643 903 2699 bulationem
924 2642 1190 2714 patimur,
1221 2642 1321 2696 sed
1350 2655 1463 2696 non
1488 2645 1680 2695 animo
1709 2642 2135 2712 angustiamur;
2169 2643 2514 2715 aporiamur,
2548 2651 2798 2720 inopiam
2825 2658 3104 2724 patimur,
3128 2663 3209 2714 vel
3232 2665 3614 2730 opprimimur
3635 2664 3808 2734 (paras

557 2730 751 2795 Graec,
775 2730 929 2783 dives
962 2731 1193 2796 Latine;
1215 2744 1427 2798 aporos,
1454 2731 1515 2782 id
1534 2735 1626 2794 est,
1654 2745 1905 2800 pauper;
1964 2730 2097 2785 inde
2127 2732 2506 2805 aporiamur);
2544 2738 2643 2792 sed
2668 2756 2704 2794 α
2740 2747 3016 2811 proposito
3063 2762 3176 2802 non
3225 2749 3589 2806 destituimur
3608 2771 3621 2821 ;
3642 2730 3809 2808 —fame

558 2818 1005 2888 persecutionem
1028 2816 1293 2887 patimur,
1322 2817 1419 2870 sed
1446 2832 1560 2870 non
1580 2832 1615 2870 a
1644 2818 1749 2871 Deo
1769 2817 2245 2889 derelinquimur;
2274 2822 2571 2893 dejicimur
2598 2844 2835 2898 corpore,
2863 2833 2961 2888 sed
2989 2850 3104 2890 non
3131 2838 3384 2908 perimus
3410 2844 3604 2895 animo
3620 2859 3644 2910 ;
3672 2859 3808 2896 sem-

554 2920 660 2977 per
685 2904 1176 2959 mortiﬁcationem
1192 2919 1298 2973 pro
1326 2904 1355 2958 J
1360 2920 1459 2959 esu
1479 2903 1537 2958 in
1565 2921 1797 2976 corpore
1825 2912 2018 2962 nostro
2051 2908 2523 2979 circumferentes,
2552 2921 2609 2970 et
2650 2917 2711 2971 in
2750 2919 2865 2974 vita
2897 2927 3103 2979 aeterna
3131 2903 3280 2981 ‘Jesu
3322 2928 3725 2986 manifestetur
3751 2931 3807 2985 in

556 2992 884 3064 corporibus
897 2991 1124 3059 nostris,
1139 2995 1204 3046 in
1228 2992 1422 3059 futuro
1443 2996 1509 3046 in
1525 3009 1692 3047 carne
1710 2999 1900 3049 nostra
1931 2999 2165 3052 mortali
2192 3000 2343 3066 facta
2378 3005 2710 3060 immortali.
2746 3008 2980 3081 Semper
3001 3012 3153 3068 enim
3181 3031 3303 3083 nos,
3328 3017 3425 3088 qui
3447 3019 3708 3084 vivimus,
3748 3021 3803 3074 in

556 3085 798 3134 mortem
815 3079 1095 3134 tradimur
1110 3085 1341 3151 propter
1355 3081 1385 3135 J
1390 3096 1569 3148 esum,
1589 3085 1655 3135 ut
1664 3086 1721 3136 et
1737 3082 1853 3138 vita
1870 3084 1899 3138 J
1904 3100 2003 3139 esu
2017 3086 2408 3144 manifestatur
2424 3090 2484 3145 in
2514 3108 2682 3148 carne
2700 3079 2898 3152 nostra
2917 3102 3161 3169 mortali,
3186 3079 3433 3175 undique
3446 3079 3807 3164 tribulatione

556 3173 865 3239 compressi,
893 3172 1089 3238 parati
1107 3171 1182 3225 ad
1202 3174 1435 3225 mortem
1452 3186 1647 3227 sumus
1670 3186 1774 3241 pro
1808 3176 2030 3229 nomine
2060 3176 2287 3243 Christi,
2321 3185 2384 3233 ut
2413 3195 2539 3235 cum
2569 3199 2626 3237 eo
2665 3186 2846 3241 vivere
2880 3193 3185 3259 possimus;
3226 3201 3277 3249 et
3313 3171 3413 3250 hoc
3454 3202 3564 3267 est;
3601 3214 3810 3269 semper

1904 3317 2500 3380 COMMENTARIUS-

632 3440 718 3499 18.
745 3441 920 3512 (ibid.)
949 3438 996 3497 Α
1058 3440 1315 3497 claritate
1366 3441 1432 3496 in
1450 3442 1806 3501 claritatem.
1837 3442 2056 3497 Natura
2091 3443 2411 3505 inAlantes
2430 3447 2489 3503 in
2504 3450 2736 3522 astutia,
2752 3468 2934 3526 neque
2953 3456 3336 3515 adulterantes
3354 3459 3583 3517 verbum
3602 3464 3728 3530 Dei,
3759 3467 3813 3518 et

555 3529 726 3586 rebus
747 3529 950 3584 creatis
980 3530 1464 3597 excellentissima,
1510 3548 1639 3586 cum
1687 3549 1721 3586 a
1742 3548 1844 3587 suo
1881 3532 2147 3588 Creatore
2231 3550 2333 3588 cur
2352 3536 2552 3592 dixerit
2584 3554 2596 3587 :
2627 3540 2824 3597 Gloria
2852 3545 3078 3614 Christi,
3110 3553 3167 3603 et
3182 3565 3293 3604 non
3317 3549 3538 3619 dixerit,
3565 3529 3812 3624 Evange-

553 3618 902 3690 justiﬁcatur
926 3617 999 3672 ab
1022 3619 1333 3690 impietate,
1361 3636 1397 3674 a
1419 3619 1655 3675 deformi
1674 3620 1856 3676 forma
1880 3622 2147 3677 transfor-

557 3712 750 3763 matur
765 3707 826 3762 in
860 3707 1167 3762 formosam
1196 3708 1434 3763 formam
1460 3727 1474 3777 ;
1506 3714 1592 3763 est
1619 3709 1825 3781 quippe
1852 3715 1911 3764 et
1936 3710 1995 3765 in
2023 3711 2147 3782 ipsa

558 3796 868 3869 impietate,
909 3802 1121 3869 quanto
1146 3797 1328 3868 magis
1366 3796 1682 3853 damnabile
1725 3799 1945 3867 vitium,
1988 3804 2146 3855 tanto

556 3887 764 3943 certius
792 3890 1000 3941 natura
1021 3885 1339 3953 laudabilis,
1373 3891 1431 3941 et
1458 3887 1527 3941 ob
1555 3887 1660 3942 hoc
1677 3887 1910 3955 addidit,
1931 3889 2001 3943 de
2029 3890 2149 3959 glo-

554 3975 990 4046 riaingloriam,
1007 3975 1077 4029 de
1103 3974 1288 4046 gloria
1314 3975 1613 4031 creationis
1641 3976 1700 4031 in
1726 3977 1964 4048 gloriam
1983 3977 2147 4048 justi-

557 4064 855 4120 ﬂcationis.
885 4063 1155 4127 Quamvis
1184 4063 1361 4134 possit
1377 4063 1481 4118 hoc
1505 4071 1562 4119 et
1603 4064 1725 4120 aliis
1779 4067 1961 4122 modis
1987 4066 2149 4121 intel-

558 4154 660 4225 ligi
690 4153 841 4224 quod
867 4152 1078 4207 dictum
1109 4158 1214 4220 est,
1243 4152 1313 4207 de
1333 4154 1515 4224 gloria
1538 4155 1598 4209 in
1617 4155 1887 4226 gloriam;
1933 4157 2004 4211 de
2032 4156 2150 4227 glo-

530 4241 647 4311 ,ria
670 4242 802 4297 ﬁdei
828 4242 890 4296 in
912 4241 1153 4311 gloriam
1184 4241 1303 4313 spei
1326 4260 1339 4311 ;
1372 4243 1442 4299 de
1466 4245 1649 4315 gloria
1678 4262 1790 4317 qua
1835 4262 2029 4301 sumus
2049 4245 2151 4300 ﬁlii

554 4329 678 4398 Dei,
710 4330 771 4385 in
790 4330 1032 4402 gloriam
1063 4346 1175 4402 qua
1197 4330 1410 4388 similes
1430 4332 1481 4388 ei
1521 4333 1749 4401 erimus,
1785 4334 1919 4406 quia
1943 4333 2152 4389 videbi-

555 4434 684 4475 mus
713 4435 845 4474 eum
863 4419 1030 4474 sicuti
1055 4425 1156 4475 est.

635 4505 718 4565 l9.
751 4508 930 4582 (ibid.)
979 4509 1265 4578 Tanquam
1290 4525 1324 4565 a
1350 4511 1580 4567 Domini
1593 4511 2000 4582 Spiritu.Quod
2017 4527 2148 4566 vero

555 4595 802 4652 addidit:
840 4603 1160 4667 tanquama
1191 4600 1415 4655 Domini
1443 4600 1701 4670 Spiritu;
1742 4601 1989 4655 ostendit
2022 4617 2148 4671 gra-

555 4685 694 4740 tiam
725 4684 849 4755 [al.,
880 4684 1092 4759 gratia]
1117 4685 1277 4743 nobis
1293 4689 1841 4761 conferri,tanquam
1876 4688 2145 4762 [al.,tam]
2167 4716 2214 4776 Β

556 4772 819 4846 optabilis
838 4775 1282 4832 conﬁrmationis
1323 4778 1445 4850 [al.,
1480 4777 2016 4849 transformationis]
2048 4777 2147 4833 bo-

554 4878 712 4920 num.

624 4950 782 5006 CAP.
814 4950 909 5006 IV.
950 4982 1008 4995 -
1039 4949 1087 5009 1.
1120 4954 1328 5010 LANFR.
1360 4957 1429 5011 In
1454 4958 1528 5010 iis
1555 4957 1755 5026 quibus
1785 4958 1924 5012 Deus
1978 4958 2147 5027 huius

550 5044 756 5098 seculi.
787 5043 961 5108 Quasi
992 5045 1244 5102 diceret:
1280 5048 1389 5112 Qui
1445 5063 1560 5103 non
1610 5049 1792 5104 solum
1841 5049 2143 5105 invisibiles

548 5136 857 5201 creaturas,
891 5134 990 5189 sed
1021 5135 1193 5190 etiam
1220 5136 1327 5191 hoc
1354 5135 1631 5191 invisibile
1679 5138 1946 5193 saeculum
1976 5140 2139 5211 regit,

2226 3622 2288 3677 lii
2314 3625 2508 3695 gloriae
2525 3635 2750 3687 nostrae.

2295 3713 2348 3767 3.
2374 3716 2482 3783 Qui
2494 3719 2720 3774 dicitde
2751 3724 3003 3778 tenebris.
3036 3724 3200 3780 Ratio
3220 3742 3320 3781 cur
3346 3729 3696 3799 praedicaret,
3730 3729 3811 3786 vi-
3874 3734 3875 3737 “

2228 3802 2430 3858 delicet
2447 3807 2736 3863 scientiam
2762 3811 3112 3881 praedicando
3140 3814 3295 3869 dedit
3312 3815 3424 3871 illis
3450 3819 3617 3874 Deus.

2297 3891 2350 3948 4.
2384 3894 2627 3952 Ancus'r.
2657 3900 2774 3967 Ipse
2792 3902 3008 3957 illuxit.
3032 3903 3109 3958 Ut
3126 3921 3228 3959 nos
3258 3906 3713 3977 illuminaret,_et
3738 3906 3813 3961 sic

2227 3981 2564 4040 haberemus
2588 3987 2879 4043 scientiam
2908 3991 3180 4048 claritatis
3210 3992 3456 4067 ejus’per
3491 3984 3692 4052 Filium
3721 3994 3812 4066 qui

2229 4075 2316 4125 est
2341 4072 2604 4144 splendor
2627 4075 2814 4132 Patris
2844 4095 2954 4150 quo
2974 4080 3380 4137 illuminamur.

2303 4158 2351 4213 5.
2384 4161 2634 4218 AMBROS.
2653 4167 2854 4220 Illuxit
2871 4170 2935 4222 in
2951 4170 3628 4227 cordibus.llluminantur
3645 4172 3810 4241 enim,

2231 4251 2297 4301 ut
2323 4250 2699 4319 cognitionem
2732 4253 2977 4310 habeant
3028 4258 3223 4328 gloria;
3252 4260 3354 4314 Dei
3382 4277 3486 4331 per
3509 4262 3808 4317 Christum.

2303 4336 2356 4391 6.
2386 4338 2639 4396 AUGUST.
2664 4343 2845 4411 (Apud
2862 4346 3061 4400 Bedam
3081 4349 3305 4402 inidem
3327 4349 3533 4420 caput).
3566 4353 3651 4406 Ad
3679 4351 3812 4405 illu-

2229 4428 2618 4483 minationem.
2642 4430 2775 4485 Hazc
2785 4437 2872 4487 est
2889 4434 3124 4490 scientia
3150 4436 3272 4504 Dei,
3292 4438 3422 4509 quia
3439 4439 3649 4495 scimus
3660 4439 3813 4493 illum

2230 4530 2351 4569 esse
2380 4515 2573 4572 lumen
2624 4535 2735 4590 quo
2779 4522 3025 4578 tenebrae
3075 4530 3282 4580 nostrae
3307 4526 3719 4596 illuminantur,
3760 4532 3813 4581 et

2228 4603 2414 4675 ipsum
2435 4607 2682 4674 attende,
2716 4611 3190 4680 quemadmodum
3214 4614 3475 4671 inculcet.

2306 4693 2356 4747 7.
2383 4693 2599 4755 Lmen.
2639 4696 2912 4753 Habemus
2942 4701 3282 4758 thesaurum.
3313 4705 3667 4762 Thesaurum
3710 4705 3813 4758 cla-

2231 4782 2418 4839 ritatis
2448 4787 2696 4842 scientiae
2717 4787 2821 4842 Dei
2837 4789 2972 4844 dicit
2987 4793 3267 4863 apostolos
3287 4794 3493 4850 habere
3504 4796 3563 4851 in
3576 4795 3811 4851 terrenis

2227 4874 2573 4946 corporibus,
2603 4882 2668 4932 ut
2690 4878 2914 4949 quando
2943 4880 3154 4952 aliquid
3183 4883 3466 4940 subtiliter
3497 4892 3691 4958 agunt,
3712 4885 3815 4939 vir—

2224 4963 2336 5018 tuti
2364 4964 2466 5019 Dei
2494 4965 2796 5038 imputent,
2830 4984 2944 5023 non
2967 4968 3099 5028 sibi.

2295 5052 2602 5110 8.Ammos.
2618 5058 2688 5111 In
2708 5059 2966 5112 omnibus
2985 5059 3430 5117 tribulationem.
3455 5063 3619 5118 Nunc
3639 5067 3817 5119 osten-

2236 5141 2320 5197 dit
2335 5144 2469 5215 quia
2496 5143 2682 5199 idonei
2711 5152 2874 5200 erant
2887 5147 3280 5218 praedicatores
3305 5169 3317 5209 :
3350 5151 3447 5231 qui
3472 5152 3624 5223 passi
3638 5151 3813 5207 tribu-

547 5225 744 5290 potest
775 5228 834 5277 et
876 5225 960 5278 ita
991 5224 1285 5289 construit,
1319 5224 1378 5278 in
1425 5224 1627 5295 quibus
1667 5226 1819 5281 Deus
1864 5229 2157 5285 excaecavit
2236 5232 2505 5287 lationem
2536 5250 2650 5288 non
2679 5235 3165 5311 angustiabantur,
3193 5238 3250 5292 id
3303 5244 3407 5305 est,
3432 5226 3569 5296 non
3600 5246 3813 5295 tantum

553 5314 777 5365 mentes
799 5311 1112 5367 inﬁdelium
1139 5312 1308 5381 hujus
1339 5313 1560 5380 saeculi;
1607 5315 1740 5386 quia
1760 5316 1808 5370 si
1836 5317 1906 5372 de
1931 5318 2154 5375 diabolo
2237 5321 2716 5394 opprimebantur,
2752 5329 2816 5378 ut
2862 5325 3143 5382 cederent.
3174 5328 3607 5398 Aporiabantur,
3632 5331 3690 5385 id
3713 5331 3810 5392 est,

548 5395 759 5452 dictum
787 5405 890 5468 est,
924 5399 1075 5456 Deus
1123 5401 1294 5471 hujus
1338 5402 1543 5472 saeculi,
1593 5404 1673 5458 sic
1712 5404 2048 5479 intelligitur
2083 5411 2144 5466 in
2226 5410 2475 5483 inopiam
2502 5412 2881 5483 patiebantur,
2913 5421 2970 5470 et
2998 5415 3197 5471 aderat
3222 5395 3434 5487 pastor
3476 5395 3643 5474 Deus.
3676 5415 3815 5487 Deji-

554 5482 895 5578 Evangelia:
928 5492 1191 5560 Princeps
1219 5492 1424 5546 mundi
1449 5492 1633 5562 hujus.
2226 5482 2537 5570 ciebantur,
2589 5500 2646 5556 id
2695 5509 2800 5574 est,
2839 5505 3122 5562 veteribus
3169 5482 3687 5578 prosternebantur,
3720 5482 3817 5562 nec

614 5570 671 5635 2.
697 5575 823 5633 Non
852 5580 1005 5634 enim
1038 5593 1158 5636 nos.
1191 5577 1454 5639 Ostendit
1479 5582 1629 5657 quod
1657 5600 1772 5643 non
1800 5586 1916 5644 sint
1949 5587 2145 5647 ambu-
2224 5592 2726 5650 mortiﬁcabantur.
