3912 6376
123 325 208 384 229
714 326 792 380 ΙΝ
831 324 897 378 D.
940 324 1155 379 PAULI
1197 322 1419 377 EPIST.
1462 319 1668 376 GOMM

1782 320 1833 374 Γ.
1878 349 1961 365 -ν
1987 319 2218 378 EPIST.
2260 323 2313 378 ΙΙ
2353 325 2449 379 AD
2488 326 2651 381 COR.
3221 334 3327 393 230

121 453 261 516 enim,
286 454 394 506 etc.
432 450 615 503 lllatio
638 450 706 502 ab
725 451 1074 515 auctoritate,
1106 453 1188 503 vel
1206 466 1243 503 a
1275 451 1577 503 contrario.
1620 449 1765 517 Ergo
1794 444 1847 503 9.
1881 464 2035 502 mors
2081 449 2141 503 in
2183 450 2344 505 nobis
2389 458 2673 523 operatur,
2716 454 2795 510 10.
2826 456 2940 511 vita
2966 462 3157 513 autem
3190 464 3329 530 (qua

119 546 179 593 est
201 554 349 592 causa
374 540 496 591 vita:
523 542 736 602 nostra,
768 540 848 591 vel
878 536 1084 607 ironia)
1114 538 1174 590 in
1203 536 1356 590 vobis
1387 541 1668 604 operatur.
1709 536 1798 588 11.
1850 537 2136 593 Habentes
2164 546 2356 595 autem
2389 544 2717 611 (Responsio.
2744 546 2885 599 Licet
2911 562 3061 601 mors
3083 550 3148 603 in
3172 552 3327 605 nobis

119 632 349 694 operetur,
379 640 493 678 non
523 626 837 688 tacebimus,
870 627 961 679 sed
992 626 1244 679 habentes
1273 625 1524 678 eumdem
1561 625 1829 691 spiritum
1858 624 2003 691 ﬁdei,
2045 625 2109 677 de
2154 627 2259 679 Deo
2292 630 2601 696 loquimur,
2639 628 2731 687 12.
2767 632 3029 688 eumdem
3066 635 3328 707 spiritum

118 713 238 778 ﬁdei,
264 712 401 767 sicut
418 711 690 783 scriptum
718 716 804 766 est
826 730 840 766 :
865 712 1090 766 Credidi
1108 717 1338 783 propter
1359 712 1508 783 quod
1520 712 1742 766 locutus
1763 727 1890 766 sum
1911 730 1927 781 ;
1951 716 2009 765 et
2028 728 2129 767 nos
2144 714 2427 770 credimus
2446 723 2678 789 propter
2692 720 2841 790 quod
2867 725 2925 775 et
2944 723 3008 776 de
3024 725 3129 778 Deo
3145 724 3330 798 loqui-

117 817 251 868 mur;
284 806 345 865 (et
363 802 582 854 addidit
611 803 787 855 aliam
807 802 1073 869 causam),
1095 800 1333 854 scientes
1354 800 1621 871 quoniam
1645 800 1742 870 qui
1771 798 2062 854 suscitavit
2079 801 2292 868 Jesum,
2318 807 2376 856 et
2406 820 2510 859 nos
2538 821 2668 860 cum
2686 807 2717 861 J
2721 824 2821 862 esu
2842 809 3152 879 suscitabit,
3186 818 3244 868 et
3263 816 3329 871 in

114 893 228 945 catis
239 888 828 943 constituetvobiscum
851 890 1244 952 (benevolentia
1264 904 1437 943 causa
1451 889 1608 942 addit
1622 889 1933 953 vobiscum),
1972 887 2050 953 13,
2086 888 2171 955 14,
2210 889 2290 946 15.
2312 891 2518 946 Omnia
2536 894 2687 948 enim
2702 900 2831 960 95
2852 904 3082 969 propter
3117 918 3234 970 vos,
3265 907 3332 959 ut

112 978 261 1047 gratia
286 976 577 1032 abundans
606 979 671 1031 in
689 977 811 1045 ﬁde,
841 992 941 1047 per
969 976 1177 1030 multos
1198 978 1468 1030 credentes
1495 974 1556 1030 in
1580 975 1893 1046 gratiarum
1916 976 2153 1041 actione,
2182 976 2430 1033 abundet
2456 980 2515 1035 in
2543 982 2784 1052 gloriam
2812 985 2937 1056 Dei,
2960 1003 3075 1043 non
3102 991 3176 1044 ad
3204 1007 3330 1047 con-

114 1066 360 1141 tumeliam
371 1066 818 1134 promerendam.
836 1064 1076 1135 Pr0pter
1094 1064 1239 1134 quod
1265 1066 1420 1133 (quia
1430 1066 1735 1129 suscitabit,
1759 1068 2040 1119 constituit
2056 1081 2150 1118 nos
2167 1069 2332 1133 vivos;
2351 1071 2434 1123 vel
2456 1072 2592 1137 quia
2609 1074 2877 1139 spiritum
2898 1076 3028 1141 ﬁdei
3044 1077 3332 1151 habemus)

112 1169 199 1206 non
220 1153 533 1220 deﬁcimus;
577 1152 677 1206 sed
707 1152 838 1206 licet
865 1151 914 1205 is
943 1152 1040 1222 qui
1087 1152 1248 1206 fortis
1290 1156 1392 1217 est,
1425 1157 1618 1205 noster
1644 1152 1811 1206 homo
1837 1157 2249 1224 corrumpatur,
2279 1156 2594 1225 afﬂigatur,
2628 1163 2821 1214 tamen
2850 1160 2899 1215 is
2931 1164 3029 1232 qui
3060 1164 3214 1222 intus
3242 1173 3330 1224 est

110 1246 369 1295 renovatur
393 1241 465 1295 de
494 1240 586 1294 die
598 1240 659 1294 in
673 1240 842 1306 diem,
865 1245 915 1294 et
932 1241 1116 1293 subdit
1144 1255 1247 1293 cur
1278 1255 1392 1293 non
1409 1241 1607 1307 deﬁcit,
1638 1240 1697 1294 id
1723 1240 1893 1307 enim,
1921 1242 2072 1311 quod
2089 1241 2150 1296 in
2174 1243 2435 1312 praesenti
2453 1250 2540 1299 est
2572 1254 3031 1306 momentaneum
3068 1255 3324 1322 (singula

108 1332 341 1396 singulis;
365 1331 431 1383 in
441 1331 706 1396 praesenti
722 1330 794 1381 ad
809 1329 1210 1381 sublimitatem
1228 1347 1246 1393 ;
1274 1333 1741 1395 momentaneum,
1770 1330 1845 1382 ad
1865 1334 2133 1383 aeternum
2154 1349 2171 1393 ;
2196 1334 2325 1384 levis
2348 1334 2658 1400 tribulatio,
2680 1337 2756 1389 ad
2767 1339 2985 1404 pondus
3009 1340 3244 1413 gloria),
3267 1347 3326 1397 et

106 1418 200 1471 leve
223 1417 598 1472 tribulationis
624 1421 848 1483 nostrae,
883 1419 1215 1471 transitoria
1252 1422 1302 1470 et
1334 1419 1464 1471 levis
1494 1419 1787 1471 tribulatio
1817 1424 2026 1485 nostra,
2066 1435 2239 1490 supra
2262 1419 2514 1487 modum,
2539 1438 2713 1491 supra
2742 1424 3055 1480 humanam
3081 1432 3325 1485 estima-

108 1508 291 1572 tionem,
320 1507 380 1560 in
407 1505 760 1561 sublimitate
780 1511 1054 1562 aeternum
1075 1506 1268 1576 gloriae
1287 1504 1526 1576 pondus,
1551 1506 1695 1573 quod
1721 1507 1831 1559 erit
1860 1507 1923 1560 in
1950 1508 2167 1573 futuro,
2199 1515 2467 1578 operatur
2490 1509 2550 1563 in
2579 1508 2763 1579 nobis,
2794 1527 2908 1567 non
2935 1517 3323 1588 contemplan-

106 1592 244 1661 tibus,
270 1610 381 1648 non
409 1596 761 1659 curantibus,
795 1593 956 1649 nobis
986 1609 1110 1664 quae
1150 1593 1429 1659 videntur,
1475 1592 1575 1647 sed
1619 1609 1743 1663 quae
1773 1609 1887 1648 non
1912 1594 2188 1650 videntur.
2217 1597 2408 1652 Reddit
2428 1612 2671 1653 causam.
2707 1599 2845 1663 Quae
2872 1600 3024 1658 enim
3052 1602 3316 1663 videntur

105 1684 399 1755 temporalia
426 1689 603 1753 sunt;
635 1699 760 1755 quae
787 1688 977 1739 autem
1003 1699 1118 1738 non
1140 1683 1402 1738 videntur
1429 1686 1641 1738 aeterna
1668 1686 1819 1737 sunt.

1548 1792 1781 1849 CAPUT
1799 1792 1845 1845 V
1860 1836 1873 1850 .

157 1904 411 1973 Empositio
438 1906 751 1974 superioris
763 1919 972 1971 versus,
986 1908 1067 1959 vel
1087 1904 1337 1972 probatio
1355 1902 1453 1957 hoc
1471 1903 1647 1955 modo.
1673 1900 1891 1956 Scimus
1912 1899 2225 1966 enim,nam
2245 1902 2956 1976 ingemiscimus,quoniam
2974 1907 3021 1962 si
3037 1910 3323 1981 terrestris

104 1990 265 2048 domus
291 1999 488 2049 nostra
521 1995 696 2065 hujus
713 1992 1095 2059 habitationis,
1129 1994 1190 2047 id
1213 1997 1288 2047 est
1316 2007 1507 2060 corpus
1530 1994 1593 2045 in
1625 2006 1731 2059 quo
1775 1991 2108 2055 habitamus,
2141 1988 2493 2055 dissolvatur,
2520 1992 2670 2062 quod
2706 1992 2752 2060 l,
2786 1993 2840 2047 2.
2873 1995 3325 2065 aediﬁcationem,

104 2080 375 2137 immortale
413 2099 633 2151 corpus,
667 2098 732 2136 ex
760 2083 874 2137 Deo
896 2081 1186 2148 habemus,
1214 2081 1445 2134 domum
1473 2095 1586 2133 non
1608 2080 1832 2133 carnali
1854 2093 2027 2131 manu
2051 2076 2277 2143 factam,
2312 2093 2425 2132 non
2451 2080 2823 2148 temporalem,
2849 2083 2945 2136 sed
2973 2087 3320 2144 aeternamin

104 2168 239 2225 culis.
266 2171 408 2224 Nam
422 2176 481 2226 et
496 2171 561 2225 in
582 2171 686 2224 hoc
704 2170 1120 2241 ingemiscimus
1143 2170 1553 2236 (idest,nullam
1577 2168 1803 2220 domum
1831 2168 2259 2234 suspirantes,ut
2276 2167 2357 2219 ibi
2385 2183 2634 2234 essemus,
2658 2171 3072 2237 ingemiscimus
3099 2191 3156 2229 eo
3176 2178 3323 2245 quod

105 2260 322 2312 nolumus
338 2259 645 2327 exspoliari
662 2259 1051 2326 spirituatibus
1070 2258 1271 2325 donis),
1284 2255 1688 2309 habitationem
1707 2259 1977 2321 nostram,
2001 2271 2123 2325 quae
2145 2255 2213 2309 de
2234 2255 2372 2309 ccelo
2393 2261 2496 2322 est,
2520 2258 2848 2328 superindui
2859 2260 3319 2333 cupientes,eam-

103 2344 195 2397 dem
208 2348 345 2399 enim
353 2362 730 2415 carnem,qu.e
741 2362 892 2400 nunc
906 2349 1070 2412 est,in
1089 2347 1489 2400 resurrectione
1511 2344 1767 2397 habituri
1778 2359 1992 2407 sumus;
2013 2345 2104 2397 sed
2121 2358 2286 2411 super
2308 2359 2429 2397 eam
2440 2347 3323 2420 immortatitate,incorruptiong

102 2435 369 2487 mticmur.
394 2430 426 2490 3
441 2475 455 2488 .
486 2434 549 2488 Si
559 2438 753 2488 tamen
774 2433 1126 2504 vestiti,quod
1143 2434 1630 2502 superinduemur,
1647 2435 1702 2484 et
1719 2447 1832 2485 non
1850 2430 1989 2486 nudi
2005 2432 2158 2485 bonis
2175 2432 2426 2499 operibus
2437 2431 3186 2505 inveniamur.4.Repetit,vel
3197 2455 3326 2509 pro-

104 2517 262 2574 batioa
272 2524 421 2591 pari.
454 2522 607 2578 Nam
621 2527 679 2576 et
698 2521 795 2593 qui
817 2538 1013 2577 sumus
1051 2521 1112 2575 in
1142 2521 1251 2576 hoc
1284 2517 1665 2585 tabernaculo,
1692 2534 1931 2587 corpore,
1971 2517 2392 2589 ingemiscimus
2427 2520 2646 2591 gravati
2672 2526 2841 2589 θος
2875 2540 2942 2580 eo
2976 2525 3126 2597 quod
3145 2527 3316 2583 nolu-

1418 2633 1898 2689 COMMENTARI
1909 2634 2013 2689 US.

152 2738 201 2798 9.
231 2742 366 2795 Mors
393 2744 462 2796 in
490 2743 654 2797 nobis
681 2746 961 2811 operatur.
994 2740 1240 2796 Dubium
1268 2755 1383 2794 non
1411 2744 1499 2794 est
1517 2739 1650 2810 quia
1666 2740 1720 2800 A
1738 2740 1964 2807 multos,
1991 2739 2241 2795 abundet
2267 2739 2326 2795 in
2340 2740 2582 2812 gloriam
2608 2742 2917 2809 Dei.Quasi
2945 2746 3159 2804 diceret
3188 2767 3202 2804 :
3233 2748 3331 2806 Ad

102 2825 145 2880 in
166 2828 485 2901 martyribus
512 2828 773 2885 Christus
791 2829 1078 2884 occiditur.
1101 2829 1260 2883 Unde
1288 2828 1400 2882 vita
1430 2844 1542 2899 qua
1568 2844 1653 2881 re-
1731 2829 1837 2882 hoc
1862 2828 2111 2900 patimur
2137 2833 2202 2883 ut
2239 2830 2559 2901 exemplum
2584 2831 2871 2901 patientiae
2893 2850 2930 2888 a
2955 2835 3116 2892 nobis
3138 2837 3329 2894 disca-

102 2918 300 2971 snrrexit
336 2935 371 2972 a
410 2917 654 2973 mortuis
692 2917 969 2984 Christus,
1000 2916 1228 2972 mortali
1255 2915 1411 2971 carni
1455 2931 1654 2970 eorum
1732 2917 1825 2984 tis,
1855 2922 1912 2971 et
1940 2918 2054 2971 Deo
2080 2916 2292 2988 gratias
2320 2917 2594 2986 referatis,
2628 2923 2688 2975 et
2702 2920 2867 2976 multi
2891 2923 2989 2977 alii
3017 2924 3324 2982 vobiscum.

102 3006 432 3072 praestabitur.
1805 3006 1963 3063 CAP.
1990 3006 2056 3060 V.
2102 3037 2160 3049 —-
2192 3008 2241 3061 l.
2292 3007 2540 3062 Auensr.
2588 3009 2781 3078 (cmpos.
2826 3014 2973 3079 psal.
3024 3026 3215 3079 vam,
3262 3018 3330 3070 in

150 3094 226 3149 10.
260 3097 372 3150 Vita
399 3100 611 3150 autem.
634 3094 753 3149 Hoc
780 3093 934 3162 dicit,
967 3094 1102 3167 quia
1118 3110 1222 3166 pro
1250 3094 1433 3149 salute
1458 3108 1653 3148 eorum
1733 3109 1915 3161 enar.,
1947 3108 1968 3148 1
1996 3098 2142 3165 part.
2180 3098 2317 3148 tom.
2350 3092 2530 3163 VIII.)
2561 3096 2996 3163 £diﬁwtionem
3023 3116 3089 3155 es:
3114 3100 3328 3170 Deo,.id

102 3183 233 3237 morti
273 3183 693 3256 subjiciebatur,
744 3182 956 3238 habens
985 3183 1247 3239 eumdem
1287 3182 1566 3254 spiritum,
1593 3181 1653 3235 id
1734 3182 2327 3251 est,immortalitatem
2335 3187 2708 3254 praeparatam
2721 3184 2902 3254 nobis,
2929 3203 3043 3258 qua
3057 3187 3331 3246 induendi

46 3330 49 3339 _
101 3274 177 3336 est,
198 3287 541 3328 communem
570 3288 700 3327 cum
728 3271 859 3340 illis,
891 3288 993 3344 per
1016 3288 1183 3343 quem
1202 3271 1342 3326 ﬁdes
1371 3271 1648 3339 ﬁrmatur,
1733 3288 1929 3326 sumus
1947 3271 2008 3326 in
2056 3271 2188 3337 ﬁne,
2229 3286 2360 3325 cum
2402 3271 2875 3328 resurrexerimus
2902 3290 2937 3328 a
2955 3275 3214 3333 mortuis.
3259 3277 3331 3334 Et

101 3360 359 3416 secundum
389 3362 543 3433 quod
573 3359 846 3432 scriptum
876 3365 962 3415 est
990 3379 1002 3414 :
1029 3360 1274 3427 Credidi,
1296 3364 1354 3415 et
1382 3360 1517 3431 quia
1538 3375 1655 3415 cre-
1733 3360 1816 3416 ait
1842 3377 1856 3416 :
1882 3362 1951 3414 In
1976 3375 2082 3429 quo
2110 3362 2373 3414 nolumus
2411 3361 2732 3429 exspoliari,
2757 3363 2849 3417 sed
2860 3367 3236 3433 superoestiri,
3262 3371 3329 3421 ut

101 3444 228 3515 didit,
253 3450 417 3505 audet
442 3450 752 3522 praedicare
781 3450 904 3503 hoc.
1732 3450 2089 3503 absorbeatur
2115 3450 2349 3501 mortale
2374 3462 2411 3501 a
2428 3450 2564 3514 vita,
2598 3448 2648 3501 si
2671 3448 2795 3503 ﬁeri
2821 3454 3043 3520 potest;
3067 3451 3149 3507 sic
3166 3453 3332 3509 velle-

154 3533 223 3592 ll.
250 3540 499 3595 AUGUST.
533 3540 752 3603 (contra
779 3540 917 3592 duas
943 3541 1097 3606 epist.
1129 3540 1265 3603 Pel.,
1312 3553 1361 3590 c.
1390 3535 1477 3602 2i,
1504 3541 1644 3591 tom.
1731 3554 1858 3592 mus
1884 3536 2009 3592 ﬁeri
2030 3536 2377 3590 immortales
2411 3539 2477 3589 ut
2496 3536 2616 3606 jam
2640 3537 2855 3593 veniret
2879 3539 3004 3610 ipsa
3030 3540 3330 3597 immortap

101 3619 212 3692 V11.)
240 3627 497 3682 Habentes
528 3628 779 3683 eumdem
796 3629 1081 3696 spiritum.
1099 3625 1245 3690 Quid
1266 3629 1369 3691 est,
1386 3625 1648 3679 eumdem
1729 3626 1877 3693 litas,
1907 3630 1964 3679 et
1991 3624 2157 3678 modo
2184 3624 2330 3679 sicut
2369 3639 2564 3678 sumus
2611 3624 2879 3681 invitaret
2908 3625 3030 3701 [at.,
3058 3631 3329 3703 mutaret]

100 3711 331 3780 spiritum,
368 3716 479 3771 nisi
522 3731 690 3787 quem
721 3714 860 3786 justi
897 3730 1121 3786 quoque
1164 3713 1503 3781 habuerunt,
1552 3713 1649 3784 qui
1729 3732 1831 3769 nos
1857 3719 1923 3768 ut
1952 3713 2190 3768 mortale
2217 3713 2322 3767 hoc
2348 3717 2607 3768 nostrum
2634 3714 3050 3785 absorberetur,
3087 3734 3201 3799 non
3227 3737 3331 3791 per

99 3794 182 3853 ista
198 3801 441 3859 dixerunt
457 3805 484 3860 ?
1728 3808 1970 3858 mortem
1992 3818 2194 3873 corpus
2214 3801 2531 3872 puniretur,
2558 3807 2626 3857 ut
2648 3802 2708 3856 in
2736 3804 2850 3858 ﬁne
2876 3804 3085 3859 iterum
3110 3794 3330 3879 recipe-

154 3885 222 3944 l3.
248 3891 448 3951 Lupa.
489 3893 763 3948 Eumdem
805 3894 1071 3960 spiritum
1115 3892 1262 3960 ﬁdei.
1310 3891 1484 3955 Quasi
1520 3890 1647 3962 quis
1728 3897 1905 3947 retur.
1940 3890 2207 3955 Quamvis
2237 3905 2370 3960 ergo
2399 3905 2435 3943 a
2463 3889 2627 3945 malis
2676 3891 2749 3944 ad
2775 3891 2923 3946 bona
2948 3898 3323 3967 transeamus,

100 3972 215 4031 dicat
239 3998 254 4032 :
281 3980 390 4036 Cur
416 3979 724 4053 patimini?
757 3979 917 4046 Quia,
970 3979 1172 4051 inquit,
1221 3979 1292 4034 de
1319 3979 1435 4035 Deo
1463 3980 1647 4050 loqui-
1726 3986 1921 4036 tamen
1948 3979 2071 4050 ipse
2097 3977 2373 4032 transitus
2401 3977 2754 4048 aliquantum
2782 3995 3010 4036 amarus
3039 3987 3146 4040 est.

101 4077 217 4123 mur.
248 4067 355 4123 Cur
377 4052 520 4142 ergo
546 4068 883 4140 loquimini?
906 4068 1049 4134 Quia
1077 4067 1357 4122 credimus
1375 4069 1435 4122 in
1472 4084 1603 4123 eum
1631 4052 1707 4137 ;B
1799 4067 1854 4126 2.
1886 4069 2139 4122 AMBROS.
2170 4067 2626 4134 didi/icationem.
2654 4065 2872 4139 Corpus
2898 4069 3219 4126 immortale
3248 4070 3329 4127 si-

102 4166 254 4210 omnes
279 4158 423 4212 enim
457 4157 708 4212 ﬁdeliter
731 4157 790 4212 in
819 4173 949 4212 eum
987 4157 1300 4224 credentes,
1339 4158 1650 4228 loquuntur
1727 4158 1978 4229 gniﬁcat,
2009 4157 2171 4226 cujus
2198 4155 2382 4208 forma
2410 4154 2531 4225 jam
2575 4154 2638 4209 in
2685 4156 2840 4211 caelis
2866 4162 2971 4226 est,
3011 4159 3074 4214 in
3101 4159 3330 4218 Domini

102 4238 154 4293 de
170 4257 256 4312 eo;
285 4247 558 4319 scriptum
595 4246 747 4301 enim
798 4246 869 4301 de
897 4245 1094 4314 David,
1125 4246 1260 4318 quia
1287 4251 1518 4318 propter
1544 4247 1650 4301 hoc
1729 4262 1960 4318 corpore
1996 4244 2298 4299 declarata.

103 4325 279 4388 locutus
312 4341 412 4403 est,
455 4334 596 4407 quia
622 4333 876 4390 credidit.
907 4334 1053 4399 Quid
1080 4334 1254 4409 inde?
1280 4335 1415 4403 Nos,
1442 4335 1645 4407 inquit,
1809 4334 1860 4392 3.
1888 4334 1953 4390 Si
1982 4339 2166 4387 tamen
2192 4333 2394 4399 vestiti,
2419 4330 2479 4386 id
2498 4335 2603 4399 est,
2635 4333 2685 4387 si
2704 4338 2972 4390 exeuntes
3000 4335 3070 4391 de
3098 4351 3330 4410 corpore

103 4412 327 4477 habemus
353 4424 621 4497 spiritum
639 4423 789 4491 ﬁdei,
822 4440 991 4495 quem
1017 4420 1218 4478 habuit
1240 4424 1437 4479 David.
1737 4422 2026 4480 Christum
2044 4419 2230 4475 induti
2239 4417 2532 4476 fuerimus.
2556 4421 2623 4476 In
2637 4421 2862 4479 Christo
2874 4424 3026 4479 enim
3039 4423 3329 4498 baptizati,

157 4506 227 4564 i3.
259 4511 451 4567 Omnia
474 4517 704 4582 propter
736 4528 850 4571 vos.
893 4512 1134 4584 Exponit
1152 4513 1431 4584 quomodo
1454 4512 1657 4568 consti-
1735 4513 2024 4569 Christum
2050 4510 2356 4577 induimus,
2385 4508 2501 4565 sive
2546 4511 2759 4583 Spiritu
2787 4518 2981 4569 sancto
3004 4515 3216 4571 erimus
3242 4516 3333 4572 di-

105 4594 295 4654 tuentur
317 4600 375 4655 in
402 4600 583 4667 scalis,
612 4600 963 4656 omniaenim
978 4606 1210 4673 propter
1235 4618 1350 4668 vos,
1380 4607 1446 4657 ut
1469 4607 1650 4657 vestro
1733 4602 1832 4673 gni
1872 4617 2041 4674 super
2067 4599 2344 4672 promissa
2380 4598 2591 4654 caelesti
2633 4602 2821 4671 gratia
2856 4603 2978 4673 [al.,
3005 4620 3174 4675 quem
3203 4619 3332 4661 cum

107 4688 312 4758 exemplo
336 4691 541 4761 gratia,
577 4689 637 4744 id
685 4695 789 4757 est,
836 4690 977 4745 ﬁdes
1017 4696 1206 4745 vestra
1231 4689 1483 4746 abundet
1522 4707 1653 4746 cum
1731 4690 1935 4758 induti,
1964 4690 2079 4744 sive
2107 4687 2323 4761 Spiritu
2365 4692 2560 4742 sancto
2601 4688 2733 4744 dato
2783 4689 2948 4746 nobis
2993 4691 3329 4764 videbimus,

106 4774 364 4838 gratiarum
385 4780 628 4846 actione,
658 4784 717 4834 et
742 4779 822 4834 sic
841 4779 1263 4835 constituamini
1285 4780 1347 4835 in
1370 4781 1549 4836 oculis.
1732 4780 1945 4836 erimus
1970 4778 2126 4849 digni
2148 4775 2479 4848 superindui
2499 4778 2778 4848 promissa
2795 4780 3006 4835 caelesti
3031 4781 3260 4854 gloria.]

163 4858 233 4918 14.
260 4867 496 4925 Annos.
542 4868 746 4925 Omnia
780 4872 931 4924 enim
956 4874 1182 4939 propter
1208 4885 1317 4924 vos.
1348 4869 1651 4941 Apostolus
1801 4868 1857 4925 4.
1888 4870 2034 4924 Nam
2053 4869 2153 4937 qui
2171 4881 2364 4920 sumus
2387 4868 2453 4920 in
2479 4868 2856 4924 tabernaculo.
2893 4867 3049 4925 Dicit
3074 4886 3178 4926 nos
3203 4886 3332 4942 gra-

108 4957 468 5016 persecutiones
493 4963 551 5012 et
575 4956 826 5029 pericula
853 4957 971 5029 pati
1000 4974 1114 5013 non
1143 4958 1356 5027 timuit,
1374 4962 1438 5014 ut
1463 4959 1653 5030 plures
1733 4963 1890 5014 vatos
1918 4955 2273 5030 passionibus
2300 4955 2569 5026 corporis,
2601 4957 3007 5027 postulationes
3050 4959 3124 5014 ad
3150 4960 3332 5015 Deum

110 5038 367 5112 crederent,
397 5050 456 5100 et
483 5045 779 5102 abundans
808 5045 911 5101 Dei
938 5047 1169 5111 donum,
1192 5062 1306 5101 non
1324 5063 1426 5118 per
1444 5064 1653 5119 pauco-
1738 5047 2002 5118 dirigere,
2034 5062 2106 5100 ne
2135 5043 2312 5098 simus
2339 5042 2479 5097 nudi
2516 5044 2730 5115 Spiritu
2757 5052 2971 5102 sancto.
2996 5048 3153 5104 Tunc
3179 5047 3332 5103 enim

112 5136 205 5209 ηιω
230 5134 524 5201 gratiarum
573 5134 855 5191 actionem
891 5135 1243 5191 minueretur
1269 5136 1340 5191 ad
1371 5142 1655 5193 contume-
1735 5134 2061 5209 superindui
2095 5132 2276 5205 gloria
2302 5131 2631 5203 poterimus,
2664 5135 2712 5190 si
2747 5136 2905 5191 exuti
2930 5151 3179 5207 corpore,
3216 5149 3335 5194 non

110 5208 215 5270 nam
230 5218 345 5289 Dei;
375 5224 473 5279 sed
497 5223 695 5279 multis
718 5223 1015 5295 proﬁciens
1038 5224 1298 5280 aﬂlueret
1323 5242 1425 5297 per
1452 5226 1655 5282 multo-
1733 5208 2030 5298 despoliati
2058 5241 2093 5278 a
2121 5221 2336 5294 Spiritu
2365 5228 2563 5278 sancto
2592 5223 2864 5280 fuerimus
2889 5243 2903 5294 ;
2936 5240 3001 5279 ac
3027 5224 3106 5280 sic
3133 5222 3332 5280 absor-

110 5312 208 5357 Πιω
227 5311 521 5377 gratiarum
546 5314 847 5380 actionem,
888 5312 961 5367 ad
986 5313 1225 5384 gloriam
1257 5314 1378 5369 Dei.
1733 5314 1957 5370 bebitur
1995 5314 2235 5369 mortale
2274 5329 2308 5367 a
2349 5313 2481 5381 vita,
2514 5330 2586 5369 ne
2632 5313 2784 5368 ultra
2822 5312 3000 5385 possit
3035 5312 3200 5382 mori,
3231 5317 3334 5372 aut

166 5390 233 5447 15.
254 5397 451 5457 LANFI.
467 5402 672 5457 Omnia
692 5403 844 5456 enim
848 5406 1094 5472 propter.
1123 5401 1327 5457 Omnia
1345 5401 1497 5457 enim
1516 5415 1704 5476 pro-(1
1728 5403 2080 5476 passionibus
2117 5405 2423 5477 implicari;
2478 5420 2593 5458 non
2620 5402 2773 5457 enim
2802 5400 3101 5456 dicendum
3121 5406 3210 5458 est
3234 5398 3351 5460 ab?

110 5479 207 5567 pier
228 5500 311 5540 vos
334 5489 690 5547 instruendos
719 5490 987 5562 patimur,
1015 5495 1083 5547 ut
1097 5491 1302 5562 gratia,
1334 5491 1393 5547 id
1411 5497 1496 5547 est
1515 5508 1650 5564 gra-
1730 5494 1948 5550 sorberi
1975 5510 2010 5549 a
2032 5495 2166 5563 vita,
2196 5494 2414 5567 quiaad
2427 5494 2533 5550 hoc
2551 5490 2735 5562 surgit
2755 5495 2821 5547 ut
2844 5489 3027 5562 poenis
3054 5499 3330 5565 arguatur

109 5563 274 5629 “illum
292 5578 450 5651 actio,
470 5579 768 5639 abundans
794 5579 1017 5639 actione
1040 5580 1356 5653 gratiarum
1381 5563 1538 5640 facta,
1545 5598 1650 5656 per
1733 5583 1856 5656 [al.,
1887 5582 2138 5658 agatur].
