3912 6382
568 323 670 381 231
1551 317 1609 371 Β.
1655 315 2067 372 LANFRANCI
2105 325 2113 363 4

2279 317 2464 374 .‘UAR.
2506 318 2845 374 ARCHIEP.
3717 317 3824 376 232

574 464 702 504 mus
731 445 1048 518 exspoliari,
1076 443 1173 498 sed
1192 441 1570 513 supervestiri,
1598 443 1772 497 simul
1789 457 1914 494 cum.
1931 443 2107 495 Adam
2125 444 2220 508 ;ut
2243 439 2626 506 absorbeatur,
2645 444 2702 495 id
2728 447 2806 494 est
2829 444 2927 508 ﬁat
2948 443 3284 506 immortale,
3306 442 3455 510 quod
3477 442 3722 496 mortale
3745 447 3830 496 est

573 554 608 590 a
633 536 997 593 vita.Diceret
1026 551 1042 586 :
1086 533 1215 598 Quis
1243 532 1340 584 hoc
1363 532 1563 598 poterit
1590 531 1724 582 dare
1743 535 1766 580 ?
1801 529 2089 596 Respondet
2113 546 2129 580 :
2167 528 2272 590 Qui
2319 535 2509 584 autem
2541 531 2712 583 efﬁcit
2739 547 2840 584 nos
2864 531 2925 584 in
2953 531 3056 584 hoc
3083 531 3286 600 ipsum,
3311 536 3375 584 ut
3396 534 3829 584 immortalitate

573 626 1074 696 superinduamur,
1103 623 1166 673 in
1185 620 1439 688 praesenti
1456 617 1898 684 sperando,Deus
1918 621 2012 677 est,
2037 615 2133 686 qui
2148 616 2303 670 dedit
2321 617 2479 672 nobis
2508 619 2713 689 pignus
2739 618 2988 689 spiritus,
3012 619 3074 672 id
3091 625 3167 673 est
3182 619 3437 684 arrham,
3459 620 3825 686 quiaefﬁciet.

575 715 868 770 Audentes
890 711 1070 781 igitur
1093 723 1304 772 sumus,
1333 721 1555 776 semper
1576 709 1635 758 et
1651 703 1889 758 scientes
1903 719 2126 775 semper
2145 705 2410 774 quoniam
2424 706 2559 760 dum
2575 723 2770 761 sumus
2789 708 2848 762 in
2861 723 3111 778 corpore,
3135 707 3191 760 5.
3216 707 3644 778 peregrinamur
3662 724 3700 762 a
3718 708 3829 761 Do-

578 804 734 859 mino
767 803 889 874 (per
911 798 1080 854 ﬁdem
1117 797 1266 851 enim
1294 794 1666 859 ambulamus,
1697 799 1756 846 et
1771 809 1885 846 non
1913 809 2014 863 per
2032 793 2292 863 speciem,
2307 795 2368 848 id
2396 800 2489 860 est,
2514 811 2627 849 non
2640 811 2741 863 per
2759 801 3009 863 apertam
3028 794 3312 865 visionem)
3343 795 3616 850 audemus
3636 801 3830 849 autem

577 895 746 959 mori,
778 895 836 945 et
862 889 1066 943 bonam
1094 886 1437 940 voluntatem
1471 885 1534 951 (et
1566 898 1632 935 ne
1661 883 1959 949 objiciatur
1980 883 2077 934 hoc
2089 882 2372 947 audere,et
2393 883 2489 936 hoc
2515 886 2806 952 velle,quia
2828 901 2939 937 non
2958 888 3126 952 potest
3154 901 3268 938 non
3298 901 3404 938 esse
3427 891 3705 951 ;removet
3729 900 3830 953 per

578 982 676 1036 hoc
691 980 836 1049 quod
854 978 1008 1041 dicit,
1024 977 1224 1028 bonam
1242 967 1905 1037 voluntatem),habemus
1926 968 2104 1038 magis
2127 967 2179 1023 6.
2201 969 2550 1039 peregrinari
2566 986 2601 1024 a
2618 975 2933 1042 corpore,et
2953 976 3257 1042 praesentes
3279 988 3400 1027 esse
3412 972 3483 1026 ad
3498 972 3828 1029 Dominum.

577 1070 631 1125 '1.
656 1070 726 1123 Et
746 1067 891 1130 ideo,
906 1070 970 1118 ut
987 1067 1165 1117 simus
1187 1066 1494 1131 prasentes,
1530 1057 1938 1123 contendimus,
1963 1057 2077 1112 sive
2097 1056 2374 1124 absentes,
2403 1075 2439 1111 a
2467 1066 2748 1127 conspectu
2764 1060 2884 1114 hom
2893 1062 3163 1127 inum,vel
3183 1076 3217 1114 a
3235 1062 3340 1115 Deo
3356 1067 3634 1130 quantum
3651 1064 3720 1116 in
3737 1062 3832 1115 hoc

576 1157 786 1212 mundo
811 1155 924 1208 sive
951 1154 1255 1224 praesentes
1277 1149 1583 1216 conspectui
1609 1147 1922 1211 hominum,
1957 1150 2039 1200 vel
2063 1153 2194 1200 ante
2218 1148 2410 1211 Deum,
2443 1147 2661 1216 placere
2706 1147 2807 1202 illi.
2847 1149 3366 1218 Responsio.0mnes
3393 1151 3542 1205 enim
3570 1167 3675 1205 nos
3707 1167 3830 1204 ma-

575 1242 829 1300 nifestari
855 1244 1078 1312 oportet
1099 1243 1232 1292 ante
1247 1227 1506 1290 tribunal
1523 1233 1753 1299 Christi,
1781 1233 1833 1298 8,
1865 1237 1931 1286 ut
1959 1233 2182 1299 referat,
2206 1237 2481 1289 rationem
2511 1237 2728 1301 reddat,
2758 1239 2838 1290 vel
2856 1239 3108 1304 primum
3127 1242 3408 1307 suscipiat,
3435 1239 3831 1310 unusquisque

571 1332 800 1406 propria
826 1328 1097 1401 corporis,
1128 1331 1298 1398 prout
1323 1324 1516 1394 gessit,
1550 1323 1665 1376 sive
1693 1321 1921 1387 bonum,
1953 1322 2069 1375 sive
2098 1321 2327 1376 malum.
2358 1323 2606 1377 Scientes
2635 1339 2788 1393 ergo,
2813 1328 3016 1379 scilicet
3045 1327 3158 1392 hoc,
3191 1327 3451 1381 timorem
3478 1327 3710 1382 Domini
3738 1328 3832 1382 ho—

573 1421 820 1477 minibus
848 1419 1150 1474 suademus
1177 1435 1190 1484 ;
1222 1415 1338 1470 Deo
1367 1418 1576 1479 autem,
1609 1415 1742 1480 quia
1767 1417 1981 1464 terreno
2001 1415 2154 1465 lucro
2176 1427 2290 1465 non
2307 1413 2556 1478 fecimus,
2583 1413 2864 1466 manifesti
2882 1416 3276 1486 sumus.Spero
3306 1422 3496 1470 autem
3528 1422 3586 1470 et
3613 1417 3674 1471 in
3697 1433 3830 1470 con-

573 1509 825 1566 scientiis
857 1506 1070 1570 vestris,
1095 1507 1229 1573 quia
1257 1519 1357 1572 pro
1383 1508 1596 1556 terreno
1623 1505 1777 1554 lucro
1797 1515 1909 1553 non
1927 1501 2311 1567 praedicamus,
2332 1499 2657 1554 manifestos
2669 1516 2781 1554 non
2801 1517 2941 1555 esse.
2973 1503 3324 1570 (ExcusatioJ
3353 1505 3479 1558 Non
3505 1504 3740 1572 iterum,
3771 1510 3833 1560 ut

568 1601 790 1670 possitis
813 1601 1004 1652 contra
1014 1594 1478 1663 pseudoapostolos
1488 1591 1731 1658 gloriari
1741 1603 1904 1656 super
1916 1590 2236 1655 magisterio
2258 1591 2585 1655 nostro,ideo
2598 1591 3058 1646 commendamus
3072 1608 3176 1646 nos
3189 1592 3464 1660 vobis,sed
3480 1595 3833 1648 occasionem

575 1688 778 1742 damus
808 1684 963 1738 vobis
991 1680 1268 1752 gloriandi
1297 1695 1398 1750 pro
1423 1677 1676 1742 nobis,ut
1703 1675 1958 1730 habeatis
1973 1676 2043 1729 ad
2073 1692 2187 1739 eos,
2206 1678 2351 1744 quod
2367 1680 2442 1730 eis
2463 1681 2852 1748 respondeatis,
2876 1679 2972 1749 qui
2998 1680 3059 1734 in
3087 1681 3228 1734 facie
3245 1682 3834 1751 gloriantur,quorum

572 1778 849 1846 gaudium
864 1777 939 1827 est
948 1771 1245 1840 praesentia
1274 1774 1495 1822 tantum
1522 1767 1829 1828 hominum,
1840 1767 1920 1817 vel
1936 1779 2175 1832 quorum
2192 1766 2374 1831 gloria
2395 1770 2468 1818 est
2493 1768 2558 1820 in
2579 1771 2801 1820 tantum
2823 1774 2997 1835 extra,
3022 1776 3079 1822 et
3098 1786 3210 1823 non
3233 1770 3291 1823 in
3319 1771 3485 1825 corde
3497 1773 3628 1825 bene
3649 1789 3829 1840 agere.

575 1863 629 1933 9,
661 1861 750 1922 10.
778 1862 903 1918 Sive
925 1859 1074 1914 enim
1099 1861 1286 1911 mente
1313 1854 1628 1909 excedimus
1647 1854 1730 1918 (id
1746 1853 1999 1918 est,aDei
2011 1852 2211 1906 honore
2229 1855 2601 1921 procedimus;
2633 1859 2719 1910 vel
2745 1871 2956 1910 arcana
2968 1859 3283 1912 divinitatis
3301 1857 3676 1932 praedicando)
3696 1862 3831 1923 Deo;

573 1955 648 2009 ad
676 1953 897 2007 laudem
925 1949 1044 2004 Dei.
1080 1945 1164 2001 11.
1192 1944 1317 2000 Sive
1350 1942 1435 1999 12.
1473 1941 1644 1996 sobrii
1667 1957 1881 2005 sumus,
1911 1939 2085 2007 vobis,
2117 1945 2241 2005 θα
2274 1946 2734 2010 contemperantes
2763 1945 3240 2000 condescendimus
3268 1949 3414 2001 vobis
3435 1964 3612 2001 mores
3631 1955 3836 2002 vestros

571 2035 1184 2096 instruendaCharitas
1204 2031 1353 2087 enim
1371 2031 1579 2086 Christi
1594 2034 1759 2100 urget
1776 2045 1897 2095 nos,
1911 2027 1992 2084 13.
2016 2029 2356 2084 aestimantes
2375 2029 2764 2100 hoc,quoniam
2789 2031 2836 2085 si
2855 2048 3001 2086 unus
3015 2050 3117 2104 pro
3138 2034 3395 2088 omnibus
3413 2041 3676 2090 mortuus
3730 2041 3832 2102 est,
3864 2074 3866 2076 τ

570 2145 706 2200 ergo
732 2142 926 2183 omnes
940 2122 1148 2178 mortui
1162 2127 1294 2176 sunt
1319 2122 1673 2189 consequitur
1682 2119 1826 2187 quod
1854 2133 2040 2171 omnes
2050 2119 2238 2172 debent
2259 2121 2406 2172 mori
2424 2135 2524 2188 pro
2552 2122 2681 2184 illo;
2715 2119 2799 2175 14.
2825 2120 2882 2175 e't
2897 2138 2997 2192 pro
3017 2123 3276 2178 omnibus
3295 2127 3552 2179 mortuus
3570 2130 3661 2179 est
3679 2125 3837 2180 Chri-

572 2223 714 2284 stus,
746 2221 830 2284 ut,
859 2220 918 2270 et
948 2215 1003 2279 (a
1029 2213 1226 2281 simili)
1251 2211 1344 2282 qui
1370 2209 1580 2275 vivunt,
1605 2208 1724 2278 jam
1749 2221 1862 2260 non
1890 2205 1997 2260 sibi
2024 2206 2336 2289 vivant,pro
2367 2223 2422 2260 eo
2452 2211 2794 2276 moriantur,
2814 2209 2912 2263 sed
2935 2211 3006 2277 ei,
3029 2214 3103 2265 ad
3132 2213 3393 2266 honorem
3422 2217 3561 2284 ejus,
3597 2214 3702 2284 qui
3733 2231 3834 2285 pro

573 2306 713 2380 ipsis
740 2309 998 2361 mortuus
1022 2307 1108 2357 est
1134 2305 1192 2355 et
1219 2297 1542 2354 resurrexit.
1580 2295 1664 2352 15.
1706 2296 1923 2367 Itaque,
1954 2312 2078 2364 ergo
2117 2297 2254 2363 quia
2291 2300 2557 2364 surrexit,
2587 2313 2691 2353 nos
2718 2296 2806 2354 16.
2840 2289 2907 2353 ex
2951 2300 3056 2355 hoc
3083 2302 3387 2372 neminem,
3427 2319 3541 2358 non
3569 2304 3836 2359 novimus

1896 2459 2486 2519 COMMENTARIUS.

641 2646 692 2702 5.
721 2641 1202 2711 Peregrinamura
1223 2635 1343 2689 Deo.
1367 2633 1515 2687 Deus
1534 2631 1740 2702 ubique
1771 2635 1874 2696 est,
1907 2629 2005 2684 sed
2026 2630 2158 2701 quia
2175 2639 2224 2696 Α
2242 2631 2313 2685 ab
2342 2632 2440 2686 illa
2465 2632 2761 2688 altitudine
2797 2635 3037 2689 ccelestis
3071 2637 3557 2708 contemplationis
3577 2640 3841 2697 discede-

565 2735 726 2790 sedes
753 2731 856 2788 Dei
883 2729 940 2784 in
967 2726 1120 2783 omlis
1147 2730 1252 2787 est,
1283 2726 1340 2776 et
1371 2721 1486 2775 illic
1512 2735 1732 2789 semper
1760 2719 1998 2781 videtur.
2028 2718 2154 2774 ideo
2234 2725 2372 2780 bant
2397 2724 2469 2778 ad
2497 2713 2862 2779 ordinandam
2895 2725 3062 2780 vitam
3094 2727 3492 2798 subjectorum.
3529 2730 3599 2784 Et
3617 2730 3737 2785 hoc
3763 2733 3841 2786 di-

567 2825 658 2880 hic
687 2821 876 2895 positi,
906 2816 1004 2871 ubi
1037 2829 1150 2869 non
1182 2811 1421 2878 videtur,
1464 2808 1813 2880 peregrinari
1833 2807 1903 2861 ab
1931 2823 1996 2863 eo
2025 2807 2157 2894 dioi-
2237 2814 2313 2870 cit
2341 2831 2400 2869 se
2447 2818 2676 2885 prOpter
2712 2814 3016 2868 utilitatem
3061 2815 3442 2879 subiectorum
3487 2817 3700 2886 facere,
3734 2837 3845 2876 non

563 2929 710 2969 mur.
2236 2909 2465 2974 propter
2492 2903 2799 2958 humanam
2824 2904 3084 2974 gloriam.

633 3000 688 3059 6.
728 3001 938 3056 Laure.
966 2991 1324 3059 Peregrinari
1369 3005 1404 3043 α
1459 3003 1697 3056 corpore.
1743 2986 1903 3052 Quia,
1946 2985 2149 3057 inquit,
2305 2990 2395 3048 12.
2428 2990 2614 3045 Sobrii
2636 3009 2846 3046 sumus.
2875 2993 2984 3046 Pro
3004 2993 3175 3060 vobis,
3204 2994 3408 3065 inquit,
3440 2994 3843 3069 facimus,quia

562 3107 679 3149 non
706 3092 894 3162 potest
918 3081 1042 3138 ﬁeri
1067 3086 1132 3134 ut
1166 3078 1239 3132 ad
1274 3079 1455 3132 Deum
1485 3092 1679 3130 eamus
1709 3091 1960 3146 corpore,
1999 3073 2153 3144 eligi-
2233 3081 2304 3136 de
2325 3079 2479 3136 vobis
2496 3080 2658 3151 quasi
2671 3081 3112 3137 commendando
3143 3099 3267 3153 nos,
3295 3082 3598 3155 loquimur.
3634 3087 3840 3141 Omnia

565 3195 696 3236 mus
712 3175 894 3247 magis
921 3168 1171 3242 separari
1196 3183 1232 3220 a
1251 3181 1500 3237 corpore,
1533 3170 1592 3220 et
1613 3168 1916 3236 praesentes
1943 3179 2066 3217 esse
2083 3163 2156 3216 ad
2237 3169 2387 3224 enim
2407 3175 2636 3241 propter
2661 3186 2760 3224 vos
2803 3170 3058 3238 facimus,
3093 3171 3226 3242 quia
3251 3171 3366 3227 sive
3402 3177 3594 3227 mente
3623 3176 3843 3230 excedi-

563 3270 765 3324 Deum.
2237 3276 2383 3325 mus,
2436 3259 2496 3314 id
2539 3265 2643 3327 est,
2691 3259 2969 3330 profunda
2999 3261 3308 3318 divinitatis
3349 3263 3748 3334 praedicamus,
3782 3267 3841 3322 et

633 3351 686 3409 7.
708 3353 964 3406 AMBROS-
987 3344 1052 3398 Εἰ
1072 3344 1190 3397 ideo
1210 3341 1608 3403 contendimus.
1632 3337 1691 3391 id
1709 3342 1812 3403 est,
1840 3337 2029 3392 είνθίῐι
2050 3337 2155 3394 hac
2234 3349 2341 3404 hoc
2367 3348 2440 3403 ad
2468 3348 2695 3403 laudem
2725 3349 2828 3403 Dei
2861 3369 2872 3416 ;
2906 3350 3020 3404 sive
3038 3350 3213 3405 sobrii
3240 3367 3458 3420 sumus,
3483 3353 3543 3407 id
3569 3359 3681 3424 est,
3705 3356 3834 3411 sub-

560 3441 676 3497 vita
709 3436 900 3510 positi,
917 3433 1033 3488 εἱνθ
1047 3435 1180 3485 ante
1206 3427 1454 3483 tribunal
1479 3425 1688 3482 ChriSti
1711 3430 2014 3496 Ρτεθεθηεθε
2031 3424 2153 3496 ΡῙα·
2235 3438 2482 3492 ditorum
2513 3437 2704 3502 vitam,
2744 3437 3068 3493 intermissa
3111 3441 3585 3511 contemplatione
3614 3444 3831 3516 divina,

558 3543 786 3587 ceamus
798 3525 869 3580 ei.
2228 3527 2495 3593 humana,
2529 3530 3012 3598 contemperantes
3039 3528 3386 3585 ordinamus.

630 3618 683 3674 8.
712 3617 958 3670 AUGUST.
986 3606 1164 3679 (epist.
1201 3602 1322 3662 107.
1363 3603 1529 3658 Vitali
1548 3603 1696 3658 Gart.
1730 3604 1792 3657 de
1815 3603 2025 3693 orando
2046 3617 2150 3671 pro

2307 3613 2393 3671 13.
2425 3617 2775 3670 ιΕδιὺηαηιθδ
2799 3617 2913 3674 hoc.
2956 3616 3370 3686 Existimamus,
3393 3619 3598 3692 inquit,
3627 3623 3768 3693 quia
3783 3624 3829 3677 si

557 3705 882 3767 incredulis,
913 3704 1052 3754 tom.
1084 3695 1178 3763 ΙΙ.)
1215 3695 1278 3749 Ut
1298 3695 1503 3780 referat
1521 3693 1920 3780 unusquisque.
1945 3691 2102 3746 0mm

2288 3705 2491 3762 hristus
2515 3723 2616 3777 pro
2646 3705 2905 3760 omnibus
2933 3712 3187 3762 mortuus
3203 3713 3310 3780 est,
3342 3714 3400 3764 et
3417 3691 3613 3765 omnes
3641 3691 3833 3768 homi-

559 3792 868 3850 astabimus
895 3791 1027 3842 ante
1054 3781 1307 3838 tribunal
1348 3778 1584 3847 Christi;
1624 3784 1690 3834 ut
1733 3779 1942 3834 referat
1977 3794 2154 3834 unus-
2235 3811 2335 3850 nes
2365 3793 2508 3849 mori
2537 3794 2743 3849 debent
2768 3811 2869 3865 pro
2897 3796 3110 3851 honore
3136 3778 3306 3853 illius;

560 3883 797 3956 quisque
821 3875 1130 3934 secundum
1176 3885 1405 3962 ξεί-(ΨΒ
1451 3885 1552 3962 Pi?!‘
1588 3884 1789 3962 corpus
1816 3868 2017 3962 8993“:
2041 3884 2156 3924 Ποη
2311 3883 2397 3939 14.
2425 3885 2494 3938 Et
2515 3899 2620 3952 pro
2661 3886 2914 3938 omnibus
2959 3891 3215 3940 mortuus
3246 3893 3322 3941 est
3367 3889 3637 3944 Christus.
3685 3891 3833 3962 Ergo

558 3970 866 4027 secundum
894 3979 1120 4036 aequa,
1143 3961 1193 4016 si
1220 3957 1432 4014 diutius
1459 3957 1688 4023 viveret,
1706 3962 1970 4026 gesturus
1988 3957 2103 4012 fore

2288 3972 2372 4027 uia
2402 3972 2658 4027 Christus
2687 3977 2942 4027 mortuus
2979 3978 3064 4028 est
3099 3991 3202 4045 pro
3239 3976 3515 4043 omnibus,
3537 3980 3833 4034 neminem

555 4061 673 4116 sive
693 4057 927 4122 bonum,
963 4054 1078 4108 sive
1102 4049 1348 4108 .malum-
1382 4047 1602 4102 Seimus
1646 4046 1818 4100 etiam
1867 4047 2146 4118 ΡαΓνυῙοε,
2170 4046 2215 4056 ”
2233 4060 2609 4133 approbemus
2635 4061 2944 4117 secundum
2973 4079 3202 4117 carnem
3227 4064 3523 4120 viventem.
3555 4066 3628 4121 Et
3653 4069 3705 4122 si
3737 4086 3832 4124 co-

557 4147 865 4204 secundum
901 4160 970 4199 ea
987 4157 1110 4214 quae
1130 4155 1232 4211 per
1259 4151 1460 4208 corpus
1479 4143 1794 4206 gesserunt,
1826 4141 2151 4207 recepturos
2230 4151 2424 4221 gnovit
2451 4150 2781 4221 priusquam
2805 4151 2864 4204 in
2894 4149 3181 4206 Christum
3221 4153 3476 4208 crederet
3497 4156 3827 4225 Apostolus,

553 4237 643 4292 vel
678 4235 890 4290 bonum
916 4231 1004 4286 vel
1031 4229 1264 4283 malum.
1296 4226 1609 4280 Gesserunt
1647 4229 1839 4280 autem
1889 4240 2004 4280 non
2049 4241 2152 4295 per
2231 4240 2540 4296 secundum
2567 4255 2793 4295 carnem
2821 4239 2977 4294 novit
3003 4256 3152 4308 eum,
3197 4242 3330 4312 quia
3377 4243 3665 4300 hominem
3699 4253 3830 4301 tan.

550 4325 789 4396 seipsos,
821 4320 922 4376 sed
943 4334 1045 4390 per
1061 4333 1162 4372 eos
1181 4315 1280 4388 qui
1306 4331 1407 4386 pro
1433 4314 1545 4370 illis
1577 4314 2062 4386 respondentibus,
2091 4320 2149 4369 et
2227 4335 2352 4385 tum
2383 4327 2721 4384 ωειίωεδεη,

551 4411 880 4469 renuntiare
911 4406 1132 4462 diabolo
1161 4405 1446 4471 dicuntur,
1476 4408 1533 4458 et
1556 4404 1783 4458 credere
1827 4403 1888 4458 in
1915 4403 2097 4459 Deum
2129 4421 2142 4458 :
2305 4418 2383 4474 15,
2420 4420 2607 4486 Itaque
2621 4433 2731 4484 υοε,
2765 4417 2826 4472 id
2853 4421 2956 4484 est,
2982 4409 3116 4488 quia
3141 4419 3399 4475 Christus
3424 4437 3524 4492 pro
3551 4424 3822 4480 omnibus

545 4502 712 4560 Unde
737 4505 798 4556 et
818 4499 880 4554 in
894 4511 1129 4552 numero
1151 4493 1404 4549 ﬁdelium
1421 4497 1835 4564 computantur,
1865 4492 2090 4563 pertinel

2277 4509 2482 4561 mrtuus
2502 4509 2605 4573 est,
2636 4510 2702 4560 ut
2727 4522 3040 4578 omnespro
3064 4508 3275 4563 honore
3289 4509 3451 4564 illius
3479 4512 3822 4569 moriantur.

547 4597 638 4648 tes
660 4590 734 4644 ad
761 4585 1101 4644 sententiam
1133 4582 1358 4639 Domini
1409 4582 1644 4638 dicentis
1677 4601 1688 4636 ε
1721 4583 1829 4650 Qui
1851 4584 2145 4637 σνεάίάθνίε
2227 4595 2306 4650 Ex
2333 4595 2437 4649 hac
2472 4594 2920 4650 consideratione
2958 4595 3244 4652 neminem
3285 4599 3557 4665 novimus,
3601 4601 3676 4656 id.
3711 4610 3817 4670 est,

549 4685 602 4736 et
630 4681 938 4749 baptizatus
965 4675 1159 4744 fuerit,
1191 4673 1374 4727 salvus
1404 4675 1511 4727 erit
1538 4673 1728 4740 (Marc.
1760 4672 1894 4739 xvr).

2274 4681 2600 4754 pprobamus
2627 4685 2937 4739 secundum
2990 4701 3216 4741 carnem
3268 4687 3566 4756 viventem,
3605 4696 3666 4745 et
3713 4709 3819 4748 sua

622 4767 677 4825 9.
714 4768 958 4822 Ausus'r.
997 4767 1183 4836 (tract.
1215 4761 1246 4815 7
1277 4764 1344 4816 in
1374 4762 1584 4829 Evang.
1623 4763 1810 4826 Joan.,
1842 4764 1980 4813 tom.
2008 4760 2133 4825 IX),

1842 4764 1980 4813 tom-
2008 4760 2102 4825 ῙΧ)
2119 4807 2133 4820 .
2225 4777 2585 4844 quaerentem,
2619 4777 2678 4827 et
2702 4789 2816 4828 non
2846 4789 2968 4845 quae
2992 4773 3125 4830 Jesu
3145 4775 3370 4831 Christi.

549 4859 676 4915 Sive
693 4857 844 4910 enim
864 4859 1042 4908 mente
1068 4853 1392 4907 escedimus.
1421 4851 1568 4915 Quid
1593 4854 1680 4904 est
1700 4853 1890 4902 mente
1911 4865 2094 4904 excess

2298 4859 2384 4918 16.
2407 4863 2648 4919 Auens'r.
2684 4862 2802 4932 (lib.
2830 4877 2872 4917 II
2900 4869 3095 4918 contra
3123 4865 3332 4933 Faust.,
3355 4882 3402 4920 c.
3435 4864 3487 4921 7.
3514 4871 3651 4921 tom.
3691 4869 3818 4937 VI.)

547 4945 712 5001 mus?
743 4944 818 4998 Ut
844 4942 944 4997 illa
965 4941 1254 5003 Videamus
1276 4956 1398 5011 quae
1428 4955 1542 4995 non
1569 4938 1702 4992 licet
1729 4937 1944 4992 homini
1965 4937 2136 5009 loqui-
2220 4951 2306 5005 Ea:
2347 4951 2444 5005 hoc
2478 4954 2774 5008 neminem.
2807 4952 3003 5023 Itaque
3031 4969 3134 5006 nos
3161 4955 3363 5009 amodo
3391 4955 3682 5011 neminem
3720 4974 3820 5012 no-

546 5035 695 5101 Quid
723 5038 810 5096 est
824 5037 1205 5104 temperantes
1232 5047 1427 5085 sumus
1452 5027 1641 5083 V0bi37
1659 5028 1801 5093 Νοηρ
1829 5027 2034 5098 inquit,
2051 5031 2141 5098 ju-
2220 5037 2400 5092 vimus
2427 5039 2734 5094 secundum
2761 5056 3007 5094 carnem.
3053 5041 3161 5095 Sed
3191 5042 3324 5113 quia
3352 5043 3578 5098 illorum
3619 5062 3817 5102 secum

539 5124 727 5181 dicavi
752 5140 838 5178 me
861 5123 1000 5176 scire
1023 5122 1244 5190 aliquid
1281 5123 1433 5174 inter
1457 5134 1566 5185 vos,
1606 5118 1721 5171 nisi
1752 5116 2032 5172 Christum
2050 5119 2138 5172 Je-
2220 5126 2391 5181 vitam
2440 5127 2706 5194 futuram,
2759 5134 3031 5200 tamquam
3062 5136 3398 5200 Praesemem
3444 5133 3820 5191 meditabitur

543 5230 691 5282 sum,
722 5219 773 5268 et
790 5213 939 5266 hunc
964 5212 1314 5278 cruciﬁxum.
2219 5213 2346 5287 [at.,
2371 5215 2768 5289 meditabatur]
2784 5218 2898 5288 .qui
2913 5224 3270 5289 resurgentes
3285 5221 3810 5280 commutabuntur.

609 5301 698 5360 10.
731 5303 946 5357 LANFR.
975 5302 1151 5355 Mente
1177 5299 1505 5352 accedimus.
1536 5295 1725 5348 Mente
1753 5294 2017 5350 excedere
2053 5301 2139 5352 est
2216 5304 2452 5371 Amodo,
2484 5305 2686 5377 inquit,
2709 5306 2994 5360 neminem
3039 5309 3348 5364 secundum
3390 5326 3614 5364 carnem
3644 5315 3814 5369 novi-

541 5391 607 5446 -in
643 5391 834 5445 divina
857 5386 1332 5459 contemplatione
1365 5400 1508 5452 esse,
1541 5389 1600 5439 et
1625 5385 1731 5440 hoc
1756 5385 1892 5441 dicit
1916 5402 1975 5442 se
2004 5404 2135 5458 pro-
2216 5409 2362 5461 mus,
2391 5393 2450 5448 id
2477 5399 2581 5461 est,
2609 5399 2728 5449 tam
2749 5401 2962 5450 certam
2981 5413 3140 5468 spem
3164 5402 3422 5453 tenemus
3447 5398 3651 5454 futurae
3682 5418 3814 5457 nos—

542 5484 672 5554 pter
689 5479 888 5547 Deum,
914 5494 1026 5535 non
1051 5479 1282 5550 propter
1307 5473 1532 5530 laudem
1553 5473 1848 5532 hominum
1867 5475 2068 5534 facere.
2215 5486 2317 5538 trs:
2369 5481 2834 5555 incorporationis
2877 5491 2934 5540 et
2968 5485 3429 5550 immortalitatis,
3490 5493 3554 5543 ut
3597 5491 3809 5548 amodo

619 5567 702 5627 ll.
732 5569 856 5627 Sive
872 5570 1045 5626 sobrii
1065 5580 1280 5622 sumus.
1312 5561 1499 5620 Sobrii
1527 5568 1691 5621 erant
1713 5567 1977 5640 apostoli,
2003 5583 2134 5626 cum
2208 5571 2414 5641 jamin
2433 5569 2565 5643 ipsa.
2575 5571 2782 5628 notitia
2799 5573 3183 5644 gaudeamus.
