3912 6422
587 393 694 448 935
1566 391 1628 444 B.
1671 373 2083 445 LANFRANCI
2128 387 2486 443 CANTUAR.
2528 384 2863 438 ARCllIEP.
3020 406 3027 413 -
3070 413 3075 417 η
3668 428 3675 431 .
3738 390 3830 444 23s

582 520 807 592 gustiis,
834 517 1195 587 compedibus,
1225 518 1308 569 vel
1327 517 1460 568 aliis
1473 516 1732 581 vinculis,
1749 515 1809 569 in
1831 516 2032 585 plagis,
2053 515 2111 568 in
2134 511 2467 575 carceribus,
2488 512 2538 564 5.
2563 510 2619 563 in
2634 507 3023 571 seditionibus,
3050 512 3100 563 6.
3125 508 3494 575 inlaboribus,
3509 514 3832 566 voluntariis

562 612 667 683 ,vel
679 605 960 672 coactis,in
971 603 1384 675 vigiliis,simili
1387 607 1468 656 ter
1483 606 1564 656 vel
1578 604 1933 666 voluntariis,
1942 608 2020 657 vel
2033 605 2225 656 coactis
2234 598 2672 669 ,injejuniiszex-h
2682 600 2851 651 ibeam
2860 613 2926 649 us
2940 600 3553 665 nos,inquam,99Dei
3564 616 3613 652 m
3622 603 3833 654 inistros

582 697 645 753 in
658 696 937 760 castitate,
951 692 1011 748 in
1027 691 1276 757 scientia,
1301 693 1432 759 legis
1452 695 1501 743 et
1511 691 1818 758 Evangelii,
1837 693 1891 744 7.
1907 691 1965 745 in
1978 689 2427 761 longanimitate,
2446 690 2508 740 in
2529 688 2915 753 exspectatione
2928 688 3334 753 promissorum
3347 688 3462 752 Dei,
3491 704 3616 741 cum
3645 690 3833 741 alacri-

587 788 698 839 tate
715 786 935 848 mentis,
962 781 1022 835 in
1042 779 1317 835 suavitate
1332 780 1535 846 (suavis
1558 782 1695 843 erat,
1712 781 1849 846 quia
1874 783 2015 832 sicut
2045 779 2330 845 arguebat,
2359 780 2440 830 ita
2460 779 2509 828 et
2538 774 2966 837 blandiebatur),
2998 772 3056 826 in
3086 773 3298 844 Spiritu
3327 781 3538 838 sancto,
3573 775 3632 828 in
3661 776 3833 829 chari-

580 877 704 928 tate
719 887 833 927 non
851 871 999 936 ﬁcta,
1023 866 1262 923 inverbo
1276 865 1527 921 veritatis
1547 866 1794 935 (verbum
1818 868 2068 920 veritatis
2098 868 2162 918 in
2205 868 2320 933 ejus
2359 864 2631 926 doctrina,
2666 864 2800 930 quia
2825 877 2934 915 non
2979 864 3141 915 aliud
3183 864 3446 929 tradebat,
3477 880 3647 933 quam
3678 881 3711 918 a
3739 867 3833 919 Deo

580 957 962 1029 acceperat),8.
989 957 1049 1011 in
1068 956 1273 1011 virtute
1295 955 1418 1022 Dei,
1439 952 1598 1020 9,10,
1618 952 1699 1009 11.
1720 970 1822 1024 per
1834 952 2239 1029 armajustitiee
2258 951 2339 1008 12.
2360 967 2395 1005 a
2414 949 2623 1004 dextris
2638 954 2696 1003 et
2713 966 2748 1003 a
2763 949 3022 1014 sinistris,
3045 953 3107 1003 in
3122 954 3399 1019 prosperis
3420 959 3469 1005 et
3488 956 3551 1007 in
3580 954 3829 1020 adversis,

577 1064 682 1121 per
701 1043 939 1118 gloriam
967 1047 1206 1114 (exponit
1224 1060 1260 1098 a
1292 1045 1499 1097 dextris
1528 1047 1577 1096 et
1599 1059 1635 1096 a
1658 1040 1938 1117 sinistris)
1956 1048 2013 1097 et
2050 1040 2130 1098 13.
2165 1038 2600 1111 ignobilitatem;
2633 1054 2734 1108 per
2760 1036 3051 1092 infamiam
3078 1043 3135 1091 et
3152 1037 3359 1092 bonam
3396 1040 3625 1107 famam,
3662 1042 3737 1107 14,
3776 1048 3833 1096 ut

576 1136 898 1192 seductores
919 1138 976 1189 et
1004 1149 1248 1196 veraces,
1278 1130 1424 1186 sicut
1451 1130 1547 1202 qui
1594 1130 1775 1199 ignoti
1812 1135 2088 1199 putamur
2118 1145 2231 1183 non
2263 1130 2413 1181 nosci
2436 1142 2471 1179 a
2500 1128 2619 1190 Deo,
2646 1131 2703 1179 et
2721 1126 2929 1196 cogniti
2956 1128 3079 1192 Deo,
3104 1127 3264 1197 quasi
3286 1129 3610 1193 morientes,
3643 1137 3700 1183 et
3716 1145 3831 1184 ecce

572 1225 830 1290 vivimus,
851 1224 912 1277 id
939 1227 1035 1288 est,
1062 1223 1327 1287 libertati,
1342 1224 1409 1274 ut
1423 1218 1753 1290 castigati,a
1778 1221 1902 1284 Deo,
1935 1220 2019 1273 vel
2049 1219 2116 1272 ab
2132 1217 2467 1278 hominibus,
2505 1219 2562 1268 et
2579 1230 2691 1268 non
2708 1214 3045 1280 mortiﬁcati,
3072 1216 3228 1286 quasi
3256 1217 3468 1284 tristes,
3496 1234 3721 1289 semper
3746 1235 3831 1273 au-

571 1318 690 1369 tem
713 1311 1046 1383 gaudentes,
1077 1308 1224 1364 sicut
1244 1307 1715 1379 egentes,multos
1734 1312 1923 1361 autem
1947 1306 2370 1377 locupletantes,
2402 1309 2675 1374 tanquam
2702 1303 2843 1357 nihil
2870 1303 3161 1370 habentes,
3195 1309 3252 1359 et
3294 1308 3483 1360 omnia
3520 1309 3640 1361 ideo
3668 1307 3831 1378 possi-

571 1398 899 1466 dentes.15,
923 1397 1098 1454 16.03
1118 1401 1374 1451 nostrum
1398 1399 1555 1466 patet
1568 1395 1639 1449 ad
1657 1397 1850 1461 vos,id
1870 1399 1963 1459 est,
1996 1398 2177 1449 multa
2209 1395 2494 1462 loquimur
2521 1394 2685 1456 vobis,
2720 1409 2752 1445 ο
2773 1392 3070 1459 Corinthii,
3102 1410 3198 1447 cor
3249 1400 3505 1448 nostrum
3538 1394 3830 1451 dilatatam

571 1494 678 1557 est,
691 1488 777 1543 vel
787 1490 852 1541 in
860 1486 1326 1555 pradicandomel
1346 1487 1411 1537 in
1425 1485 1627 1538 dando.
1648 1481 1731 1538 17.
1758 1481 1843 1539 48.
1859 1484 1987 1537 Non
2009 1481 2409 1553 angustiamini
2422 1482 2478 1534 in
2497 1480 2677 1547 nobis;
2698 1483 2935 1549 eaemplo
2953 1484 3133 1534 nostri
3147 1498 3257 1535 non
3273 1485 3398 1536 estis
3418 1486 3583 1536 avari
3591 1502 3614 1551 ;
3636 1500 3830 1556 angus-

568 1575 794 1633 tiamini
810 1578 1001 1630 autem
1016 1574 1076 1628 in
1090 1571 1395 1627 visceribus
1414 1571 1630 1638 vestris,
1655 1573 1717 1625 id
1735 1578 1869 1639 est,a
1885 1574 2032 1625 vobis
2047 1573 2326 1640 awepistis
2346 1571 2494 1624 illud
2512 1572 2714 1623 vitium
2735 1587 2746 1622 :
2762 1569 3018 1623 eamdem
3040 1576 3226 1624 autem
3238 1571 3457 1636 ,scilicet
3481 1588 3654 1641 quam
3674 1579 3723 1628 et
3742 1590 3830 1628 nos

568 1667 838 1731 homines,
867 1662 1140 1717 habentes
1173 1662 1485 1727 (diasirtiea
1514 1661 1798 1729 locutione)
1817 1659 2328 1716 remunerationem
2355 1660 2452 1728 (ne
2471 1663 2744 1728 putarent
2764 1661 2974 1712 ironice
2998 1660 3197 1712 dixisse
3224 1660 3398 1727 addit)
3443 1658 3529 1717 19.
3562 1665 3830 1733 tanquam

564 1753 701 1810 ﬁliis
725 1752 869 1817 dico,
903 1747 1222 1805 dilatamini
1249 1752 1308 1803 et
1340 1764 1454 1812 vos,
1482 1752 1639 1802 estote
1660 1750 2022 1817 benigniores.
2052 1749 2240 1803 Nolite
2249 1749 2451 1818 jugum
2471 1749 2725 1801 avaritia:
2735 1747 2938 1802 ducere
2958 1763 3086 1802 cum
3107 1747 3447 1815 inﬁdelibus,
3470 1751 3532 1803 id
3550 1756 3649 1816 est,
3668 1754 3831 1805 nolite

563 1844 774 1898 similes
805 1856 911 1895 esse
930 1839 1262 1906 inﬁdelibus.
1284 1837 1421 1902 Quae
1441 1835 1590 1891 enim
1610 1837 1964 1909 participatio
1975 1837 2209 1908 justitiae
2229 1838 2541 1905 (qualitates
2558 1851 2661 1904 pro
2696 1836 2975 1904 qualibus)
2989 1851 3115 1889 cum
3154 1842 3193 1902 Ι
3207 1841 3337 1901 00
3363 1836 3697 1907 iniquitate?
3722 1840 3832 1893 Aut

568 1946 694 2003 quae
714 1927 950 1984 societas
965 1925 1104 1981 lucis
1119 1926 1189 1981 ad
1210 1925 1511 1981 tenebras?
1539 1925 1673 1989 Quae
1697 1930 1889 1980 autem
1917 1925 2208 1980 conventio
2229 1924 2435 1979 Christi
2460 1925 2529 1978 ad
2558 1924 2770 1978 Belial?
2799 1926 2913 1978 Aut
2937 1940 3060 1995 quae
3090 1941 3220 1995 pars
3247 1925 3401 1979 ﬁdeli
3423 1941 3551 1979 cum
3575 1926 3829 1981 inﬁdeli?

562 2019 674 2084 Qui
693 2022 884 2073 autem
911 2031 1216 2070 consensus
1233 2015 1444 2086 templo
1463 2013 1567 2069 Dei
1588 2029 1717 2069 cum
1748 2013 1957 2068 idolis?
1982 2013 2073 2070 20.
2101 2014 2215 2068 Vos
2244 2013 2396 2067 enim
2427 2011 2558 2066 estis
2586 2012 2862 2082 templum
2892 2012 2993 2066 Dei
3021 2013 3146 2079 vivi,
3185 2013 3331 2067 sicut
3353 2013 3487 2068 dicit
3504 2015 3659 2070 Deus
3693 2034 3705 2068 :
3740 2016 3824 2072 21.

560 2106 840 2173 Quoniam
867 2102 1193 2159 inhabitabo
1221 2102 1279 2158 in
1310 2103 1508 2170 illis,et
1533 2101 1893 2157 inambulabo
1920 2102 2070 2157 inter
2121 2106 2299 2168 eos,et
2354 2118 2450 2156 ero
2468 2100 2693 2155 illorum
2720 2102 2952 2168 Deus,et
2978 2101 3086 2172 ipsi
3117 2109 3284 2156 erunt
3312 2103 3451 2156 mihi
3466 2102 3826 2174 populus.22.

540 2184 797 2268 (Propter
814 2192 988 2266 quod,
1015 2194 1151 2263 quia
1178 2195 1444 2261 templum
1465 2193 1567 2247 Dei
1585 2194 1729 2261 estis,
1751 2190 1895 2246 exite
1924 2196 2100 2246 mente
2127 2191 2197 2245 de
2218 2189 2404 2245 medio
2431 2206 2647 2258 eorum,
2679 2194 2738 2244 et
2762 2189 3123 2261 separamini,
3148 2190 3583 2257 dicit_Dominus
3607 2209 3620 2246 :
3662 2196 3829 2249 nolite

1889 2331 2483 2391 COMMENTARIUS.

620 2459 676 2523 5.
701 2462 770 2521 In
796 2459 1177 2521 seditionibus.
1208 2459 1275 2521 In
1297 2466 1521 2519 tantum
1544 2460 1660 2520 Deo
1688 2458 1920 2520 devotus
1937 2464 2149 2531 erat,ut
2162 2463 2216 2527 Α
2233 2464 2431 2527 tatem,
2463 2454 2522 2516 id
2548 2463 2634 2516 est
2660 2458 2952 2527 vilitatem,
3004 2457 3053 2516 si
3089 2457 3226 2516 viles
3274 2457 3454 2517 habiti
3512 2456 3717 2530 simus,
3758 2476 3827 2517 ne

546 2569 652 2610 nec
674 2553 876 2609 seditio
904 2553 1192 2619 ﬁduciam,
1220 2569 1390 2625 quam
1412 2553 1472 2608 in
1495 2553 1611 2608 Deo
1638 2552 1902 2620 habebat,
1930 2553 2145 2606 minue—
2225 2551 2571 2622 frangamur.

542 2647 652 2698 ret.
2300 2638 2381 2695 l4.
2419 2640 2483 2693 Ut
2510 2640 2834 2692 seductores.
2867 2638 3038 2702 Quasi
3067 2638 3311 2693 diceret:
3344 2640 3471 2694 Non
3499 2644 3587 2694 est
3600 2641 3821 2695 miran-

613 2729 670 2786 6.
703 2731 772 2785 In
794 2731 1097 2785 laboribus.
1133 2728 1392 2784 Manibus
1423 2729 1573 2784 enim
1600 2728 1910 2796 laborabat,
1950 2744 2023 2784 ne
2050 2728 2140 2783 cui
2222 2728 2356 2782 dum
2396 2727 2443 2781 si
2472 2727 2859 2798 vituperamur
2875 2733 2931 2780 et
2949 2727 3264 2794 laudamur,
3297 2728 3431 2799 quia
3479 2728 3575 2782 alii
3614 2735 3827 2800 putant

542 2818 732 2891 gravis
756 2823 921 2873 esset.
2220 2832 2322 2870 nos
2344 2816 2687 2879 seductores,
2721 2815 2816 2869 alii
2841 2831 3082 2883 veraces,
3118 2820 3175 2870 et
3215 2816 3311 2869 alii
3355 2825 3729 2887 cognoscunt,
3770 2823 3827 2873 et

522 2918 529 2925 '
616 2907 672 2965 7.
700 2908 947 2963 Auenos.
980 2906 1049 2961 In
1079 2908 1525 2974 longanimitate.
1557 2905 1801 2960 Grandis
1813 2905 1987 2961 animi
2015 2910 2138 2960 erat

520 2997 605 3052 in
632 2995 952 3067 badulandis
980 2993 1405 3049 inﬁrmitatibus
1436 2994 1697 3048 fratrum.

614 3082 670 3141 8.
699 3086 1000 3140 In'virtute
1017 3084 1138 3136 Dei.
1153 3082 1348 3137 Virtus
1369 3081 1430 3136 in
1444 3098 1512 3136 eo
1530 3087 1670 3150 erat,
1703 3099 1825 3152 quae
1856 3099 1957 3155 per
1975 3083 2135 3153 signa

543 3177 604 3227 et
623 3170 883 3244 prodigia
910 3169 1177 3224 idoneum
1206 3186 1267 3224 se
1304 3170 1626 3225 ministrum
1650 3171 1941 3242 probabat.

606 3259 671 3317 '9.
692 3262 796 3314 Per
811 3261 1238 3326 armajustitia.
1281 3258 1549 3314 Liberum
1578 3276 1637 3314 se
1664 3260 1836 3314 fuisse
1861 3261 2141 3331 signiﬁcat

541 3346 803 3405 ﬁdelibus
823 3345 1212 3413 etincredulis,
1231 3347 1365 3401 dum
1376 3347 1467 3402 his
1492 3347 1588 3418 qui
1613 3347 1978 3418 Evangelium
2016 3349 2140 3419 glo-

541 3436 710 3504 riam,
728 3440 787 3490 et
816 3435 898 3489 eis
948 3434 1045 3505 qui
1071 3434 1490 3505 ignobilitatem
1529 3436 1824 3507 putabant,
1854 3442 1912 3491 et
1938 3437 2025 3491 his
2045 3437 2140 3508 qui

516 3525 676 3582 ’ﬁdei
703 3524 910 3580 bonam
941 3522 1170 3591 famam,
1203 3528 1263 3577 et
1291 3524 1387 3595 qui
1415 3524 1624 3578 malam
1661 3525 1958 3592 faciebant,
1990 3525 2139 3580 inte-

512 3620 517 3625 ”
540 3629 715 3685 grum
741 3618 799 3667 et
817 3615 1166 3666 constantem
1194 3627 1255 3666 se
1276 3611 1517 3683 praebuit

2219 2904 2313 2957 alii
2334 2905 2612 2971 nesciunt,
2638 2911 2695 2958 et
2713 2909 2916 2958 caetera
2944 2921 3066 2974 quae
3095 2910 3427 2973 sequuntur.

2292 2993 2376 3049 15.
2409 2994 2475 3047 0s
2489 2998 2742 3046 nostrum
2756 2998 2907 3060 patet
2926 2994 3000 3046 ad
3026 3009 3132 3046 vos.
3184 2992 3494 3062 Redarguit
3520 2994 3824 3049 avaritiam

2220 3097 2432 3146 eorum,
2464 3085 2522 3134 et
2549 3080 2687 3134 dicit
2722 3096 2817 3134 eos
2847 3096 2881 3134 a
2908 3096 2968 3135 se
3026 3097 3139 3135 non
3187 3081 3466 3152 accepisse
3492 3083 3823 3138 tenacitatis

2221 3170 2557 3241 exemplum,
2584 3169 2718 3240 quia
2735 3184 2831 3223 cor
2857 3185 3021 3224 suum
3036 3170 3096 3224 in
3115 3169 3300 3225 dando
3328 3169 3581 3241 amplum
3612 3176 3674 3226 et
3685 3172 3825 3226 dila-

2220 3265 2403 3312 tatum
2429 3264 2534 3312 est.

2296 3344 2381 3402 16.
2412 3348 2659 3401 Annaos.
2691 3346 2757 3402 0s
2778 3352 3033 3401 nostrum
3044 3353 3192 3416 patet
3220 3349 3407 3402 adeas.
3443 3348 3560 3402 Hoc
3582 3347 3823 3403 liberta-

2220 3435 2296 3488 tis
2322 3451 2491 3489 causa
2528 3435 2798 3507 loquitur,
2831 3440 2888 3489 et
2906 3452 3060 3507 purae
3087 3436 3460 3491 conscientiae.
3499 3436 3650 3491 Male
3691 3435 3821 3510 [al.,

2223 3522 2379 3593 mali]
2399 3523 2548 3577 enim
2565 3522 2671 3578 sibi
2685 3523 3077 3578 consciamens
3109 3524 3262 3595 loqui
3285 3523 3549 3594 trepidat,
3585 3540 3824 3581 sensum

2221 3611 2424 3682 perdit,
2441 3611 2504 3666 in
2526 3611 2707 3666 verbis
2729 3618 2898 3667 errat.
3100 3618 3111 3627 ‘

610 3698 704 3758 10.
721 3703 968 3757 AUGUST.
1005 3701 1201 3767 (Enar.
1226 3703 1291 3754 in
1306 3704 1451 3770 psal.
1486 3713 1630 3767 xcm,
1656 3705 1796 3755 tom.
1828 3701 2003 3771 VIII).
2038 3697 2199 3756 PerB
2292 3697 2375 3754 17.
2410 3703 2535 3754 Non
2558 3703 2992 3768 angustiamini.
3012 3700 3148 3769 Hoc,
3172 3700 3323 3767 dicit,
3340 3712 3453 3755 non
3481 3705 3606 3755 erat
3633 3704 3825 3774 magi-

542 3789 949 3847 arma.Malitia
964 3788 1114 3844 enim
1127 3788 1450 3860 iniquorum
1463 3789 1692 3843 sinistra
1711 3794 1847 3843 sunt
1873 3806 2032 3843 arma
2040 3790 2136 3860 ju-

540 3885 777 3948 storum,
794 3879 941 3934 sicut
954 3877 1104 3932 idem
1133 3877 1274 3931 dicit
1307 3882 1327 3930 :'
1351 3880 1455 3932 Per
1473 3892 1641 3931 arma
1663 3880 1898 3946 justitiae
1916 3879 2137 3931 dewtera

539 3976 590 4025 et
615 3967 945 4034 sinistra,id
960 3971 1066 4031 est,
1086 3982 1190 4037 per
1203 3965 1442 4036 gloriam
1480 3969 1538 4019 et
1578 3963 2016 4035 ignobilitatem;
2056 3970 2137 4019 at-

541 4073 650 4131 que
678 4057 761 4111 ita
789 4055 1052 4126 deinceps
1082 4058 1285 4108 cuncta
1318 4052 1658 4125 exsequitur.
1699 4053 1943 4107 Dextera
1978 4070 2138 4108 arma

539 4145 932 4200 demonstrans
981 4142 1241 4213 gloriam,
1302 4141 1506 4197 bonam
1561 4141 1790 4207 famam,
1822 4142 2133 4209 veritatem,

540 4232 690 4305 quod
710 4231 975 4302 [al.,qua]
990 4229 1485 4301 cognoscebantur,
1509 4229 1657 4301 quod
1684 4229 1966 4297 videbant,
1987 4231 2136 4302 quod

512 4336 517 4341 '
537 4333 653 4374 non
672 4318 1180 4387 mortiﬁcabantur,
1213 4320 1363 4391 quod
1384 4318 1726 4390 gaudebant,
1759 4320 1908 4390 quod
1926 4321 2134 4376 multos

538 4405 816 4473 ditabant,
849 4407 1000 4478 quod
1029 4408 1221 4462 omnia
1264 4407 1651 4480 possidebant.
1693 4408 1933 4464 Sinistra
1976 4426 2126 4479 vero,

540 4493 692 4567 quod
718 4494 993 4566 ignobiles
1021 4501 1078 4550 et
1104 4497 1265 4551 malae
1284 4496 1447 4551 famae
1475 4496 1846 4565 habebantur,
1879 4498 2027 4569 quod
2047 4516 2130 4554 se-

538 4583 803 4639 ductores
848 4583 1214 4655 putabantur,
1247 4586 1394 4657 quod
1444 4585 1870 4656 ignorabantur,
1921 4587 2132 4643 occide-

539 4671 763 4741 bantur,
796 4672 1216 4741 coercebantur,
1241 4673 1738 4743 contristabantur,
1760 4691 1924 4747 egere
1957 4692 2022 4731 ac
2048 4677 2132 4732 ni-

534 4760 617 4816 hil
638 4760 845 4816 habere
864 4762 1217 4818 videbantur.

604 4848 696 4906 11.
718 4850 928 4908 Larum.
951 4853 1058 4906 Per
1074 4868 1257 4906 arma.
1285 4852 1396 4907 Per
1407 4868 1567 4906 arma
1587 4851 1823 4922 justitiae
1850 4852 1897 4907 si
1924 4854 2129 4909 muniti

533 4938 593 4995 in
612 4939 899 5011 prosperis
925 4944 984 4995 et
1028 4940 1297 5008 adversis,
1331 4945 1390 4995 et
1424 4939 1541 4995 sive
1564 4940 1793 5011 gloriosi
1821 4941 1935 4996 sive
1971 4942 2123 5012 viles,

530 5044 655 5099 seu,
684 5016 1064 5085 infames'sive
1092 5029 1252 5084 bona
1271 5029 1435 5083 fama;
1462 5028 1791 5084 habeamur.

604 5114 699 5176 12.
738 5118 780 5174 Α
814 5119 1022 5173 ἀθωινίε
1053 5123 1102 5172 et
1127 5133 1162 5171 a
1180 5119 1451 5171 sinistris.
1480 5116 1854 5173 Exhibeamus
1877 5135 1998 5187 nos,
2027 5121 2130 5177 sci-

526 5204 661 5261 licet
673 5205 777 5262 Dei
804 5206 1098 5261 ministros
1123 5205 1412 5260 habendos
1421 5205 1888 5279 justitiam,quasi
1902 5208 2123 5280 libram,

528 5298 596 5349 ut
621 5310 737 5351 non
768 5295 1118 5367 pendeamus
1157 5294 1217 5349 in
1245 5293 1391 5348 hanc
1409 5298 1651 5365 partem,
1684 5297 1767 5349 vel
1793 5297 1852 5352 in
1871 5298 2035 5367 hanc,
2067 5300 2126 5356 id

526 5387 634 5452 est,
663 5399 779 5439 non
795 5381 1128 5456 frangamur
1156 5382 1426 5451 adversis,
1459 5398 1564 5439 nec
1584 5385 1866 5441 elevemur
1891 5403 2124 5461 prospe-

521 5487 623 5528 1‘18.

2222 3787 2355 3842 stris
2376 3787 2856 3857 ascribendum,si
2872 3789 3129 3860 discipuli
3146 3790 3294 3843 male
3329 3795 3646 3859 uterentur,
3683 3792 3823 3864 quia

2220 3877 2368 3947 quod
2396 3878 2707 3948 pertineret
2736 3879 2806 3932 ad
2826 3877 3126 3949 magistros
3150 3894 3262 3932 non
3291 3879 3569 3941 tacuerit.

2285 3965 2375 4020 18.
2400 3965 2607 4021 LANFR.
2645 3965 3280 4036 Nonangustiaminild
3298 3973 3401 4035 est,
3424 3969 3483 4024 in
3512 3966 3682 4023 nobis
3707 3987 3824 4026 non

2216 4053 2416 4108 videtis
2436 4057 2710 4126 angustiae
2736 4062 2792 4110 et
2812 4055 3135 4110 tenacitatis
3155 4058 3493 4128 exemplum,
3516 4044 3625 4112 sed
3646 4058 3825 4129 hujus

2216 4142 2336 4196 vitii
2364 4143 2540 4198 fomes
2564 4151 2649 4198 est
2675 4144 2736 4198 in
2764 4144 3066 4199 visceribus
3097 4145 3311 4200 vestris.

2293 4229 2375 4287 19.
2411 4234 2698 4301 Tanquam
2727 4236 2861 4301 ﬁliis
2898 4235 3037 4287 dico.
3091 4233 3276 4288 Ordo:
3326 4234 3619 4305 Tanquam
3681 4235 3822 4292 ﬁliis

2214 4319 2339 4374 dico
2377 4320 2649 4375 habentes
2703 4321 2960 4376 eamdem
3004 4323 3519 4379 remunerationem
3568 4323 3815 4395 scilicet,

2216 4425 2386 4480 quam
2415 4426 2518 4464 nos
2546 4409 2839 4465 habemus.

2280 4494 2371 4554 ‘20.
2414 4500 2503 4553 Vos
2529 4501 2681 4554 enim
2703 4503 2827 4554 estis
2876 4505 3161 4570 temptant.
3199 4499 3409 4556 Probat
3439 4501 3573 4573 quia
3600 4504 3821 4575 jugum

2212 4586 2416 4642 ducere
2434 4604 2564 4643 cum
2584 4588 2924 4657 inﬁdelibus,
2938 4590 3377 4661 aequipollenter.
3406 4591 3641 4646 Nullum
3660 4599 3821 4650 tem-

2210 4676 2367 4748 plum
2388 4677 2490 4732 Dei
2511 4678 2679 4733 debet
2708 4678 2915 4734 habere
2943 4696 3279 4735 consensum
3307 4696 3435 4735 cum
3469 4680 3672 4750 idolis;
3717 4700 3821 4739 vos

2185 4770 2399 4820 'autem
2421 4767 2555 4822 estis
2583 4768 2877 4839 templum,
2938 4768 3070 4839 quia
3106 4769 3227 4841 ipse
3279 4768 3498 4823 habitat
3545 4769 3605 4824 in
3624 4770 3817 4828 vobis.

2209 4856 2336 4927 Ipse
2366 4855 2516 4910 enim
2537 4856 3048 4912 dixit:Inhabitabo
3087 4858 3147 4912 in
3165 4859 3339 4913 vobis.
3376 4859 3615 4931 Propter
3654 4863 3821 4933 quod

2211 4946 2355 5000 exite
2370 4946 2439 5001 de
2456 4947 2640 5001 medio
2660 4964 2876 5017 eorum,
2914 4948 2970 5002 id
2985 4954 3088 5017 est,
3121 4966 3254 5020 ergo
3272 4950 3445 5006 nolite
3477 4950 3684 5021 jugum
3712 4954 3824 5010 du-

2148 5016 2192 5077 c
2209 5051 2335 5091 cere
2362 5052 2487 5090 cum
2517 5035 2853 5093 inﬁdelibus.
2882 5016 3282 5094 Utiturautem
3305 5016 3493 5094 verbis
3512 5016 3823 5112 prophetae

2208 5141 2311 5197 pro
2334 5141 2471 5180 suis.

2277 5214 2368 5268 21.
2396 5214 2672 5282 Quoniam
2713 5215 3055 5271 inhabitabo.
3095 5216 3165 5272 Et
3220 5217 3343 5272 Joel
3385 5217 3464 5272 sic
3501 5216 3644 5273 dicit
3675 5223 3823 5278 :Po-

2208 5320 2343 5360 nam
2366 5305 2788 5359 tabernaculum
2825 5322 3011 5360 meum
3030 5308 3094 5361 in
3121 5309 3216 5375 eis,
3245 5312 3293 5361 et
3317 5324 3409 5376 ego
3435 5322 3527 5362 ero
3538 5310 3613 5361 eis
3633 5309 3818 5380 Deus,

2207 5397 2255 5447 et
2285 5395 2395 5462 ipsi
2407 5397 2577 5448 erunt
2602 5394 2745 5447 mihi
2772 5396 3006 5462 populus
3037 5393 3166 5464 (Joel
3194 5406 3256 5461 ιι,
3278 5391 3393 5458 27).

2275 5480 2344 5537 22
2383 5484 2609 5551 Propter
2638 5483 2783 5552 quod
2802 5485 2965 5538 exite.
2994 5481 3062 5538 In
3079 5483 3228 5539 Isaia
3254 5484 3334 5540 sic
3359 5482 3567 5556 legitur
3593 5501 3604 5540 :
3649 5487 3822 5545 Rece-

591 5558 684 5616 43.
714 5563 1145 5631 Ignobilitatem.
1178 5560 1288 5615 Per
1329 5560 1574 5633 gloriam
1621 5563 1981 5622 exhibeamus
2018 5584 2121 5623 nos
2201 5572 2333 5637 dite,
2364 5572 2612 5638 recedite,
2640 5573 2779 5626 exite
2822 5572 2979 5638 inde;
3026 5575 3309 5641 pollutum
3352 5575 3520 5628 nolite
3572 5578 3820 5645 tangere

519 5649 667 5733 sicut
689 5649 792 5736 Dei
810 5651 1122 5731 ministros,
1144 5666 1216 5707 ne
1240 5650 1595 5725 extollamur;
1627 5658 1685 5711 et
1724 5671 1827 5727 per
1863 5656 2121 5730 ignobili-
2203 5660 2333 5730 (Isa.
2365 5672 2462 5731 LII,
2492 5659 2604 5731 11).
