3912 6402
141 405 221 462 a7
743 407 822 463 IN
862 407 926 461 ι).
968 406 1182 461 PAULI
1222 405 1443 462 EPIST.
1485 404 1856 463 COMMENT.
1899 436 1967 448 -
2005 390 2227 463 EPIST.
2269 406 2322 463 II
2358 405 2456 462 AD
2494 407 2658 464 oon.
3225 412 3331 474 233

131 534 295 599 jugum
319 529 504 585 ducere
531 545 653 585 cum
671 531 921 598 inﬁdeli:
937 529 1027 587 23.
1046 534 1104 586 et
1132 530 1492 586 immundum
1514 546 1585 585 ne
1602 529 1923 601 tetigeritis,
1952 530 2014 585 id
2031 535 2126 597 est,
2153 546 2220 586 ne
2240 533 2712 589 commisceamini
2731 536 2932 602 matis;
2964 551 3077 593 ecce
3091 538 3330 607 fructus,

139 625 183 674 et
200 637 286 691 ego
309 619 563 692 recipiam
585 636 701 687 vos,
729 625 787 674 et
817 637 914 675 ero
939 619 1093 676 vobis
1114 619 1176 674 in
1194 625 1432 692 patrem,
1457 626 1516 676 et
1535 638 1632 676 vos
1651 619 1808 675 eritis
1828 619 1972 675 mihi
1997 620 2058 676 in
2076 620 2222 676 ﬁlios
2243 624 2301 677 et
2318 620 2483 691 ﬁlias,
2501 621 2639 679 dicit
2662 622 2935 682 Dominus
2957 625 3330 700 omnipotens.

1501 771 1735 828 CAPUT
1763 772 1888 829 VII.

188 894 284 950 Has
293 911 417 967 ergo
441 895 711 952 habentes
731 897 1131 969 promissiones
1147 898 1377 968 (scilicet
1397 903 1621 970 recipiet
1639 916 1736 955 nos
1753 903 1805 955 si
1815 900 2177 957 immundum
2192 917 2306 958 non
2327 902 2640 971 tangamus)
2648 903 2982 973 charissimi,
2999 906 3337 966 mandemus

134 997 212 1037 nos
232 983 295 1037 ab
314 984 460 1039 omni
486 984 915 1057 inquinamento
926 987 1111 1042 carnis
1141 991 1200 1043 et
1210 986 1457 1059 spiritus,
1472 990 1533 1042 id
1545 992 1639 1055 est,
1662 992 1910 1045 carnalis
1930 992 2075 1054 vitii,
2095 996 2147 1045 et
2181 993 2500 1061 spiritualis
2520 995 2800 1063 nequitia,
2831 996 3187 1066 perﬁcientes
3204 1014 3341 1055 san-

134 1073 480 1131 ctiﬁcationem
500 1080 684 1131 nostri
701 1076 763 1132 in
797 1077 1006 1133 timore
1024 1077 1145 1145 Dei,
1164 1079 1225 1131 id
1242 1083 1337 1143 est,
1356 1079 1692 1146 perﬁcientes
1711 1093 1792 1145 ea,
1816 1077 2013 1146 quibus
2029 1080 2212 1133 sancti
2237 1079 2571 1148 efﬁciamur.
2595 1080 2792 1152 Capite
2806 1096 2911 1137 nos
2934 1086 3000 1141 in
3027 1088 3341 1155 exemplum

133 1178 207 1230 per
217 1169 446 1219 nostram
472 1166 911 1221 admonitionem
920 1212 932 1224 .
945 1166 967 1222 1
980 1165 1299 1221 .Neminem
1319 1165 1566 1220 liesimus
1577 1168 1720 1220 sicut
1732 1166 2169 1234 pseudoapostoli
2180 1168 2533 1222 subditorum
2547 1170 2688 1224 bona
2701 1170 3028 1240 devorando,
3050 1173 3343 1230 neminem
3354 1213 3368 1227 .

131 1264 266 1319 prem
283 1255 452 1307 nostri
469 1255 714 1325 exemplo
724 1255 1094 1327 corrupimus,
1110 1254 1398 1310 neminem
1419 1255 1704 1310 adulando
1718 1253 2205 1310 circumvenimus.
2231 1253 2285 1309 2.
2307 1255 2436 1312 Non
2464 1256 2537 1311 ad
2555 1257 3081 1317 condemnationem
3094 1267 3340 1319 vestram

133 1337 244 1405 dico,
273 1357 379 1396 non
408 1344 527 1397 ideo
555 1345 675 1398 dico
701 1350 766 1399 ut
785 1346 1070 1414 aliquibus
1107 1345 1310 1399 horum
1340 1345 1622 1408 lasissetis,
1649 1344 1795 1397 unde
1817 1358 1908 1397 vos
1942 1344 2314 1398 condemnem.
2355 1342 2411 1397 3.
2444 1343 2811 1400 Praediximus
2837 1345 2987 1402 enim
3016 1349 3167 1420 quod
3191 1349 3248 1409 4.
3277 1350 3341 1408 in

132 1427 349 1484 cordibus
365 1431 574 1486 nostris
594 1433 730 1488 estis
750 1433 822 1488 ad
841 1432 1341 1498 commoriendum,
1367 1436 1426 1486 et
1443 1432 1514 1486 ad
1537 1430 1959 1498 convivendum,
1977 1433 2114 1500 quia
2141 1431 2315 1500 diligo
2341 1448 2431 1486 vos
2442 1433 2508 1486 in
2529 1437 2770 1501 tantum,
2802 1439 2867 1489 ut
2884 1438 3085 1503 viuere,
3114 1443 3164 1493 et
3183 1442 3341 1495 mori

131 1517 262 1571 velim
279 1520 567 1586 vobiscum,
585 1524 637 1575 si
646 1524 772 1589 ﬁeﬁ
778 1525 966 1590 posset.
988 1521 1040 1576 5.
1066 1520 1245 1576 Multa
1260 1519 1398 1575 mihi
1419 1519 1626 1575 ﬁducia
1644 1524 1749 1584 est,
1770 1518 1920 1589 apud
1935 1534 2049 1586 vos,
2074 1518 2255 1574 multa
2278 1519 2418 1575 mihi
2443 1520 2706 1590 gloriatio
2722 1524 2873 1593 apud
2881 1524 3023 1579 alios
3033 1541 3137 1597 pro
3164 1525 3338 1595 vobis,

132 1604 338 1675 repletus
364 1623 489 1662 sum
506 1624 612 1677 pro
639 1611 786 1664 vobis
813 1609 1213 1677 consolatione,
1245 1608 1640 1680 superabundo
1659 1607 1867 1677 gaudio
1891 1611 2116 1677 propter
2138 1624 2229 1662 vos
2257 1607 2317 1663 in
2348 1609 2502 1663 omni
2539 1609 2905 1667 tribulatione
2940 1617 3153 1670 nostra.
3195 1615 3344 1672 Nam

132 1696 346 1762 (ostendit
361 1712 413 1750 se
435 1697 859 1752 tribulationem
877 1698 1148 1764 habuisse,
1164 1714 1300 1753 nam
1327 1700 1392 1752 in
1419 1698 1753 1762 Macedonia,
1771 1701 1824 1750 et
1843 1695 1993 1767 Asia)
2022 1700 2082 1750 et
2099 1712 2228 1751 cum
2246 1696 2594 1753 venissemus
2615 1694 2676 1753 in
2695 1699 3102 1770 Macedoniam,
3126 1704 3346 1762 nullam

131 1784 344 1854 requiem
370 1784 571 1840 habuit
597 1802 726 1840 caro
750 1791 964 1853 nostra,
996 1786 1093 1841 sed
1122 1803 1348 1841 omnem
1379 1784 1800 1841 tribulationem
1839 1789 2009 1853 ιοι
2047 1785 2198 1856 passi
2225 1782 2661 1853 sumus,6.foris
2686 1803 2891 1859 pugna
2918 1790 2987 1843 ab
3002 1792 3346 1864 inﬁdelibus,

132 1874 193 1925 eet
214 1874 268 1928 in
289 1890 398 1927 meo
425 1890 673 1943 corpore,
713 1875 765 1929 7.
800 1875 958 1930 intus
976 1875 1225 1930 timores.
1255 1875 1365 1931 Sed
1390 1874 1486 1946 qui
1515 1874 1836 1928 consolatur
1864 1873 2126 1940 humiles,
2145 1875 2465 1930 consolatus
2487 1879 2574 1931 est
2588 1892 2691 1931 nos
2711 1877 2860 1932 Deus
2880 1878 2940 1933 in
2952 1878 3196 1935 adventu
3212 1880 3346 1937 Titi.

132 1959 230 2014 Non
253 1961 425 2016 solum
445 1967 647 2018 autem
670 1963 731 2017 in
759 1964 1000 2019 adventu
1022 1965 1164 2035 ejus,
1188 1964 1287 2018 sed
1307 1963 1478 2018 etiam
1493 1963 1551 2018 in
1572 1962 1968 2029 consolatiOne,
1993 1978 2106 2034 qua
2124 1964 2444 2019 consolatus
2465 1969 2552 2020 est
2574 1965 2635 2020 in
2661 1965 2833 2033 vobis,
2851 1965 2907 2023 8.
2926 1966 3174 2025 referens
3187 1968 3350 2026 nobis

133 2052 335 2104 vestrum
364 2050 729 2118 desiderium,
750 2054 977 2107 videndi
994 2069 1098 2119 me,
1112 2057 1362 2107 vestrum
1391 2053 1607 2117 ﬂetum,
1623 2053 1946 2121 panitendo,
1971 2056 2217 2106 vestram
2246 2056 2300 2108 9.
2323 2053 2742 2108 aemulationem
2759 2071 2862 2125 pro
2886 2071 2996 2124 me,
3013 2058 3350 2113 addiscentes

133 2138 435 2208 chan’tatem,
447 2143 532 2196 uel
552 2143 929 2197 imitationem
941 2144 1068 2209 mei,
1084 2143 1164 2197 ita
1183 2147 1248 2197 ut
1267 2158 1336 2196 ea:
1353 2145 1613 2196 missione
1622 2142 1895 2210 Epistola,
1907 2144 1991 2195 vel
2007 2157 2071 2195 ea:
2079 2157 2252 2211 supra
2272 2141 2644 2212 dictis,magis
2657 2142 3278 2217 gauderem.Quoniam
3292 2149 3352 2201 et

133 2224 485 2284 sicontristavi
503 2244 601 2284 vos
620 2229 679 2284 in
694 2227 785 2286 10.
801 2230 1050 2302 Epistola
1068 2234 1282 2302 priore,
1298 2246 1414 2285 non
1445 2247 1535 2284 me
1556 2231 1713 2284 modo
1740 2228 2004 2301 panitet;
2036 2228 2142 2284 etsi
2163 2232 2328 2298 prius
2356 2229 2672 2301 pmniteret,
2698 2230 2892 2286 videns
2913 2232 3063 2303 quod
3084 2233 3338 2305 Epistola

135 2313 378 2386 illaprior(
383 2318 491 2373 etsi
511 2317 587 2373 ad
604 2319 819 2388 horam)
841 2336 937 2374 vos
965 2319 1336 2383 contristavit,
1362 2335 1512 2374 nunc
1528 2319 1769 2390 gaudeo,
1792 2334 1925 2384 non,
1944 2320 2035 2372 sed
2054 2333 2169 2372 non
2183 2322 2405 2387 propter
2433 2318 2551 2386 hoc,
2567 2317 2701 2390 quia
2722 2319 3041 2375 contristati
3062 2321 3224 2393 estis,
3249 2321 3351 2378 sed

134 2402 551 2474 quiacontristati
564 2406 699 2462 estis
717 2408 787 2462 ad
814 2408 1222 2480 paenitentiam.
1246 2407 1267 2464 l
1287 2406 1327 2465 ι.
1343 2407 1675 2464 Contristati
1703 2406 1854 2461 enim
1883 2406 2018 2461 estis
2046 2406 2359 2461 secundum
2386 2406 2584 2470 Deum,
2602 2413 2669 2463 ut
2693 2408 2754 2464 in
2772 2409 2951 2479 nullo,
2973 2412 3119 2479 quod
3138 2426 3349 2483 prece-

136 2492 285 2562 pimus
311 2494 393 2564 12,
413 2494 505 2554 13.
527 2495 931 2552 detrimentum
952 2497 1120 2567 (quin
1148 2499 1389 2552 exsecuti
1405 2498 1553 2564 estis)
1566 2494 1883 2567 patiamini,
1896 2498 2100 2550 scilicet
2118 2496 2517 2551 detrimentum
2537 2499 2743 2552 anima
2763 2501 2829 2553 in
2847 2499 3063 2566 futuro,
3078 2513 3145 2553 ex
3162 2497 3350 2568 nobis,

136 2582 182 2634 id
195 2588 273 2652 est,
287 2601 352 2639 ea:
368 2588 577 2641 nostris
605 2589 882 2656 praeceptis
905 2603 1018 2642 non
1038 2588 1368 2654 adimpletis.
1390 2584 1473 2642 14.
1489 2585 1625 2650 Quae
1639 2583 1789 2638 enim
1811 2584 2130 2653 (responsio)
2147 2582 2459 2639 secundum
2477 2585 2659 2640 Deum
2673 2585 2908 2641 tristitia
2937 2590 3043 2654 est,
3067 2587 3349 2659 peniten-

135 2668 309 2728 tiamin
327 2675 570 2730 salutem
592 2674 870 2742 stabilem,
885 2681 1170 2742 aeternam,
1191 2679 1476 2748 operatur;
1499 2675 1570 2728 15
1584 2673 1771 2727 saeculi
1796 2676 1989 2727 autem
2017 2674 2073 2741 (a
2100 2673 2406 2739 contrario)
2424 2672 2661 2728 tristitia
2683 2678 2925 2729 mortem
2948 2680 3233 2747 operatur.
3260 2673 3354 2732 16.

136 2756 244 2814 Ecce
267 2762 407 2817 enim
441 2764 580 2832 (alia
606 2764 856 2832 probatio
895 2779 995 2832 per
1034 2768 1222 2832 partes
1269 2765 1488 2832 salutis)
1520 2761 1627 2815 hoc
1660 2760 1867 2831 ipsum,
1898 2759 2209 2816 secundum
2236 2762 2417 2817 Deum
2441 2761 2763 2817 contristari
2801 2780 2914 2830 vos,
2959 2761 3043 2820 17.
3081 2767 3358 2836 quantam

137 2852 400 2906 maximam
429 2852 488 2906 in
519 2851 678 2906 vobis
706 2857 975 2923 operatur
1002 2851 1434 2907 sollicitudinem
1465 2850 1889 2919 beneoperandi,
1909 2850 2006 2904 hoc
2034 2855 2130 2917 est,
2161 2853 2396 2907 salutem
2411 2866 2436 2919 ;
2467 2866 2601 2905 nam
2614 2857 2877 2920 operatur
2898 2854 3358 2919 sollicitudinem,

137 2950 228 3003 quc
239 2953 393 2996 causa
421 2945 499 2996 est
522 2943 760 3009 salutis;
787 2956 887 2995 nec
909 2944 1133 2995 tantum
1164 2941 1280 3008 hoc,
1295 2940 1394 2996 sed
1413 2940 1816 3006 defensionem,
1836 2945 2032 2995 contra
2050 2941 2255 2997 Deum:
2279 2955 2377 2996 nec
2395 2944 2618 2995 tantum
2631 2941 2747 3009 hoc,
2770 2941 2870 2997 sed
2888 2941 3358 3013 indignationem,

1430 3090 2021 3147 COMMENTARIUS.

190 3212 265 3271 23.
300 3218 545 3273 Ausus'r.
582 3218 768 3289 (serm.
794 3216 864 3273 18
893 3217 965 3272 De
993 3217 1140 3275 verb.
1165 3218 1410 3283 Domini,
1427 3233 1548 3287 cap.
1568 3214 1679 3286 ‘20).
1704 3212 1920 3278 Arium
1944 3212 2152 3269 habere
2179 3213 2306 3269 illos
2337 3213 2672 3270 emendandi
2692 3231 2771 3282 se,
2805 3215 2963 3285 flere,
2996 3216 3130 3289 quia
3174 3231 3368 3290 pecca-

134 3299 453 3361 Immundum
483 3324 551 3360 ne
579 3308 888 3373 tetigeritis.
914 3303 1059 3369 Quid
1074 3310 1162 3360 est
1186 3311 1422 3377 tangere
1438 3304 1682 3359 immun-
1770 3307 1988 3370 verunt,
2005 3303 2424 3359 aemulationem
2449 3303 2656 3359 habere
2676 3320 2778 3377 pro
2799 3305 3365 3379 Apostolo,quoniam

132 3386 258 3460 dum,
276 3392 379 3448 nisi
391 3394 711 3449 consentire
730 3393 1013 3466 peccatis?
1035 3393 1180 3458 Quid
1208 3399 1294 3449 est
1319 3399 1508 3449 autem
1536 3393 1688 3448 exire
1770 3392 2123 3447 addiscentes
2148 3392 2483 3447 charitatem
2503 3394 2626 3464 ejus
2645 3408 2780 3465 erga
2806 3409 2887 3463 se,
2905 3394 3368 3467 ceperuntillum

133 3474 252 3546 inde,
291 3480 392 3536 nisi
452 3484 642 3538 tacere
698 3481 847 3555 quod
883 3481 1132 3553 pertinet
1168 3482 1240 3536 ad
1282 3481 1692 3554 correptionem
1775 3480 2075 3536 defendere
2102 3485 2298 3537 contra
2326 3481 2691 3537 adversarios.

134 3565 411 3624 malorum?
1846 3567 1905 3628 9.
1962 3570 2170 3625 Lmen.
2200 3572 2650 3639 (Emulationem,
2700 3570 2760 3626 id
2806 3576 2911 3639 est,
2955 3572 3200 3645 qualiter
3225 3572 3371 3641 alter

189 3656 328 3712 CAP.
351 3658 557 3714 VII.——
580 3658 625 3716 Ι.
645 3660 1198 3715 Auanos.Neminem
1212 3659 1696 3715 lasimusPseudo
1777 3659 2076 3713 aemulatur
2096 3658 2441 3719 desiderium
2473 3659 2726 3723 alterius,
2756 3664 2822 3715 ut
2847 3676 2940 3715 me
2967 3660 3223 3717 videatis.
3294 3680 3297 3689 ι

135 3743 252 3799 enim
278 3748 514 3819 apostoli
545 3746 823 3803 nocebant
850 3748 983 3815 illis,
1018 3753 1446 3821 corrumpentes
1497 3764 1697 3803 sensus
1852 3744 1936 3804 10.
1970 3749 2371 3817 Epistolailla.
2393 3744 2546 3804 Ordo
2580 3765 2592 3802 :
2627 3747 2732 3804 Illa
2755 3765 2849 3804 vos
2873 3749 3243 3817 contristavit,
3265 3749 3373 3806 etsi

135 3829 319 3890 illorum
346 3836 820 3892 circumventione
847 3843 1053 3893 astuta.
1777 3835 1849 3890 ad
1875 3835 2092 3891 horam.

188 3919 233 3979 2.
267 3923 471 3981 Lucra.
505 3926 632 3981 Non
670 3927 743 3980 ad
770 3928 1298 3993 condemnationem,
1332 3926 1390 3980 id
1430 3930 1534 3991 est,
1580 3941 1695 3980 non
1847 3925 1938 3983 11.
1972 3925 2299 3980 Contristati
2324 3928 2493 3980 enim.
2528 3923 3025 3980 Demonstratiode
3049 3942 3162 3998 qua
3190 3925 3372 3998 ι)ωηί-

136 4017 397 4082 propterea
418 4030 822 4081 commemoro,
848 4020 913 4070 ut
937 4015 1137 4070 callide
1161 4015 1345 4069 dicam
1364 4031 1458 4069 vos
1475 4014 1690 4079 fecisse,
1774 4013 1954 4068 tentia
1980 4012 2166 4081 dicat;
2199 4016 2286 4066 est
2310 4011 2460 4066 enim
2486 4017 2542 4068 et
2569 4013 2717 4067 mala
2736 4013 3085 4085 poenitentia.
3172 4012 3173 4015 “

139 4099 258 4166 quod
291 4117 378 4157 me
412 4103 617 4158 fecisse
644 4118 812 4173 nego.
1852 4099 1935 4159 12.
1970 4102 2398 4156 Detrimentum.
2439 4101 2855 4156 Detrimentum
2889 4101 3114 4158 auditor
3138 4120 3208 4159 ex
3236 4119 3375 4176 prae-

191 4183 236 4241 3.
278 4191 641 4246 Praediximus
688 4194 857 4247 enim.
901 4191 1171 4263 Superius
1219 4191 1402 4246 dixit:
1454 4192 1697 4261 Epistola
1779 4189 2058 4244 dicatione
2086 4189 2330 4245 doctoris
2370 4189 2601 4260 patitur,
2645 4190 2868 4261 quando
2915 4193 3208 4264 praeceptis
3253 4192 3379 4264 ejus

141 4279 302 4331 nostra
326 4294 411 4333 vos
444 4283 595 4347 estis,
627 4282 833 4348 scripta
862 4281 927 4334 in
955 4280 1210 4334 cordibus
1240 4281 1453 4333 vestris.
1780 4278 2107 4334 inobediens
2136 4278 2342 4346 existit,
2375 4283 2434 4333 et
2457 4278 2634 4350 priori
2677 4284 2904 4351 peccato
2952 4286 3245 4354 peccatum
3289 4281 3379 4337 in-

194 4363 241 4418 4.
263 4367 497 4423 Auenos.
534 4370 607 4423 In
635 4368 889 4424 cordibus
915 4370 1141 4434 nostris,
1175 4368 1233 4422 id
1262 4372 1368 4435 est,
1400 4366 1700 4439 participes
1782 4366 2112 4423 obedientiae
2142 4366 2317 4421 addit.

144 4451 236 4506 vult
259 4470 346 4510 eos
370 4456 601 4524 habere,
625 4460 683 4511 et
697 4456 1085 4528 adprmsentes
1112 4456 1401 4528 passiones
1426 4472 1528 4528 pro
1544 4456 1701 4511 Chri-
1863 4455 1940 4513 l3.
1966 4457 2212 4511 AMBROS.
2243 4458 2672 4522 Detrimentum,
2695 4455 2753 4511 id
2773 4461 2880 4525 est,
2895 4461 2961 4512 ut
2975 4458 3167 4513 omnia
3183 4462 3379 4514 nostra

142 4547 222 4646 lto
227 4552 279 4602 et
301 4550 367 4605 ad
389 4550 643 4606 futuram
658 4550 851 4604 vitam.
1716 4584 1770 4646 B
1788 4546 2046 4602 effectum
2074 4545 2322 4600 habeant
2345 4544 2404 4600 in
2432 4543 2605 4613 vobis,
2633 4546 2805 4602 etiam
2842 4546 2993 4620 quod
3022 4547 3378 4604 contristavi-

200 4632 249 4694 5.
283 4639 453 4695 Multa
473 4640 621 4695 mihi
633 4641 855 4708 ﬁducia.
870 4638 1104 4694 Fiducia
1129 4638 1249 4694 haec
1270 4638 1340 4693 de
1357 4639 1552 4710 prima;
1567 4637 1702 4710 Epi-
1716 4632 1770 4646 υ
1785 4650 1912 4689 mus
1937 4650 2053 4689 vos.

144 4721 272 4778 stole
298 4727 648 4799 correptione
677 4731 781 4794 est,
807 4742 975 4798 quam
993 4727 1127 4798 quia
1155 4742 1269 4781 non
1298 4743 1495 4799 aspere
1514 4743 1705 4782 susce-
1858 4722 1948 4779 14.
1982 4723 2187 4777 ΒΑΜ-ιι.
2220 4721 2346 4790 Qua
2369 4724 2521 4777 enim
2542 4724 2863 4779 secundum.
2907 4722 3033 4778 Alia
3061 4722 3208 4781 ratio
3236 4723 3386 4798 quod

146 4819 335 4881 perunt,
358 4816 627 4872 ﬁduciam
648 4816 928 4872 dederunt
954 4815 1297 4871 admonendi
1317 4832 1399 4871 se.
1792 4811 2105 4869 secundum
2133 4811 2313 4865 Deum
2341 4810 2660 4866 contristati
2687 4816 2840 4867 sunt.

201 4895 246 4955 6.
275 4902 419 4959 Foris
437 4922 667 4976 pugna.
701 4905 910 4976 Pugnae
941 4905 1090 4960 enim
1116 4910 1280 4960 erant
1300 4904 1540 4976 corpori,
1574 4903 1710 4959 dum
1866 4901 1960 4957 15.
1997 4900 2199 4957 Saeculi
2225 4904 2410 4954 autem
2427 4892 2682 4955 tristitia.
2715 4899 2914 4956 Saeculi
2943 4905 3134 4958 autem
3152 4901 3388 4958 tristitia

148 4988 493 5062 cedebantur;
530 4995 720 5050 animo
749 4994 999 5050 timores.
1045 4994 1167 5049 lllic
1208 4995 1360 5049 enim
1389 4994 1581 5059 timor,
1613 4992 1710 5048 ubi
1795 4994 1882 5045 est
1912 4989 2123 5054 dolere,
2154 4988 2301 5060 quod
2333 5004 2438 5043 sua
2460 4987 2697 5057 tribuat,
2728 4988 2915 5045 aliena
2952 5007 3066 5047 non
3094 4991 3296 5064 rapiat,
3330 4995 3389 5046 et

148 5070 425 5137 intellectus
450 5088 557 5139 est.
591 5083 700 5138 Sed
728 5083 820 5139 hic
849 5085 1019 5140 timor
1042 5088 1272 5157 propter
1299 5082 1610 5150 credentes,
1640 5099 1712 5137 ne
1792 5083 1995 5134 caetera
2012 5078 2070 5131 in
2098 5078 2250 5132 hunc
2285 5076 2536 5132 modum.
3175 5080 3179 5085 ’

151 5167 377 5232 passione
393 5173 517 5244 ejus
537 5173 1071 5229 scandalizarentur.
1858 5167 1949 5222 16.
1971 5168 2100 5222 Ecce
2118 5169 2290 5222 enim.
2306 5166 2432 5221 Alia
2452 5163 2595 5222 ratio
2621 5166 2871 5238 ejusdem
2900 5165 3003 5221 rei.

207 5253 254 5310 7-
276 5258 474 5316 Lmen.
538 5263 700 5317 Intus
730 5266 974 5321 timores.
1002 5264 1052 5318 A
1077 5261 1234 5317 falsis
1262 5260 1562 5329 fratribus;
1604 5259 1711 5326 vel,
1871 5254 2212 5312 I7.AMBROS.
2234 5254 2515 5322 Quoniam
2540 5258 2604 5310 in
2623 5258 2789 5310 vobis.
2806 5253 3043 5311 Solliciti
3061 5250 3211 5308 enim
3228 5256 3384 5321 sunt,

155 5356 212 5396 ne
251 5350 427 5417 passio
466 5367 594 5406 mea
621 5356 964 5423 perterreret
991 5352 1216 5421 fratres,
1242 5351 1300 5405 id
1329 5355 1434 5419 est,
1458 5354 1715 5404 metuens
1795 5361 1867 5401 ne
1892 5345 2075 5400 denuo
2105 5349 2358 5416 peccent,
2390 5349 2448 5399 et
2492 5344 2799 5399 defendunt
2827 5360 2888 5398 se
2931 5342 3001 5396 ab
3031 5340 3389 5397 infestatione

156 5443 212 5485 ne
235 5440 469 5494 conversi
496 5440 731 5507 noviter,
757 5442 1010 5496 videntes
1051 5440 1415 5496 afﬂictionem
1462 5444 1715 5494 nostram
1796 5435 2147 5502 daemonum;
2178 5433 2548 5504 indignantur
2574 5431 2634 5486 in
2657 5449 2736 5499 se,
2765 5431 2849 5485 vel
2869 5430 2927 5484 in
2939 5430 3080 5485 alios
3097 5435 3392 5502 peccantes

157 5520 214 5573 ad
236 5539 407 5593 suum,
445 5529 503 5584 id
532 5536 635 5596 est,
669 5531 764 5603 qui
802 5530 912 5586 fuit
939 5530 1184 5596 Judaeus,
1217 5530 1289 5584 ad
1331 5529 1707 5595 Judaismum,
1791 5526 2009 5591 timent,
2036 5523 2168 5594 quia
2204 5527 2592 5594 peccaverunt,
2621 5520 2943 5575 desiderant
2969 5536 3029 5575 se
3060 5519 3388 5590 reformare,

156 5612 349 5678 gentilis
376 5618 445 5672 ad
471 5620 843 5689 gentilitatem
872 5624 1280 5675 converterent.
1793 5620 1851 5669 et
1877 5612 2152 5684 incipiunt
2179 5610 2295 5682 pati
2322 5611 2501 5665 zelum
2531 5608 2805 5673 bonorum
2831 5626 3065 5681 operum
3093 5612 3391 5683 perﬁcien-

211 5696 521 5771 ὅρμησε.
550 5711 803 5781 Referens
823 5708 1479 5767 nobis.NuntiavitTitus
1499 5696 1718 5762 deside:
1792 5705 2028 5774 dorum;
2061 5706 2117 5755 et
2141 5699 2289 5772 quod
2336 5698 2714 5772 deliquerunt,
2744 5698 3027 5756 vindicant
3054 5700 3115 5756 in
3154 5700 3389 5773 seipsos.
