3912 6368
594 381 700 440 ἳ39
1406 410 1409 413 ν
1591 380 1657 434 Β.
1698 379 2109 434 LANFRANOI

2330 365 2507 434 ’UAR.
2552 383 2886 438 ARCHlEP.
3769 385 3875 438 2w

593 506 657 559 de
692 505 956 574 peccatis;
978 519 1074 558 nec
1097 507 1318 557 tantum
1350 502 1463 567 hoc,
1498 501 1596 556 sed
1620 501 1885 557 timorem
1913 501 2016 555 Dei
2040 519 2052 568 ;
2086 518 2181 556 nec
2200 501 2297 554 hoc
2327 506 2568 568 tantum,
2586 505 2685 558 sed
2704 508 2875 559 etiam
2902 506 3263 572 desiderium,
3290 509 3746 574 reformationis;
3766 523 3861 560 nec

592 592 690 647 hoc
710 596 951 659 tantum,
973 590 1070 645 sed
1098 594 1266 645 etiam
1288 589 1705 645 simulationem
1736 592 1886 654 boni,
1912 606 2007 644 nec
2033 591 2132 644 hoc
2148 595 2390 655 tantum,
2412 591 2511 645 sed
2534 595 2703 647 etiam
2731 593 3053 660 vindictam,
3086 599 3449 665 afﬂictionem
3475 601 3861 665 peccatorum.

592 680 740 750 Ergo
763 683 897 750 quia
922 681 1018 734 hoc
1045 685 1095 734 et
1118 680 1215 734 hoc
1237 681 1464 747 fecistis,
1494 678 1554 732 in
1591 679 1850 734 omnibus
1880 680 2018 733 aliis
2072 680 2225 731 bonis
2281 677 2611 733 exhibuistis
2649 696 2769 747 vos,
2809 682 2891 736 18.
2932 683 3401 737 incontaminatos
3441 699 3564 737 esse
3613 682 3874 753 negotio,

592 771 693 839 qui
714 770 1109 837 [ornicatorem
1138 770 1465 826 ecclusistis.
1492 765 1583 825 19.
1617 767 1797 838 Igitur
1835 772 2036 833 ιω,
2070 771 2128 819 et
2156 765 2203 820 si
2234 766 2430 837 scripsi
2467 767 2639 833 vobis,
2671 784 2783 822 non
2810 775 3033 824 tantum
3065 776 3296 842 propter
3315 771 3582 842 eum,qui
3610 770 3749 825 fecit
3776 771 3872 825 in-

586 857 821 929 iuriam,
854 858 1029 924 idest,
1050 860 1153 926 qui
1168 873 1397 912 uxorem
1411 859 1595 926 patris
1614 859 1840 925 accepit,
1859 872 1964 910 nec
1986 860 2219 926 propter
2243 855 2497 926 eum,qui
2523 872 2723 926 passus
2748 862 2852 923 est,
2877 860 2937 912 id
2955 863 3050 924 est,
3072 864 3310 927 patrem,
3329 862 3491 927 cujus
3513 875 3656 913 uxor
3675 861 3871 914 ablata

591 950 700 1015 est;
731 945 849 1015 sed,
880 948 1084 1001 scilicet
1109 948 1327 1015 scripsi,
1361 945 1434 999 ad
1465 944 1944 1000 manifestandam
1975 943 2405 999 sollicitudinem
2438 948 2710 1010 nostram,
2750 962 2922 1015 quam
2955 946 3229 1002 habemus
3257 962 3359 1017 pro
3388 945 3543 1000 vobis
3566 948 3632 1000 de
3659 963 3871 1002 corru-

575 1038 775 1106 :ptione
794 1039 974 1090 vestra
992 1049 1181 1089 coram
1210 1034 1347 1101 Deo,
1363 1038 1427 1087 ut
1448 1037 1662 1102 placeat
1690 1034 1795 1088 Deo
1827 1048 1843 1084 :
1874 1029 1964 1089 20.
1996 1031 2144 1098 ideo,
2167 1034 2301 1100 quia
2330 1034 2768 1087 incontaminati
2784 1036 2995 1100 fuistis,
3029 1034 3302 1090 consolati
3323 1050 3537 1089 sumus.
3560 1034 3627 1093 In
3654 1050 3864 1089 conso-

585 1122 798 1179 latione
824 1127 1019 1180 autem
1044 1127 1258 1190 nostra,
1285 1122 1666 1179 abundantius
1705 1121 1888 1192 magis
1914 1120 2091 1192 gavisi
2122 1136 2317 1174 sumus
2339 1136 2510 1191 super
2534 1121 2875 1191 gaudioTiti,
2907 1123 3040 1193 quia
3065 1139 3229 1192 super
3248 1128 3424 1177 vestra
3450 1125 3747 1191 spirituali
3768 1126 3867 1178 bo-

585 1227 664 1268 na
690 1215 1036 1268 conwrsione
1064 1212 1305 1268 refectus
1340 1217 1430 1267 est
1463 1211 1697 1284 spiritus
1729 1211 1856 1282 ejus
1889 1209 1961 1264 ab
1993 1208 2254 1263 omnibus
2274 1208 2456 1275 vobis;
2489 1213 2548 1263 et
2572 1210 2621 1263 si
2651 1210 2785 1280 quid
2814 1210 2901 1267 21.
2932 1211 3080 1282 apud
3114 1211 3275 1267 illum
3297 1211 3367 1265 de
3394 1209 3550 1265 vobis
3575 1211 3868 1281 gloriatus

580 1316 733 1369 sum,
753 1303 1049 1372 gloriando
1077 1302 1141 1357 de
1166 1303 1315 1357 vobis
1343 1304 1556 1357 locutus
1587 1316 1735 1367 sum,
1767 1316 1896 1354 cum
1924 1301 2035 1368 ipse
2054 1300 2275 1364 viderit,
2314 1313 2428 1352 non
2449 1314 2576 1353 sum
2597 1298 2881 1367 confusus,
2914 1301 2974 1354 id
3002 1305 3094 1367 est,
3128 1302 3425 1368 mentitus;
3452 1300 3551 1354 sed
3583 1299 3733 1355 sicut
3759 1298 3857 1356 22.

582 1390 776 1446 omnia
790 1389 948 1446 vobis
974 1389 1036 1445 in
1062 1389 1297 1445 veritate
1324 1389 1498 1445 locuti
1516 1405 1732 1456 sumus,
1762 1388 1844 1443 ita
1872 1391 1931 1442 et
1952 1386 2218 1458 gloriatio
2242 1393 2459 1456 nostra,
2490 1404 2615 1459 quae
2643 1387 2752 1443 fuit
2778 1388 2849 1443 ad
2871 1389 3082 1455 Titum,
3108 1389 3312 1445 veritas
3339 1388 3487 1444 facta
3510 1393 3615 1456 est,
3646 1395 3704 1443 et
3734 1389 3854 1445 vis-

580 1493 715 1535 cera
760 1480 884 1552 ejus
910 1477 1291 1535 abundantius
1316 1478 1377 1534 in
1403 1477 1559 1535 vobis
1583 1482 1732 1543 sunt,
1765 1476 2178 1532 reminiscentis
2206 1472 2460 1530 omnium
2490 1481 2737 1531 vestrum
2767 1475 3163 1543 obedientiam,
3182 1480 3386 1532 scilicet
3416 1477 3699 1548 quomodo
3729 1493 3867 1532 cum

580 1567 790 1626 timore
844 1570 1034 1625 animi
1056 1572 1118 1625 et
1142 1573 1390 1626 tremore
1414 1570 1661 1639 corporis
1689 1566 1983 1640 excepistis
2010 1566 2194 1621 illum.
2225 1565 2457 1621 Gaudeo
2480 1565 2631 1636 quod
2657 1565 2717 1620 in
2738 1564 2999 1622 omnibus
3023 1566 3246 1622 conﬁdo
3272 1566 3332 1621 in
3352 1566 3522 1622 vobis.

2003 1742 2239 1799 CAPUT
2265 1742 2420 1800 VIII.

646 1921 923 1978 Hortatur
948 1935 1033 1976 eos
1059 1921 1133 1976 ad
1154 1921 1564 1990 beneﬁcentiam
1585 1936 1688 1991 per
1712 1920 1964 1990 eaempla
1976 1919 2356 1975 Macedonum.
2388 1919 2598 1974 Notam
2634 1922 2829 1975 autem
2856 1917 3094 1975 facimus
3138 1919 3314 1987 vobis,
3348 1919 3571 1987 fratres,
3601 1920 3863 1991 gratiam

576 2010 703 2079 Dei,
736 2024 864 2082 qum
891 2008 1065 2065 estin
1091 2008 1351 2065 Ecclesiis
1386 2008 1725 2065 Macedonia
1753 2010 2124 2078 (collationem
2144 2010 2478 2076 dicit,quam
2502 2009 2813 2063 Macedones
2832 2011 3038 2062 sanctis
3059 2010 3368 2063 Jerusalem
3378 2009 3863 2080 dederant),quod

568 2099 637 2156 in
663 2099 846 2156 multo
873 2099 1283 2172 experimento,
1316 2114 1444 2167 usu,
1474 2097 1857 2154 tribulationis
1882 2096 2229 2152 abundantia
2253 2097 2446 2167 gaudii
2476 2096 2725 2167 ipsorum
2748 2095 2876 2162 fuit,
2892 2098 2953 2150 id
2971 2101 3066 2161 est,
3088 2098 3224 2161 dum
3245 2100 3487 2152 maxime
3501 2112 3610 2167 pro
3630 2097 3861 2153 Christo

571 2190 1008 2255 tribularentur,
1024 2191 1089 2242 in
1116 2189 1214 2243 hoc
1238 2191 1422 2258 ipsum
1444 2189 1795 2256 gaudebant;
1812 2191 1871 2241 et
1884 2186 1911 2241 1
1924 2226 1937 2239 .
1953 2186 2250 2252 altissima,
2270 2189 2538 2252 maxima,
2573 2189 2654 2239 vel
2682 2188 2932 2240 eaattans
2963 2182 3127 2249 eos,'2.
3142 2189 3445 2256 paupertas
3461 2200 3661 2240 eorum
3679 2185 3864 2243 abun‘

572 2276 730 2332 davit
748 2277 810 2332 in
840 2276 1065 2332 divitias
1090 2276 1468 2349 simplicitatis
1495 2293 1711 2345 eorum,
1734 2277 1797 2330 id
1819 2281 1916 2343 est,
1934 2277 2235 2343 largitatis,
2250 2290 2345 2330 seu
2368 2274 2676 2328 abundavit
2707 2276 2768 2327 in
2797 2274 3026 2326 divitem
3047 2275 3489 2343 simplicitatem:
3512 2274 3609 2328 hoc
3626 2280 3856 2342 est,tam

572 2363 806 2418 libenter
831 2364 998 2419 dabat
1023 2378 1234 2432 pauper
1260 2381 1329 2419 ac
1354 2367 1405 2418 si
1431 2366 1577 2419 dives
1605 2369 1753 2431 esset,
1784 2364 1936 2436 quia,
1962 2366 2023 2418 id
2042 2370 2138 2428 est,
2172 2368 2334 2418 testor
2362 2366 2500 2429 illis,
2535 2362 2845 2416 secundum
2870 2366 3141 2417 virtutem
3154 2377 3369 2429 eorum,
3396 2364 3454 2417 id
3482 2368 3578 2428 est,
3602 2367 3692 2418 rei
3702 2368 3857 2419 veri-

568 2454 759 2517 tatem,
793 2451 847 2506 3.
880 2450 1272 2505 testimonium
1290 2451 1404 2506 illis
1430 2453 1625 2521 reddo,
1653 2459 1710 2508 et
1731 2469 1904 2524 supra
1938 2453 2224 2519 virtutem,
2253 2469 2405 2521 posse
2417 2468 2604 2517 suum,
2629 2450 2936 2505 voluntarii
2961 2451 3210 2516 fuerunt,
3225 2466 3355 2505 cum
3378 2451 3558 2506 multa
3575 2452 3854 2509 exhorta-

562 2538 720 2595 tione
739 2536 1169 2599 4.obsecrantes
1197 2556 1300 2595 nos
1323 2541 1567 2612 gratiam
1598 2544 1817 2613 (scilicet
1842 2558 2013 2612 quam
2042 2544 2200 2597 daret
2226 2543 2433 2596 sanctis
2460 2542 2561 2609 qui
2587 2545 2721 2593 sunt
2750 2541 3140 2607 Hierusalem),
3178 2542 3235 2591 et
3275 2538 3857 2597 communicationem

561 2627 886 2696 ministerii,
906 2630 1440 2697 administrationis,
1474 2630 1623 2702 quod
1640 2631 1707 2685 ﬁt
1731 2631 1790 2685 in
1811 2636 2053 2685 sanctos.
2080 2631 2149 2685 Et
2159 2648 2273 2686 non
2299 2635 2522 2684 tantum
2544 2630 2815 2683 dederunt
2836 2627 2983 2682 sicut
3011 2627 3485 2699 speravimus,sed
3506 2631 3853 2704 semetipsos

554 2733 660 2789 per
690 2718 859 2786 ﬁdem
886 2717 1184 2786 dederunt,
1210 2717 1458 2789 primum
1486 2718 1745 2788 Domino,
1774 2718 1978 2774 deinde
1998 2719 2265 2783 nobis,ad
2292 2718 2617 2786 faciendum
2634 2718 2914 2786 quidquid
2926 2719 3207 2783 vellemus,
3232 2733 3333 2787 per
3357 2717 3709 2775 voluntatem
3721 2720 3848 2788 Dei;

551 2805 641 2861 ita
653 2804 778 2863 5.ut
790 2807 1160 2861 hortarentur
1174 2823 1271 2861 nos
1288 2808 1363 2861 ad
1373 2808 1559 2875 hoc,ut
1573 2823 1900 2878 rogaremus
1912 2807 2097 2863 Titum
2124 2813 2189 2863 ut
2200 2815 2236 2875 Ι
2251 2810 2451 2873 08-]
2467 2805 3077 2876 “quemadmodum
3093 2806 3368 2876 coepit,ita
3379 2811 3438 2859 et
3445 2809 3854 2875 praedicatione

571 2895 831 2968 perﬁciat
851 2895 913 2951 in
940 2894 1115 2963 vobis,
1145 2911 1256 2964 vos,
1276 2898 1467 2966 quales
1481 2901 1615 2951 sunt
1625 2898 1955 2966 Macedones,
1980 2897 2170 2965 etiam,
2184 2901 2325 2952 sicut
2346 2900 2511 2962 alias,
2529 2894 2771 2966 gratiam
2785 2895 2952 2950 istam
2963 2896 3141 2949 dandi
3146 2895 3276 2951 .Sed
3298 2895 3442 2949 sicut
3466 2895 3523 2949 in
3546 2897 3843 2967 omnibus,

556 2985 843 3040 necillum
864 2989 1090 3039 tantum
1109 2986 1320 3053 rogavi,
1352 2986 1445 3039 sed
1466 2991 1517 3039 et
1540 3000 1629 3039 vos
1650 3001 1801 3053 rogo,
1834 2991 1900 3039 ut
1926 2988 1989 3040 in
2020 2988 2123 3040 hac
2150 2989 2338 3054 gratia
2361 2986 2653 3039 abundetis
2681 2986 2825 3037 sicut
2854 2986 2918 3037 in
2966 2985 3222 3037 omnibus
3270 2983 3571 3038 abundatis
3603 2986 3743 3053 ﬁde,
3784 2994 3846 3043 et

557 3088 819 3127 sermone
844 3078 903 3127 et
929 3072 1168 3127 scientia
1194 3073 1504 3142 Evangelii,
1525 3078 1583 3127 et
1602 3072 1755 3127 omni
1783 3073 2177 3140 sollicitudine,
2194 3074 2426 3144 insuper
2452 3079 2506 3127 et
2527 3074 2802 3127 charitate
2833 3077 3016 3126 vestra
3044 3071 3102 3125 in
3120 3088 3241 3139 nos,
3260 3079 3323 3126 ut
3344 3079 3402 3126 et
3420 3073 3478 3127 in
3509 3073 3615 3127 hac
3635 3076 3836 3144 gratia

548 3158 874 3215 abundatis.
912 3159 1043 3216 Non
1062 3160 1224 3231 quasi
1250 3160 1536 3232 imperans
1565 3160 1709 3227 dico,
1734 3157 1790 3216 6.
1823 3160 1942 3228 sed,
1976 3164 2186 3216 scilicet
2215 3164 2357 3229 dico,
2406 3178 2507 3233 per
2526 3161 2787 3227 aliorum,
2820 3163 2881 3215 id
2906 3165 2998 3227 est,
3031 3162 3406 3227 Macedonum,
3446 3163 3528 3216 vel
3564 3164 3832 3220 aliorum

544 3255 876 3305 sanctorum
890 3248 1342 3318 sollicitudinem,
1360 3249 1531 3306 etiam
1549 3255 1750 3306 vestrm
1769 3249 2063 3309 cbaritatis
2078 3249 2389 3318 ingenium,
2402 3251 2677 3317 studium,
2697 3248 2908 3304 bonum
2924 3248 3314 3319 comprobans,
3324 3251 3560 3319 probum
3578 3253 3810 3319 faciens
3823 3297 3836 3319 ,

554 3346 605 3393 et
631 3339 731 3393 hoc
754 3338 954 3407 debetis
977 3339 1175 3407 facere,
1205 3344 1255 3393 et
1276 3339 1457 3393 reddit
1475 3354 1723 3394 causam.
1747 3336 1799 3393 7.
1830 3337 1994 3392 Scitis
2021 3337 2173 3391 enim
2194 3337 2441 3407 gratiam
2463 3336 2686 3392 Domini
2704 3337 2884 3392 nostri
2909 3338 3041 3392 Jesu
3067 3337 3568 3409 Christi,quoniam
3583 3346 3831 3413 propter

549 3441 650 3482 vos
670 3442 882 3498 egenus
895 3425 1073 3481 factus
1105 3431 1212 3498 est,
1238 3442 1369 3484 cum
1394 3432 1544 3482 esset
1569 3426 1743 3492 dives,
1774 3430 1840 3480 ut
1867 3425 2021 3485 illius
2049 3425 2242 3497 inopia
2271 3441 2365 3480 vos
2395 3425 2593 3481 divites
2632 3425 2849 3480 essetis.
2879 3425 2953 3481 Et
3004 3426 3299 3481 consilium
3340 3427 3402 3481 in
3451 3428 3555 3483 hoc
3599 3428 3694 3496 do,
3760 3436 3827 3485 ut

508 3538 525 3567 κ
545 3518 795 3587 faciatis,
820 3516 933 3572 hoc
959 3515 1112 3572 enim
1129 3514 1285 3571 vobis
1312 3516 1452 3572 utile
1471 3520 1573 3582 est,
1607 3515 1704 3586 qui
1732 3529 1848 3569 non
1871 3514 2056 3568 solum
2085 3512 2285 3581 facere,
2306 3517 2452 3583 quod
2483 3517 2611 3569 boni
2632 3518 2873 3584 potestis,
2902 3515 3000 3569 sed
3031 3520 3088 3569 et
3102 3516 3412 3585 velle,quod
3436 3518 3565 3571 boni
3588 3533 3708 3574 non
3719 3535 3827 3589 po-

548 3609 697 3663 testis
723 3608 925 3676 faccre,
947 3604 1192 3679 capiatis
1206 3605 1278 3662 ab
1297 3620 1447 3663 anno
1483 3604 1702 3676 priore;
1725 3617 1877 3659 nunc
1903 3618 2032 3658 vero
2051 3607 2109 3658 et
2136 3602 2282 3658 facto
2306 3605 2453 3660 illud
2478 3605 2611 3660 velle
2631 3604 2903 3676 perﬁcite,
2927 3608 2992 3659 ut
3008 3605 3485 3676 quemadmodum
3494 3611 3804 3679 promptus

1879 3753 2470 3812 COMMENTARIUS.

612 3909 701 3970 18.
727 3910 933 3968 Lassa.
958 3908 1431 3964 Incontaminatos
1456 3920 1563 3959 esse
1583 3906 1647 3958 in
1676 3906 1907 3973 negotio.
1930 3904 1995 3959 In
2023 3920 2133 3976 quo
2153 3909 2204 3966 A
2221 3903 2390 3961 batur
2424 3926 2436 3962 :
2463 3907 2598 3980 quia
2646 3906 2771 3979 plus
2815 3910 2956 3975 erat,
2988 3921 3159 3979 quam
3201 3911 3424 3979 poterat
3450 3924 3649 3965 eorum
3676 3912 3827 3968 sub-

539 3999 935 4056 vindicandum
978 3996 1244 4069 praecepit
1286 3994 1347 4050 in
1396 4010 1527 4051 eum
1571 3993 1669 4065 qui
1695 4008 1926 4048 uxorem
1956 3994 2132 4066 patris
2214 3996 2441 4053 stantia.

536 4088 772 4161 accepit.
2282 4085 2551 4143 2.LANFa.
2567 4088 2866 4157 Paupertas
2893 4101 3104 4141 eorum.
3122 4086 3404 4158 Pauperes
3424 4092 3587 4143 erant
3615 4103 3824 4149 rerum

605 4178 697 4233 19.
709 4175 1145 4245 Ausaongitur
1158 4176 1257 4228 etsi
1274 4172 1475 4241 scripsi
1485 4172 1652 4226 vobis.
1669 4170 1928 4227 Ostendit
1945 4173 2126 4243 magis
2209 4178 2586 4241 terrenarum,
2608 4176 2706 4230 sed
2725 4175 2923 4229 divites
2944 4174 3319 4246 simplicitatis
3334 4182 3393 4231 et
3417 4176 3819 4247 benignitatis.

536 4264 825 4338 scripsisse
861 4268 1092 4336 propter
1137 4260 1442 4316 Ecclesiam
1473 4277 1485 4314 :
1538 4260 1673 4331 quia
1710 4260 1769 4315 in
1815 4277 1928 4316 uno
1976 4261 2122 4317 male
2282 4264 2333 4321 3.
2374 4263 2958 4318 Testimonium.0rdo
2984 4281 2995 4318 :
3024 4264 3429 4322 Testimonium
3451 4266 3580 4321 aliis
3606 4266 3815 4338 reddo,

534 4359 757 4426 agente,
783 4351 949 4406 multi
968 4349 1419 4417 confunduntur;
1448 4347 1581 4402 etin
1601 4364 1713 4403 uno
1729 4349 2130 4403 contumeliam
2212 4353 2347 4426 quia
2373 4351 2680 4407 secundum
2707 4352 2993 4407 virtutem.

531 4443 805 4515 patiente,
847 4440 1013 4495 multi
1040 4438 1427 4510 indignantur.
1463 4437 1826 4493 Emendando
1856 4455 1991 4509 ergo
2030 4439 2129 4493 in-
2282 4443 2335 4497 4.
2362 4443 2706 4497 Obsecrantes
2734 4457 2850 4496 nos.
2883 4442 2947 4496 Id
2987 4447 3092 4510 est,
3144 4443 3358 4514 precati
3401 4449 3536 4499 sunt
3579 4449 3692 4511 me,
3739 4453 3815 4504 ut

526 4533 733 4604 justas,
756 4535 816 4586 et
842 4529 1085 4602 pollutos
1103 4526 1520 4594 sanctiﬁcando,
1549 4533 1607 4582 et
1626 4528 1899 4583 Ecclesias
1926 4543 2125 4582 recon-
2209 4531 2597 4604 permitterem
2624 4547 2720 4585 eos
2746 4529 2989 4601 gratiam
3030 4536 3088 4585 et
3130 4532 3694 4589 communicationem
3723 4534 3815 4591 fa-

529 4619 792 4687 ciliando,
825 4618 998 4674 totius
1023 4616 1217 4691 populi
1255 4616 1690 4674 sollicitudinem
1717 4617 1778 4673 in
1824 4633 1885 4672 se
1911 4616 2121 4671 habere
2206 4637 2333 4676 cere
2362 4621 2432 4674 de
2459 4619 2773 4674 substantia
2795 4635 2917 4686 sua,
2949 4620 3009 4673 in
3040 4620 3184 4675 hanc
3212 4622 3643 4695 eleemosynam
3675 4639 3814 4694 quae

526 4707 898 4766 demonstrat.
2199 4711 2264 4767 ﬁt
2288 4709 2349 4765 in
2366 4715 2588 4765 sanctos
2616 4708 2713 4780 qui
2731 4713 2868 4764 sunt
2882 4706 3311 4782 Hierosolymis.

600 4799 692 4857 20.
740 4801 954 4856 LARFR.
1000 4798 1123 4854 Ideo
1151 4798 1435 4853 consolati.
1467 4796 1538 4851 Et
1560 4801 1793 4869 propter
1818 4795 2121 4851 adventum
2278 4799 2326 4856 5,
2365 4802 2426 4855 (/t
2454 4814 2775 4868 rogaremus
2813 4800 3016 4852 Titum.
3043 4797 3111 4853 In
3139 4806 3379 4867 tantum,
3397 4799 3601 4872 inquit,
3630 4799 3815 4873 largi-

527 4885 660 4957 Titi,
693 4891 749 4942 et
763 4892 993 4960 propter
1009 4884 1219 4942 bonum
1237 4885 1486 4940 studium
1516 4890 1781 4940 vestrum.
2199 4894 2319 4945 tate
2344 4904 2540 4944 eorum
2561 4886 2843 4959 provocati
2872 4903 3089 4955 sumus,
3116 4893 3181 4942 ut
3228 4904 3555 4960 rogaremus
3581 4888 3805 4961 Titum,

598 4976 687 5034 21.
720 4976 884 5047 Apud
931 4979 1097 5032 illum
1140 4977 1205 5029 de
1231 4976 1397 5030 vobis.
1430 4973 1593 5047 Apud
1624 4973 1815 5029 Titum
1842 4971 2119 5044 gloriatus
2201 4985 2265 5034 ut
2310 4979 2455 5034 sicut
2503 4976 2670 5048 coepit
2698 4975 3095 5048 praedicatione
3141 4984 3199 5032 et
3240 4977 3622 5034 admonitione
3671 4995 3806 5050 sua,

527 5069 617 5119 est
640 5064 942 5137 Apostolus
982 5063 1055 5118 de
1097 5061 1422 5130 Corinthiis,
1468 5061 1659 5115 dicens
1704 5076 1800 5115 eos
1846 5057 2119 5128 benignos
2200 5068 2457 5141 perﬁciat
2481 5066 2541 5121 in
2572 5066 2724 5120 vobis
2741 5066 3001 5137 gratiam,
3036 5066 3095 5121 id
3123 5071 3227 5134 est,
3260 5066 3583 5137 largitatem
3602 5067 3804 5126 iam.

525 5170 670 5211 esse.
2270 5155 2322 5214 6-
2355 5159 2600 5213 AMBROS.
2632 5155 2735 5212 Sed
2757 5172 2858 5226 per
2884 5160 3152 5212 aliorum.
3172 5157 3514 5212 Exbortatur
3532 5163 3598 5211 ut
3623 5174 3812 5228 penu-

595 5242 684 5302 22.
718 5242 996 5300 Omniade
1014 5242 1185 5310 vobis,
1202 5239 1262 5295 id
1282 5244 1387 5308 est,
1410 5237 1558 5293 sicut
1579 5250 1715 5291 vera
1733 5235 1905 5291 locuti
1923 5252 2117 5291 sumus
2127 5260 2174 5321 B
2199 5245 2342 5301 riam
2381 5244 2723 5317 patientibus
2775 5244 3007 5299 mittant
3051 5251 3330 5318 sumptus,
3362 5252 3422 5301 et,
3458 5262 3561 5317 per
3595 5261 3809 5307 eorum

521 5332 679 5388 νοδίε
708 5332 779 5388 de
798 5331 943 5401 aliis:
984 5331 1067 5386 ita
1097 5345 1232 5385 Vera
1258 5326 1430 5383 locuti
1458 5341 1654 5381 sumus
1680 5324 1805 5380 Tito
1834 5325 1904 5380 de
1935 5324 2111 5381 VObiS-
2193 5334 2823 5407 sollicitudinem,quam
2840 5334 3106 5403 revelent,
3127 5335 3338 5391 bonum
3355 5335 3610 5391 animum
3625 5352 3806 5395 suum

596 5422 735 5478 CAP
763 5420 912 5477 VIII.
968 5448 1033 5464 -
1082 5422 1136 5475 1.
1179 5419 1428 5473 Asianos.
1471 5414 1765 5471 Altissima
1787 5420 2107 5485 paupertas.
2195 5425 2517 5484 ostendant,

523 5512 668 5567 Cum
693 5516 893 5567 tenues
928 5513 1118 5565 essent
1148 5506 1482 5562 facultatum
1525 5502 1862 5573 substantia,
1890 5506 2113 5561 animus
2266 5504 2319 5562 7.
2350 5506 2553 5562 Lassa.
2585 5506 2748 5562 Scitis
2795 5508 2948 5562 enim
2982 5508 3254 5576 gratiam.
3297 5505 3471 5572 Quasi
3509 5505 3733 5565 diceret
3780 5528 3794 5567 :

520 5601 677 5658 dives
690 5600 951 5657 inventus
968 5605 1074 5667 est,
1087 5598 1169 5653 ita
1179 5601 1245 5652 ut
1262 5600 1320 5651 et
1335 5609 1463 5650 cum
1479 5593 1743 5667 lacrymis
1765 5595 2115 5663 oﬁ‘errent,et
2194 5595 2433 5668 Propter
2473 5610 2724 5650 amorem
2773 5594 2982 5651 Christi
3035 5593 3277 5651 libenter
3318 5595 3535 5652 debetis
3563 5596 3795 5673 largiri,

519 5690 599 5748 sic
617 5695 880 5762 cogerent
893 5686 1069 5760 accipi
1088 5703 1123 5742 a
1143 5701 1223 5754 se,
1244 5684 1393 5756 quod
1409 5683 1794 5756 accipiendum
1817 5701 1932 5742 non
1960 5684 2111 5742 vide-
2192 5685 2326 5757 quia
2345 5684 2466 5758 ipse
2497 5685 2652 5743 dives
2672 5689 2901 5758 propter
2926 5700 3024 5740 vos
3046 5700 3263 5758 pauper
3287 5684 3469 5743 factus
3497 5689 3609 5745 est.
