3912 6364
116 270 200 328 241
770 273 846 326 ΙΝ
885 273 950 325 D.
991 272 1204 326 PAULI
1244 271 1466 328 EPIST.
1508 274 1880 334 COMMENT.
1922 307 1986 319 --
2027 275 2252 330 EPIST.
2291 274 2342 329 Il
2382 273 2478 328 AD
2518 273 2681 328 COR.
3254 273 3371 331 242

116 400 189 450 est
213 395 430 449 animus
456 394 776 460 voluntatis,
808 393 891 448 ita
919 393 993 448 sit
1020 399 1306 464 promptus
1333 398 1561 450 animus
1590 401 1647 451 et
1665 399 1992 468 perﬁciendi
2024 414 2090 452 ex
2118 412 2203 464 eo,
2233 397 2535 451 secundum
2563 397 2643 462 id,
2675 395 2824 467 quod
2842 395 3086 455 habetis.
3107 398 3236 454 Ecce
3255 413 3359 453 cur

117 489 372 552 acceptum
418 488 490 536 est
532 485 654 549 Deo,
694 487 744 536 si
783 486 854 536 sit
901 486 1231 537 voluntarie.
1266 483 1318 536 8.
1355 484 1412 538 Si
1443 485 1592 540 enim
1622 488 1877 542 voluntas
1907 489 2172 559 prompta
2199 487 2286 540 est
2323 485 2521 553 facere,
2555 484 2864 540 secundum
2902 485 2959 539 id
2991 485 3137 557 quod
3166 485 3354 555 habet,

117 577 320 644 accepta
338 577 426 626 est
444 574 566 639 Deo,
595 589 710 626 non
733 577 954 626 tantum
975 572 1027 626 9.
1052 573 1359 627 secundum
1389 573 1446 628 id
1476 575 1623 646 quod
1647 592 1760 630 non
1790 577 1976 631 habet.
2001 577 2129 630 Non
2152 573 2324 638 enim,
2348 573 2552 627 scilicet
2573 575 2802 641 impero,
2825 576 2892 626 ut
2917 572 3043 627 aliis
3072 573 3146 628 sit
3164 575 3356 629 remis-

113 661 203 728 sio,
221 663 436 728 refectio
463 677 527 714 επ
556 664 778 726 nostris,
805 666 867 714 ut
897 677 986 715 vos
1006 663 1290 730 deficiatis,
1316 662 1472 717 vobis
1489 669 1681 717 autem
1703 664 2011 732 tribulatio,
2037 663 2124 718 10.
2152 662 2251 716 sed
2278 663 2398 715 dico
2433 665 2494 714 ut
2520 676 2587 714 ex
2616 660 2954 731 aequalitate.
2987 659 3057 715 In
3090 656 3357 733 praesenti

109 756 352 820 tempore,
374 747 650 806 11.vestra
666 749 1012 804 abundantia
1033 749 1258 804 illorum
1275 750 1520 821 inopiam
1541 753 1819 823 suppleat,
1836 759 1901 808 ut
1912 757 1968 807 et
1981 753 2209 806 illorum
2229 753 2563 804 meritorum
2579 749 2929 804 abundantia
2939 755 3135 804 vestrae
3147 747 3354 824 inopiae

110 836 184 902 sit,
216 839 275 890 in
291 839 504 904 futuro,
525 837 998 908 supplementum,
1030 836 1111 894 12.
1142 842 1208 892 ut
1235 853 1388 892 nunc
1415 845 1463 892 et
1489 845 1622 893 tunc
1638 841 1739 895 fiat
1764 842 2075 912 aequalitas,
2098 840 2432 907 sufﬁcientia
2464 839 2612 891 vobis
2641 843 2689 891 et
2718 840 2872 907 ipsis,
2904 837 3050 892 sicut
3077 840 3352 912 scriptum

108 930 193 990 est,
222 929 283 979 in
302 925 482 979 Exodo
506 940 595 979 xvt
627 945 638 980 :
680 924 762 992 13,
793 925 873 982 14.
897 927 1004 990 Qui
1029 927 1293 992 multum,
1326 943 1440 982 non
1463 927 1787 993 abundavit,
1819 910 2025 984 scilicet
2053 932 2267 998 collegit
2287 930 2350 982 de
2379 943 2613 994 manna,
2639 943 2750 982 non
2768 931 2893 996 plus
2913 929 3137 994 habuit;
3167 910 3225 984 et
3252 910 3354 1001 qui

109 1013 381 1080 modicum,
399 1030 512 1068 non
532 1014 853 1081 minoravit,
873 1018 1078 1069 scilicet
1100 1018 1336 1083 collegit,
1352 1032 1465 1070 non
1484 1019 1675 1070 minus
1700 1017 1913 1071 habuit.
1933 1020 2018 1072 Ita
2036 1021 2136 1087 qui
2153 1020 2402 1070 multum
2420 1019 2668 1084 pecunia
2683 1017 2898 1084 collegit
2917 1019 2982 1070 in
3004 1021 3267 1086 presenti
3285 1024 3355 1074 ut

108 1103 374 1169 Corinthii,
402 1119 517 1157 non
540 1107 686 1158 solus
705 1105 918 1170 habeat,
937 1108 1120 1169 ιθθ
1137 1107 1249 1157 imo
1269 1107 1403 1157 aliis
1425 1106 1734 1172 impertiat.
1758 1107 1842 1159 Ad
1862 1107 1960 1160 hoc
1980 1107 2124 1176 quod
2142 1107 2285 1160 dixit
2302 1107 2620 1173 rogavimus
2648 1105 2853 1161 Titum.
2879 1104 3134 1160 Gratiam
3152 1111 3345 1164 autem
3369 1135 3376 1157 ς

107 1207 195 1261 ago
217 1192 346 1259 Deo,
380 1193 478 1263 qui
502 1193 659 1248 dedit
689 1194 942 1248 eamdem
981 1211 1149 1262 quam
1181 1194 1344 1248 habeo
1375 1193 1812 1248 sollicitudinem
1839 1211 1941 1266 pro
1971 1193 2126 1248 vobis
2155 1194 2214 1247 in
2243 1191 2408 1246 corde
2435 1191 2565 1258 Titi,
2590 1190 2858 1262 quoniam
2882 1207 3066 1248 meam
3085 1193 3350 1252 exhorta-

106 1281 289 1335 tionem
319 1283 549 1352 quidem
567 1287 729 1352 prius
749 1285 983 1338 audiens
1005 1286 1238 1337 libenter
1257 1283 1522 1353 suscepit,
1547 1289 1595 1336 et
1625 1299 1737 1338 non
1771 1287 1994 1338 tantum
2016 1284 2252 1348 audivit,
2271 1281 2369 1335 sed
2390 1296 2516 1335 cum
2534 1280 2825 1335 sollicitior
2844 1285 3010 1348 esset,
3028 1298 3131 1337 sua
3152 1283 3348 1341 volun-

104 1374 200 1423 tate
224 1371 502 1440 profectus
531 1377 618 1426 est
644 1371 713 1425 ad
733 1388 850 1426 vos.
871 1372 1127 1426 Misimus
1149 1371 1320 1426 etiam
1336 1387 1465 1426 cum
1485 1371 1580 1425 illo
1602 1371 1836 1426 fratrem
1859 1377 2134 1437 nostrum,
2161 1371 2498 1436 Barnabam,
2524 1369 2684 1439 cujus
2703 1368 2830 1424 laus
2853 1375 2939 1423 est
2959 1369 3020 1424 in
3048 1370 3350 1440 Evangelia

101 1475 185 1530 per
206 1475 392 1514 omnes
420 1460 696 1514 Ecclesias
717 1478 730 1514 :
754 1476 868 1514 non
898 1460 1078 1514 solum
1106 1465 1316 1524 autem,
1353 1463 1478 1514 laus
1507 1464 1581 1513 est
1612 1461 1675 1514 in
1701 1461 2019 1528 Evangelia,
2053 1461 2116 1514 id
2134 1465 2229 1526 est,
2257 1473 2370 1514 non
2396 1461 2577 1512 solum
2605 1461 2799 1514 electus
2829 1461 2896 1512 in
2928 1460 3341 1528 praedicatione,

102 1549 181 1602 sal
208 1553 258 1602 et
285 1550 579 1604 ordinatus
609 1555 694 1604 est
721 1549 790 1603 ab
823 1549 1097 1614 Ecclesiis,
1132 1565 1166 1602 a
1195 1551 1444 1617 ﬁdelibus
1472 1550 1734 1613 Ecclesiae,
1763 1550 1824 1601 id
1852 1555 1951 1614 est,
1983 1550 2260 1618 apostolis,
2305 1561 2492 1601 comes
2521 1545 2993 1616 peregrinationis
3023 1552 3251 1614 nostrae,
3285 1553 3348 1602 ut

103 1653 283 1690 mecum
304 1639 470 1705 ferat,
505 1638 565 1692 in
592 1639 736 1692 hanc
762 1639 1004 1708 gratiam
1027 1640 1378 1702 collectionis,
1404 1653 1526 1708 quae
1556 1636 1910 1690 ministratur
1927 1636 2016 1691 15.
2043 1651 2076 1688 a
2105 1633 2266 1688 nobis
2295 1633 2366 1688 ad
2394 1633 2620 1687 Domini
2641 1633 2900 1704 gloriam,
2920 1637 3169 1702 gratiam
3195 1637 3336 1698 dico,

102 1727 145 1774 et
175 1723 504 1779 destinatam
540 1727 613 1779 ad
640 1725 986 1780 voluntatem
1015 1730 1286 1790 nostram,
1328 1725 1412 1791 16,
1448 1727 1528 1779 l7.
1560 1725 1871 1779 devitantes
1905 1725 2031 1787 hoc,
2063 1739 2136 1778 ne
2165 1722 2290 1794 quis
2318 1738 2421 1778 nos
2443 1721 2724 1794 vituperet
2746 1723 2804 1776 in
2830 1723 2936 1777 hac
2964 1723 3336 1794 plenitudine,

101 1827 201 1881 qua:
227 1813 601 1879 ministratur,
629 1819 891 1883 portatur
910 1817 1133 1880 sanctis,
1158 1830 1192 1868 a
1217 1813 1398 1878 nobis,
1427 1818 1489 1866 ut
1519 1817 1710 1867 vacent
1743 1815 1861 1879 Deo,
1889 1815 1953 1866 in
1977 1814 2205 1866 Domini
2229 1813 2490 1878 gloriam.
2526 1812 2649 1865 Ideo
2675 1813 2954 1865 mittimus
2970 1813 3116 1866 illos.
3139 1809 3229 1868 18.
3256 1810 3342 1870 19-

103 1900 434 1957 Providemus
455 1903 608 1957 enim
630 1902 778 1956 bona
804 1918 916 1956 non
947 1903 1128 1957 solum
1149 1919 1336 1957 coram
1358 1903 1493 1968 Deo,
1513 1903 1657 1969 quod
1685 1907 1764 1955 est
1789 1905 1841 1955 si
1867 1904 2015 1956 solus
2045 1902 2330 1968 Apostolus
2343 1901 2643 1968 pecuniam
2661 1901 2816 1967 feret,
2849 1914 2964 1954 non
2994 1901 3080 1954 his
3101 1901 3348 1968 forsitan

101 1991 398 2058 crederetur,
437 2008 567 2045 cum
599 1995 708 2060 ipse
742 1991 886 2044 nihil
923 1992 1240 2058 fraudaret,
1279 1989 1378 2044 sed
1405 1989 1578 2043 etiam
1609 2004 1797 2042 coram
1825 1987 2169 2043 hominibus.
2205 1987 2458 2042 Misimus
2489 1993 2679 2042 autem
2709 2004 2839 2042 cum
2867 1986 2978 2043 illis
3008 1993 3068 2043 et
3106 1988 3344 2044 fratrem

101 2083 324 2133 nostrum
362 2080 727 2147 Timotheum,
758 2095 922 2151 quem
953 2079 1309 2151 probavimus
1337 2078 1396 2132 in
1423 2077 1618 2133 multis
1648 2094 1793 2149 saepe
1823 2078 2126 2132 sollicitum
2153 2093 2293 2144 esse,
2321 2092 2472 2132 nunc
2498 2081 2687 2131 autem
2718 2077 2896 2131 multo
2925 2076 3329 2145 sollicitiorem,

99 2166 402 2223 conﬁdentia
428 2168 613 2222 multa
639 2168 828 2223 habita
857 2169 916 2223 in
944 2184 1062 2236 vos,
1095 2167 1209 2224 sive
1237 2166 1327 2224 20.
1368 2182 1470 2239 pro
1498 2167 1644 2233 Tito,
1675 2167 1772 2238 qui
1802 2171 1890 2221 est
1928 2165 2112 2222 socius
2142 2181 2322 2234 meus,
2353 2171 2411 2221 et
2455 2165 2516 2221 in
2553 2181 2652 2222 vos
2680 2163 2928 2236 adjutor,
2973 2164 3090 2222 sive
3132 2165 3340 2222 fratres

1395 2333 1993 2391 COMMENTARIUS.

151 2501 197 2560 8.
224 2505 460 2560 Asianos.
494 2503 562 2560 Si
590 2506 740 2560 enim
767 2507 1044 2560 voluntas.
1074 2503 1353 2568 Quoniam
1381 2501 1997 2566 CorinthiiAvidentur
2022 2517 2320 2575 pauperes.

98 2591 153 2645 ad
179 2593 270 2648 hoc
296 2610 434 2666 opus
459 2599 855 2666 provocantur,
896 2594 1002 2648 hoc
1028 2592 1110 2648 eis
1141 2593 1428 2660 indicitur,
1455 2597 1523 2647 ut
1545 2608 1660 2647 non
1817 2591 1900 2648 14.
1930 2593 2141 2648 LANFI.
2178 2592 2285 2659 Qui
2311 2592 2577 2646 multum.
2610 2587 2718 2654 Qui
2745 2587 2990 2644 multum
3013 2603 3161 2660 saepe
3176 2590 3342 2648 colle—

96 2679 196 2749 plus
219 2681 465 2737 tribuant
486 2698 658 2754 quam
682 2687 934 2754 possunt,
964 2697 1035 2737 ne
1052 2681 1179 2754 plus
1197 2681 1343 2736 forte
1361 2680 1659 2736 offerentes
1737 2684 1918 2752 gerat,
1948 2679 2007 2734 id
2033 2685 2136 2746 est,
2165 2679 2406 2751 amPlius
2434 2693 2603 2750 quam
2627 2693 2927 2748 gomorum
2954 2691 3070 2732 non
3091 2676 3340 2736 abunda-

97 2770 256 2836 coacti,
301 2787 412 2826 non
464 2771 788 2838 voluntarii,
848 2771 1172 2825 viderentur
1224 2769 1346 2824 sine
1400 2770 1657 2825 mercede
1737 2769 1836 2835 vit,
1867 2769 1925 2823 id
1957 2773 2063 2834 est,
2093 2784 2206 2822 non
2234 2769 2361 2840 plus
2384 2767 2583 2822 habuit
2610 2784 2781 2838 quam
2809 2783 3126 2838 gomorum,
3153 2772 3210 2824 et
3241 2770 3340 2840 qui

97 2853 269 2913 futuri:
292 2859 421 2929 quia
434 2859 536 2932 qui
557 2865 781 2914 coactus
801 2859 1015 2930 aliquid
1031 2859 1183 2926 facit,
1208 2858 1522 2914 mercedem
1542 2875 1656 2914 non
1736 2857 2020 2912 modicum
2067 2856 2280 2911 scilicet
2322 2856 2641 2926 collegerat,
2671 2854 2730 2908 id
2775 2860 2880 2923 est,
2912 2855 3100 2911 minus
3138 2856 3340 2913 habuit

96 2941 247 3000 habet.
1736 2961 1906 3016 quam
1931 2961 2250 3016 gomorum.
2278 2945 2345 3000 In
2368 2944 2554 2999 Exodo
2583 2947 2775 2998 autem
2797 2943 2881 2997 ita
2907 2942 3147 2998 habetur
3177 2960 3191 2997 :
3222 2945 3335 2999 Nec

149 3028 194 3084 9.
221 3032 421 3090 Lara.
462 3034 782 3090 Secundum
835 3037 894 3089 id
943 3037 1104 3105 quod,
1137 3039 1243 3090 etc.
1275 3034 1391 3104 Vel.
1417 3033 1511 3089 ille
1555 3035 1655 3090 dat
1734 3037 1834 3103 qui
1858 3038 1986 3104 plus
2016 3038 2321 3103 collegerat,
2354 3034 2548 3087 habuit
2575 3033 2860 3102 amplius;
2889 3047 2987 3088 nec
3011 3034 3114 3102 qui
3137 3033 3332 3088 minus

95 3122 358 3177 secundum
379 3125 531 3195 quod
571 3140 684 3177 non
708 3123 896 3190 habet,
934 3123 1029 3195 qui
1052 3125 1120 3179 de
1156 3124 1406 3195 quinque
1433 3123 1647 3192 solidis,
1725 3130 2044 3194 paraverat,
2075 3125 2279 3193 reperit
2303 3124 2512 3176 minus.

96 3203 170 3260 dat
203 3216 466 3281 quatuor;
512 3213 662 3284 quod
705 3213 1021 3268 faciendum
1071 3219 1155 3268 est
1202 3214 1301 3280 illi,
1341 3213 1436 3285 qui
1482 3212 1652 3268 habet
1808 3211 1890 3269 15.
1929 3211 1974 3268 Α
2005 3213 2158 3267 nobis
2184 3213 2260 3266 ad
2283 3212 2513 3267 Domini
2538 3211 2802 3278 gloriam.
2845 3208 2998 3265 Ordo
3030 3224 3045 3266 :
3084 3209 3135 3264 Α
3161 3209 3325 3267 nobis

94 3293 247 3352 decem
282 3301 467 3369 libras,
505 3303 589 3356 vel
619 3302 958 3372 hujusmodi.
991 3303 1212 3358 Diceret
1240 3303 1443 3374 aliquis
1476 3320 1488 3356 :
1522 3303 1649 3358 Non
1731 3305 2087 3370 destinatam,
2122 3304 2194 3359 ad
2213 3303 2438 3360 Domini
2464 3302 2724 3374 gloriam,
2757 3306 2813 3356 et
2840 3301 2913 3357 ad
2942 3303 3320 3362 voluntatem.

94 3384 210 3440 valet
235 3388 277 3442 si
319 3391 520 3445 darent
563 3392 868 3446 secundum
900 3393 1047 3462 quod
1077 3393 1354 3458 habeant;
1394 3391 1476 3446 illi
1496 3391 1645 3446 enim
1803 3393 1886 3450 16.
1928 3396 2238 3449 Devitantes
2262 3395 2378 3448 hoc.
2413 3391 2586 3457 Quasi
2616 3391 2830 3448 diceret
2859 3409 2872 3445 :
2900 3391 3033 3447 Ideo
3068 3391 3326 3447 misimus

93 3469 399 3547 Macedones,
439 3481 741 3551 plusquam
781 3486 969 3552 posset
1004 3497 1198 3536 eorum
1230 3481 1347 3552 pati
1384 3481 1638 3548 facultas,
1729 3481 1962 3537 fratrem
1989 3483 2122 3537 boni
2142 3481 2452 3537 testimonii
2481 3497 2609 3536 cum
2627 3481 2772 3548 Tito,
2801 3497 2874 3536 ne
2899 3479 3024 3552 quis
3044 3479 3328 3552 vituperet

93 3558 339 3621 dederunt.
381 3568 467 3622 Ad
512 3569 618 3622 hoc
657 3569 957 3639 respondet
988 3588 998 3621 :
1049 3569 1105 3624 Si
1135 3570 1306 3635 enim,
1341 3575 1448 3623 etc.
1483 3569 1643 3633 Quod
1724 3587 1826 3626 nos
1855 3572 1914 3626 in
1941 3573 2047 3627 hac
2067 3571 2312 3643 Epistola
2335 3569 2868 3642 (52),~eleemosyna,
2892 3569 3083 3624 dicens
3123 3585 3226 3624 nos
3254 3585 3324 3626 ex

94 3655 179 3704 est:
201 3652 296 3716 Qui
318 3657 433 3711 vult
452 3657 591 3711 dare
607 3658 913 3712 secundum
935 3658 991 3711 id
1016 3658 1165 3728 quod
1183 3658 1368 3724 habet,
1385 3664 1643 3729 acceptus
1724 3676 1790 3714 ea
1819 3661 2034 3732 aliquid
2062 3661 2133 3714 ad
2157 3665 2415 3714 nostrum
2443 3675 2583 3731 opus
2615 3660 2880 3714 retinere.

95 3743 156 3790 est
179 3740 297 3808 Deo,
316 3761 426 3799 non
454 3747 803 3800 tantumille
831 3747 925 3817 qui
949 3747 1062 3800 vult
1094 3746 1274 3801 facere
1295 3747 1444 3800 ultra
1473 3763 1642 3818 quam
1799 3749 1881 3805 17.
1914 3752 2163 3804 AMBROS.
2188 3751 2497 3804 Devitantes
2528 3749 2646 3805 hoc.
2670 3749 2802 3803 Ideo
2831 3749 2939 3803 hoc
2964 3747 3218 3817 subjecit,
3247 3763 3321 3802 ne

94 3822 240 3922 habet.
254 3831 346 3886 Vel
365 3834 478 3888 ita:
512 3835 787 3889 Voluntas
814 3841 1076 3906 prompta
1092 3836 1275 3890 facere
1297 3835 1447 3890 ultra
1473 3852 1642 3906 quam
1659 3839 2013 3922 Bnegligens
2059 3839 2210 3893 circa
2256 3853 2450 3893 curam
2497 3841 2822 3892 sanctorum
2862 3835 3236 3907 judicaretur,
3269 3835 3318 3890 si

93 3917 245 3985 POSSit,
282 3923 589 3978 secundum
626 3923 682 3976 id
733 3923 877 3994 quod
929 3925 1064 3990 vult,
1114 3929 1202 3978 est
1242 3929 1504 3994 accepta,"
1530 3917 1701 3979 non~
1725 3927 1950 3997 segnius
1978 3928 2084 3982 hoc
2113 3931 2324 3997 ageret.

93 4006 351 4063 secundum
379 4011 530 4082 quod
562 4017 766 4082 potest.
1794 4016 1882 4069 18.
1913 4017 2270 4070 Providemus
2297 4017 2449 4069 enim
2480 4016 2638 4069 bona.
2661 4013 2927 4068 Providet
2951 4012 3101 4068 bona
3123 4028 3316 4069 coram

145 4090 216 4148 10.
243 4099 482 4156 AMBROS.
526 4101 629 4156 Sed
665 4118 732 4155 ea:
766 4103 1094 4170 aqualitate.
1139 4101 1265 4156 Non
1317 4100 1466 4155 enim
1517 4101 1642 4172 plus
1725 4102 1866 4171 Deo,
1893 4105 2026 4160 dum
2050 4105 2199 4175 quod
2219 4103 2384 4175 jubet
2402 4103 2551 4158 Deus
2580 4102 2731 4156 circa
2751 4101 3065 4157 ministeria
3091 4105 3315 4156 sancto-

93 4179 307 4255 exigitur,
336 4206 502 4260 quam
549 4189 652 4243 sibi
680 4189 886 4245 debent
930 4190 1193 4257 retinere,
1241 4190 1373 4261 quia
1419 4193 1632 4258 diliges,
1717 4210 1865 4261 rum,
1889 4194 2012 4248 ﬁeri
2037 4194 2199 4248 docet
2227 4209 2417 4247 coram
2444 4191 2792 4262 hominibus,
2813 4191 2948 4262 quia
2967 4190 3110 4246 tales
3136 4190 3316 4246 mittit

90 4262 250 4339 inquit,
273 4281 592 4343 proximum
626 4284 786 4331 tuum
813 4281 955 4332 sicut
988 4281 1238 4346 tcipsum.
1715 4283 1785 4336 ad
1814 4283 1920 4336 hoc
1956 4299 2095 4352 opus
2133 4281 2563 4349 exhortandum,
2605 4280 2702 4352 qui
2739 4279 3019 4352 probitate
3057 4296 3161 4336 sua
3197 4295 3313 4336 non

142 4357 212 4412 11.
250 4363 417 4420 Vestra
446 4368 819 4422 abundantia.
862 4367 925 4421 1d
969 4373 1072 4432 est,
1107 4367 1166 4420 hi
1205 4367 1301 4437 qui
1339 4367 1632 4422 facultates
1713 4371 1921 4425 faciant
1947 4372 2027 4425 eis
2057 4370 2405 4426 scandalum.

90 4439 268 4532 habent,
313 4453 632 4509 ministrent
676 4459 996 4510 sanctorum
1042 4456 1265 4527 inopiis,
1315 4462 1379 4510 ut
1424 4456 1630 4512 iterum
1787 4458 1873 4514 l9.
1905 4460 2118 4518 Lassa.
2161 4460 2514 4514 Providemus
2536 4462 2708 4514 enim.
2743 4459 2895 4527 Ideo,
2925 4457 3129 4532 inquit,
3152 4457 3312 4514 misi-

89 4528 174 4586 lllic
204 4542 363 4596 sancti
405 4543 504 4598 ubi
552 4549 684 4598 sunt
716 4544 938 4614 divites,
978 4551 1035 4598 et
1079 4544 1173 4598 isti
1217 4546 1433 4617 inopes,
1474 4563 1629 4601 com-
1713 4565 1837 4603 mus
1852 4566 1966 4617 eos,
1985 4566 2056 4605 ne
2074 4548 2452 4604 ministerium
2472 4549 3110 4621 nostrumvituperetur,
3125 4548 3316 4604 existi-

90 4624 325 4713 lllunicent
358 4631 462 4701 his,
513 4633 674 4703 quasi
715 4633 889 4688 vicem
915 4633 1288 4705 rependentes
1315 4635 1627 4690 ministerio
1709 4639 1918 4693 manda
1943 4655 2045 4693 nos
2073 4655 2194 4693 esse
2223 4640 2394 4705 fures,
2424 4643 2724 4710 postquam
2745 4637 2990 4693 viderint
3019 4643 3104 4693 tot
3132 4638 3310 4694 bonos

91 4705 285 4770 illorum.
1709 4727 1910 4798 quibus
1957 4705 2444 4794 accommodatur,
2475 4705 2831 4798 vel—propter
2867 4726 2974 4780 hoc
3028 4725 3307 4782 mittimus

92 4881 100 4892 .
236 4806 289 4859 Ut
319 4810 412 4876 flat
442 4812 748 4879 aequalitas.
773 4811 902 4866 Haec
926 4815 1014 4866 est
1048 4811 1356 4882 aequalitas,
1381 4817 1462 4879 ut,
1493 4814 1626 4885 quia
1705 4822 1808 4872 tot.
1836 4833 1908 4871 ne
1937 4817 2190 4872 dicamur
2215 4816 2501 4888 negligere
2530 4816 2670 4872 illud
2701 4814 2978 4870 mittendo
3008 4831 3204 4883 unum,
3249 4820 3308 4871 et

90 4887 157 4976 isti
177 4890 227 4946 in
246 4894 340 4952 hoc
366 4903 618 4970 tempore
641 4900 965 4954 ministrant
983 4901 1208 4968 sanctis,
1233 4901 1472 4956 reddant
1491 4901 1616 4975 [al.,
1705 4906 2013 4961 existimari
2050 4923 2171 4962 esse
2197 4887 2307 4973 fur,
2340 4887 2426 4962 vel
2456 4905 2740 4976 negligere
2770 4905 2908 4960 illud
2933 4923 2947 4972 ;
2985 4903 3194 4961 bonum
3221 4909 3308 4961 est

91 4975 361 5067 reddantur]
385 4987 496 5042 illis
520 4988 665 5043 νίοεε
693 4989 752 5044 in
772 4989 979 5044 ῖυῐιινο-
1348 5064 1351 5067 _
1704 5012 1806 5050 nos
1845 4996 2074 5065 evitare,
2119 5012 2191 5050 ne
2229 4995 2406 5050 simus
2448 4975 2631 5050 causa,
2667 4995 2830 5050 malai
2875 4993 3304 5049 existimationis

147 5063 211 5159 1‘3.
232 5073 326 5138 Qui
344 5081 584 5132 multum
604 5094 735 5133 non.
755 5079 888 5133 Plus
908 5078 1118 5133 habent
1136 5079 1314 5134 sancti
1334 5064 1394 5134 in
1411 5097 1510 5152 spe
1531 5082 1685 5159 fu-c
1704 5101 1935 5152 eorum;
1979 5089 2034 5138 et
2063 5063 2186 5138 hoc
2225 5089 2311 5139 est
2347 5083 2497 5156 quod
2538 5082 2674 5139 dicit
2702 5101 2714 5138 :
2753 5084 3107 5139 Providemus
3151 5084 3303 5138 enim

93 5153 176 5206 turi
189 5164 352 5219 saeculi
365 5181 531 5234 quam
551 5166 609 5222 hi
629 5167 723 5238 qui
740 5168 842 5222 hoc
862 5173 1114 5239 tempore
1127 5168 1384 5224 videntur
1403 5171 1620 5241 divites,
1644 5153 1682 5159 Ἦ
1709 5176 1868 5240 bona,
1893 5178 1999 5228 etc.

94 5245 133 5333 fit
153 5250 313 5306 tamen
329 5255 694 5325 aequabuntur
713 5256 827 5311 illic
845 5256 1088 5327 utrique,
1106 5262 1171 5312 ut
1189 5257 1334 5313 sicut
1352 5259 1622 5317 beneﬁcio
1776 5261 1866 5320 20.
1889 5266 1996 5318 Pro
2024 5264 2160 5317 Tito.
2189 5261 2336 5316 Dicit
2359 5260 2611 5329 fratrem,
2646 5277 2813 5333 quem
2842 5258 3120 5328 mittebat,
3151 5260 3304 5315 mul-

95 5325 268 5404 11οιίιιῐι,
298 5349 610 5400 sanctorum
637 5345 827 5417 inopia
848 5350 1217 5414 sustentatur,
1244 5347 1324 5402 ita
1354 5348 1622 5406 beneficio
1705 5359 1820 5408 tam
1865 5353 2124 5407 ﬁduciam
2170 5350 2378 5406 habere
2420 5352 2479 5405 in
2531 5351 2630 5417 eis,
2665 5351 2798 5421 quia
2840 5349 3029 5404 Titum
3068 5353 3126 5405 et
3161 5349 3302 5405 alios

95 5429 357 5485 Sauctorum
382 5433 577 5489 divites
604 5436 744 5490 ﬁant
771 5435 831 5490 hi
858 5435 918 5491 in
951 5434 1142 5491 futuro
1172 5437 1392 5505 saeculo,
1424 5439 1484 5493 in
1512 5457 1622 5510 quo
1707 5443 1991 5514 apostolos
2015 5441 2156 5497 bene
2188 5445 2587 5496 tractaverunt.

142 5547 228 5621 (52)
253 5553 483 5627 Epistola
517 5558 814 5627 redundat,
852 5558 936 5614 vel
959 5575 1094 5614 sane
1117 5560 1266 5616 inter
1300 5563 1681 5631 parenthesin.
