3912 6364
549 275 695 347 243'
1541 286 1607 344 B.
1647 286 2059 343 LANFRANCI
2096 285 2452 342 CANTUAR.
2492 283 2826 342 ARCHlEP.
3709 279 3812 338 244

549 414 752 479 nostri,
785 412 1027 485 apostoli
1056 411 1430 469 Ecclesiarum
1460 413 1619 480 (forte
1649 415 1878 483 quidam
1915 415 2144 481 apostoli
2173 412 2312 464 bona
2340 414 2572 465 illorum
2610 411 2897 478 referendo
2929 409 3385 465 commendabant
3415 407 3606 475 illlos),
3635 403 3812 476 gloria

555 502 788 566 Christi,
818 503 1017 572 quibus
1042 503 1294 557 Ecclesiis
1331 503 1682 569 gloriﬁcatur
1709 503 1976 557 Christus.
2005 501 2144 568 Quia
2176 502 2307 553 tales
2345 505 2494 553 sunt.
2527 499 2614 554 Μ.
2647 498 3039 553 Ostensionem
3069 513 3221 567 ergo,
3258 512 3380 567 quae
3409 499 3496 550 est
3521 489 3810 548 charitati8

553 594 774 656 vestrae,
797 594 854 644 et
877 594 1083 644 nostrae
1109 589 1301 660 gloriae
1330 605 1431 660 pro
1461 588 1632 655 vobis,
1655 592 1788 658 quia
1809 591 2055 644 charitas
2083 603 2275 641 eorum
2302 590 2485 655 gloria
2510 593 2584 641 est
2604 589 2862 656 Apostoti,
2895 586 2953 640 in
2979 585 3123 652 illos,
3150 600 3280 655 quos
3309 587 3608 649 mittimus,
3637 587 3811 638 osten-

556 674 698 744 dite,
732 675 1058 731 charitative
1081 677 1302 745 recipite
1331 677 1474 742 illos,
1503 673 1562 730 in
1589 673 1790 730 faciem
1816 673 2210 743 Ecclesiarum,
2242 679 2304 730 ut
2333 677 2453 730 sitis
2481 677 2781 744 exemplar.

1840 859 2018 921 ιθ,
2059 855 2291 911 CAPUT
2321 855 2425 913 IX.

626 989 932 1058 Responsio.
963 988 1036 1042 De
1064 989 1363 1056 receptione
1390 990 1623 1043 illorum
1668 991 1868 1059 scripsi
1906 991 2072 1056 vobis,
2105 995 2155 1044 et
2202 1005 2314 1044 non
2337 990 2402 1042 de
2430 989 2719 1043 collatione
2759 1006 2776 1042 :
2816 1002 2949 1042 nam
2989 985 3060 1041 de
3107 983 3440 1050 ministerio,
3473 982 3626 1055 quod
3663 982 3729 1042 ﬁt
3754 981 3808 1036 in

554 1081 795 1140 sanctos,
827 1091 892 1130 ex
916 1073 1243 1141 abundanti,
1284 1079 1648 1146 super/tuum,
1682 1083 1768 1132 est
1793 1077 1930 1131 mihi
1954 1077 2198 1132 scribere
2223 1077 2396 1132 vobis.
2428 1078 2555 1132 Ecce
2583 1093 2702 1131 cur.
2747 1076 2873 1131 Scio
2898 1075 3048 1130 enim
3081 1079 3404 1147 promptum
3433 1071 3690 1127 animum
3718 1087 3809 1125 ve-

552 1171 752 1230 strum,
776 1179 876 1234 pro
894 1179 1003 1234 quo
1015 1162 1084 1216 de
1101 1162 1256 1217 vobis
1271 1163 1483 1234 glorior
1501 1165 1650 1236 apud
1665 1166 1994 1220 Macedones
2011 1167 2212 1233 (dicens
2228 1165 2513 1234 Apostolus
2526 1165 2860 1229 Macedones,
2881 1165 3149 1218 Achaiam
3169 1168 3428 1232 paratam
3446 1163 3584 1214 dicit
3602 1165 3666 1214 ut
3686 1159 3809 1212 inde

551 1255 832 1312 Corinthii
849 1256 1043 1322 parati
1060 1256 1472 1321 inveniantur).
1497 1255 1551 1308 1.
1575 1255 1854 1319 Quoniam
1879 1262 1934 1309 et
1955 1255 2168 1309 Achaia
2188 1259 2384 1326 parata
2413 1259 2500 1307 est
2527 1252 2597 1306 ab
2626 1268 2773 1306 anno
2801 1252 3103 1323 praeterito,
3131 1256 3189 1304 et
3215 1255 3295 1304 sic
3325 1253 3505 1303 vestra
3529 1245 3809 1302 aemulatio

549 1339 870 1414 provocavit
891 1339 1184 1412 plurimos.
1213 1341 1340 1395 Misi
1361 1346 1550 1396 autem
1571 1345 1828 1411 praefatos
1846 1343 2066 1408 fratres,
2093 1349 2156 1396 ut
2182 1359 2252 1396 ne
2283 1342 2434 1413 quod
2456 1341 2768 1412 gloriamur
2787 1341 2857 1394 de
2888 1339 3060 1405 vobis,
3085 1341 3142 1392 id
3165 1344 3259 1403 est,
3284 1338 3518 1405 gloriati
3535 1351 3730 1388 sumus
3749 1335 3807 1386 de

548 1433 696 1486 vobis
721 1432 872 1500 apud
899 1447 1007 1495 vos,
1029 1435 1328 1484 evacuetur
1344 1431 1512 1504 (quod
1543 1438 1688 1497 esset,
1721 1434 1772 1485 si
1802 1448 1913 1485 non
1947 1435 2236 1499 parassent
2267 1432 2427 1496 illud)
2461 1430 2520 1482 in
2549 1429 2652 1482 hac
2679 1433 2857 1499 parte,
2892 1430 2954 1481 in
2995 1428 3283 1494 referenda
3313 1425 3720 1485 communione,
3750 1425 3811 1474 ut

553 1517 1050 1590 (quemadmodum
1076 1517 1208 1586 dixi)
1231 1518 1414 1588 parati
1441 1518 1581 1584 sitis,
1606 1534 1677 1573 ne
1705 1535 1832 1573 cum
1855 1521 1928 1572 ad
1947 1535 2036 1571 vos
2057 1519 2310 1572 venerint
2329 1518 2657 1572 Macedones
2678 1533 2917 1582 mecum,
2939 1521 2996 1569 et
3022 1513 3339 1568 invenerint
3360 1529 3456 1565 vos
3481 1510 3804 1581 imparatos,

546 1605 604 1664 2.
637 1605 1032 1661 erubescamus
1059 1621 1161 1660 nos
1186 1607 1252 1660 de
1281 1607 1378 1660 hoc
1404 1609 1548 1676 quod
1573 1610 1806 1675 gloriati
1833 1623 2026 1660 sumus
2045 1608 2108 1660 de
2127 1609 2294 1675 vobis,
2315 1613 2380 1660 ut
2407 1622 2519 1660 non
2544 1605 2796 1659 dicamus
2827 1621 2922 1658 vos
2947 1603 3005 1657 in
3030 1604 3134 1657 hac
3163 1600 3496 1665 substantia,
3521 1600 3807 1652 collatione

549 1696 718 1766 (quod
732 1699 880 1760 esset,
897 1697 948 1748 si
966 1710 1077 1748 non
1095 1699 1380 1762 parassent
1400 1696 1663 1764 illud).Et
1683 1711 1751 1750 ne
1769 1697 2146 1749 erubescamus
2167 1696 2458 1760 vobiscum,
2483 1694 2861 1747 necessarium
2882 1709 3015 1762 ergo
3037 1689 3348 1744 existimavi
3368 1703 3568 1757 rogare
3588 1684 3805 1748 fratres,

550 1787 617 1838 ut
647 1781 992 1854 praeveniant
1019 1781 1091 1835 ad
1117 1798 1231 1848 vos,
1261 1783 1317 1838 3.
1348 1787 1406 1836 et
1430 1789 1766 1854 praeparent,
1806 1787 2010 1852 parari
2049 1785 2263 1848 faciant
2292 1799 2327 1835 a
2356 1784 2520 1846 vobis,
2560 1781 2956 1852 repromissam
2996 1777 3438 1832 benedictionem
3468 1775 3615 1829 hanc
3641 1774 3808 1843 (dona

542 1872 809 1940 pecuniae)
841 1873 1097 1941 paratam
1126 1886 1275 1924 essse
1312 1870 1393 1924 sic
1425 1871 1632 1940 (datam
1663 1873 2005 1937 voluntarie)
2037 1870 2197 1941 quasi
2226 1870 2685 1934 benedictionem,
2717 1886 2828 1923 non
2856 1876 3125 1938 tanquam
3151 1864 3466 1929 avaritiam,
3497 1877 3614 1916 non
3638 1861 3807 1914 invite

547 1959 760 2012 datam.
803 1958 920 2012 Hoc
949 1963 1138 2012 autem
1178 1957 1321 2026 dico,
1351 1962 1485 2028 quia
1515 1975 1682 2013 avare
1711 1975 1824 2013 non
1854 1960 2051 2012 debetis
2079 1960 2232 2024 dare,
2266 1960 2382 2011 ideo
2412 1961 2546 2027 quia
2577 1977 2593 2012 :
2626 1958 2734 2023 Qui
2772 1973 2936 2028 parce
2977 1954 3238 2018 seminat,
3271 1968 3437 2006 avare
3467 1952 3587 2015 dat,
3620 1963 3800 2021 parce,

547 2047 718 2112 nihil,
735 2050 792 2100 et
810 2051 1012 2113 metet;
1044 2052 1101 2100 et
1129 2045 1180 2101 4.
1209 2047 1305 2117 qui
1337 2047 1595 2112 seminat,
1621 2048 1882 2101 hilariter
1900 2049 2015 2113 dat,
2039 2047 2097 2100 in
2119 2045 2618 2112 benedictionibus,
2645 2048 2922 2113 largitate,
2949 2044 3018 2097 de
3039 2038 3516 2096 benedictionibus
3532 2044 3591 2092 et
3611 2039 3798 2090 metet.

544 2133 615 2189 Et
640 2139 865 2203 propter
883 2136 997 2200 hoc,
1029 2136 1423 2207 Unusquisque
1447 2141 1615 2207 prout
1635 2136 1952 2195 destinavit,
1977 2139 2084 2189 sive
2115 2139 2377 2201 multum,
2401 2137 2509 2187 sive
2527 2151 2756 2203 parum,
2783 2133 2838 2186 in
2867 2131 3031 2186 corde
3061 2145 3182 2193 suo,
3205 2131 3292 2182 det
3321 2142 3433 2180 non
3458 2142 3524 2179 ex
3553 2122 3799 2183 tristitia,

547 2228 647 2278 aut
674 2239 740 2277 ex
769 2223 1122 2286 necessitate,
1155 2226 1215 2278 id
1247 2230 1341 2290 est,
1375 2228 1668 2292 coactione,
1702 2227 1793 2278 sed
1830 2226 2150 2289 hilaritate;
2191 2223 2426 2275 hilarem
2465 2223 2617 2277 enim
2654 2223 2907 2276 datorem
2945 2217 3128 2288 diligit
3155 2217 3328 2270 Deus.
3366 2215 3430 2268 Et
3462 2229 3527 2267 ne
3570 2213 3804 2266 timeatis

544 2312 782 2379 deﬁcere.
799 2311 1004 2366 Potens
1025 2317 1110 2366 est
1136 2317 1344 2376 autem,
1370 2317 1541 2379 enim,
1565 2314 1715 2368 Deus
1737 2329 1961 2368 omnem
1989 2312 2252 2382 gratiam,
2271 2314 2624 2380 spiritualem
2648 2312 3006 2378 corporalem,
3030 2304 3317 2359 abundare
3339 2301 3523 2356 facere
3543 2301 3606 2355 in
3634 2297 3804 2363 vobis,

541 2398 639 2465 (ne
665 2402 789 2466 quis
816 2401 1013 2454 diceret
1035 2418 1050 2454 :
1071 2400 1135 2456 Si
1163 2402 1354 2454 darem
1381 2418 1499 2470 quae
1525 2402 1707 2466 habeo,
1734 2406 1921 2468 postea
1949 2417 2179 2467 egerem,
2203 2401 2515 2468 subiunxit.
2540 2402 2730 2454 Potens
2759 2403 2834 2451 est
2861 2399 3002 2450 Deus
3023 2410 3240 2448 omnem
3258 2393 3504 2461 gratiam
3522 2390 3807 2444 abundare

543 2487 743 2555 facere,
759 2489 820 2540 id
834 2492 927 2552 est,
939 2491 1470 2557 justiﬁeationem,et
1486 2492 1699 2558 copiam
1716 2505 1910 2542 rerum
1924 2487 2207 2558 tribuere),
2223 2493 2285 2542 ut
2305 2489 2362 2541 in
2379 2486 2638 2541 omnibus
2654 2501 2877 2557 semper
2889 2499 3115 2539 omnem
3133 2479 3528 2537 sufficientiam
3542 2478 3805 2547 corporis,

543 2579 594 2628 et
617 2577 819 2628 anima:
836 2573 1126 2642 habentes,
1155 2575 1452 2630 abundetis
1477 2577 1534 2630 in
1555 2593 1720 2631 omne
1741 2593 1882 2647 opus
1901 2576 2131 2640 bonum,
2152 2577 2298 2631 sicut
2321 2575 2592 2647 scriptum
2614 2581 2701 2630 est
2724 2579 2788 2629 in
2802 2577 3018 2644 psalmo
3043 2585 3106 2626 ιιι
3133 2589 3143 2623 :
3172 2568 3461 2641 Dispersit,
3485 2567 3646 2622 dedit
3671 2580 3806 2638 pau-

541 2662 797 2734 peribus;
823 2663 874 2718 5.
893 2664 1120 2733 justitia
1138 2665 1258 2734 ejus
1281 2669 1474 2720 manet
1493 2663 1549 2716 in
1581 2664 1845 2718 saeculum
1867 2665 2071 2719 saeculi.
2085 2666 2354 2733 Descripta
2369 2679 2472 2732 pro
2493 2664 2801 2731 descriptio.
2816 2659 2872 2718 6.
2887 2660 2994 2725 Qui
3021 2665 3214 2713 autem
3236 2656 3596 2712 administrat
3619 2669 3804 2710 semen

474 2818 478 2821 Α
545 2752 690 2820 quod
715 2752 803 2804 det
832 2751 1155 2818 seminanti,
1195 2755 1393 2817 danti;
1421 2757 1478 2806 et
1505 2768 1728 2822 panem,
1752 2756 1964 2821 copiam
1998 2768 2210 2816 rerum,
2232 2752 2302 2806 ad
2328 2753 2805 2820 manducandum,
2829 2754 2954 2804 dato
2985 2753 3103 2816 illo,
3134 2751 3280 2803 vobis
3308 2746 3616 2819 praestabit,
3649 2745 3702 2800 7.
3731 2749 3800 2797 et,

543 2843 607 2893 ut
627 2841 758 2892 aliis
787 2847 821 2904 |
835 2845 962 2904 (ιθ
978 2843 1408 2895 subministrare
1423 2844 1662 2908 possitis,
1683 2840 2078 2911 multiplicabit
2096 2858 2286 2895 semen
2310 2848 2577 2906 vestrum,
2595 2846 2652 2895 et
2676 2836 3567 2910 augebit(repetitio\incrementa
3585 2835 3803 2904 frugum

541 2927 770 3002 iustitiae
795 2934 1021 2996 vestrae;
1056 2933 1196 2984 bona
1224 2947 1385 2998 opera
1407 2931 1604 2998 quibus
1619 2932 2031 2997 justiﬁeemini,
2066 2936 2129 2984 ut
2156 2930 2214 2984 in
2243 2929 2503 2984 omnibus
2529 2933 2813 2998 (repetit-i0)
2843 2926 3165 2998 locupletati
3184 2925 3482 2978 abundetis
3504 2923 3562 2977 in
3585 2936 3803 2977 omnem

542 3015 982 3086 simplicitatem,
1022 3033 1147 3088 qua:
1187 3022 1454 3088 operatur
1481 3033 1580 3087 per
1617 3033 1719 3070 nos
1755 3017 2070 3086 gratiarum
2113 3018 2390 3072 actionem
2419 3018 2554 3080 Deo,
2592 3018 2650 3070 id
2687 3022 2781 3080 est,
2829 3017 3209 3069 ministerium
3241 3018 3516 3079 nostrum,
3549 3013 3802 3080 operante

542 3106 899 3171 simplicitate
919 3110 1119 3170 vestra,
1143 3109 1404 3172 operatur
1420 3107 1742 3172 gratiarum
1760 3108 2030 3158 actionem
2049 3106 2171 3159 Deo.
2198 3105 2474 3169 Quoniam
2492 3108 2839 3172 (gratiarum
2857 3106 3126 3158 actionem
3147 3105 3381 3170 exponit)
3405 3099 3798 3160 ministerium,

545 3191 608 3246 id
624 3197 717 3256 est,
739 3192 1159 3246 administratio
1173 3194 1434 3258 dationis,
1461 3192 1628 3261 hujus
1647 3192 1834 3258 ofﬁcii,
1854 3195 2227 3261 simplicitatis
2244 3199 2449 3260 vestrae,
2464 3193 2516 3250 8.
2538 3209 2650 3248 non
2667 3193 2849 3247 solum
2871 3192 3094 3264 supplet
3115 3208 3182 3245 ea
3206 3207 3328 3262 quae
3348 3191 3554 3245 desunt
3579 3187 3798 3250 sanctis,

543 3285 620 3334 est
643 3283 1085 3349 supplementum
1114 3283 1314 3348 inopiae
1336 3285 1678 3345 sanctorum,
1701 3281 1795 3334 sed
1819 3280 1989 3334 etiam
2025 3281 2277 3336 abundat
2299 3299 2400 3353 per
2421 3283 2628 3336 multas
2649 3282 2964 3352 gratiarum
2988 3280 3234 3334 actiones
3253 3279 3312 3333 in
3334 3279 3594 3346 Domino,
3628 3279 3688 3331 id
3713 3277 3802 3339 est,

537 3375 765 3439 propter
785 3370 883 3423 hoc
910 3370 1055 3437 quod
1082 3371 1334 3437 inopiam
1363 3375 1685 3423 sanctorum
1709 3373 1988 3438 suppletis,
2008 3372 2221 3437 gratias
2245 3376 2420 3437 agunt
2443 3371 2545 3424 Deo
2575 3373 2756 3434 multi,
2790 3387 2892 3441 per
2919 3369 3326 3441 probationem,
3360 3372 3590 3437 propter
3621 3366 3806 3420 lauda'

545 3461 770 3523 tionem,
802 3457 1098 3512 ministerii
1141 3458 1328 3527 hujus,
1360 3460 1420 3511 id
1462 3463 1552 3521 est,
1589 3462 1786 3512 nostrae
1815 3461 2169 3527 operationis,
2198 3464 2246 3512 et
2292 3464 2477 3513 vestras
2512 3461 2795 3526 largitatis
2845 3458 3260 3528 (gloriﬁcantes)
3298 3472 3394 3526 per
3437 3459 3650 3510 multos
3691 3455 3802 3508 dico

543 3546 725 3602 Deum
746 3545 798 3601 9.
831 3546 892 3600 in
916 3545 1254 3614 obedientia,
1276 3551 1500 3616 propter
1517 3547 1880 3601 obedientiam
1904 3563 2072 3616 quam
2098 3547 2303 3601 habetis
2320 3551 2384 3601 in
2404 3548 2700 3615 Evangelia
2716 3563 2816 3615 per
2836 3549 3287 3616 praedicationem
3314 3550 3584 3611 nostram,
3602 3541 3804 3600 contes-

1907 3706 2476 3763 COMMENTARIUS
2485 3747 2497 3762 .

615 3834 681 3894 21
719 3837 1108 3892 Ostensionem.
1144 3837 1208 3890 In
1237 3835 1368 3904 illis,
1418 3838 1621 3909 inquit,
1655 3855 1794 3910 quos
1823 3839 1976 3894 vobis
2006 3841 2138 3895 mit-
2158 3841 2438 3906 Adetinet
2464 3841 2610 3912 quod
2640 3841 2715 3896 sit
2741 3840 3000 3896 omnibus
3028 3842 3242 3896 datum.

546 3925 742 3992 timus,
776 3924 1054 3980 ostendite
1081 3940 1247 3994 quam
1270 3926 1603 3980 charitatem
1637 3927 1908 3996 habeatis,
1933 3941 1990 3983 et
2017 3946 2140 4000 quae
2293 3929 2343 3984 6.
2369 3930 2572 3983 Lmen.
2608 3931 2714 3996 Qui
2737 3935 2921 3982 autem
2951 3931 3331 3984 administrat.
3366 3931 3428 3985 Id
3454 3935 3558 3997 est,
3591 3929 3688 4001 qui
3715 3926 3805 3980 dat

545 4011 694 4069 bona
722 4013 795 4066 sit
820 4012 1081 4081 gloriatio
1107 4017 1291 4066 vestra
1309 4030 1410 4084 pro
1440 4013 1618 4069 nobis.
2221 4017 2373 4072 vobis
2412 4018 2560 4071 unde
2591 4017 3003 4088 eleemosynam
3044 4018 3279 4073 faciatis.
3317 4019 3474 4073 dabit
3508 4019 3658 4073 unde
3689 4018 3805 4087 post

616 4101 776 4155 CAP.
801 4101 901 4156 IX.
926 4125 987 4136 -
1015 4099 1060 4156 l.
1092 4102 1337 4156 AMBROS.
1374 4105 1644 4169 Quoniam
1677 4105 1884 4158 Achaia
1908 4111 2134 4173 parata.

545 4189 684 4244 Post
710 4189 1061 4254 Macedonas,
1090 4189 1359 4244 Achaiam
1380 4191 1518 4245 dicit
1543 4198 1818 4262 paratam.
1846 4193 2058 4248 Deinde
2077 4202 2141 4249 ut

546 4277 824 4333 Corinthii
854 4277 994 4331 ﬁant
1021 4277 1230 4348 parati.

614 4365 670 4422 2.
701 4367 912 4420 LAHFR.
946 4367 1347 4420 Erubescamus
1375 4383 1482 4421 vos.
1518 4368 1578 4423 Si
1625 4369 1906 4440 imparati,
1933 4371 2134 4442 inquit,

547 4453 787 4519 fueritis,
836 4471 939 4508 nos
981 4455 1372 4509 verecundiam
1411 4455 1738 4512 habebimus
1779 4459 1836 4512 in
1866 4460 1970 4513 hac
2007 4459 2138 4513 sub-

544 4542 771 4610 stantia,
801 4541 858 4596 id
888 4547 994 4606 est,
1023 4543 1397 4614 eleemosyna,
1436 4562 1531 4600 vos
1562 4545 1794 4601 forsitan
1829 4565 1941 4602 non
1976 4548 2140 4602 habe-

546 4630 698 4685 hitis.

619 4718 673 4776 3.
707 4720 774 4774 Et
799 4726 1132 4788 praeparent.
1157 4720 1307 4776 Ordo
1331 4740 1343 4775 :
1367 4723 1442 4778 Ut
1465 4729 1784 4795 praeparent
1806 4723 2141 4779 benedictio-

549 4824 676 4864 nem
717 4809 863 4862 hanc
914 4809 1309 4879 repromissum
1362 4818 1615 4882 paratam
1665 4829 1807 4877 esse,
1855 4814 1933 4867 sic
1981 4815 2140 4884 quasi

547 4896 1013 4963 benedictionem,
1045 4914 1157 4952 non
1201 4901 1363 4970 quasi
1404 4901 1716 4955 avaritiam.
1760 4902 2142 4957 Promiserant

545 4986 696 5041 enim
719 4986 986 5056 Apostolo
1007 4987 1152 5056 quod
1179 4988 1258 5041 ita
1288 4997 1668 5061 praepararent
1699 4990 2135 5061 eleemosynam,

547 5075 859 5130 benedictio
879 5091 991 5129 non
1020 5076 1253 5130 avaritia
1279 5076 1302 5150 [
1307 5080 1447 5145 forte
1471 5079 1856 5134 benedictione
1883 5097 1993 5134 non
2017 5098 2140 5135 ava-

545 5164 719 5235 ritia].

613 5254 669 5307 4.
701 5256 953 5308 AMBROS.
987 5253 1094 5320 Qui
1138 5257 1374 5308 seminat
1422 5258 1485 5309 in
1517 5257 1996 5309 benedictionibus.
2040 5257 2142 5311 Hic

545 5345 604 5399 in
627 5343 1110 5400 benedictionibus
1139 5345 1399 5407 seminat,
1433 5343 1530 5414 qui
1559 5343 1705 5397 bona
1725 5344 2011 5400 voluntate
2042 5363 2139 5417 spe

545 5433 749 5490 futurae
775 5433 1159 5490 retributionis
1187 5434 1293 5488 hoc
1319 5433 1456 5504 agit.

616 5522 679 5580 5.
703 5523 933 5580 Iustitia
959 5528 1076 5595 eius
1098 5528 1306 5579 manet.
1333 5523 1526 5578 Justus
1553 5526 1640 5578 est
1657 5521 1756 5595 qui
1779 5521 1884 5578 sibi
1906 5523 2009 5579 soli
2029 5540 2143 5581 non

2221 4107 2411 4160 datam
2458 4107 2872 4178 eleemosynam
2913 4124 3009 4161 vos
3053 4112 3371 4161 sustentare
3409 4107 3654 4178 possitis.
3699 4104 3805 4158 Nec

2222 4201 2451 4268 propter
2467 4195 2573 4248 hoc
2589 4200 2779 4249 tamen
2796 4195 3125 4261 remanebit,
3141 4196 3365 4265 quando
3381 4196 3608 4267 quidem
3623 4205 3800 4251 semen

2223 4283 2553 4354 multiplicet
2582 4289 2639 4338 et
2666 4283 2855 4353 fruges
2884 4301 3132 4338 crescere
3159 4285 3347 4338 faciat.

2290 4373 2344 4426 7.
2387 4372 2643 4426 Aueaos.
2680 4373 2748 4426 Et
2783 4374 3194 4440 multiplicabit.
3244 4372 3410 4428 Danti
3448 4372 3625 4440 addit,
3656 4375 3718 4425 ut
3742 4380 3801 4420 eo

2222 4461 2465 4531 amplius
2489 4460 2694 4515 habeat
2709 4460 2859 4515 unde
2886 4461 3098 4532 largiri.

2292 4549 2345 4602 8.
2381 4550 2581 4602 LANFR.
2627 4552 2751 4604 Non
2793 4551 2973 4603 solum
3004 4551 3216 4618 supplet
3245 4566 3325 4604 ea.
3377 4551 3632 4615 Quatuor
3678 4545 3802 4603 dicit

2223 4637 2344 4691 ﬁeri
2365 4654 2466 4708 per
2483 4637 3030 4692 administrationem
3051 4638 3219 4709 hujus
3239 4639 3424 4705 ofﬁcii,
3450 4639 3504 4693 id
3527 4646 3632 4704 est,
3651 4638 3803 4692 bene-

2223 4726 2353 4779 ﬁcii.
2375 4726 2595 4780 Sanctis
2616 4727 2766 4780 enim
2790 4727 2884 4798 qui
2911 4733 3044 4782 sunt
3074 4728 3475 4800 Hierosolymis
3498 4724 3802 4783 necessaria

2222 4814 2419 4869 exinde
2445 4814 2854 4879 ministrantur,
2882 4821 2940 4870 et
2966 4832 3066 4887 per
3098 4817 3305 4870 multos
3334 4817 3493 4882 alios,
3516 4817 3803 4887 probantes

2221 4904 2325 4957 hoc
2356 4903 2747 4968 ministerium,
2776 4905 2972 4974 gratiae
3005 4905 3117 4958 Deo
3150 4906 3502 4973 referantur;
3542 4913 3601 4960 et
3629 4899 3800 4964 multi,

2222 4992 2473 5062 exemplo
2497 4992 2915 5046 Corinthiorum
2939 4993 3245 5064 provocati,
3269 5000 3326 5047 et
3355 4994 3462 5048 illis
3492 4994 3696 5049 sanctis
3716 4985 3801 5060 qui

2221 5086 2354 5135 sunt
2367 5081 2766 5152 Hierosolymis
2787 5087 2844 5135 et
2862 5081 3051 5136 multis
3069 5081 3194 5136 aliis
3213 5083 3453 5154 plurima
3473 5083 3799 5154 largiuntur.

2223 5175 2287 5223 ut
2315 5174 2372 5222 et
2398 5168 2547 5239 ipsos
2592 5170 2911 5224 Corinthios
2939 5170 3181 5235 videant,
3215 5177 3444 5242 propter
3472 5173 3799 5226 eminentem

2219 5257 2481 5327 gratiam,
2509 5274 2676 5328 quam
2708 5258 2932 5324 habent,
2957 5259 3151 5312 sedulo
3180 5275 3275 5313 eos
3303 5261 3692 5331 deprecantur.

2292 5345 2344 5401 9.
2381 5349 2446 5401 In
2475 5349 2860 5411 obedientiam,
2893 5348 2949 5401 id
2979 5353 3082 5408 est.
3117 5348 3249 5419 quia
3275 5349 3411 5403 dum
3452 5346 3799 5420 Evangelium

2225 5435 2431 5491 Christi
2471 5435 2626 5490 vobis
2654 5437 3002 5507 praedicaret,
3050 5437 3242 5492 statim
3278 5437 3605 5494 obedientes
3634 5431 3804 5493 fuistis

2225 5523 2298 5581 ad
2321 5524 2702 5581 conﬁtendum
2725 5525 3032 5582 Christum.
