3912 6364
118 295 208 353 245
725 294 805 351 IN
842 295 909 349 D.
953 295 1169 351 PAULI
1208 295 1434 350 EPIST.
1478 278 1849 351 COMMENT.
1894 326 1956 337 —
2001 294 2232 355 EPIST,
2274 291 2329 347 II
2365 292 2463 347 AD
2501 289 2664 346 COR.
3235 288 3343 346 246

116 418 268 474 sionis
291 422 500 482 vestrm,
525 419 599 472 ad
616 420 1006 487 conﬁtendum,
1037 425 1118 475 vel
1142 422 1217 476 ad
1245 423 1345 477 Dei
1379 424 1621 491 laudem,
1652 425 1735 478 vel
1764 424 1838 477 ad
1866 423 2170 491 confitenda
2209 424 2425 491 peccata
2451 423 2651 484 vestra,
2688 417 2750 472 in
2777 415 3141 486 Evangelium
3169 414 3345 471 Chri-
3396 426 3397 431 ‘

114 508 193 573 sti,
222 508 415 561 scilicet
435 507 702 569 abundat,
736 512 793 563 et
817 506 1193 578 simplicitate,
1230 511 1510 578 largitate,
1535 510 2060 574 communicationis
2086 513 2289 565 vestrae
2322 508 2383 563 in
2411 506 2558 574 illos,
2591 510 2650 561 et
2674 505 2734 561 in
2761 520 2957 561 omnes
2983 505 3251 570 abundat,
3287 508 3346 560 et

113 596 164 650 in
186 594 423 665 ipsorum
445 593 831 649 obsecratione
850 598 1000 663 facta
1028 614 1131 668 pro
1161 597 1333 665 vobis,
1366 602 1615 667 ipsorum
1643 601 1782 663 dico,
1814 599 2278 664 desiderantium,
2309 597 2686 664 diligentiam,
2709 610 2807 649 vos
2824 595 3056 665 propter
3088 591 3342 649 eminen-

114 688 209 739 tem
236 683 470 754 gratiam
501 684 604 738 Dei
630 683 686 738 in
716 684 892 740 vobis.
926 686 1071 740 Unde
1086 687 1301 757 gratias
1326 704 1452 759 ago,
1485 686 1807 755 referimus,
1829 686 1946 742 Deo
1974 702 2146 758 super
2160 682 2547 750 inenarrabili,
2581 683 2642 739 id
2678 686 2774 750 est,
2807 682 2952 752 quod
2980 679 3130 736 debet
3168 695 3339 736 enar-

114 774 237 838 rari,
265 775 343 827 vel
370 774 681 828 enarrabili
704 772 850 829 dono
878 773 1019 844 ejus.
2320 802 2321 805 η

1510 897 1767 965 ,ΟΑΡΠΤ
1793 899 1864 954 Χ.

165 1031 283 1101 Ipse
306 1033 495 1085 autem
514 1030 840 1100 egoPaulus
869 1029 1097 1086 obsecro
1127 1048 1224 1087 vos
1250 1047 1352 1103 per
1374 1033 1866 1090 mansuetudinem
1885 1038 1942 1088 et
1971 1032 2306 1090 modestiam
2326 1032 2535 1090 Christi
2556 1034 2773 1103 (contra
2802 1048 2887 1088 eos
2913 1034 3052 1101 agit,
3081 1033 3184 1103 qui
3200 1030 3341 1088 dice-

111 1121 220 1173 bant
243 1135 364 1174 eum
381 1124 697 1188 praesentem
728 1120 1025 1174 humiliter
1050 1123 1231 1189 loqui;
1268 1124 1542 1178 absentem
1568 1139 1693 1178 vero
1712 1127 1968 1178 minari:
1999 1125 2443 1200 obsecrandoper
2470 1138 2592 1178 eam
2618 1125 2906 1189 virtutem,
2934 1137 3053 1191 qua:
3078 1122 3233 1174 inter
3250 1136 3337 1175 eos

110 1210 281 1263 habere
297 1211 608 1279 desiderat),
632 1209 729 1281 qui
771 1209 830 1264 in
869 1209 1012 1264 facie
1053 1210 1300 1281 quidem,
1322 1215 1387 1266 in
1408 1214 1702 1282 praesentia
1730 1217 1930 1278 vestra,
1952 1211 2178 1265 humilis
2198 1227 2324 1265 sum
2355 1213 2582 1281 (ironia)
2599 1209 2748 1265 inter
2765 1225 2893 1276 vos;
2926 1207 3128 1264 absens
3147 1212 3340 1263 autem

107 1296 299 1352 conﬁdo
326 1297 386 1351 in
414 1296 592 1364 vobis,
609 1300 943 1365 conﬁdenter
959 1301 1252 1354 criminor.
1278 1301 1434 1370 Rogo
1470 1305 1665 1355 autem
1681 1317 1798 1357 vos.
1817 1302 2021 1354 scilicet
2041 1303 2105 1353 ut
2121 1302 2204 1352 ita
2221 1301 2440 1363 vivatis,
2454 1313 2780 1370 neprmsens
2799 1296 2846 1355 1.
2869 1298 3109 1353 audeam
3151 1295 3203 1352 2.
3235 1310 3339 1368 per

104 1386 633 1452 eamconﬁdentiam,
655 1387 717 1440 id
733 1392 827 1453 est,
849 1389 1132 1455 ﬁduciam,
1148 1391 1349 1442 scilicet
1368 1392 1638 1450 veritatis,
1662 1405 1773 1460 qua
1800 1405 1835 1442 a
1862 1390 2008 1443 vobis
2030 1386 2320 1442 existimor
2346 1389 2537 1442 absens
2566 1386 2774 1442 audere
2793 1387 2855 1441 in
2892 1385 3193 1458 quosdam;
3234 1383 3333 1456 qui

104 1471 426 1527 arbitrantur
442 1489 546 1527 nos
574 1477 847 1544 tanquam
872 1476 1182 1530 secundum
1211 1493 1438 1531 carnem
1467 1477 1841 1543 ambulemus,
1874 1478 1933 1530 id
1969 1481 2062 1542 est,
2105 1476 2366 1530 carnalia
2396 1491 2493 1529 nos
2519 1476 2843 1544 diligamus.
2887 1475 2955 1529 In
2982 1489 3151 1529 carne
3186 1472 3339 1527 enim

105 1560 431 1616 ambulantes
449 1578 663 1627 sumus,
690 1564 751 1616 id
776 1568 869 1626 est,
892 1566 957 1618 in
981 1580 1147 1618 carne
1178 1567 1464 1619 existimas
1486 1566 1625 1636 (non
1651 1567 1728 1618 est
1754 1564 1854 1618 hoc
1880 1565 1945 1617 in
1974 1564 2180 1617 malam
2208 1562 2444 1631 partem)
2477 1578 2592 1617 non
2610 1560 2921 1617 secundum
2941 1576 3169 1617 carnem
3186 1559 3339 1615 mili-

103 1653 284 1713 tamus,
314 1651 375 1703 id
399 1655 498 1716 est,
530 1652 788 1704 carnalia
814 1667 927 1706 non
946 1653 1255 1720 diligimus.
1282 1651 1331 1717 3,
1350 1653 1402 1706 4.
1426 1653 1570 1707 Nam
1585 1667 1744 1705 arma
1763 1652 1943 1721 (arma
1958 1652 2075 1705 ideo
2091 1652 2245 1716 dicit,
2266 1652 2401 1719 quia
2428 1655 2703 1719 repugnat
2722 1652 2897 1717 vitiis)
2929 1656 2971 1717 ι
2987 1647 3342 1714 09militiaa

104 1742 283 1792 nostrae
309 1753 424 1792 non
443 1738 693 1793 carnalia
707 1744 857 1805 sunt,
877 1741 973 1794 sed
985 1740 1236 1811 potentia
1250 1742 1385 1806 Deo,
1403 1757 1505 1810 per
1519 1742 1691 1795 Deum
1705 1740 2092 1809 (metaphorice
2113 1738 2380 1808 loquitur)
2414 1744 2608 1793 contra
2624 1741 2986 1802 munitiones,
3009 1738 3070 1792 id
3094 1741 3189 1804 est,
3222 1752 3343 1791 sen-

98 1827 278 1879 tentias
301 1827 751 1894 philosophorum
768 1830 1117 1897 iniquorum.
1142 1829 1197 1883 5.
1228 1829 1314 1883 Ad
1343 1827 1782 1883 destructionem
1805 1826 2186 1882 munitionum
2219 1827 2530 1897 (aerearum
2569 1831 2921 1896 potestatum,
2976 1822 3335 1894 militamus),

104 1909 146 1967 6.
173 1913 395 1967 consilia
416 1920 613 1969 contra
640 1916 812 1969 Deum
831 1916 1205 1983 destruentes,
1228 1922 1286 1971 et
1305 1933 1526 1971 omnem
1539 1914 1916 1981 altitudinem,
1938 1917 2278 1985 superbiam,
2296 1915 2658 1969 extollentem
2675 1930 2735 1968 se
2758 1912 3030 1969 adversus
3050 1911 3342 1968 scientiam

104 2000 205 2066 Dei,
234 2006 288 2056 et
315 2000 368 2056 7.
399 2001 461 2056 in
492 2002 871 2074 captivitatem
924 2005 1260 2076 redigentes,
1307 2007 1368 2060 id
1392 2009 1485 2070 est,
1511 2004 1896 2058 subtrahimus
1924 2005 2140 2057 diabolo
2169 2018 2392 2058 omnem
2413 2004 2939 2072 przdestinatorum
2968 2000 3335 2067 intellectum,

105 2091 498 2157 intelligentem,
519 2088 574 2144 8.
598 2090 656 2145 in
674 2091 1004 2162 obsequium
1029 2094 1258 2161 Christi,
1278 2095 1352 2148 ad
1370 2094 1684 2161 obsequium
1699 2091 1906 2144 Christi
1924 2092 2253 2161 redigentes,
2280 2096 2339 2145 et
2364 2091 2424 2145 in
2447 2096 2732 2163 promptu,
2781 2093 2992 2155 statim,
3043 2088 3339 2155 habentes,

106 2178 155 2230 id
178 2184 261 2244 est,
284 2182 481 2247 parati
503 2195 717 2245 sumus,
740 2181 952 2246 ulcisci,
1002 2185 1231 2251 punire,
1288 2197 1514 2235 omnem
1569 2178 2028 2248 inobedientiam,
2081 2182 2499 2248 inobedientem,
2530 2196 2659 2236 cum
2688 2180 2923 2253 impleta
2955 2180 3129 2236 fuerit
3153 2182 3342 2235 vestra

106 2266 414 2337 obedientia,
442 2270 505 2322 id
541 2275 636 2337 est,
678 2285 805 2324 cum
826 2286 961 2340 pars
991 2275 1170 2326 nostri
1187 2273 1434 2326 obediens
1461 2272 1655 2338 fuerit,
1684 2272 1764 2324 vel
1788 2266 2008 2337 perlata
2033 2271 2322 2323 collatione
2374 2272 2555 2326 vestra
2603 2269 2680 2322 ad
2729 2274 2942 2324 sanctos
2971 2269 3340 2323 Hierusalem.

109 2354 395 2411 Obedientia
424 2362 627 2424 vestra,
657 2359 719 2412 id
743 2364 837 2427 est,
870 2361 1016 2413 mihi
1042 2362 1218 2428 magis
1265 2374 1435 2429 quam
1479 2358 1683 2428 pseudo
1713 2358 1909 2411 debetis
1947 2357 2179 2424 obedire,
2222 2357 2360 2411 etab
2389 2358 2522 2410 aliis
2551 2371 2757 2411 cavere.
2787 2355 2840 2412 9.
2873 2355 3008 2421 Quae
3028 2355 3342 2432 secundum

104 2442 276 2500 faciem
303 2450 460 2513 sunt,
487 2445 692 2515 videte,
723 2464 807 2502 eos
820 2450 919 2518 qui
947 2451 1011 2503 in
1030 2450 1171 2517 facie
1197 2450 1539 2517 gloriantur,
1572 2448 1633 2501 id
1651 2450 1746 2512 est,
1773 2445 1994 2515 pseudo,
2031 2447 2217 2500 vitate.
2251 2443 2310 2499 Si
2346 2443 2471 2515 quis
2507 2445 2710 2514 pseudo
2744 2443 2977 2500 conﬁdit
2998 2442 3104 2499 sibi

105 2534 418 2602 Apostolum,
456 2550 518 2589 se
543 2551 685 2603 esse,
715 2539 934 2604 (contra
955 2553 1053 2602 eos,
1088 2540 1188 2606 qui
1224 2552 1278 2591 se
1308 2535 1557 2606 Apostolo
1572 2533 1959 2604 praeferebant,
1992 2534 2126 2600 quia
2154 2531 2365 2587 Christi
2383 2548 2436 2586 se
2455 2549 2562 2587 esse
2580 2533 2852 2589 dicebant.
2893 2533 2961 2587 Et
3004 2533 3289 2602 Apostolus
3330 2547 3345 2585 :

104 2622 209 2676 Non
233 2625 363 2691 ideo,
387 2626 602 2692 inquit,
633 2629 766 2678 sunt
784 2629 1039 2695 majores,
1061 2627 1197 2694 quia
1216 2641 1308 2694 ego
1323 2639 1446 2678 sum
1470 2622 1721 2693 Christi),
1745 2621 1851 2676 hcc
1878 2620 2086 2692 cogitet
2117 2620 2327 2676 iterum
2367 2621 2518 2694 apud
2538 2638 2599 2677 se
2623 2640 2636 2677 :
2658 2621 2794 2694 quia
2828 2621 2974 2677 sicut
2990 2620 3111 2694 ipse
3139 2617 3350 2676 Christi

104 2715 191 2777 est,
208 2709 283 2765 ita
305 2715 363 2766 et
380 2727 508 2779 nos,
535 2716 585 2765 et
613 2727 726 2765 non
746 2714 864 2766 ideo
880 2712 1136 2780 majores.
1167 2712 1255 2768 10.
1288 2712 1435 2767 Nam
1458 2714 1514 2765 et
1542 2711 1591 2766 si
1618 2711 1860 2783 amplius
1878 2725 2049 2779 quam
2080 2710 2288 2765 Christi
2323 2727 2409 2765 me
2451 2727 2556 2766 esse
2603 2710 2816 2783 aliquid
2849 2708 3124 2783 gloriatus
3158 2709 3347 2775 fuero,

105 2800 302 2863 scilicet,
332 2799 403 2855 de
443 2802 719 2871 potestate
744 2805 957 2868 nostra,
984 2802 1063 2870 (de
1085 2803 1393 2870 apostolatu
1413 2802 1625 2870 nostro)
1656 2816 1826 2872 quam
1846 2799 2002 2853 dedit
2027 2798 2189 2854 nobis
2210 2798 2483 2855 Dominus
2502 2799 2563 2854 in
2589 2799 3036 2867 aediﬁcationem,
3064 2804 3122 2856 et
3148 2814 3264 2854 non
3288 2797 3350 2853 in

106 2885 522 2942 destructionem
549 2893 811 2955 vestram,
839 2887 924 2945 11.
957 2905 1071 2943 non
1102 2890 1334 2957 (effectus
1363 2904 1462 2958 pro
1491 2889 1675 2960 causa)
1709 2887 2055 2954 erubescam,
2098 2889 2159 2942 id
2184 2892 2279 2955 est,
2305 2903 2499 2943 verum
2528 2889 2730 2943 dicam.
2772 2888 2848 2943 Ut
2892 2891 3084 2943 autem
3121 2885 3214 2961 ‘12,
3257 2884 3324 2942 13

105 2988 199 3028 non
224 2976 511 3030 existimer
530 2979 806 3047 tanquam
823 2982 1037 3032 terrere
1064 2993 1161 3032 vos
1188 2993 1290 3048 per
1318 2976 1618 3048 Epistolas,
1664 2993 1777 3032 non
1816 2978 2101 3031 emistimer
2143 2992 2235 3044 ego
2281 2992 2315 3029 a
2342 2978 2507 3043 vobis,
2537 2978 2681 3046 quod
2699 2978 2867 3030 velim
2898 2981 3120 3030 tantum
3142 2980 3351 3029 terrere

104 3076 192 3129 vos,
218 3050 611 3130 comminando
634 3081 723 3119 vos
739 3082 838 3134 per
862 3067 1159 3135 Epistolas;
1193 3065 1309 3140 (per
1330 3068 1707 3135 parenthesim
1720 3082 1908 3136 usque,
1942 3065 2049 3120 hoc
2065 3065 2296 3137 cogitet)
2323 3066 2589 3137 quoniam
2610 3064 2837 3137 quidem
2850 3063 3111 3137 Epistolm
3127 3068 3346 3128 nostra,

102 3148 355 3221 inquiunt,
385 3169 590 3225 graves
619 3158 769 3219 sunt,
801 3156 875 3207 ad
903 3153 1706 3221 intelligendum,etfortes,ad
1734 3156 2150 3223 ersequendum,
2176 3154 2474 3227 praesentia
2493 3159 2683 3210 autem
2699 3153 2948 3225 corporis
2967 3155 3079 3208 mei
3095 3152 3344 3219 inﬁrma,

103 3241 337 3297 et'sermo
367 3258 525 3297 meus
562 3241 1033 3315 contemptibilis;
1065 3242 1173 3298 hoc
1190 3241 1415 3313 cogitet,
1445 3242 1542 3313 qui
1567 3242 1843 3312 ejusmodi
1863 3247 1964 3310 est,
2006 3246 2107 3312 qui
2136 3244 2233 3298 hoc
2259 3244 2414 3312 dicit,
2447 3246 2580 3316 quia
2606 3243 2801 3316 quales
2828 3256 3023 3298 sumus
3050 3238 3219 3297 verbo
3245 3255 3349 3313 per

1427 3392 2024 3448 COMMENTARIUS.

155 3513 295 3570 CAP.
324 3516 393 3570 X.
427 3540 504 3558 --
541 3514 586 3571 l.
618 3515 823 3571 Lmen.
874 3515 1141 3570 Audeam.
1179 3515 1329 3571 Ordo
1361 3530 1374 3570 :
1417 3516 1740 3578 AudeamA
1824 3513 1878 3572 8.
1904 3516 2296 3575 LANFRANGUS.
2334 3518 2405 3572 In
2432 3518 2770 3587 obsequium.
2818 3518 2886 3572 In
2917 3530 3019 3587 pro
3046 3519 3239 3570 contra
3265 3511 3352 3569 in‘

99 3598 147 3654 in
169 3605 427 3673 quosdam
459 3623 473 3672 ;
504 3603 563 3658 id
589 3610 692 3671 est,
720 3604 931 3675 aliquid
967 3604 1237 3659 molestiae
1264 3604 1499 3660 inferam
1541 3605 1666 3677 qui-
1747 3603 1923 3675 telligi
1960 3609 2166 3675 potest,
2201 3609 2268 3659 ut
2309 3605 2385 3660 sit
2415 3621 2611 3661 sensus
2643 3623 2656 3660 :
2690 3603 3081 3677 Captivantem
3134 3602 3351 3658 intelle-

99 3685 302 3747 busdam
336 3697 612 3748 vestrum.
1748 3698 1898 3747 ctum
1926 3693 1998 3747 ad
2019 3692 2350 3765 obsequium
2389 3693 2600 3749 Christi
2623 3693 2711 3749 vel
2738 3693 3107 3760 intellectum,
3141 3691 3237 3762 qui
3264 3695 3353 3746 est

152 3776 198 3835 2.
225 3782 477 3837 Annos.
538 3785 643 3837 Per
682 3798 801 3836 eam
848 3784 1257 3850 conﬁdentiam.
1313 3781 1666 3837 Conﬁdentia
1747 3786 1943 3836 contra
1966 3782 2298 3853 obsequium
2338 3782 2545 3837 Christi
2577 3800 2591 3850 ;
2618 3781 2677 3837 id
2706 3787 2812 3848 est,
2842 3781 3142 3852 diligenter
3169 3779 3347 3834 consi-

98 3862 259 3939 itaque
312 3870 580 3925 ﬁduciam
629 3869 939 3925 severitatis
979 3870 1333 3941 signiﬁcavit,
1390 3887 1560 3941 quam
1605 3870 1663 3925 in
1745 3869 1938 3924 derate
1967 3886 2139 3942 opera
2166 3886 2361 3924 eorum
2391 3871 2489 3942 qui
2512 3871 2573 3925 in
2600 3874 3096 3942 conspectuvestro
3119 3872 3345 3923 tantum

99 3948 314 4020 Epistola
356 3959 581 4008 tantum
612 3954 819 4008 habere
849 3954 1181 4024 putabatur;
1234 3960 1291 4009 et
1338 3954 1464 4008 ideo
1516 3971 1664 4009 com-
1744 3957 1892 4012 bona
1914 3962 2109 4030 agunt,
2137 3974 2209 4013 ne
2241 3957 2383 4013 forte
2411 3974 2509 4014 vos
2537 3958 2825 4014 seducant.

99 4045 261 4094 monet
303 4058 374 4097 ne
405 4043 604 4097 eadem
634 4042 929 4098 severitate
981 4060 1226 4114 presens
1272 4047 1486 4111 utatur,
1518 4042 1664 4098 sicut
1814 4044 1866 4103 9.
1899 4049 2147 4105 AMBROS.
2174 4048 2300 4115 Quae
2326 4048 2629 4102 secundum
2654 4049 2873 4116 faciem.
2908 4042 3070 4102 Nunc
3097 4045 3219 4102 vult
3246 4060 3342 4100 eos

96 4141 188 4182 non
213 4130 530 4200 sperabant.
1743 4151 1866 4207 quae
1884 4136 2069 4207 palam
2090 4140 2222 4190 sunt
2236 4135 2609 4203 considerare,
2642 4135 2701 4190 id
2720 4140 2824 4204 est,
2854 4151 2919 4191 ea
2936 4152 3060 4209 quae
3088 4134 3342 4192 dicturus

151 4212 195 4271 3.
226 4220 363 4274 Nam
384 4235 553 4275 arma
583 4221 815 4274 militiae.
846 4221 1022 4274 Arma
1034 4219 1160 4274 ideo
1181 4219 1316 4275 dicit
1344 4219 1476 4291 quia
1496 4235 1660 4291 repu-
1740 4230 1844 4291 est,
1872 4225 2004 4296 quia
2031 4229 2227 4295 aperta
2255 4229 2404 4290 sunt,
2436 4223 2764 4294 dijudicare.
2828 4252 2835 4257 ι

94 4311 244 4371 gnant
268 4307 431 4363 vitiis.
1816 4312 1898 4368 10.
1934 4313 2139 4367 Lupa.
2170 4314 2315 4368 Nam
2333 4315 2437 4367 etsi
2453 4317 2715 4382 amplius.
2741 4313 2913 4380 Quasi
2925 4313 3139 4370 diceret
3166 4330 3180 4369 :
3208 4314 3343 4370 Pos-

150 4391 196 4447 4.
221 4395 416 4452 Larum.
450 4398 629 4452 Arma
656 4399 891 4451 militiae.
933 4397 1106 4450 Arma
1134 4395 1350 4450 militiae
1389 4397 1659 4452 Christia-
1737 4417 1856 4456 sem
1881 4400 2099 4456 dicere:
2138 4401 2390 4473 Apostoli
2417 4417 2634 4468 sumus,
2667 4406 2725 4458 et
2748 4403 2875 4475 plus
2912 4402 3073 4459 nobis
3108 4401 3337 4459 obedire

96 4492 166 4534 nea
188 4488 309 4539 sunt
330 4485 586 4551 virtutes,
617 4501 740 4556 quae
760 4489 1016 4557 potentes
1043 4491 1176 4539 sunt
1206 4485 1416 4539 auxilio
1444 4486 1565 4554 Dei,
1592 4492 1659 4542 ut
1738 4489 1980 4545 debetis:

95 4565 356 4628 destruant
370 4574 593 4629 munita
620 4574 854 4629 diversis
881 4573 1278 4629 calliditatibus
1302 4574 1537 4629 consilia
1563 4576 1658 4631 ad-
1811 4578 1896 4635 11.
1953 4579 2079 4633 Non
2125 4580 2455 4637 erubescam.
2510 4578 2711 4635 Merito
2765 4578 3141 4649 erubesceret,
3198 4579 3248 4635 si
3274 4595 3336 4637 se
3376 4589 3380 4592 ‘

256 4662 268 4673 .
514 4664 526 4675 .
763 4664 773 4675 .
2135 4669 2146 4680 .
2760 4638 2801 4675 ἐν

95 4671 454 4731 versanorum,
483 4680 598 4718 sive
625 4664 936 4730 hominum,
970 4681 1069 4719 seu
1099 4665 1436 4719 daemonum.
1734 4668 2065 4740 Apostolum
2093 4668 2322 4736 diceret,
2356 4672 2414 4723 et
2438 4684 2553 4723 non
2581 4672 2799 4740 essetﬁ

150 4745 194 4860 l5.
221 4711 463 4853 Asianos:
511 4754 598 4809 Ad
644 4711 1085 4860 destructidnem.
1126 4755 1299 4808 Arma
1339 4753 1718 4860 spiritualian
1783 4711 1893 4813 ι112.
1910 4746 2174 4843 ἐΑζωιιος».
2210 4711 2332 4813 Nor;
2350 4760 2650 4814 existimer.
2673 4711 2806 4860 Ipsi
2824 4761 3009 4830 potest
3026 4757 3203 4814 videri
3217 4762 3335 4814 ter-

96 4832 208 4891 tides
225 4846 306 4895 est
327 4841 667 4913 incorruptae
685 4840 1114 4914 praedicationis,
1146 4859 1247 4914 per
1271 4859 1439 4914 quam
1482 4843 1655 4903 vincit
1672 4833 1718 4893 Β
1737 4861 1861 4900 rere
1889 4832 1991 4917 p’er
2017 4846 2343 4918 Epistolam,
2385 4847 2518 4918 quia
2559 4847 2678 4918 [al.,
2713 4832 2830 4922 qui]
2878 4862 3062 4920 neque
3089 4845 3337 4903 auctori-

96 4927 490 4998 mnnitiones,id
511 4934 616 4998 est,
640 4930 922 5002 principes
954 4935 1012 4985 et
1033 4935 1340 5002 potestates
1368 4932 1653 5003 nequitiae,
1736 4934 1870 4988 tatis
1906 4934 2144 5006 alicujus
2175 4940 2278 5004 est,
2325 4951 2506 5008 neque
2535 4952 2781 5008 praesens
2820 4937 3087 4992 ﬁduciam
3131 4935 3339 4992 habeat

97 5026 194 5082 qua:
217 5033 271 5070 se
298 5020 574 5074 extollunt
598 5024 654 5073 et
681 5023 907 5074 armant
952 5018 1011 5074 in
1051 5020 1301 5075 ﬁdelium
1329 5020 1548 5076 animos
1585 5021 1656 5076 ad
1736 5023 2027 5093 arguendi.
2882 5092 2891 5101 .

95 5107 552 5163 contradicendum
587 5107 826 5163 Christo.
1816 5109 1899 5167 l3.
1932 5111 2143 5166 LANFR.
2176 5112 2304 5167 Non
2322 5113 2621 5168 ean'slimer.
2653 5112 2772 5167 Hoc
2798 5112 2936 5168 dicit
2952 5110 3240 5167 occasione
3268 5111 3340 5167 il-

149 5189 193 5243 ὃ.
220 5194 420 5250 Lara.
454 5199 701 5253 Consilia
732 5199 1086 5253 destruentes.
1120 5198 1407 5270 Superiori
1436 5205 1656 5256 senten-
1735 5201 1845 5256 lius
1873 5201 2186 5268 sententiae,
2217 5216 2389 5273 quam
2425 5201 2686 5273 superius
2714 5200 2872 5268 dixit,
2911 5201 3096 5272 parati
3142 5199 3338 5256 ulcisci

95 5276 547 5357 ﬁeconjungitur,
574 5302 686 5340 non
724 5287 1027 5341 secundum
1063 5303 1289 5341 carnem
1322 5289 1653 5346 militamus.
1736 5306 1961 5344 omnem
1987 5289 2450 5361 inobedientiam,
2479 5295 2562 5359 ut,
2614 5290 2817 5361 inquit,
2840 5276 2953 5343 nan
2982 5288 3267 5343 existimer
3303 5305 3339 5344 a

148 5365 193 5420 7.
209 5371 442 5429 AMBROS.
481 5377 544 5429 In
577 5378 969 5443 captivitatem.
1005 5376 1262 5448 Captivat
1281 5377 1649 5448 intellectum,
1734 5380 1890 5434 vobis
1912 5384 2180 5450 tanquam
2208 5384 2423 5435 terrere
2452 5379 2600 5451 quod
2649 5378 2835 5432 minor
2862 5377 3115 5448 implere,
3144 5376 3335 5434 sciatis

95 5451 201 5512 dum
235 5462 701 5518 contradicentem
744 5463 1023 5519 rationem
1066 5464 1252 5532 vincit,
1297 5472 1357 5520 ct
1383 5467 1455 5521 ad
1484 5468 1652 5523 fidem
1737 5469 1887 5540 quod
1917 5468 2101 5524 minor
2127 5468 2292 5524 dictis
2317 5466 2559 5541 implebo
2588 5465 2770 5520 factis.

97 5541 266 5604 Christi
294 5551 565 5615 humilem
591 5557 649 5608 et
676 5557 1032 5611 mansuetum
1061 5553 1295 5609 inducit.
