3912 6360
498 264 613 362 κέ]
1469 293 1535 348 s.
1575 288 1990 348 summa!
2027 276 2388 349 omium.
2427 292 2765 352 nomen.
3655 276 3769 357 24‘s

498 400 784 499 Epistolas
801 408 1527 499 absente's',‘comminantes,
1548 414 1694 470 tales
1721 417 1933 469 erimus
1953 419 2012 469 et
2037 404 2342 486 pmsentes
2368 415 2428 472 in
2456 417 2621 486 tacto,
2654 418 2717 473 id
2734 422 2829 485 est,
2850 420 2994 474 sicut
3012 419 3079 473 in
3094 417 3354 487 Epistolis
3381 414 3485 474 nos
3517 418 3769 488 facturos

499 498 933 576 comminamur,
957 510 1013 562 si
1046 498 1228 574 ﬂ‘ld
1249 504 1527 561 venientes
1548 503 1625 558 ad
1649 518 1738 558 vos
1763 506 1880 558 nisi
1902 505 2156 573 correpti,
2189 512 2317 560 actu
2346 509 2460 575 ipso
2489 522 2862 579 exsequemur.
2902 505 2985 564 14.
3018 505 3145 562 Νοιι
3176 507 3327 562 enim
3358 507 3634 565 audemus
3668 509 3772 579 (re-

501 584 689 660 motio)
709 582 979 663 inserere,
1012 594 1111 650 aut
1139 604 1469 665 comparare
1495 607 1598 647 nos
1649 590 2004 663 quibusdam,
2032 594 2253 662 pseudo,
2288 594 2384 666 qui
2430 592 2642 668 seipsos
2684 594 3101 662 commendant,
3126 610 3241 651 non
3270 598 3550 653 metientes
3571 598 3647 664 se,
3680 600 3775 653 sed

499 686 656 742 ultra
686 694 856 754 quam
876 686 991 739 sint
1005 687 1279 752 jactantes
1299 701 1317 748 ;
1368 681 1447 738 15.
1476 679 1575 736 sed
1611 679 1718 753 ipsi
1739 680 1799 735 in
1827 679 1995 735 nobis
2011 678 2383 754 nosmetipsos
2403 684 2702 740 metientes
2726 700 2940 751 sumus,
2971 689 3029 739 et
3054 678 3455 756 camparantes‘
3491 684 3775 741 nosmetié

499 789 632 847 psos
658 771 839 828 nobis.
874 771 956 830 16.
986 772 1102 828 Nos
1130 775 1323 827 autem
1346 786 1461 825 non
1479 769 1539 825 in
1566 769 1929 834 immensum,
1978 771 2038 823 id
2077 775 2170 835 est,
2222 786 2335 825 non
2369 776 2523 827 ultra
2547 775 2709 839 vires,
2757 768 3146 844 gloriabimur,
3174 773 3237 826 id
3262 777 3356 839 est,
3383 773 3513 827 inde
3542 766 3772 828 tantum

500 863 841 933 gloriamur,
870 862 1017 930 quod
1036 861 1429 931 praedicatione
1452 862 1645 912 nostra
1667 873 1758 912 vos
1786 862 2173 925 convertimus,
2206 860 2306 915 sed
2336 857 2421 915 17.
2455 859 2762 915 secundum
2792 861 2911 930 (pro
2953 862 3283 915 auctoritate
3302 863 3510 930 posuit)
3534 876 3774 917 mensu-

501 965 625 1006 ram
661 948 870 1020 regulae
894 948 1234 1019 (regiminis)
1273 962 1386 1019 qua
1416 961 1645 1001 mensus
1666 949 1753 1000 est
1778 944 1938 999 nobis
1965 944 2134 1011 Deus,
2168 950 2370 1002 scilicet
2397 951 2732 1016 gloriamur,
2771 948 3071 1002 secundum
3129 963 3455 1003 mensuram
3503 950 3625 1003 dico
3677 948 3769 1004 18.

499 1022 859 1112 pérti‘ngendi
881 1020 1235 1106 praedicando
1260 1024 1538 1106 usquead
1565 1030 1681 1087 vos.
1709 1032 1834 1087 Non
1864 1033 2014 1088 enim
2052 1032 2132 1090 19.
2168 1030 2331 1106 quasi
2346 1042 2459 1090 nan
2473 1028 2855 1107 pertingentes
2882 1034 2953 1090 ad
2972 1028 3086 1102 vos,
3110 1022 3266 1090 tum
3284 1028 3773 1108 vos,superexten-

502 1127 692 1183 dimus
719 1132 822 1182 nos
852 1141 864 1179 :
897 1136 1078 1197 usque
1106 1116 1177 1180 ad
1208 1138 1303 1179 vos
1331 1122 1482 1178 enim
1509 1121 1874 1195 pervenimus
1901 1123 1963 1177 in
1990 1123 2310 1195 Evangelio,
2338 1126 2744 1194 praedicatione,
2774 1124 3003 1183 Christi.
3038 1124 3162 1179 Non
3193 1123 3254 1179 in
3266 1123 3613 1180 immensum
3642 1125 3775 1197 glo-

500 1202 725 1271 riantes
745 1204 990 1287 (dicendo
1018 1208 1112 1269 nos
1136 1214 1476 1284 pradicasse,
1512 1211 1710 1281 quibus
1728 1226 1839 1266 non
1862 1214 2302 1284 praedicavimus)
2336 1213 2395 1268 in
2424 1211 2623 1268 alienis
2650 1210 2957 1279 laboribus,
2988 1216 3053 1267 in
3071 1215 3321 1268 aliorum
3340 1214 3774 1283 pradicatione:

500 1290 658 1378 spem
679 1308 875 1359 autem
897 1296 1186 1369 habentes,
1218 1301 1479 1355 habemus
1512 1301 1798 1353 crescentis
1823 1297 1955 1352 ﬁdei
1974 1306 2171 1355 vestrae
2191 1305 2253 1354 ut
2268 1305 2471 1355 crescat
2493 1303 2619 1369 ﬁdes
2642 1307 2841 1368 vestra,
2872 1299 2962 1357 20.
2999 1301 3059 1355 in
3088 1299 3245 1356 vobis
3279 1301 3653 1372 magniﬁcari,
3715 1300 3778 1356 id

500 1390 595 1462 est;
610 1400 613 1407 ’
629 1380 779 1464 quod
791 1394 856 1446 in
884 1391 1030 1446 vobis
1054 1384 1476 1458 iragniﬂeabor,
1510 1384 1574 1442 21
1595 1430 1607 1442 .
1646 1387 1955 1441 secundum
1982 1387 2238 1458 regulam
2266 1393 2515 1443 nostram
2538 1386 2607 1445 22
2622 1432 2634 1446 .
2668 1388 2728 1442 ἱη
2744 1388 3167 1454 abundantiam,
3188 1388 3252 1443 in
3271 1404 3360 1459 spe
3379 1389 3581 1444 habens
3593 1389 3777 1444 abun-

500 1483 757 1537 dantiam
770 1490 791 1545 ;
822 1470 991 1544 idest,
1019 1490 1167 1546 spem
1187 1475 1466 1544 habemus,
1499 1476 1634 1544 quia
1655 1476 1823 1529 etiam
1845 1478 1978 1530 aliis
2001 1481 2203 1544 praeter
2224 1490 2313 1530 vos
2332 1476 2776 1546 prsdicabimus,
2803 1475 2892 1531 23.
2927 1477 3096 1531 etiam
3127 1475 3185 1531 in
3206 1476 3457 1543 illa‘toca,
3477 1486 3603 1549 qua;
3621 1472 3777 1531 ultra

499 1553 599 1623 vos
627 1556 779 1633 sunt,
811 1556 1215 1635 evangelizare,
1244 1562 1331 1630 24,
1370 1560 1462 1619 25.
1495 1577 1609 1617 non
1632 1564 1895 1633 (remotio)
1929 1563 1986 1617 in
2008 1563 2195 1618 aliena
2219 1565 2433 1636 regula,
2465 1567 2529 1618 in
2555 1567 2806 1619 aliorum
2837 1565 3249 1635 praedicatione,
3280 1564 3338 1618 in
3360 1564 3430 1619 iis
3469 1578 3593 1635 quae
3627 1579 3778 1635 prae-

500 1642 703 1729 parata
725 1658 877 1721 sunt,
908 1654 1211 1722 pradicata
1229 1652 1300 1707 ab
1325 1652 1476 1719 aliis,
1497 1650 1751 1723 gloriari,
1780 1655 1830 1705 et
1857 1653 1952 1706 hoc
1972 1653 2108 1718 ideo,
2137 1654 2272 1721 quia
2296 1655 2599 1722 gloriatur,
2631 1657 2737 1707 etc.
2763 1657 2845 1707 vel
2860 1658 2913 1707 et
2941 1656 3024 1707 ita
3047 1654 3307 1721 gloriari,
3340 1658 3409 1707 ut
3432 1653 3535 1721 qui
3565 1655 3781 1721 gloria"

505 1740 619 1813 tur,
654 1748 759 1798 etc.
784 1740 892 1807 Qui
923 1745 1113 1796 autem
1142 1739 1439 1812 gloriatur,
1468 1740 1528 1795 in
1558 1738 1799 1795 Domino
1826 1739 2118 1811 glorietur,
2154 1756 2264 1795 non
2284 1744 2347 1795 in
2376 1758 2449 1807 se,
2478 1744 2561 1796 uel
2595 1743 2659 1795 in
2699 1742 2833 1795 alio.
2870 1738 2961 1797 26.
3018 1741 3145 1797 Non
3180 1741 3333 1797 enim
3382 1741 3479 1815 qui
3520 1741 3775 1813 s'eipsum

503 1820 877 1898 commendat;
909 1828 999 1888 27.
1030 1829 1126 1886 ille
1150 1827 1420 1905 probatus
1446 1833 1564 1899 est;
1591 1828 1692 1885 sed
1721 1838 1890 1901 quem
1919 1830 2070 1885 Deus
2090 1828 2466 1897 commendat,
2494 1832 2619 1885 illos
2637 1832 2959 1899 gloriantes.

1946 1979 2183 2036 CAPUT
2217 1978 2317 2034 XI.

576 2080 609 2177 αἱ
618 2149 631 2165 .
649 2106 707 2189 2,.
720 2107 963 2189 Utinam
988 2088 1340 2189 sustin'eretis
1366 2092 1648 2160 modicum
1663 2102 1797 2177 quid
1808 2103 2163 2177 insipientiae,
2179 2106 2486 2174 iactantiae,
2501 2119 2640 2159 mea;
2658 2103 2671 2157 !
2692 2103 2789 2159 sed
2811 2107 2869 2158 et
2887 2106 3217 2173 supportate
3236 2119 3347 2173 me,
3361 2104 3484 2158 diri
3505 2104 3781 2158 utinam!

506 2184 760 2270 optatius,
801 2184 895 2254 sed
932 2182 1087 2253 nunc
1114 2182 1441 2267 praecipiens
1467 2196 1589 2249 dico
1617 2214 1634 2248 :
1664 2199 1996 2264 supportate,
2030 2194 2175 2264 quod
2208 2192 2405 2247 debetis
2432 2192 2612 2261 facere
2651 2211 2668 2247 :
2700 2191 2753 2261 3,
2775 2190 2828 2249 4.
2861 2192 3097 2248 aemulor
3124 2191 3277 2247 enim
3298 2207 3397 2247 vos
3424 2190 3525 2247 Dei
3547 2192 3786 2249 amula-

1838 2290 2427 2348 COMMENTARIUS.

575 2368 663 2465 ίιξ.
685 2358 812 2463 Ii’on
836 2395 1005 2453 enim
1031 2368 1321 2451 audemus.
1352 2372 1560 2465 Inserit
1595 2394 1653 2446 et
1678 2405 2000 2461 comparem
2034 2390 2169 2451 seA
2252 2386 2343 2446 24.
2384 2388 2509 2445 Νοη
2537 2391 2601 2443 in
2627 2390 2817 2445 aliena
2835 2391 3052 2457 regula.
3074 2388 3223 2456 Non,
3242 2385 3457 2471 inquit,
3479 2404 3647 2461 spem
3675 2389 3783 2447 ha-

499 2482 638 2553 facit
660 2480 964 2555 aliquibus,
997 2480 1095 2553 qui
1141 2496 1313 2554 opera
1354 2495 1550 2537 eorum
1577 2477 1892 2534 imitantur.
1948 2479 2096 2545 Non,

498 2569 704 2642 inquit,
741 2570 1005 2643 volumus
1031 2568 1241 2625 imitari
1288 2582 1411 2639 eos,,
1435 2566 1532 2639 qui
1572 2566 1791 2643 ‘seipsos
1820 2580 2100 2647 commen-

501 2659 703 2733 dantes
716 2658 1037 2731 adulantur
1051 2656 1247 2731 vobis;
1269 2656 1369 2712 sed
1392 2652 1540 2732 bona
1560 2660 1746 2711 vestra
1757 2654 2055 2711 laudamus
2079 2673 2093 2723 ;

501 2748 653 2817 mala
678 2745 1195 2821 p_unim11_s.,Quales
1224 2744 1411 2820 verbo,
1444 2742 1588 2821 tales
1616 2748 1674 2798 et
1699 2743 1866 2799 facto.

578 2836 663 2895 15.
695 2837 800 2894 Sed
817 2839 926 2909 ipsi
952 2838 1017 2891 in
1046 2836 1219 2889 nobis.
1246 2832 1542 2909 Metuentes
1575 2847 1771 2915 sumus
1826 2831 2096 2887 nosmeti-

498 2942 646 2998 psos,
680 2925 741 2982 id
768 2929 872 2993 est,
903 2921 1259 2995 conscientiis
1282 2921 1488 2977 nostris
1532 2925 1920 2994 comparantes
1970 2937 2097 2976 nos-

502 3015 771 3088 metipsos
807 3013 990 3079 nobis,
1020 3011 1080 3066 id
1101 3014 1205 3085 est,
1238 3008 1446 3085 nostris
1461 3009 1745 3088 Operibus,
1761 3009 1993 3075 viribus,
2024 3026 2096 3064 ne

499 3104 646 3176 plus,
681 3103 770 3176 vel
820 3100 974 3173 aliud
1029 3099 1301 3171 dicamus,
1337 3099 1423 3154 vel
1465 3088 1736 3157 conemur
1763 3114 1887 3170 qum
1912 3098 2097 3155 facere

500 3191 803 3264 possimus,
827 3187 1275 3265 veldeheamus.
1334 3260 1343 3267 1
1562 3258 1589 3264 ﬂ

574 3275 661 3334 16.
692 3278 802 3332 Nos
830 3280 1015 3330 autem
1036 3291 1151 3330 non
1177 3278 1242 3329 in
1269 3278 1625 3329 immensum.
1646 3275 1711 3329 In
1729 3277 1974 3339 tantum,
2005 3274 2095 3329 in-

502 3365 643 3437 quit,
671 3362 1061 3434 gloriabimur,
1095 3367 1159 3418 ut
1184 3366 1399 3417 vestros
1427 3378 1548 3416 esse
1575 3362 1858 3434 apostolos
1874 3366 1980 3417 nbs
2007 3362 2095 3417 di-

498 3467 727 3535 camus;
760 3452 885 3534 haec
897 3456 984 3508 est
1009 3451 1159 3533 enim
1170 3467 1443 3525 mensura
1466 3450 1660 3522 gloriae
1686 3455 1893 3507 nostrae
1926 3467 2093 3523 quam

500 3530 729 3603 mensus
757 3545 843 3595 est
861 3530 1022 3599 nobis
1055 3530 1225 3595 Deus.

2180 2474 2376 2533 bemus
2402 2476 2634 2549 gloriari
2661 2476 2722 2533 in
2760 2476 2948 2533 aliena
2973 2478 3191 2549 regula,
3223 2477 3285 2533 in
3314 2476 3404 2543 his
3421 2477 3690 2535 videlicet
3705 2479 3787 2536 lo-

2179 2558 2259 2620 cis
2307 2582 2432 2639 quae
2483 2558 2819 2639 praeparata,
2857 2565 2918 2621 id
2970 2571 3077 2636 est,
3135 2565 3512 2638 evangelizata
3538 2564 3612 2622 ab
3643 2560 3795 2640 ipsis

2178 2654 2469 2733 apostolis.
2484 2726 2487 2731 ι
2677 2718 2683 2729 π

2248 2741 2338 2799 25.
2370 2730 2619 2800 Alanos.
2644 2744 2770 2798 Non
2805 2746 2872 2797 in
2902 2746 3090 2801 aliena
3119 2746 3335 2812 regula.
3369 2730 3497 2800 Non
3515 2733 3698 2802 audet
3726 2745 3787 2802 in

2178 2829 2280 2885 hos
2304 2830 2398 2901 qui
2418 2830 2545 2886 aliis
2562 2830 2993 2903 praedicantibus
3022 2831 3399 2899 crediderunt,
3428 2848 3532 2889 nec
3559 2833 3620 2889 in
3653 2833 3789 2913 alie-

2178 2916 2267 2972 nis
2294 2916 2577 2973 laboribus
2595 2917 2817 2973 videtur
2842 2918 3108 2989 gloriari;
3148 2919 3246 2974 sed
3298 2935 3401 2992 per
3442 2920 3549 2975 hoc
3576 2921 3788 2978 nititur

2178 3011 2246 3062 ut
2272 3006 2354 3061 eis
2368 3006 2697 3078 praedicaret
2726 3005 2930 3077 quibus
2977 3023 3090 3063 non
3138 3013 3262 3063 erat
3285 3008 3433 3080 [sup.
3470 2998 3784 3066 annuntia-

2176 3084 2302 3151 tum
2329 3095 2571 3166 Evangel
2587 3096 2651 3166 .],
2667 3100 2733 3151 ut
2745 3095 2985 3166 gloriam
3006 3112 3108 3151 suo
3130 3096 3320 3152 labore
3349 3097 3636 3168 acquirat;
3667 3099 3787 3169 glo-

2178 3184 2321 3239 riam
2352 3189 2541 3263 autem
2580 3183 2819 3263 Domino
2850 3183 3096 3239 dandam
3124 3183 3402 3256 signiﬁcat
3423 3184 3654 3241 dicens:
3680 3186 3787 3254 Qui

2175 3258 2459 3341 gloriatur
2485 3276 2551 3327 in
2581 3262 2815 3327 Domino
2841 3276 3137 3341 glorietur.

2247 3359 2337 3416 26.
2364 3362 2491 3416 Νοη
2519 3363 2671 3415 enim
2700 3365 2800 3430 qui
2820 3364 3061 3431 seipsum
3074 3363 3438 3417 commendat.
3460 3363 3681 3418 Verum
3700 3368 3789 3419 est

2178 3450 2312 3519 quia
2336 3447 2496 3502 illum
2518 3448 2790 3503 Dominus
2817 3449 3212 3517 commendat;
3262 3455 3321 3504 et
3365 3450 3462 3505 ille
3510 3450 3787 3523 probatus

2176 3528 2281 3601 est,
2314 3553 2481 3609 quem
2510 3526 2743 3608 dignum
2774 3536 2946 3593 habet
2994 3554 3061 3593 ac
3098 3538 3275 3594 mittit
3299 3544 3365 3594 ut
3399 3538 3672 3609 praedicet
3692 3540 3790 3595 do-

692 3617 1008 3684 Secundum
1053 3610 1377 3709 mensuram
1404 3612 1675 3709 regulae.”
1696 3628 1933 3701 Exponit
1961 3614 2156 3700 quo-B
2178 3641 2334 3680 mum
2358 3625 2495 3696 ejus.
2532 3620 2710 3690 Quem
2731 3630 2920 3681 autem
2940 3643 3054 3681 non
3080 3622 3276 3695 mittit,
3307 3644 3420 3683 non
3441 3626 3605 3683 illum
3635 3645 3786 3684 com-

500 3698 673 3773 modo
705 3706 1131 3788 intelligendum
1185 3700 1262 3772 sit
1306 3700 1457 3788 quod
1513 3698 1795 3787 superius
1829 3698 2005 3773 dixit:
2036 3708 2095 3772 in

500 3790 851 3883 immensum,
870 3792 1259 3877 gloriab‘imur.
1348 3876 1351 3881 _

572 3882 661 3949 ‘18.
689 3884 1061 3963 Pertingendi
1104 3884 1273 3962 usque
1318 3893 1557 3975 adsies.
1605 3882 1867 3975 Mensura
1892 3898 2097 3949 nostra:

502 3981 914 4061 praedicationis
965 3981 1239 4055 pertingit
1274 3968 1454 4054 uSque
1487 3968 1563 4061 ad,
1606 3968 1725 4061 vos,
1771 3976 1829 4037 id
1881 3989 1968 4037 est
1998 4000 2100 4054 per

500 4056 827 4147 mensuram
854 4070 1242 4157 praedicamus,
1275 4064 1407 4142 quia
1434 4056 1777 4155 invasionem
1820 4087 1931 4125 non
1959 4068 2096 4126 faci-

502 4174 649 4215 mus.
680 4158 748 4213 Et
776 4158 884 4212 hoc
919 4163 1006 4213 est
1034 4157 1183 4229 quod
1212 4157 1349 4213 dicit
1381 4175 1393 4213 :
1425 4174 1537 4213 non
1561 4162 1730 4225 enim,
1763 4164 1868 4213 etc.

572 4246 661 4349 1‘9.
687 4247 871 4346 quasi,
884 4232 1401 4349 nonperotingen‘tes:
1417 4244 1477 4302 Si
1498 4228 1601 4349 glii
1629 4252 1761 4302 ante
1775 4236 1933 4349 hunc.
1954 4230 2101 4319 Apo-

504 4330 713 4415 stolum
759 4326 819 4389 in
844 4324 1243 4415 praedicatione
1271 4324 1698 4415 Corinthibrum
1725 4324 2093 4415 laborassem,

504 4428 563 4478 et
608 4408 717 4478 iste
749 4439 809 4478 se
839 4408 1031 4477 eorum
1076 4410 1409 4496 Apostolu‘m
1457 4408 1705 4480 vocasset
1734 4412 2092 4491 immensum,

502 4509 562 4567 id
582 4517 686 4577 est,
716 4512 870 4566 ultra
891 4510 1121 4579 modum
1147 4512 1378 4583 gloriari
1403 4513 1645 4587 videtur.

571 4593 669 4653 20.
703 4596 953 4652 ΑΜΒηοε.
998 4598 1068 4652 In
1100 4596 1245 4650 vobis
1270 4600 1643 4673 magniﬁcari.
1670 4586 2018 4667 Magniﬁ'cari
2039 4615 2098 4653 se

501 4683 683 4759 credit
693 4683 841 4757 apud
853 4684 1030 4739 Deum
1039 4685 1108 4752 ,si
1117 4672 1431 4757 augeantur
1444 4686 1504 4741 in
1515 4686 1624 4740 ﬁde
1633 4685 1918 4740 auditores
1928 4686 2099 4742 illius;

564 4762 665 4853 21.
712 4762 916 4829 Lmen.
949 4772 1264 4829 Secundum
1289 4776 1562 4844 regulam.
1596 4773 1863 4845 Regulam
1894 4773 1984 4827 hic
2011 4790 2101 4828 vo-

503 4864 597 4916 cat
624 4859 905 4939 regimen,
936 4862 1244 4943 secundum
1267 4858 1391 4927 hoc,
1423 4861 1625 4943 inquit,
1659 4862 1805 4933 quod
1836 4879 1933 4916 vos
1959 4862 2100 4933 regi-

2178 3714 2433 3795 mendat.
2480 3714 2608 3785 Ipse
2635 3720 2824 3769 autem
2854 3731 2914 3770 se
2934 3716 3312 3787 commendat,
3343 3717 3477 3789 quia
3507 3717 3638 3788 [al.,
3663 3712 3786 3790 qui]

2177 3818 2291 3859 non
2317 3802 2522 3857 missus
2542 3802 2822 3874 praedicat.
3414 3868 3417 3875 _

2259 3898 2300 3959 ι
2325 3898 2369 3959 ι
2388 3897 2431 3957 Ι
2468 3890 2557 3949 27.
2590 3886 2808 3948 Laure.
2834 3892 2935 3947 Ille
2956 3878 3229 3962 probatus
3263 3901 3364 3950 est.
3392 3896 3520 3951 Non
3548 3894 3611 3950 in
3651 3892 3788 3951 alie-

2180 3979 2267 4035 nis
2291 3979 2385 4034 sed
2410 3978 2468 4058 in
2493 3980 2731 4035 Domino
2752 3980 3010 4036 volumus
3036 3982 3286 4057 gloriari,
3309 3984 3441 4055 quia
3469 3985 3655 4040 omnis
3687 3982 3786 4057 qui
3853 4049 3869 4058 .

2178 4056 2524 4140 gloriaturin
2552 4068 2814 4134 Domino,
2844 4068 3009 4124 debet
3042 4071 3302 4142 gloriari;
3335 4072 3467 4145 quia
3502 4088 3617 4128 non
3643 4056 3786 4129 inse

2179 4172 2284 4211 nec
2318 4156 2385 4241 in
2408 4156 2519 4212 alio
2553 4175 2565 4224 ;
2600 4156 2660 4212 in
2687 4174 2748 4211 se
2795 4157 2882 4212 vel
2915 4158 3025 4213 alio
3053 4175 3188 4229 non,
3226 4161 3359 4233 quia
3383 4162 3480 4234 qui
3532 4160 3614 4216 sic
3664 4161 3787 4233 agit

2178 4260 2291 4300 non
2320 4243 2592 4316 probatur
2619 4262 2655 4299 a
2678 4245 2813 4301 Deo.

2250 4334 2407 4389 CAP.
2437 4333 2534 4389 XI.
2569 4362 2624 4375 --
2671 4334 2721 4388 1.
2752 4335 2956 4391 Laure.
3004 4338 3229 4393 Utinam
3257 4338 3635 4392 sustineretis!
3668 4326 3786 4393 Uti-

2179 4436 2331 4487 nam,
2371 4406 2573 4503 inquit,
2607 4422 2885 4503 sustinere
2911 4423 3146 4489 velletis,
3176 4423 3235 4479 id
3282 4428 3387 4487 est,
3422 4420 3619 4503 audire
3641 4440 3785 4496 quo-

2181 4508 2345 4563 modo
2366 4498 2458 4562 me
2477 4498 2824 4576 commendo,
2857 4512 3005 4582 quod
3028 4512 3252 4568 videtur
3274 4500 3628 4587 insipientia!
3651 4512 3724 4568 Et
3737 4511 3785 4568 si

2181 4614 2285 4669 ego
2314 4595 2495 4652 refero
2514 4614 2611 4653 vos
2641 4598 2855 4655 debetis
2883 4600 3078 4656 audire
3102 4619 3116 4669 ;
3158 4606 3215 4657 et
3243 4601 3503 4657 subditur
3537 4622 3548 4656 :
3581 4598 3785 4658 Emu-

2180 4686 2267 4741 lor
2291 4686 2440 4741 enim
2467 4703 2584 4753 vos,
2602 4693 2708 4742 etc.

2250 4773 2303 4832 2.
2340 4777 2589 4832 AMBnos.
2623 4778 2847 4831 Utinam
2868 4780 3243 4834 sustineretis!
3267 4777 3546 4849 Incipiens
3573 4796 3634 4834 se
3652 4778 3783 4836 lau-

2181 4864 2315 4919 dare
2333 4863 2688 4937 insipientem
2704 4882 2764 4920 se
2783 4865 2937 4934 dicit,
2962 4866 3095 4939 quia
3104 4867 3375 4938 scriptum
3389 4873 3475 4923 est
3494 4886 3505 4921 :
3527 4870 3649 4924 Non
3663 4873 3787 4924 lau-

506 4936 653 5017 m’us,
686 4931 912 5017 avobis,
944 4940 1002 5005 id
1026 4956 1130 5017 est,
1165 4958 1266 5023 per
1294 4964 1390 5007 vos
1430 4954 1464 5004 a‘
1490 4931 1606 5005 Deo
1635 4931 2087 5019 magniﬁcamur.
2112 4931 2155 4991 θ
2178 4955 2305 5008 dent
2328 4959 2374 5014 te
2407 4931 2554 5007 labia
2579 4958 2694 5020 tua,
2730 4955 2820 5008 sed
2829 4931 3084 5023 proximi
3109 4960 3194 5010 lui
3217 4931 3407 5024 -(Prov.
3444 4961 3633 5027 xxvn).

573 5037 663 5113 22.
700 5041 769 5094 1η
794 5040 1221 5095 abundantiam.
1252 5037 1319 5094 In
1347 5035 1696 5094 abundantia
1723 5042 1911 5092 autem
1942 5038 2094 5107 dicit,

503 5116 589 5183 vel
613 5127 746 5201 quia
775 5118 893 5181 haec
926 5128 1251 5203 praedicatio
1294 5126 1463 5199 super
1486 5114 1938 5198 praedicationem
1970 5143 2099 5199 apo-

501 5215 776 5271 stolbrum
801 5214 1123 5282 abundavit,
1146 5216 1232 5272 vel
1261 5215 1395 5289 quia
1422 5215 1480 5270 in
1510 5231 1577 5270 ea
1605 5219 1728 5270 erat
1755 5214 2100 5271 abundantia

507 5302 782 5360 donorum
810 5303 933 5361 Dei.
1056 5376 1059 5377 ν

573 5390 664 5449 23.
689 5391 875 5448 Etiam
916 5396 980 5448 in
1012 5396 1115 5450 illa
1145 5408 1264 5462 quae
1288 5388 1462 5447 ultra.
1497 5391 1664 5463 Spem
1688 5390 1851 5460 hanc,
1892 5393 2092 5465 inquit,

502 5479 775 5537 habemus
819 5479 1237 5555 evangelizandi
1280 5476 1447 5536 ﬁdem
1480 5479 1688 5537 Christi
1739 5480 1797 5537 in
1834 5481 1929 5538 illa
1978 5483 2099 5539 loca

503 5584 629 5643 qua
653 5568 805 5626 ultra
832 5587 934 5628 nos
953 5576 1105 5628 sunt.

2248 5040 2302 5095 3.
2330 5042 2583 5096 Emulor
2617 5045 2771 5096 enim
2796 5059 2903 5097 vos.
2933 5044 3068 5107 Quae
3097 5044 3315 5101 locutus
3337 5051 3441 5112 est,
3474 5063 3667 5102 amore
3691 5063 3783 5102 eo-

2179 5142 2305 5185 rum
2329 5146 2390 5184 se
2419 5127 2699 5185 dicturum
2730 5132 2994 5199 ostendit,
3018 5138 3083 5188 ut
3111 5150 3223 5189 non
3253 5135 3433 5206 magis
3453 5134 3525 5190 ad
3550 5135 3781 5191 laudem

2180 5220 2303 5289 ejus
2333 5218 2626 5290 proﬁciat;
2659 5213 2756 5274 sed
2784 5220 2855 5274 ad
2885 5214 3089 5277 horum
3108 5224 3437 5294 protectum,
3470 5229 3534 5279 ut
3559 5223 3782 5279 discant

2181 5306 2655 5380 quemadmodum
2687 5308 2908 5379 parenti
2938 5327 3039 5365 suo
3091 5309 3150 5366 in
3194 5309 3495 5385 Evangelio
3532 5309 3776 5368 faveant.

2248 5397 2301 5450 4.
2325 5397 2533 5453 Lmen.
2574 5398 2825 5451 .Emulor
2844 5401 2993 5452 enim
3020 5416 3123 5453 vos.
3144 5401 3448 5469 zEmulatio
3477 5407 3565 5456 est
3592 5407 3783 5458 motus

2179 5486 2385 5540 mentis
2412 5489 2642 5557 propter
2683 5485 2928 5564 alienum
2966 5493 3196 5546 statum.
3231 5490 3414 5563 Rogat
3443 5508 3575 5564 ergo
3594 5496 3659 5548 ut
3675 5507 3781 5564 pa-

2181 5572 2390 5630 tienter
2409 5573 2594 5632 ferant
2615 5563 3107 5649 reprehensionem
3126 5572 3309 5649 suam,
3340 5574 3474 5654 quia
