3912 6366
120 337 216 393 249
767 340 846 396 IN
881 341 950 395 D.
991 338 1207 396 PAULI
1248 339 1472 396 EPIST.
1510 319 1882 396 GOMMENT.
1926 367 1992 380 —
2033 337 2254 393 EPIST.
2299 338 2372 392 Π.
2412 338 2509 394 AD
2550 339 2710 396 con.
2813 351 2821 358 -
3255 317 3365 401 250

117 461 272 528 tione,
305 463 442 532 quia
470 463 640 531 diligo
665 479 771 530 vos,
795 463 876 516 vel
901 466 951 516 si
985 464 1248 517 conturbo
1274 479 1382 530 vos,
1419 465 1554 518 bono
1589 465 1782 517 animo
1809 463 1974 530 facio,
2004 467 2070 515 ut
2096 477 2185 515 vos
2214 462 2516 514 exhibeatis
2561 465 2749 527 castos,
2796 461 2857 514 id
2885 467 2978 526 est,
3007 465 3363 531 incorruptos

120 550 334 615 Christo,
367 551 466 603 cui
491 567 578 604 vos
605 553 879 620 despondi.
911 551 963 617 5,
993 546 1044 606 6.
1081 551 1550 621 Desponditenim
1567 568 1666 606 vos
1689 550 1788 606 uni
1815 550 1934 604 viro
1952 549 2225 620 virginem
2241 551 2500 618 (virgines
2516 551 2633 602 vult
2655 563 2737 601 eos
2760 564 2865 602 esse
2890 552 2953 603 in
2978 548 3105 618 ﬁde)
3125 555 3359 616 castam,

119 652 215 689 non
238 637 496 691 colentem
527 639 692 704 idola,
729 637 989 692 exhibere
1021 638 1383 697 Christo.Sed
1415 646 1599 694 tamen
1629 640 1680 693 7.
1715 639 1908 694 Timeo
1939 643 2128 692 autem
2159 654 2250 704 ne,
2279 637 2424 691 sicut
2461 653 2690 707 serpens
2713 636 2884 691 Evam
2910 636 3130 692 seduxit
3157 637 3368 692 astutia

118 741 222 791 sua,
249 725 327 779 ita
357 732 789 797 corrumpantur
799 729 1001 796 pseudo
1018 743 1213 782 sensus
1227 728 1396 782 vestri
1414 733 1472 783 et
1491 727 1749 782 excidant
1771 744 1805 782 a
1820 725 2197 798 simplicitate,
2221 727 2556 793 benignitate
2561 742 2707 796 ,quae
2733 729 2818 779 est
2842 725 2900 780 in
2918 725 3165 796 Christo,
3195 731 3275 781 vel
3294 731 3360 782 in

119 817 177 867 iis
203 831 316 882 qua
335 820 468 867 sunt
483 811 706 869 Christi.
716 805 866 883 Quod
872 819 996 884 pali
1012 833 1124 870 non
1150 818 1364 870 debetis.
1389 814 1443 883 8,
1465 813 1516 873 9.
1535 818 1680 872 Nam
1698 816 1746 870 si
1761 815 1809 870 is
1827 815 1923 887 qui
1944 812 2292 880 venit,alium
2309 817 2575 882 majorem
2598 813 2885 868 Christum
2909 815 3177 886 praedicat
3197 833 3365 887 quem

115 918 210 956 non
225 893 769 984 praedicavimusﬁut
791 903 962 958 alium
976 909 1243 974 majorem
1266 905 1540 984 Spiritum
1557 903 1814 977 accipitis
1826 921 1990 975 quem
2014 920 2126 957 non
2141 901 2432 974 accepistis
2457 906 2557 956 aut
2581 901 2732 956 aliud
2750 905 2978 972 dignius
2999 905 3366 974 Evangelium

116 981 385 1068 quodnon
403 981 712 1063 recepistis,
737 999 888 1048 recte
911 987 1266 1066 pateremini.
1291 981 1556 1050 Existimo
1581 994 1732 1049 enim
1755 993 1898 1048 nihil
1921 1009 2010 1047 me
2039 993 2226 1046 minus
2254 991 2450 1046 fecisse
2482 989 2547 1046 10
2568 1007 2602 1044 a
2630 991 2850 1061 magnis
2866 994 3156 1063 apostolis,
3185 996 3362 1063 Petro,

125 1084 156 1143 Ι
178 1069 283 1145 [3
305 1073 582 1156 Barnaba,
607 1087 655 1134 et
677 1085 879 1135 caeteris
891 1101 908 1146 ;
933 1083 990 1137 11
1004 1124 1018 1137 .
1041 1099 1172 1138 nam
1193 1088 1250 1138 et
1268 1084 1316 1138 si
1331 1085 1626 1156 imperitus
1640 1098 1916 1145 sermone,
1938 1080 2035 1135 sed
2056 1098 2168 1135 non
2183 1079 2502 1135 scientiaJd
2519 1086 2612 1145 est,
2636 1083 2868 1134 scienter
2884 1080 3082 1150 egi.i2.
3105 1083 3170 1137 In
3191 1083 3368 1137 omni-

114 1166 200 1221 bus
213 1163 399 1222 autem
427 1169 770 1223 manifestati
786 1186 978 1224 sumus
997 1170 1176 1228 vobis.
1197 1173 1312 1227 Aut
1334 1175 1414 1229 l3.
1441 1168 1694 1244 nunquid
1708 1176 1994 1242 peccatum
2007 1168 2131 1235 feci,
2157 1185 2246 1222 me
2262 1168 2446 1239 ipsum
2467 1167 2790 1233 humilians,
2818 1173 2884 1222 ut
2902 1185 2996 1223 vos
3015 1173 3079 1224 in
3097 1170 3202 1238 ﬁde
3219 1171 3366 1224 exal-

114 1246 288 1312 temini
308 1257 332 1310 7
350 1256 630 1322 Quoniam
647 1259 829 1330 gratis
847 1260 1206 1331 Evangelium
1221 1262 1325 1317 Dei
1345 1262 1714 1333 evangelizavi
1727 1260 1881 1314 vobis
1902 1259 1926 1312 Τ
1947 1259 2100 1313 Alias
2115 1257 2386 1312 Ecclesias
2407 1256 2706 1328 exspoliavi
2721 1256 2999 1327 accipiens
3018 1257 3362 1328 stipendium

113 1344 172 1398 ad
197 1345 570 1400 ministerium
593 1352 862 1414 vestrum,
876 1351 937 1402 id
955 1355 1030 1403 est
1044 1351 1490 1418 praedicationem
1503 1356 1762 1404 vestram.
1787 1348 1857 1404 Et
1878 1365 2004 1402 cum
2016 1363 2196 1401 essem
2218 1340 2366 1417 apud
2385 1362 2481 1399 vos
2505 1351 2562 1399 et
2590 1361 2834 1415 egerem,
2848 1345 3006 1410 nulli,
3025 1348 3247 1414 aliquid
3271 1361 3361 1399 ro-

111 1434 289 1501 gando,
318 1450 593 1488 onerosus
621 1433 733 1503 fui;
773 1433 852 1491 14.
887 1452 1017 1490 nam
1049 1436 1197 1507 quod
1228 1437 1366 1492 mihi
1403 1438 1615 1504 deerat,
1658 1438 2060 1508 suppleverunt
2088 1435 2309 1500 fratres,
2358 1434 2454 1506 qui
2481 1439 2754 1488 venerunt
2781 1450 2815 1486 a
2836 1433 3193 1500 Macedonia;
3223 1439 3281 1488 et
3303 1433 3363 1488 in

111 1513 351 1576 omm’bus‘
360 1522 484 1577 sine
500 1539 672 1578 onere
691 1540 781 1578 me
799 1522 952 1578 vobis
977 1525 1272 1593 servavi,et
1290 1526 1520 1580 servabo
1542 1543 1608 1581 ne
1622 1530 1889 1596 putarent
1901 1527 2042 1595 quod
2055 1526 2252 1579 amodo
2271 1524 2490 1592 aliquid
2509 1525 2663 1576 vellet
2684 1524 3362 1590 sumere..lusjurandum.

114 1608 193 1690 Est
211 1605 414 1665 veritas
443 1611 655 1690 Christi
668 1612 727 1690 in
757 1629 864 1678 me,
890 1613 1155 1684 quoniam
1185 1615 1302 1668 haec
1324 1631 1436 1668 non
1460 1616 1770 1684 accipiendi
1807 1614 1885 1670 l5.
1910 1613 2171 1684 gloriatio
2193 1629 2306 1666 non
2328 1611 2667 1681 infringatur
2685 1610 2745 1664 in
2766 1610 3089 1680 regionibus
3117 1609 3362 1667 Achaiae.

111 1689 380 1753 Dicebatur
399 1703 553 1754 enim
571 1689 765 1754 timore
782 1717 893 1755 non
909 1704 1132 1756 valendi
1146 1707 1472 1762 convertere,
1495 1719 1608 1758 non
1623 1705 1912 1757 dilectione
1931 1704 2223 1757 abstinere.
2249 1701 2434 1765 Quare
2455 1715 2567 1754 non
2587 1702 2941 1769 infringetur
2955 1706 2979 1752 Ρ
2999 1698 3142 1762 Quia
3161 1715 3274 1752 non
3286 1699 3368 1753 di-

111 1783 208 1858 ligo~
238 1787 372 1840 vos?
397 1786 554 1843 Deus
581 1788 688 1843 scit
716 1789 850 1858 quia
885 1806 975 1842 vos
1003 1791 1199 1859 diligo.
1247 1790 1408 1855 Quod
1437 1795 1627 1846 autem
1659 1785 1820 1859 facio,
1849 1793 1910 1846 id
1940 1797 2035 1858 est,
2061 1807 2174 1845 non
2216 1793 2441 1859 accipio,
2469 1794 2525 1844 et
2553 1790 2777 1854 faciam,
2811 1789 3015 1843 scilicet
3052 1788 3169 1841 ideo
3195 1789 3360 1855 facio,

111 1879 163 1926 ut
178 1879 466 1945 amputem
507 1875 852 1931 occasionem
890 1878 1177 1946 gloriandi
1206 1893 1420 1944 eorum,
1458 1881 1678 1948 pseudo,
1722 1881 1818 1953 qui
1848 1881 2044 1935 volunt
2071 1877 2419 1934 occasionem
2446 1879 2761 1948 (gloriandi
2807 1881 2871 1931 in
2908 1893 2984 1943 eo,
3031 1877 3175 1945 quod
3216 1877 3364 1930 nihil

106 1963 436 2045 pradicando
465 1967 790 2034 accipiunt),
821 1969 886 2020 ut
919 1963 1002 2032 '16,
1029 1965 1118 2022 17.
1149 1965 1210 2019 in
1234 1982 1344 2037 quo
1371 1967 1709 2038 gloriantur,
1742 1967 2100 2045 inveniantur
2128 1966 2272 2022 sicut
2310 1970 2367 2020 et
2412 1982 2534 2020 nos.
2581 1966 2887 2034 Responsio,
2922 1959 3003 2020 18.
3037 1963 3182 2017 Nam
3212 1964 3364 2033 ejus-

112 2041 241 2104 modi
265 2043 725 2126 pseudoapostoli
752 2058 884 2108 sunt
906 2053 1148 2125 operarii
1167 2053 1406 2120 subdoli,
1439 2041 1920 2128 transﬁgurantes'
1935 2072 1994 2110 se
2022 2055 2081 2109 in
2112 2054 2395 2126 apostolos
2412 2052 2639 2108 Christi.
2674 2053 2745 2107 Et
2776 2068 2887 2106 non
2917 2052 3143 2117 mirum,
3173 2055 3223 2104 si
3251 2053 3362 2103 mi-

113 2137 260 2192 nistri
286 2132 386 2193 hoc
405 2140 674 2208 faciunt;
699 2140 820 2212 ipse
849 2139 996 2195 enim
1031 2140 1268 2194 Satanas
1295 2142 1657 2212 transﬁgurat
1688 2160 1749 2198 se
1785 2143 1844 2196 in
1874 2143 2137 2216 angelum
2165 2143 2324 2198 lucis.
2355 2143 2480 2197 Non
2509 2146 2596 2196 est
2609 2156 2741 2210 ergo
2775 2141 3070 2205 (conclusio
3100 2154 3136 2191 a
3162 2138 3363 2202 simili)

113 2241 376 2297 magnum,
407 2227 463 2283 si
495 2227 739 2284 ministri
783 2229 904 2300 ejus
941 2229 1436 2301 transﬁgurentur,
1478 2232 1633 2287 velut
1673 2231 1919 2286 ministri
1961 2231 2215 2302 justitiae,
2249 2245 2489 2302 quorum
2534 2229 2664 2284 ﬁnis
2705 2227 2815 2282 erit
2856 2225 3164 2281 secundum
3191 2241 3365 2296 opera

1433 2406 2016 2464 COMMENTARIUS.

114 2595 263 2652 opera
279 2597 482 2639 eorum
506 2587 763 2639 movetur
788 2599 855 2639 eo
878 2589 1034 2641 motu
1066 2584 1164 2657 qui
1183 2585 1489 2642 secundum
1504 2585 1940 2650 DeumAcausa
1972 2586 2078 2642 hoc
2126 2585 2281 2654 dicit,
2333 2586 2418 2640 vel
2459 2591 2525 2641 ut
2558 2584 2789 2658 quidam
2839 2584 3047 2652 dicant,
3085 2581 3365 2654 impeditae

115 2675 204 2724 est.
233 2671 328 2752 Est
353 2672 514 2752 enim
541 2673 603 2727 in
631 2673 756 2728 aliis
778 2678 985 2740 motus,
1015 2675 1111 2746 qui
1138 2675 1348 2730 invidia
1375 2675 1600 2732 dicitur.
1766 2675 1936 2731 fuerit
1963 2676 2198 2747 linguai;
2241 2675 2538 2731 scientiam
2578 2675 2730 2730 enim
2757 2691 2984 2730 causam
3020 2673 3193 2729 fuisse
3229 2670 3364 2726 dicit

173 2758 218 2839 5.
256 2755 512 2816 Αῠαῠετ.
549 2761 663 2830 (lib.
699 2758 768 2819 83
794 2763 1009 2830 Quaest,
1042 2768 1261 2835 quaest,
1287 2764 1372 2828 59,
1397 2767 1534 2819 tom.
1567 2765 1680 2830 IV).
1768 2764 1916 2836 quod
1943 2769 2104 2819 tanta
2132 2769 2394 2836 cperatus
2423 2759 2516 2819 sit.

115 2848 359 2918 Despondi
383 2853 545 2906 enim
573 2851 858 2906 vos.Nunc
877 2852 1211 2924 desponsata
1229 2851 1473 2908 Ecclesia
1500 2859 1604 2920 est,
1630 2859 1687 2908 et
1836 2851 1924 2908 11.
1955 2853 2208 2908 ANBROS.
2234 2854 2380 2907 Nam
2403 2858 2451 2906 et
2474 2854 2526 2906 si
2543 2855 2853 2921 imperitus.
2881 2851 2998 2905 Hoc
3018 2868 3128 2905 non
3152 2851 3224 2906 ad
3238 2868 3366 2924 apo-

116 2935 249 3008 virgo
276 2943 379 3007 est,
429 2938 506 2994 ad
553 2934 778 3011 nuptias
827 2939 1202 3012 perducenda,
1247 2943 1304 2996 id
1344 2949 1445 3009 est,
1479 2959 1605 2998 cum
1627 2960 1686 2997 se
1768 2943 1940 2996 stolos
1971 2942 2233 3013 pertinet,
2261 2941 2358 2994 sed
2387 2942 2489 2995 hos
2508 2942 2690 3011 tangit
2713 2957 2851 3011 quos
2867 2940 3237 3011 praeferebant
3255 2940 3363 2994 Co-

117 3026 388 3083 contineta
415 3028 778 3100 corruptione
798 3030 1071 3085 saeculari.
1097 3031 1198 3086 Illo
1220 3037 1410 3086 autem
1431 3036 1686 3103 tempore
1767 3029 1982 3096 rinthii,
2008 3047 2178 3084 causa
2205 3030 2450 3084 accurati
2482 3029 2774 3095 sermonis,
2819 3045 2947 3083 cum
2994 3028 3053 3082 in
3095 3027 3367 3097 religione

115 3111 281 3182 nubet,
303 3133 414 3189 quo
446 3116 712 3172 universa
733 3119 1078 3174 mortalitate
1107 3123 1482 3191 praetereunte
1499 3119 1684 3191 [al.,in
1767 3119 1851 3173 vis'
1876 3119 2152 3174 sermonis
2183 3118 2495 3172 necessaria
2518 3117 2610 3186 sit,
2644 3134 2756 3172 non
2783 3134 2954 3172 sonus
2983 3117 3181 3171 dulcis.

117 3203 172 3257 eo
195 3201 508 3276 pereunte],
540 3206 846 3262 immortali
869 3208 1260 3278 conjunctione
1289 3208 1526 3263 fruetur.
1837 3207 1928 3264 1‘2.
1961 3193 2166 3262 LANFR.
2189 3209 2256 3262 In
2289 3209 2568 3272 omnibus,
2592 3211 2698 3260 etc.
2726 3205 2999 3262 Omnibus
3018 3204 3172 3259 vobis
3193 3203 3370 3259 mani-

172 3287 219 3346 6.
240 3293 449 3371 Lara.
483 3295 753 3363 Despondi
784 3299 935 3351 enim
955 3313 1062 3352 vos.
1082 3297 1265 3352 Causa
1277 3314 1376 3352 cur
1397 3314 1494 3352 eos
1513 3315 1688 3352 aemu-
1769 3297 1944 3351 festus
1960 3312 2086 3350 sum
2101 3295 2317 3366 quodin
2338 3294 2756 3359 omnibus,1icet
2769 3295 3064 3366 imperitus
3081 3285 3364 3360 sermone,

121 3376 263 3458 letur,
292 3379 424 3452 quia
467 3381 726 3437 videlicet
769 3382 977 3438 annulo
1023 3383 1152 3439 ﬁdei
1197 3385 1551 3457 desponsavit
1597 3403 1691 3441 eos
1773 3385 2016 3442 scienter
2032 3401 2122 3438 me
2144 3383 2332 3449 habui,
2351 3385 2483 3456 quia
2509 3400 2622 3438 non
2639 3383 2863 3455 peccavi
2892 3383 2952 3437 in
2973 3383 3077 3437 hoc
3107 3381 3256 3453 quod
3274 3398 3366 3436 me

119 3459 200 3520 uni
223 3469 358 3540 viro,
389 3470 626 3538 scilicet,
649 3467 892 3539 Christo,
916 3473 980 3528 ut
1007 3473 1305 3528 exhibeant
1334 3475 1547 3546 seipsos
1575 3491 1692 3530 cas-
1772 3473 2076 3537 humiliavi,
2111 3473 2198 3526 vel
2246 3471 2410 3542 quod
2445 3473 2621 3542 gratis
2657 3471 2972 3543 praedicavi,
3020 3470 3078 3524 id
3126 3473 3229 3536 est,
3259 3484 3371 3524 non

119 3560 218 3611 tam
243 3558 517 3638 virginem
547 3557 674 3615 sibi.
1772 3562 1997 3634 capiens
2026 3577 2059 3615 a
2095 3560 2249 3615 vobis
2280 3565 2556 3632 sumptus,
2591 3561 2723 3615 dum
2749 3559 3133 3630 praedicarem.
3164 3557 3240 3612 Et
3266 3558 3373 3612 hoc

178 3644 223 3699 7.
249 3647 496 3704 Ananos.
535 3650 712 3704 Timeo
739 3653 948 3705 autem.
983 3651 1243 3707 Ostendit
1271 3668 1382 3723 qua
1409 3669 1578 3707 causa
1596 3669 1691 3707 co-
1775 3651 1981 3724 probat
2007 3669 2020 3718 ;
2045 3666 2177 3704 nam
2211 3645 2912 3720 abaliis,inquit,EccleSiis
2941 3653 3166 3703 tantum
3191 3645 3372 3718 capie-

121 3731 250 3803 gitur
273 3753 405 3791 vera
432 3739 507 3793 de
537 3755 598 3794 se
627 3741 976 3811 prostestari,
998 3757 1111 3796 non
1125 3746 1190 3795 ut
1215 3758 1275 3796 se
1293 3741 1504 3809 laudet,
1522 3741 1618 3795 sed
1632 3746 1697 3796 ut
1775 3741 1906 3795 bam
1933 3738 2300 3811 stipendium,
2336 3739 2470 3793 dum
2500 3738 2653 3792 vobis
2682 3738 3065 3809 praedicarem.

124 3835 201 3875 eos
217 3818 508 3906 deformat,
541 3828 637 3900 qui
662 3828 765 3884 sub
800 3831 1027 3885 nomine
1057 3817 1271 3885 Christi
1293 3836 1490 3885 contra
1519 3829 1684 3884 Chri-
1706 3823 1753 3882 B
1845 3827 1934 3884 13.
1967 3831 2215 3884 AMBROS.
2250 3829 2525 3897 Nunquid
2544 3832 2848 3896 peccatum.
2889 3825 3146 3896 Seipsum
3183 3823 3372 3878 humi-

121 3914 247 3967 stum
270 3913 596 3986 praedicant.
651 3917 768 3974 Hoc
799 3919 950 3974 enim
979 3919 1113 3990 agit,
1160 3935 1231 3974 ne
1269 3919 1575 3974 audiantur
1603 3936 1686 3974 se-
1781 3918 1901 3982 liat,
1937 3933 2064 3972 cum
2092 3916 2150 3971 id
2180 3916 2328 3987 quod
2357 3914 2462 3970 sibi
2485 3915 2795 3969 debebatur
2814 3930 2928 3968 non
2954 3911 3153 3983 exegit.

121 3998 372 4072 ductores,
403 4021 548 4079 quos
578 4005 798 4062 diabolo
828 4013 1118 4079 comparat
1144 4013 1374 4080 propter
1402 3997 1690 4064 astutiam.
1848 4007 1938 4062 14.
1971 4007 2175 4061 LANFR.
2203 4006 2348 4060 Nam
2377 4004 2522 4073 quod
2550 4004 2693 4056 mihi
2725 4004 2928 4056 deerat.
2962 4001 3134 4065 Quasi
3168 3999 3371 4073 aliquis

180 4091 207 4146 8
255 4093 397 4148 Nam
418 4088 472 4150 si
502 4097 549 4149 is
582 4095 682 4166 qui
707 4098 877 4150 venit.
895 4091 1171 4168 Loquitur
1199 4095 1304 4152 hoc
1318 4097 1439 4151 loco
1460 4097 1529 4152 de
1550 4097 1694 4152 veris
1778 4095 1989 4150 diceret
2023 4113 2034 4147 ε
2067 4093 2226 4149 Unde
2256 4109 2388 4164 ergo
2413 4089 2679 4147 vivebas?

123 4171 570 4249 praedicatoribus,
593 4183 725 4254 quia
741 4183 897 4254 plebs
919 4183 1335 4239 Corinthiorum
1353 4184 1522 4238 variis
1537 4201 1691 4239 erro-
1858 4184 2032 4243 l5.AM
2040 4183 2317 4239 anosﬂaec
2329 4171 2658 4249 gloriﬁcatio
2673 4196 2786 4234 non
2801 4179 3374 4249 infringetur.Gloria

124 4265 254 4324 ribus
280 4271 607 4340 ﬂuctuabat.
643 4273 786 4328 Nam
810 4273 905 4327 alii
922 4273 1423 4345 pseudoapostolis,
1446 4273 1543 4328 alii
1566 4289 1694 4345 apo-
1777 4279 1864 4328 est
1892 4290 1927 4327 a
1946 4273 2112 4327 licitis
2145 4271 2442 4336 abstinere,
2468 4269 2710 4323 maxime
2739 4269 2809 4323 ad
2834 4269 3076 4324 aliorum
3106 4269 3370 4324 salutem.

126 4349 262 4412 stelis
285 4357 547 4415 favebant
574 4359 668 4432 qui
696 4378 824 4416 cum
855 4361 1097 4416 Domino
1123 4361 1366 4430 fuerant,
1391 4362 1462 4417 de
1493 4362 1695 4434 quibus
1851 4353 2016 4418 16.Ῑη
2033 4379 2139 4431 quo
2166 4361 2512 4429 gloriantur.
2545 4358 2739 4413 Gloria
2765 4358 2976 4430 pseudo
2989 4359 3372 4430 apostolorum

125 4445 396 4515 Apostolus
425 4449 511 4504 ait
543 4467 556 4506 :
587 4449 643 4505 Si
675 4451 858 4522 potior
887 4450 1142 4506 Christus
1169 4450 1238 4504 ab
1266 4450 1354 4506 his
1377 4450 1531 4506 vobis
1550 4469 1694 4522 Ραθ-
1777 4453 1837 4507 in
1863 4451 2117 4524 pecuniis
2147 4455 2269 4504 erat
2292 4447 2650 4521 accipiendis.
2669 4448 2802 4502 Ideo
2827 4449 3129 4519 Apostolus
3155 4449 3260 4502 hoc
3287 4464 3373 4502 re-

127 4532 315 4592 dicatus
342 4538 561 4605 fuisset,
590 4537 690 4594 aut
717 4539 901 4612 potior
925 4540 1167 4612 Spiritus
1197 4540 1381 4608 datus,
1415 4545 1564 4595 recte
1599 4557 1696 4596 no-
1775 4541 2002 4607 futavit,
2032 4556 2102 4594 ne
2136 4539 2248 4593 illis
2274 4538 2489 4610 psimilis
2514 4537 2816 4600 videretur,
2859 4536 2992 4608 quia
3033 4537 3142 4591 nisi
3171 4538 3276 4591 hoc
3300 4537 3369 4591 ab

130 4621 196 4678 bis
221 4642 307 4680 eos
336 4629 760 4700 praponeretis.
1776 4629 2046 4703 Apostolo
2094 4629 2294 4682 fuisset
2328 4626 2585 4694 vitatum,
2608 4627 2791 4697 major
2809 4625 3024 4680 occasio
3043 4625 3156 4680 illis
3173 4625 3372 4681 fuisset

185 4712 235 4768 9.
264 4716 464 4772 LANFR.
499 4719 644 4773 Nam
665 4721 715 4772 si
743 4721 789 4772 is
817 4720 917 4788 qui
943 4721 1110 4773 venit.
1130 4719 1189 4774 Si
1225 4716 1293 4786 is,
1325 4717 1531 4790 inquit,
1560 4735 1691 4791 prae-
1779 4720 1913 4774 data
1943 4717 2272 4788 accipiendi.

129 4797 316 4881 dicator
341 4806 436 4879 qui
465 4806 620 4861 venit
640 4811 697 4861 et
716 4823 751 4861 a
768 4806 884 4862 Deo
907 4821 1018 4862 non
1041 4806 1303 4875 mittitur,
1327 4807 1497 4862 aliam
1526 4807 1696 4862 ﬁdem
1847 4807 1936 4863 17.
1969 4808 2179 4862 Laure.
2213 4807 2280 4859 In
2323 4821 2429 4873 quo
2464 4806 2808 4872 gloriantur.
2840 4803 2995 4872 Ideo,
3029 4804 3232 4876 inquit,
3256 4820 3370 4859 non

132 4893 428 4959 praedicaret
451 4895 634 4963 nobis,
665 4897 723 4950 et
747 4912 848 4968 per
877 4913 1000 4951 eam
1021 4897 1190 4950 fidem
1221 4897 1394 4951 alium
1425 4896 1696 4968 Spiritum
1778 4895 2008 4966 accipio,
2041 4899 2106 4949 ut
2135 4893 2194 4948 in
2223 4909 2332 4964 quo
2356 4891 2689 4964 gloriantur,
2718 4892 2777 4947 id
2801 4898 2904 4949 est.
2931 4891 2990 4946 in
3029 4892 3367 4964 accipiendo,

133 4975 445 5053 acciperetis,
479 4991 766 5057 utcunque
810 4985 1100 5042 tolerabile
1129 4992 1296 5056 esset,
1324 4988 1372 5042 si
1401 4987 1524 5059 ejus
1544 4988 1698 5042 dam-
1777 4984 2138 5040 inveniantur
2189 4982 2348 5036 nobis
2397 4980 2609 5036 similes
2645 4998 2774 5036 cum
2816 4999 2918 5036 nos
2965 4998 3187 5052 quoque
3230 4978 3371 5034 nihil

134 5071 388 5128 nationem
423 5073 792 5148 pateremini;
831 5077 1069 5147 possetis
1109 5075 1258 5131 enim
1289 5076 1474 5132 dicere
1503 5098 1515 5134 :
1545 5078 1697 5132 Praa-
1779 5073 2084 5145 capiamus.
2133 5070 2235 5124 Vel
2265 5070 2392 5125 ideo
2422 5086 2536 5124 non
2564 5070 2798 5141 accipio,
2830 5070 2963 5141 quia
2983 5070 3209 5140 quidam
3233 5084 3372 5139 prie-

135 5154 306 5215 dicatio
334 5163 453 5233 ejus
480 5163 680 5218 melior
697 5168 785 5218 est
804 5180 970 5235 quam
1001 5163 1182 5220 Pauli.
1208 5164 1371 5220 Nunc
1399 5183 1550 5233 vero,
1572 5165 1697 5220 cum
1717 5163 1756 5225 C
1777 5160 2090 5217 dicatorum
2132 5159 2252 5215 sine
2277 5158 2554 5231 stipendio
2584 5158 2962 5230 praedicabant
2992 5155 3367 5224 mendacium,

138 5237 361 5306 eamdem
381 5252 554 5307 ﬁdem
576 5249 901 5324 praedicant,
929 5258 986 5307 et
1025 5264 1215 5322 exsua
1235 5260 1394 5326 parte
1420 5255 1585 5326 plura
1614 5271 1698 5308 re-
1777 5256 1843 5306 ut
1870 5246 2117 5322 religiosi
2146 5249 2552 5316 viderentur,et
2575 5265 2635 5303 se
2659 5247 2821 5302 nobis
2850 5245 3110 5319 praeferre
3131 5244 3366 5316 possint.

136 5340 356 5404 spuenda
374 5329 606 5408 addant,
621 5341 737 5412 pati
756 5358 868 5396 non
881 5341 1122 5410 debetis;
1148 5348 1203 5397 et
1224 5343 1313 5397 hic
1327 5341 1524 5415 incipit
1536 5355 1698 5416 expo-
1849 5341 1876 5394 1
1888 5341 1939 5396 8.
1969 5340 2112 5396 Nam
2138 5340 2406 5408 ejusmodi
2433 5340 2882 5408 pseudoapostoli.
2902 5334 3105 5390 Reddit
3118 5329 3366 5401 causam,

138 5437 248 5506 nere
258 5427 690 5485 illudzModicum
704 5415 1132 5500 insipientiame
1145 5448 1253 5502 quo
1269 5431 1525 5504 superius
1537 5415 1695 5488 dixit.
1780 5447 1880 5486 cur
1896 5429 2126 5501 quidam
2153 5427 2378 5482 illorum
2397 5427 2518 5482 sine
2545 5425 2836 5498 stipendiis
2855 5423 3243 5496 praedicarent.
3263 5423 3372 5478 Per

301 5518 344 5576 Α
374 5507 594 5590 magnis
628 5522 904 5589 apostolis.
928 5521 979 5575 A
1005 5519 1244 5592 magnis,
1279 5526 1489 5594 quanto
1519 5521 1698 5593 magis
1779 5521 1903 5587 hoc,
1925 5519 2128 5591 inquit,
2159 5507 2566 5590 transﬁgurant
2593 5532 2651 5572 se
2679 5514 2739 5570 in
2768 5513 3052 5591 apostolos
3078 5511 3236 5582 lucis,
3271 5529 3371 5570 seu

142 5597 200 5656 ab
220 5597 302 5661 his
335 5599 432 5680 qui
476 5597 619 5666 nihil
655 5599 830 5665 sunt?
870 5609 1186 5681 lmperitus,
1236 5609 1323 5668 vel
1361 5607 1696 5670 humilitatis
1779 5608 2009 5668 Christi.
