3912 6366
493 250 594 310 251
1478 259 1542 313 Β.
1584 256 1997 312 LANFRANCI
2036 256 2085 312 Ο.

2188 256 2394 314 TUAR.
2435 257 2770 315 ARCHIEP.
3641 251 3756 310 252

493 376 766 450 ipsorum,
799 385 860 436 id
877 389 972 445 est,
1005 388 1208 439 matus.
1246 383 1329 449 19,
1361 383 1452 449 20,
1483 380 1573 439 21.
1606 380 1820 435 Iterum
1845 381 1987 446 dico,
2022 382 2111 449 (ne
2131 382 2254 453 quis
2281 399 2372 436 me
2406 387 2568 453 putet
2585 383 2941 453 insipientem
2971 398 3126 448 esse;
3156 380 3246 436 22.
3269 379 3538 450 alioquin,
3559 381 3614 432 si
3641 382 3759 447 glo-

496 470 635 533 rier,
666 470 819 523 velut
847 469 1202 541 insipientem
1249 470 1484 540 accipite
1526 485 1636 534 me,
1682 471 1767 533 (ac
1788 471 1838 521 si
1865 470 2052 523 dicat:
2077 473 2127 522 si
2155 473 2344 537 vultis,
2376 487 2461 524 me
2484 474 2834 540 insipientem
2854 477 3063 540 putate,
3103 476 3138 535 I
3169 475 3280 534 |3
3300 486 3390 536 ego
3425 474 3613 521 tamen
3638 470 3758 535 glo-

496 557 710 623 riabor)
740 555 829 613 23.
860 562 925 612 ut
954 564 1011 612 et
1038 575 1141 629 ego
1171 559 1454 613 modicum
1485 557 1619 629 quid
1646 556 1879 626 glorier)
1896 558 2197 627 (modicum
2222 560 2321 613 hoc
2343 560 2498 625 dicit,
2527 561 2668 627 quod
2697 561 2762 613 in
2791 561 2967 613 verbis
2995 575 3108 615 non
3127 573 3289 612 sensu
3309 558 3406 624 est)
3438 569 3449 604 :
3472 554 3562 611 24.
3598 554 3759 625 quod

496 640 715 713 loquor,
747 661 831 698 me
852 649 1163 714 gloriando,
1210 664 1321 702 non
1369 648 1569 717 loquor
1604 646 1911 701 secundum
1959 646 2162 713 Deum,
2210 647 2308 701 sed
2345 645 2507 717 quasi
2545 644 2632 699 25.
2668 646 2729 700 in
2773 646 3098 717 insipientia
3114 643 3185 701 26
3210 644 3269 698 in
3299 645 3403 699 hac
3431 641 3759 697 substantia

496 730 710 800 gloriae.
746 733 923 787 Causa
950 750 1053 789 cur
1073 739 1362 804 glorietur.
1399 734 1676 799 Quoniam
1705 734 1870 788 multi
1894 736 2097 802 pseudo
2122 733 2438 804 gloriantur
2463 733 2769 788 secundum
2804 750 3051 799 carnem,
3080 737 3138 787 et
3164 749 3268 803 ego
3297 748 3414 786 non
3442 732 3758 785 secundum

498 834 726 873 carnem
744 821 1045 892 gloriabor,
1073 825 1217 892 quod
1246 824 1393 889 ferre
1420 824 1636 877 debetis.
1668 821 1758 878 27.
1781 820 2047 876 Libenter
2069 822 2220 876 enim
2248 821 2493 876 suffer-tis
2512 821 2858 892 insipientes,
2886 837 3016 876 cum
3043 820 3165 875 sitis
3193 820 3301 891 ipsi
3327 818 3635 890 sapientes.
3671 818 3758 872 Vel

498 922 639 974 vere,
668 912 751 963 vel
772 913 999 966 ironice.
1033 910 1338 967 Sustinetis
1361 911 1514 966 enim
1539 911 1700 983 (quia
1725 911 1874 964 hunc
1901 914 1951 964 et
1976 910 2125 964 hunc
2153 912 2456 979 sustinetis)
2487 911 2536 964 si
2576 910 2703 981 quis
2744 927 2842 965 vos
2870 910 2930 964 in
2967 896 3294 964 servitutem
3324 906 3532 976 redigit
3555 907 3757 960 docens

496 1009 591 1051 vos
608 998 926 1064 judaizare,
948 1003 1030 1054 vel
1057 1015 1365 1068 supponens
1393 1015 1483 1053 ros
1513 1015 1611 1053 suo
1638 1000 1881 1065 servitio,
1913 995 2002 1051 28.
2038 997 2084 1052 si
2112 998 2239 1079 quis
2280 1000 2528 1065 devorat,
2569 1005 2749 1055 vestra
2787 1003 3008 1068 accipit,
3040 997 3131 1066 29,
3176 996 3264 1055 30.
3295 997 3344 1052 si
3372 996 3497 1068 quis
3525 994 3755 1067 accipit,

498 1084 699 1152 decipit
727 1087 1009 1142 adulando
1037 1091 1292 1158 (accipere
1319 1093 1396 1142 est
1417 1090 1537 1141 dolo
1569 1089 1800 1156 capere),
1833 1085 1883 1140 si
1923 1086 2048 1158 quis
2095 1088 2401 1154 extollitur,
2432 1091 2717 1157 jactando,
2753 1087 2838 1154 3l,
2873 1085 2959 1152 32,
2993 1085 3080 1143 33.
3110 1086 3157 1141 si
3190 1085 3314 1158 quis
3337 1085 3394 1139 in
3422 1084 3629 1138 faciem
3659 1097 3759 1136 vos

498 1173 663 1227 caedit
686 1173 776 1245 (in
807 1177 1005 1242 faciem
1025 1179 1257 1231 ceditur
1284 1179 1348 1231 in
1373 1179 1532 1244 cujus
1560 1191 1615 1229 os
1635 1178 1857 1243 injuria
1879 1178 2187 1243 irrogatur)
2210 1182 2295 1232 vel
2314 1180 2697 1245 corporaliter.
2722 1175 2809 1233 34.
2832 1175 3148 1230 Secundum
3168 1173 3581 1245 ignobilitatem
3604 1170 3757 1228 dico,

500 1261 571 1328 (si
591 1265 714 1330 quis
740 1267 1042 1331 adtollitur,
1060 1264 1366 1336 etc.)quasi
1392 1281 1505 1319 non
1518 1264 1870 1327 inﬁrmi,non
1891 1265 2143 1318 habentes
2163 1267 2362 1333 quibus
2376 1265 3136 1333 gloriemur,fuerimus(cum
3153 1266 3479 1331 potentiores
3497 1263 3683 1313 simus
3699 1273 3762 1311 ea

496 1349 676 1416 facere
703 1368 820 1420 quae
848 1353 1094 1422 faciunt)
1116 1353 1176 1407 in
1195 1354 1302 1407 hac
1321 1358 1483 1424 parte
1509 1353 1815 1420 gloriandi.
1837 1352 2079 1407 Ostendit
2094 1370 2146 1406 se
2165 1354 2361 1407 habere
2373 1356 2572 1423 quibus
2599 1357 2893 1420 glorietur.
2928 1355 2989 1408 1n
3005 1369 3062 1406 eo
3082 1368 3193 1422 quo
3212 1350 3338 1421 quis
3352 1350 3555 1418 pseudo
3577 1347 3758 1402 audet

493 1440 738 1506 gloriari
768 1439 842 1509 (in
872 1440 1198 1511 insipientia
1234 1442 1376 1507 dico)
1408 1442 1588 1496 audeo
1609 1446 1667 1495 et
1687 1457 1819 1511 ego;
1855 1440 2071 1495 Hebraei
2102 1446 2254 1508 sunt,
2291 1445 2349 1494 et
2376 1457 2478 1511 ego
2504 1460 2517 1508 ;
2546 1440 2816 1496 Israelita:
2844 1445 2995 1504 sunt,
3028 1443 3084 1492 et
3110 1455 3213 1508 ego
3243 1456 3257 1505 ;
3290 1453 3481 1491 semen
3512 1435 3761 1491 Abrahae

497 1530 648 1591 sunt,
682 1531 741 1580 et
760 1543 893 1597 ego;
924 1528 1167 1582 ministri
1197 1529 1404 1583 Christi
1434 1533 1568 1583 sunt
1599 1534 1679 1596 (ut
1705 1528 1891 1582 minus
1916 1528 2139 1599 sapiens
2160 1529 2305 1597 dico)
2333 1531 2418 1597 (in
2443 1531 2539 1584 hoc
2563 1532 2707 1599 quod
2736 1535 2862 1598 plus
2890 1531 3029 1594 dico,
3057 1530 3247 1581 minus
3279 1529 3494 1595 sapiens
3516 1525 3609 1593 ﬁo)
3632 1524 3763 1596 plus

499 1629 604 1684 ego
628 1632 641 1680 ;
676 1617 749 1680 (et
776 1617 902 1682 plus
915 1619 1083 1670 etiam
1096 1633 1188 1684 ego
1210 1621 1465 1671 minister
1484 1617 1689 1671 Christi
1708 1633 1729 1683 ;
1757 1622 1807 1670 et
1828 1617 1924 1670 hoc
1946 1619 2160 1684 probat,
2183 1621 2319 1685 quia
2340 1622 2405 1671 in
2434 1619 2549 1681 hoc,
2575 1622 2623 1671 et
2654 1620 2719 1672 in
2743 1619 2854 1681 hoc)
2878 1617 2937 1671 in
2954 1616 3240 1670 laboribus
3259 1612 3619 1686 plurimis,in
3644 1628 3768 1666 car-

498 1702 719 1756 ceribus
747 1701 1144 1772 abundantius,
1172 1705 1229 1759 in
1251 1705 1430 1776 plagis
1461 1721 1633 1775 supra
1660 1705 1909 1770 modum,
1934 1703 1992 1756 in
2008 1704 2282 1759 mortibus
2314 1707 2655 1776 frequenter.
2674 1707 2725 1759 A
2743 1705 2948 1760 Judaais
2970 1703 3058 1761 35.
3087 1703 3402 1775 quinquies,
3427 1701 3761 1773 quadrage-

501 1805 605 1844 nas
624 1795 995 1859 percussiones
1021 1810 1136 1848 una
1164 1794 1370 1858 minus,
1405 1793 1611 1864 accepi.
1641 1794 1750 1848 Ter
1778 1793 1949 1863 virgis
1979 1809 2154 1848 caesus
2179 1811 2324 1860 sum,
2353 1794 2527 1848 semel
2546 1793 2829 1865 lapidatus
2858 1810 3004 1858 sum,
3032 1795 3312 1847 insecutus
3333 1792 3640 1860 lapidibus,
3674 1792 3768 1842 ter

502 1878 860 1949 naufragium
882 1880 1416 1946 (volentibusJudzis
1426 1883 1752 1949 demergere)
1776 1881 1898 1945 feci,
1928 1884 2155 1948 pertuli,
2174 1879 2262 1936 36.
2278 1887 2440 1936 nocte
2454 1887 2512 1936 et
2531 1881 2621 1935 die
2645 1883 2801 1951 (dum
2819 1883 3115 1935 duceretur
3135 1881 3381 1940 Romam)
3400 1877 3459 1931 in
3479 1876 3767 1948 profundo

498 1967 674 2021 maris
686 1967 1060 2036 fui,appellato
1081 1969 1302 2033 amare,
1322 1975 1359 2033 |
1389 1975 1420 2033 ι
1441 1975 1494 2032 4
1516 1969 1573 2022 in
1586 1968 1883 2023 itineribus
1896 1970 2265 2039 smpeJmulta
2272 1975 2484 2039 pertuli
2489 1969 2771 2041 ,periculis
2788 1969 3088 2023 ﬂuminum
3105 1969 3378 2036 subjaeui,
3396 1966 3668 2037 periculis
3689 1966 3768 2019 la-

497 2060 745 2123 tronum,
774 2056 1035 2127 periculis
1065 2073 1132 2111 ex
1151 2074 1376 2127 genere,
1408 2058 1629 2121 ludatis,
1659 2056 1919 2127 periculis
1940 2073 2004 2110 ex
2019 2057 2300 2127 gentibus,
2327 2060 2580 2126 paganis,
2602 2058 2866 2129 periculis
2886 2058 3140 2126 subjacui
3160 2055 3218 2108 in
3231 2055 3470 2120 civitate,
3491 2053 3767 2125 periculis

498 2143 558 2199 in
579 2144 899 2211 solitudine,
919 2145 1179 2217 periculis
1197 2146 1254 2199 in
1279 2145 1442 2211 mari,
1460 2145 1723 2216 periculis
1746 2145 1804 2198 in
1830 2144 1983 2199 falsis
2012 2145 2300 2212 fratribus,
2338 2163 2425 2199 me
2441 2149 2669 2215 prodere
2686 2147 2989 2200 volentibus
3004 2164 3021 2209 ;
3054 2145 3112 2198 in
3139 2143 3351 2211 labore,
3370 2147 3619 2212 corporis
3642 2145 3757 2211 fui,

498 2236 555 2286 et
569 2248 821 2286 aerumna
845 2235 1030 2299 famis,
1053 2234 1113 2287 in
1132 2234 1335 2305 vigiliis
1352 2233 1564 2299 multis,
1586 2234 1803 2288 infame
1824 2243 1881 2288 et
1899 2235 2014 2300 siti,
2034 2235 2090 2288 in
2105 2234 2336 2304 jejuniis
2360 2234 2570 2299 multis,
2586 2234 2645 2288 in
2663 2234 2872 2304 frigore
2886 2240 2944 2287 et
2966 2233 3241 2298 nuditate,
3265 2237 3469 2302 praeter
3482 2232 3603 2299 illa,
3630 2248 3759 2302 qua:

493 2320 838 2375 extrinsecus
859 2326 1008 2386 sunt,
1030 2328 1227 2390 praeter
1247 2326 1438 2377 caetera
1452 2338 1570 2392 qua
1585 2339 1780 2392 passus
1810 2339 1937 2377 sum
1961 2326 2026 2377 in
2044 2339 2228 2388 carne,
2252 2322 2524 2379 instantia
2540 2338 2667 2377 mea
2691 2323 3068 2389 (studium,vet
3089 2325 3349 2376 incursus
3385 2324 3606 2391 mentis)
3632 2335 3771 2392 quo-

1835 2517 2421 2575 COMMENTARIUS.

574 2684 659 2741 19.
688 2685 938 2741 Anaaos.
963 2686 1174 2740 Iterum
1202 2687 1340 2741 dico.
1390 2686 1623 2759 Semper
1646 2687 1910 2759 proponit
1935 2687 2083 2758 quod
2105 2693 2158 2752 Α
2234 2687 2306 2746 ‘29
2332 2690 2544 2745 Lmen.
2570 2688 2634 2744 Si
2657 2690 2781 2757 quis
2803 2703 2892 2742 vos
2912 2689 2975 2741 in
2999 2651 3335 2750 servitutem,
3358 2681 3416 2737 id
3445 2686 3549 2748 est,
3567 2697 3770 2739 carna-

496 2779 693 2847 postea
709 2773 899 2829 multis
921 2780 1312 2845 prosequatur.

565 2861 655 2922 20.
686 2865 900 2920 LANFR.
935 2867 1143 2920 Iterum
1172 2866 1310 2919 dico.
1339 2865 1610 2936 Superius
1638 2864 1779 2919 dixit
1808 2884 1819 2918 :
1861 2866 2085 2919 Utinam

496 2956 841 3009 sustineretis
866 2955 1142 3007 modicum
1164 2956 1299 3022 quid
1326 2957 1663 3023 insipientia
1692 2961 1849 3008 mea!
1878 2954 2088 3008 scilicet

495 3041 1037 3098 commendationem
1063 3042 1152 3096 sui
1177 3058 1299 3113 quae
1328 3041 1631 3097 indiscrete
1654 3042 1802 3096 facta
1819 3042 2088 3113 insipien-

494 3131 577 3186 tia
603 3130 827 3184 dicitur.
848 3129 1063 3184 Iterum
1084 3129 1235 3197 dicit,
1255 3146 1327 3185 ne
1348 3131 1472 3201 quis
1498 3136 1659 3202 putet
1678 3147 1805 3185 eum
1824 3131 2089 3202 insipien-

495 3223 633 3284 tem,
669 3235 797 3272 cum
826 3218 931 3271 hoc
964 3234 1078 3272 non
1120 3235 1221 3289 pro
1251 3235 1330 3284 se,
1363 3219 1461 3274 sed
1489 3219 1560 3273 ad
1592 3219 1814 3274 illorum
1844 3219 2087 3274 aediﬁca-

496 3307 707 3363 tionem
736 3305 938 3374 faciat;
971 3306 1220 3378 alioquin
1241 3306 1289 3360 si
1318 3307 1532 3372 volunt,
1560 3312 1779 3379 putent,
1807 3308 1939 3362 dum
1969 3308 2087 3378 ipse

496 3394 794 3466 glorietur,
812 3398 1003 3448 tamen
1034 3395 1105 3448 ad
1129 3394 1576 3449 aediﬁcationem.

572 3480 662 3539 21.
690 3485 898 3537 Iterum
926 3484 1064 3537 dico.
1098 3483 1259 3549 Item,
1280 3483 1481 3555 inquit,
1513 3488 1571 3536 et
1596 3499 1743 3554 saepe
1768 3499 1935 3538 narro
1956 3483 2091 3538 vitia

496 3568 748 3635 illorum,
778 3585 850 3623 ne
873 3569 999 3640 quis
1019 3569 1252 3624 audiens
1281 3586 1370 3624 me
1398 3570 1736 3642 redarguere
1756 3571 1898 3637 illos,
1930 3576 2092 3642 putet

497 3656 857 3728 insipientem
868 3701 881 3713 .

568 3741 658 3799 22.
703 3746 971 3814 Alioquin
1018 3749 1182 3800 velut.
1243 3746 1538 3801 Concessio
1595 3746 1840 3801 adversae
1882 3747 2080 3818 partis,

500 3847 622 3902 quae
649 3837 785 3887 tunc
807 3838 1193 3906 competenter
1228 3835 1310 3902 ﬁt,
1354 3835 1576 3906 quando
1620 3835 1945 3890 concedenti
1973 3851 2083 3889 non

497 3924 585 3975 est
614 3922 888 3977 nocitura.

2168 2778 2250 2833 les
2283 2777 2668 2832 observantiae
2705 2775 2864 2846 legis,
2917 2789 3041 2844 quae
3083 2770 3268 2826 servili
3304 2771 3508 2825 timore
3540 2770 3769 2843 impleri

2168 2865 2407 2921 faciebat
2432 2865 2622 2919 dicens
2645 2881 2656 2916 :
2687 2863 2746 2918 Si
2767 2862 2893 2934 quis
2921 2862 3046 2927 hoc,
3060 2860 3147 2914 vel
3176 2859 3316 2913 illud
3345 2858 3559 2926 fecerit,
3581 2862 3771 2914 morte

2170 2954 2463 3008 moriatur.
3376 3008 3381 3017 ι

2240 3040 2326 3098 30.
2360 3043 2608 3097 AMBROS.
2639 3040 2704 3096 Si
2727 3042 2852 3109 quis
2869 3054 2960 3096 vos
2977 3040 3042 3092 in
3060 3040 3395 3092 servitutem.
3413 3034 3771 3107 Redigeban-

2167 3135 2263 3185 tur
2289 3131 2347 3184 in
2396 3130 2722 3183 servitutem
2753 3143 2853 3199 per
2888 3125 3208 3187 stultitiam.
3245 3128 3312 3178 ut
3351 3123 3766 3179 famularentur

2168 3218 2667 3290 pseudoapostolis.

2238 3305 2329 3362 3|.
2362 3307 2426 3362 Si
2451 3309 2576 3374 quis
2601 3308 2664 3359 in
2691 3305 2911 3372 faciem.
2938 3303 3004 3358 In
3025 3301 3224 3357 faciem
3254 3298 3486 3357 caeditur
3514 3300 3575 3356 in
3602 3303 3767 3373 cujus

2169 3412 2231 3449 os
2274 3394 2482 3464 injuria
2527 3393 2830 3463 irrogatur.
2871 3391 3035 3445 Nunc
3074 3390 3178 3443 hos
3209 3389 3492 3459 significat
3526 3389 3651 3461 qui,
3695 3406 3761 3444 eo

2172 3483 2322 3555 quod
2363 3488 2551 3537 essent
2592 3498 2657 3536 ex
2693 3496 2900 3553 genere
2946 3479 3207 3544 Abrahae,
3250 3476 3646 3534 obtrectabant
3686 3478 3766 3533 eis

2173 3572 2321 3643 quod
2343 3576 2529 3626 essent
2546 3568 2937 3625 incircumcisi.
2963 3567 3124 3623 Unde
3145 3562 3427 3637 sequitur:
3444 3565 3764 3622 Secundum

2170 3662 2573 3728 ignobilitatem
2594 3661 2731 3713 dico.

2236 3748 2326 3807 32.
2353 3749 2598 3803 Avous'r.
2631 3746 2751 3819 (lib.
2787 3761 2806 3800 ι
2830 3748 2902 3801 De
2928 3759 3176 3799 sermone
3200 3745 3427 3798 Domini
3464 3746 3528 3798 in
3557 3749 3763 3807 monte,

2168 3855 2216 3893 c.
2255 3835 2337 3903 l9,
2375 3842 2512 3890 tom.
2540 3836 2667 3905 IV).
2699 3834 2763 3889 Si
2790 3837 2915 3903 quis
2943 3837 3007 3887 in
3030 3834 3248 3901 faciem.
3288 3832 3436 3897 Quid
3480 3831 3555 3885 sit
3580 3830 3645 3885 in
3689 3830 3765 3885 fa-

2105 3960 2152 4018 B
2174 3926 2315 3981 ciem
2346 3925 2519 3980 caedi?
2554 3924 2660 3978 hoc
2679 3930 2761 3977 est
2792 3921 3075 3977 contemni
3111 3924 3169 3975 et
3192 3919 3421 3991 despici.
3455 3919 3617 3984 Quod
3648 3919 3768 3992 qui-

566 4007 655 4064 23.
687 4012 928 4068 Annam.
962 4013 1026 4067 Ut
1043 4028 1135 4080 ego
1156 4014 1458 4066 modicum.
1486 4011 1768 4067 Modicum
1791 4011 2088 4082 dicit,quia
2110 4007 2150 4018 “’
2175 4015 2303 4069 dem
2332 4030 2445 4069 non
2470 4013 2595 4068 ideo
2624 4012 2761 4066 dicit
2785 4010 3085 4082 Apostolus
3112 4014 3177 4063 ut
3222 4008 3349 4062 illos
3384 4024 3497 4063 non
3525 4009 3766 4062 sustine-

495 4097 556 4151 in
581 4096 765 4151 verbis
792 4114 904 4153 non
923 4100 982 4153 in
1011 4116 1181 4155 sensu
1211 4105 1316 4155 est.

569 4183 657 4239 24.
684 4187 835 4253 Quod
865 4191 1073 4256 loquor.
1109 4188 1425 4243 Secundum
1463 4189 1643 4243 Deum
1672 4204 1786 4243 non
1815 4187 2085 4259 loquitur,

498 4272 633 4344 quia
659 4274 731 4327 ad
759 4275 942 4329 carnis
968 4280 1244 4330 tumorem
1275 4277 1392 4331 haec
1418 4279 1739 4348 pertinent;
1783 4293 1884 4331 nec
1911 4277 1979 4331 de
2006 4276 2088 4330 in-

496 4361 727 4416 ﬂatione
752 4363 900 4434 apud
930 4363 1109 4418 Deum
1130 4365 1312 4436 surgit
1336 4366 1534 4437 gloria,
1566 4367 1700 4438 quia
1736 4366 1885 4437 apud
1906 4366 2085 4420 Deum

496 4449 789 4505 humilitas
816 4452 1062 4523 gloriosa
1091 4459 1194 4507 est.

565 4537 656 4595 25.
700 4541 905 4596 LANFR.
952 4544 1021 4596 In
1067 4545 1412 4613 insipientia.
1467 4544 1802 4616 Insipientia
1839 4547 2004 4605 esset,
2038 4541 2086 4596 si

493 4632 693 4699 sponte
713 4629 1081 4700 gloriaretur;
1112 4633 1211 4687 sed
1241 4633 1375 4704 quia
1402 4639 1646 4700 coactus,
1681 4634 1841 4704 quasi
1870 4633 1926 4686 in
1953 4630 2088 4685 insi-

491 4716 705 4787 pientia
731 4718 885 4775 dicit.

565 4803 656 4862 26.
691 4808 761 4861 In
780 4809 881 4863 hac
918 4810 1251 4880 substantia,
1278 4812 1337 4867 id
1368 4816 1470 4879 est,
1503 4811 1563 4866 in
1586 4812 1692 4866 hoc
1726 4827 1933 4881 genere
1959 4810 2084 4880 glo-

491 4894 591 4951 ria
624 4912 747 4967 quae
777 4898 842 4952 ﬁt
861 4896 1164 4956 secundum
1195 4901 1601 4972 insipientiam.

560 4982 651 5041 27.
697 4987 949 5042 Libenter
974 4992 1142 5044 enim.
1185 4991 1368 5045 Causa
1413 5006 1513 5044 cur
1551 4994 1747 5043 contra
1799 4988 2079 5043 fallacium

489 5075 919 5145 praedicatorum
940 5079 1180 5148 gloriam
1218 5079 1348 5133 velit
1387 5078 1641 5148 gloriari,
1666 5078 1802 5148 quia
1830 5078 2083 5133 videlicet

491 5163 769 5221 Corinthii
810 5166 1052 5221 libenter
1101 5167 1359 5221 ferebant
1407 5166 1789 5237 insipientiam
1830 5167 2078 5233 illorum,

491 5269 615 5309 cum
658 5255 887 5326 quidam
928 5256 1181 5327 ipsorum
1218 5255 1277 5309 in
1321 5254 1487 5309 verbo
1536 5255 1639 5309 Dei
1681 5255 1961 5327 sapientes
2000 5273 2082 5312 es-

488 5348 615 5397 sent
626 5389 639 5401 .

558 5429 648 5489 28.
676 5431 927 5490 AMBROS.
961 5432 1026 5490 Si
1061 5436 1184 5503 quis
1214 5434 1454 5486 devorat.
1489 5431 1752 5488 Contenti
1792 5438 1954 5490 erant
1976 5434 2078 5491 de-

495 5519 685 5576 vorari
713 5537 803 5579 res
832 5538 962 5578 suas
991 5538 1027 5577 a
1050 5521 1206 5577 falsis
1233 5519 1573 5577 doctoribus.

2170 4108 2317 4167 rent,
2340 4103 2436 4158 sed
2458 4107 2523 4156 ut
2545 4118 2603 4156 se
2635 4101 2814 4171 magis
2856 4099 2952 4169 qui
2993 4115 3087 4153 eos
3128 4098 3209 4152 sic
3236 4096 3497 4167 diligeret
3521 4102 3588 4151 ut
3614 4096 3762 4167 seip-

2170 4207 2296 4246 sum
2320 4207 2420 4261 pro
2443 4190 2524 4244 eis
2543 4190 2709 4244 vellet
2736 4187 3007 4259 impendi.

2242 4279 2328 4336 33.
2360 4280 2565 4334 Lmen.
2598 4279 2661 4333 Si
2703 4280 2825 4347 quis
2857 4279 2920 4330 in
2948 4278 3168 4344 faciem.
3216 4272 3284 4328 In
3322 4272 3522 4327 faciem
3551 4273 3764 4328 caedere

2167 4374 2255 4424 est
2281 4368 2570 4439 praeterita
2590 4367 2739 4420 mala
2764 4365 2834 4419 ad
2866 4363 3200 4418 memoriam
3230 4377 3508 4417 revocare.

2240 4455 2327 4512 34.
2388 4456 2703 4511 Secundum
2749 4455 3175 4522 ignobilitatem.
3228 4451 3501 4519 Viriliter,
3552 4449 3756 4522 inquit,

2168 4543 2289 4599 dico
2319 4543 2478 4615 quasi
2506 4543 2843 4614 impotentes
2880 4541 2987 4610 (vel
3006 4539 3358 4609 intentiores)
3385 4538 3679 4604 fuerimus,
3703 4537 3760 4591 id

2167 4632 2480 4698 est,facere;
2504 4629 2955 4701 magniﬁcentius
2966 4630 3113 4684 enim
3131 4645 3353 4700 possem
3371 4627 3574 4682 dicere:
3597 4625 3758 4698 quasi

2167 4738 2270 4776 nos
2312 4721 2657 4793 potentiores
2684 4736 2798 4774 non
2825 4718 3095 4774 fuerimus
3124 4734 3246 4789 quae
3271 4716 3485 4772 faciunt
3510 4715 3717 4771 facere.

2236 4810 2325 4865 35.
2380 4812 2417 4865 Α
2470 4809 2672 4864 Iudaeis
2715 4798 3028 4877 quinquies.
3077 4806 3387 4876 Quinquies
3432 4803 3757 4859 verberatus

2167 4898 2293 4966 fuit,
2329 4904 2386 4953 et
2419 4898 2480 4952 in
2508 4912 2846 4969 unaquaque
2876 4893 3233 4967 percussione
3265 4892 3507 4964 corrigia
3544 4892 3755 4947 nodata

2167 4987 2542 5060 quadraginta
2557 4985 2943 5056 percussiones
2963 4982 3249 5049 sustinuit,
3278 4998 3394 5036 una
3413 4981 3757 5052 minus,qua-

2165 5094 2274 5149 que
2302 5077 2436 5130 vice.
2470 5075 2572 5129 Vel
2598 5075 2958 5145 quadragena
2994 5076 3226 5126 vocatur
3254 5070 3439 5141 ipsum
3471 5070 3753 5140 ﬂagellum

2165 5164 2538 5237 quadraginta
2557 5162 2808 5233 corrigiis
2833 5162 3170 5227 confectum,
3189 5175 3316 5213 cum
3329 5174 3439 5230 quo
3459 5157 3754 5229 quinquies

2163 5272 2222 5310 se
2253 5254 2388 5310 dicit
2416 5269 2761 5325 percussum,
2797 5250 3039 5320 corrigia
3077 5248 3232 5302 omni
3259 5246 3374 5302 vice
3402 5251 3643 5311 retenta,
3675 5244 3752 5299 sic

2095 5319 2139 5379 Ο
2161 5344 2312 5399 enim
2333 5344 2421 5397 lex
2449 5340 2884 5397 misericorditer
2911 5338 3033 5393 ﬁeri
3053 5335 3431 5408 praecipiebat.

2234 5431 2319 5487 36.
2352 5434 2599 5489 Amanos.
2650 5430 2812 5486 Nocte
2856 5432 2905 5482 et
2943 5429 3049 5481 die.
3103 5427 3220 5481 Hoc
3249 5424 3460 5480 factum
3494 5427 3598 5488 est,
3624 5436 3748 5478 cum

2163 5522 2370 5581 missus
2389 5523 2537 5578 esset
2554 5520 2812 5584 Romam,
2831 5516 2965 5589 quia
2983 5514 3324 5588 appellasset
3350 5514 3647 5579 Caesamm,
3670 5510 3746 5567 sic
