3912 6370
124 264 218 325 253
800 265 879 321 1N
914 264 982 322 D.
1023 264 1238 320 PAULI
1276 263 1500 321 EPIST.
1543 265 1910 323 conmnN'r.
1949 295 2019 305 —
2057 263 2277 320 EPIST.
2317 264 2371 320 II
2408 265 2506 320 AD
2542 265 2705 321 eoa.
3276 251 3384 311 254

120 390 326 445 tidiana
353 390 494 457 fuit,
519 387 834 444 sollicitudo
861 386 1114 442 omnium
1143 387 1536 442 Ecclesiarum.
1556 389 1658 442 Per
1687 386 2079 455 parenthesim.
2104 384 2193 441 37.
2218 385 2354 451 Quis
2377 387 2718 454 inﬁrmatur,
2739 392 2797 442 et
2817 402 2920 458 ego
2949 400 3062 440 non
3079 382 3336 438 inﬁrmor
3355 382 3378 429 ?

121 482 467 536 condolendo.
499 479 634 543 Quis
662 477 1090 543 scandalizatur,
1123 483 1332 548 et,ego,
1365 494 1478 532 non
1509 475 1681 530 uror?
1701 475 1757 530 Si
1786 474 2017 545 gloriari
2050 480 2274 545 oportet
2299 493 2312 530 :
2335 474 2397 529 Si
2419 493 2572 545 cogas
2595 494 2679 530 me
2704 477 2947 546 gloriari
2965 474 3228 541 amplius,
3253 481 3377 538 qua

121 567 458 623 inﬁrmitatis
491 584 624 622 mea:
651 571 784 622 sunt
798 582 927 620 vera
943 567 1146 631 dicam,
1171 583 1290 634 qua:
1311 567 1618 632 inﬁrmitas
1640 580 1758 618 mea
1775 578 1938 632 passa
1958 567 2051 626 est,
2086 564 2234 617 nihil
2265 567 2596 632 conﬁngens,
2623 564 2926 636 gloriabor.
2960 557 3376 630 Jusjurandum

118 672 206 726 per
225 656 624 725 parenthesim.
658 655 808 709 Deus
837 659 896 709 et
924 653 1090 708 Pater
1117 653 1343 708 Domini
1367 652 1546 707 nostri
1565 651 1696 706 Jesu
1723 650 1954 717 Christi,
1987 651 2082 722 qui
2109 657 2194 706 est
2230 652 2559 708 benedictus
2586 654 2646 708 in
2683 653 2905 718 saecula,
2938 649 3044 704 scit
3074 644 3223 718 quod
3262 657 3376 696 non

120 743 367 810 mentior,
397 746 466 797 in
486 744 570 797 his
590 759 708 812 quae
724 748 1052 812 sequuntur.
1081 741 1339 796 Damasci
1358 740 1690 813 praepositus
1708 740 1892 810 gentis
1912 739 2102 794 Aretae
2123 739 2288 810 regis,
2312 741 2663 796 custodiebat
2683 741 2970 795 civitatem
2998 738 3376 792 Damasceno-

119 847 253 898 rum,
286 837 351 886 ut
377 835 475 886 me
492 831 1023 903 comprehenderet;
1056 836 1114 886 et
1152 847 1252 903 per
1273 829 1581 885 fenestram
1615 829 1674 884 in
1697 832 1890 902 sporta
1926 827 2190 884 dimissus
2211 846 2336 886 sum
2367 847 2470 904 per
2506 846 2753 896 murum,
2777 833 2836 884 et
2873 827 2954 883 sic
2973 822 3143 895 eilugi
3174 833 3376 875 manus

121 919 250 988 ejus.

1226 1076 1236 1085 δ
1551 1007 1786 1064 CAPUT
1811 1009 1936 1064 xu.

178 1096 232 1150 Si
262 1098 516 1165 amplius
541 1097 772 1168 gloriari
803 1103 1026 1170 oportet
1043 1101 1315 1153 coactione
1338 1104 1517 1152 vestra
1541 1099 1675 1165 (non
1703 1097 1928 1168 expedit
1953 1098 2198 1168 quidem,
2221 1098 2428 1153 scilicet
2447 1100 2708 1167 gloriari)
2735 1115 2746 1150 :
2772 1096 2991 1151 veniam
3014 1096 3203 1147 autem
3220 1088 3270 1143 1.
3303 1086 3372 1140 ad

117 1183 366 1249 visiones,
387 1191 449 1239 et
469 1186 836 1240 revelationes
863 1187 1107 1240 Domini.
1139 1188 1208 1241 De
1227 1203 1280 1240 se
1300 1188 1519 1255 quidem
1539 1189 1657 1253 agit
1681 1189 1972 1240 coactione.
1996 1186 2120 1241 Scio
2147 1187 2433 1241 hominem
2455 1187 2514 1240 in
2541 1186 2783 1250 Christo,
2813 1185 3219 1243 Christianum,
3240 1179 3372 1229 ante

115 1289 275 1327 annos
303 1274 757 1343 quatuordecim,
784 1279 906 1344 jam
926 1280 1246 1343 praeteritos,
1274 1274 1410 1342 (sive
1433 1273 1512 1340 in,
1536 1290 1682 1340 cum,
1706 1290 1956 1345 corpore,
1979 1275 2092 1328 sive
2121 1281 2279 1330 extra
2296 1292 2517 1345 corpus,
2542 1278 2605 1329 in
2633 1277 2852 1336 emstasi,
2872 1270 3080 1334 nescio,
3113 1268 3202 1320 sed
3221 1265 3371 1319 Deus

114 1360 221 1428 scit)
249 1359 302 1414 2.
333 1367 567 1432 raptum
599 1362 920 1432 hujusmodi
947 1363 1332 1418 Christianum
1353 1379 1531 1432 usque
1552 1363 1623 1417 ad
1652 1364 1881 1417 tertium
1910 1365 2131 1418 caelum.
2167 1365 2235 1418 Et
2250 1365 2364 1418 scio
2392 1367 2499 1430 (bis
2525 1381 2577 1417 se
2597 1369 2809 1417 motum
2841 1364 2996 1422 dicit)
3021 1353 3364 1427 hujusmodi,

116 1451 311 1516 ﬁdelem
339 1449 655 1516 hominem,
687 1451 818 1506 (sive
847 1451 904 1505 in
933 1467 1184 1521 corpore,
1219 1450 1334 1504 sive
1361 1455 1516 1504 extra
1545 1468 1746 1522 corpus
1771 1452 1978 1516 nescio,
2018 1455 2108 1506 sed
2137 1453 2286 1507 Deus
2314 1453 2438 1514 scit)
2472 1452 2735 1523 quoniam
2767 1457 2961 1521 raptus
2991 1453 3076 1503 est
3103 1447 3163 1499 in
3192 1458 3364 1515 para-

115 1537 303 1602 disum,
330 1543 390 1591 et
405 1538 624 1592 audivit
650 1555 854 1593 arcana
878 1539 1064 1600 verba,
1097 1556 1220 1610 quae
1250 1555 1362 1594 non
1387 1539 1519 1593 licet
1547 1539 1782 1607 homini,
1801 1545 1881 1595 vel
1914 1543 2038 1607 sibi,
2072 1546 2152 1596 vel
2192 1544 2520 1609 visionibus,
2548 1543 2632 1595 vel
2669 1543 2845 1595 alicui
2868 1539 3138 1600 auditori,
3176 1531 3356 1602 loqui.

117 1622 160 1679 3.
192 1625 295 1680 Pro
319 1625 655 1696 hujusmodi
681 1626 994 1697 gloriabor;
1024 1644 1125 1698 pro
1156 1644 1246 1681 me
1277 1633 1487 1693 autem,
1511 1629 1571 1680 id
1601 1633 1695 1693 est,
1716 1646 1820 1698 pro
1851 1647 1971 1683 mea
1998 1633 2223 1697 virtute,
2247 1647 2364 1698 qua:
2386 1631 2534 1683 nihil
2562 1636 2658 1694 est,
2681 1630 2878 1693 nihil]
2906 1633 3017 1692 I5
3039 1619 3364 1694 gloriabori.

114 1713 158 1766 4.
185 1713 290 1767 nisi
312 1713 371 1768 in
399 1714 828 1770 inﬁrmitatibus
855 1716 1014 1769 meis.
1033 1718 1182 1769 Potes
1209 1721 1269 1768 tu
1297 1717 1540 1781 gloriari
1558 1719 1623 1769 in
1650 1719 2119 1784 inﬁrmitatibus?
2137 1720 2444 1786 Responsio.
2466 1717 2516 1772 5.
2542 1719 2710 1785 Nam,
2725 1723 2783 1772 et
2800 1717 2847 1771 si
2871 1715 3097 1770 voluero
3112 1707 3362 1781 gloriari,

112 1816 210 1856 non
234 1817 329 1856 ero
352 1819 592 1872 prorsus
610 1803 908 1874 insipiens;
932 1820 1041 1857 ecce
1061 1819 1164 1857 cur
1187 1819 1202 1853 :
1226 1803 1519 1857 veritatem
1547 1804 1700 1857 enim
1722 1805 1924 1868 dicam,
1952 1822 2159 1873 possem
2180 1807 2402 1874 quidem
2421 1808 2664 1874 gloriari
2678 1806 2980 1860 secundum
3000 1803 3251 1863 visiones,
3276 1797 3370 1850 sed

113 1904 262 1958 parco
285 1896 505 1956 autem,
531 1889 584 1946 6.
615 1907 686 1945 ne
713 1891 837 1962 quis
865 1908 955 1945 me
993 1891 1274 1945 existimet
1302 1893 1482 1944 dicere
1501 1907 1673 1961 supra
1699 1892 1756 1946 id
1783 1893 1929 1963 quod
1969 1893 2118 1947 videt
2155 1893 2214 1948 in
2238 1911 2343 1956 me,
2379 1896 2439 1948 id
2478 1901 2573 1958 est,
2613 1899 2726 1948 tam
2755 1896 2920 1947 vilem
2944 1904 3253 1958 personam,
3287 1887 3367 1939 vel

118 1977 214 2029 tam
243 1980 603 2047 incomposite
633 1983 961 2048 loquentem,
995 1982 1059 2033 in
1089 1983 1280 2033 castum
1303 1995 1596 2047 nunquam
1621 1996 1727 2034 esse
1757 1986 1994 2048 raptam,
2021 1988 2122 2035 aut
2148 1982 2360 2054 aliquid
2380 1982 2540 2036 audit
2559 1999 2623 2036 ex
2646 1999 2756 2036 me.
2779 1983 2895 2035 Hac
2915 1979 3058 2032 mihi
3080 1993 3114 2030 a
3133 1976 3366 2029 Domino

116 2064 295 2118 collata
331 2071 495 2122 sunt.
537 2065 588 2120 7.
623 2068 692 2121 Et
720 2085 790 2121 ne
819 2068 1146 2139 magnitudo
1175 2068 1602 2131 revelationum,
1627 2084 1839 2136 magna
1867 2073 2241 2135 revelationes,
2261 2070 2508 2135 extollat,
2541 2071 2830 2132 emtoltant,
2857 2065 3263 2132 me,superbire
3282 2062 3368 2127 fa-

115 2155 266 2218 ciant,
294 2153 466 2209 datus
489 2161 578 2209 est
597 2155 735 2208 mihi
755 2173 791 2209 a
807 2159 1040 2210 Domino
1070 2157 1332 2210 stimulus
1359 2156 1542 2210 carnis
1561 2172 1718 2219 meae,
1737 2160 1818 2211 vel
1839 2160 2146 2224 inﬁrmitas
2165 2161 2380 2226 capitis,
2400 2162 2479 2212 vel
2499 2161 2764 2211 stimulus
2788 2155 3105 2218 ventris,vel
3131 2151 3367 2204 tribula-

118 2243 284 2306 tiones,
314 2239 368 2298 8.
398 2243 640 2314 angelus
670 2243 912 2312 Satane,
944 2245 1040 2316 qui
1060 2261 1150 2299 me
1168 2245 1493 2316 colaphizet.
1515 2245 1752 2316 Propter
1777 2245 1924 2316 quod
1956 2247 2340 2314 (colaphizare)
2367 2251 2456 2300 ter
2473 2245 2772 2300 Dominum
2798 2241 3086 2312 rogavi,ut
3099 2240 3364 2293 stimulus

117 2326 196 2382 ille
221 2329 536 2385 discederet
567 2349 602 2386 a
630 2348 749 2399 me;
782 2337 840 2387 et
862 2332 1003 2386 dixit
1029 2333 1168 2387 mihi
1198 2335 1467 2387 Dominus
1496 2349 1512 2384 :
1548 2331 1608 2390 9.
1650 2333 1867 2388 Sufficit
1905 2333 2008 2388 tibi
2035 2334 2223 2404 gratia
2251 2350 2410 2389 mea:
2452 2334 2534 2391 10.
2572 2350 2703 2388 nam
2740 2333 2916 2386 virtus
2943 2331 3003 2384 in
3032 2325 3364 2383 inﬁrmitate

117 2417 409 2485 perﬁcitur.
443 2418 713 2475 Libenter
739 2420 932 2492 igitur,
951 2426 1014 2474 ut
1041 2425 1222 2475 virtus
1235 2424 1584 2490 perﬁciatur,
1605 2422 1890 2492 gloriabor
1903 2422 1963 2476 in
1984 2421 2404 2476 inﬁrmitatibus
2433 2421 2592 2487 meis,
2620 2427 2685 2476 ut
2703 2419 2980 2475 inhabitet
2993 2417 3052 2471 in
3075 2432 3165 2470 me
3188 2413 3364 2467 virtus

117 2502 327 2564 Christi.
363 2507 608 2578 PrOpter
635 2508 802 2579 quod,
835 2514 899 2562 ut
913 2511 1242 2577 perﬁciatur
1259 2511 1461 2577 virtus,
1484 2511 1567 2563 vel
1594 2511 1816 2576 habitet,
1841 2512 2032 2581 placeo
2053 2511 2193 2565 mihi
2217 2511 2275 2565 in
2298 2509 2720 2564 inﬁrmitatibus
2740 2508 2897 2574 meis,
2931 2509 2990 2560 id
3019 2511 3117 2572 est,
3143 2504 3364 2572 placent

117 2595 238 2648 mihi
251 2597 329 2650 ha:
346 2599 728 2665 inﬁrmitates,
751 2597 812 2652 in
836 2598 1210 2665 contumeliis,
1233 2599 1291 2652 in
1311 2597 1737 2653 necessitatibus
1759 2601 1843 2652 rei
1857 2600 2190 2665 familiaris,
2204 2599 2264 2652 in
2284 2597 2786 2669 persecutionibus,
2809 2596 2869 2650 in
2889 2592 3166 2665 angustiis
3185 2606 3360 2646 carce-

118 2696 246 2752 rum,
267 2701 366 2756 pro
396 2686 626 2742 Christo
656 2687 832 2742 illatis
855 2689 1034 2743 mihi:
1052 2689 1139 2745 11.
1160 2705 1288 2744 cum
1309 2689 1458 2744 enim
1479 2689 1757 2750 inﬁrmor,
1776 2692 1912 2740 tunc
1936 2691 2134 2758 potens
2149 2703 2294 2754 sum,
2315 2690 2623 2756 inﬁrmitas
2646 2691 2722 2740 est
2739 2685 2883 2739 mihi
2892 2684 3160 2754 potentia,
3175 2685 3224 2734 et
3236 2693 3363 2748 per-

1423 2784 2014 2840 COMMENTARIUS.

121 2876 360 2948 scriptum
389 2885 480 2935 est
501 2879 564 2934 in
587 2880 697 2935 alio
722 2881 842 2936 loco
865 2903 876 2937 :
910 2883 998 2938 Ita
1024 2888 1089 2938 ut
1106 2883 1534 2956 desperaremus
1556 2883 1682 2953 (al.,
1704 2883 1760 2943 Α
1851 2881 1904 2933 6.
1929 2883 2173 2938 Αλιθιλοε.
2207 2884 2283 2938 Ne
2312 2875 2435 2950 quis
2465 2899 2550 2936 me
2571 2883 2864 2936 existimet.
2887 2879 2972 2933 Ne
2995 2875 3120 2947 quis
3143 2889 3233 2928 me
3246 2872 3364 2927 exi-

121 2965 342 3038 tederet]
373 2985 478 3022 nos
508 2969 682 3023 etiam
705 2970 884 3024 vivere
907 2973 998 3040 (II.
1018 2972 1139 3027 Cor.
1163 2972 1225 3034 ι).

176 3053 255 3107 37.
285 3054 496 3111 LANPR.
525 3059 658 3124 Quis
682 3061 1031 3126 inﬁrmatur.
1058 3061 1176 3114 Hoc
1196 3065 1254 3114 et
1281 3061 1522 3113 alterum
1539 3058 1688 3129 quod

123 3142 367 3213 sequitur,
406 3145 627 3201 interea
654 3149 1033 3219 computanda
1059 3154 1212 3216 sunt,
1243 3148 1375 3220 quia
1412 3149 1502 3219 [[1,
1536 3145 1684 3220 qua]

123 3232 436 3288 extrinsecus
465 3241 775 3306 ponuntur.

179 3317 323 3375 CAP.
344 3323 469 3378 XII.
501 3353 568 3364 —
593 3323 639 3379 l.
661 3325 865 3378 anrn.
887 3326 972 3380 Ad
993 3327 1224 3380 visiones
1243 3331 1291 3380 et
1314 3326 1685 3380 revelationes.

126 3404 172 3459 Si
193 3407 298 3464 haec
325 3427 438 3466 non
468 3411 759 3468 sufﬁciunt
785 3413 855 3467 ad
883 3413 1280 3485 gloriationem
1309 3415 1527 3484 majora
1554 3412 1690 3467 sub-

121 3493 343 3568 iungam,
377 3501 530 3572 quod
570 3517 681 3556 non
721 3507 826 3568 est,
853 3502 910 3556 id
943 3507 1046 3569 est,
1085 3503 1236 3574 quod
1283 3503 1521 3558 stultum
1565 3507 1684 3570 est;

125 3582 331 3656 ideoque
375 3593 528 3644 tacet
574 3589 662 3644 sui
703 3607 928 3655 nomen,
963 3591 1210 3663 dicitque
1253 3591 1584 3662 simpliciter
1629 3608 1689 3646 se

126 3670 243 3726 scire
269 3675 552 3732 hominem
583 3679 672 3733 cui
700 3679 817 3734 haec
860 3678 1009 3734 facta
1037 3687 1189 3748 sunt,
1223 3686 1281 3735 et
1317 3680 1397 3734 sic
1443 3683 1691 3733 removet

127 3767 295 3829 Sponte
321 3765 554 3835 gloriari
587 3787 600 3834 ;
645 3773 702 3822 et
729 3768 776 3822 si
803 3768 1080 3839 gloriatur
1107 3785 1208 3841 pro
1244 3767 1591 3840 hujusmodi,
1632 3767 1688 3820 id

127 3851 211 3912 est,
230 3854 531 3909 secundum
563 3855 711 3925 quod
738 3856 907 3910 homo
928 3857 1048 3927 ipse
1073 3856 1244 3912 habet
1271 3857 1373 3911 has
1391 3856 1630 3910 visiones
1654 3873 1689 3910 a

129 3932 239 4001 Deo,
269 3944 322 3993 et
349 3957 464 3997 non
495 3959 528 3996 a
568 3960 646 4011 se,
677 3961 778 4015 pro
808 3961 867 3998 se
895 3951 1084 4000 autem
1111 3946 1244 4001 licet
1272 3945 1563 4017 glorietur,
1597 3961 1686 3999 se-

130 4024 338 4082 cundum
368 4046 434 4084 ea
469 4047 592 4103 quae
619 4032 847 4102 patitur,
873 4033 1168 4104 gloriatur.

187 4111 232 4166 2.
262 4117 500 4176 Ακιςιιοε.
545 4123 780 4190 Raptum
820 4125 1162 4191 hujusmodi.
1197 4124 1489 4195 Signiﬁcat
1516 4140 1685 4195 supra

132 4196 532 4274 ﬁrmamentum,
559 4209 617 4263 in
650 4210 881 4264 tertium
918 4227 1153 4266 numero
1181 4213 1383 4267 coelum
1412 4213 1481 4266 de
1527 4213 1686 4283 spiri-

132 4288 343 4348 tualibus
368 4297 521 4351 caelis
551 4303 772 4369 raptum
801 4300 1184 4371 semetipsum.

191 4374 235 4431 3.
263 4381 358 4436 Pro
385 4385 724 4455 huiusmodi.
752 4388 861 4442 Pro
885 4389 1206 4458 hujusmodi
1235 4389 1480 4456 homine,
1498 4390 1555 4443 id
1577 4395 1681 4456 est,

137 4465 231 4550 tam
258 4468 448 4540 dignus
483 4480 569 4528 est
597 4475 711 4528 Deo
737 4482 802 4530 ut
837 4477 941 4531 hoc
968 4478 1336 4548 experiretur,
1366 4479 1598 4550 gloriari
1626 4495 1686 4534 se

139 4549 264 4614 dicit.
291 4565 343 4613 et
367 4577 479 4616 non
507 4563 627 4616 vult
649 4569 842 4635 aperte
867 4565 1054 4621 dicere
1081 4566 1215 4638 quia
1237 4567 1306 4620 de
1336 4549 1396 4622 se
1415 4568 1682 4639 loquitur,

139 4652 195 4694 ne
225 4642 434 4705 laudare
467 4667 528 4705 se
558 4652 830 4707 videatur.

144 4811 154 4823 .
192 4727 234 4781 4.
251 4733 611 4823 ᾼΜιιιοεπίςί
621 4743 683 4794 in
696 4743 1146 4808 inﬁrmitatibus.
1165 4743 1229 4797 In
1241 4743 1684 4804 inﬁrmitatibus.

142 4819 304 4888 inquit,
325 4826 622 4895 gloriabor.
658 4829 944 4901 Exponere
973 4832 1124 4886 enim
1154 4849 1445 4904 pressurae
1475 4834 1688 4905 passio-

145 4916 251 5001 nflm
275 4917 326 4966 et
347 4913 702 4973 inﬁrmitates
733 4919 1144 4990 angustiarum,
1168 4938 1277 4976 non
1310 4922 1531 4977 videtur
1562 4923 1686 4993 glo-

144 5003 334 5066 1'losum,
365 5005 458 5060 sed
485 5005 690 5061 ﬂebile.
724 5007 932 5062 idcirco
960 5025 1020 5062 se
1050 5009 1109 5063 in
1139 5010 1227 5064 his
1253 5011 1486 5080 gloriari
1528 5011 1680 5066 dicit.

265 5084 450 5147 Lupa.
475 5096 623 5149 Nam
648 5099 699 5149 si
724 5099 946 5151 voluero
965 5099 1220 5166 gloriari.
1257 5079 1382 5154 Non
1409 5099 1688 5169 gloriabor

148 5169 230 5223 niSi
245 5189 330 5242 pro
357 5178 442 5236 his
465 5197 588 5253 quae
599 5183 748 5237 Deus
773 5185 1044 5240 concessit
1071 5202 1253 5256 posse,
1275 5192 1333 5241 et
1358 5188 1466 5241 nisi
1491 5187 1683 5254 factis;

151 5260 195 5308 ει
219 5258 308 5317 hoc
329 5273 408 5322 est
435 5270 584 5341 quod
631 5270 765 5326 dicit
791 5290 803 5326 :
835 5273 977 5328 Nam
1019 5278 1148 5327 etsi
1167 5279 1386 5329 voluero
1421 5277 1686 5343 gloriari,

151 5357 236 5436 non
251 5366 329 5406 ero
343 5357 620 5427 insipiens.
637 5360 913 5432 Insipiens
934 5363 1136 5434 aliquis
1159 5365 1228 5418 de
1245 5365 1362 5419 suis
1386 5365 1682 5436 gloriatur,

153 5431 270 5581 illim:
280 5439 344 5586 (ἓὲ
367 5445 525 5503 ﬁctis.
547 5448 658 5504 Sed
684 5431 918 5508 deiﬁctis
938 5431 1051 5508 non
1068 5452 1374 5524 gloriabor,
1390 5431 1687 5510 veritatem

343 5547 458 5586 cum
472 5580 484 5586 -

343 5547 484 5593 mm.

1770 2969 1981 3034 stimet,
2013 2970 2214 3040 inquit,
2252 2971 2402 3025 ultra
2438 2971 2676 3040 gloriam
2707 2984 2890 3022 meam
2919 2965 3148 3020 tendere
3190 2977 3362 3032 quam

1769 3057 1930 3112 limes
1969 3058 2297 3112 meritorum
2337 3058 2604 3112 admittit.

1843 3146 1894 3200 7.
1929 3147 1995 3200 Et
2027 3162 2091 3199 ne
2137 3148 2482 3214 magnitudo.
2535 3145 2657 3200 Hoc
2695 3143 3008 3198 remedium
3036 3140 3232 3194 datum
3277 3142 3364 3192 est

1769 3235 2055 3306 Apostolo,
2109 3240 2175 3290 ut
2229 3235 2450 3306 injuriis
2503 3250 2727 3304 pressus
2779 3232 2969 3286 animo
3014 3244 3126 3283 non
3175 3230 3366 3297 posset

1771 3324 1958 3376 extolli
2022 3323 2411 3394 magnitudine
2481 3322 2904 3386 revelationum,
2979 3335 3050 3372 ne
3119 3316 3364 3370 otiosum

1772 3418 1967 3482 pectus
2015 3412 2096 3466 rei
2155 3429 2274 3467 esse
2330 3411 2565 3466 haberet
2606 3411 2665 3465 in
2711 3410 2799 3465 his
2828 3424 2953 3479 quae
2999 3405 3233 3470 viderat,
3267 3419 3364 3457 ex-

1769 3501 1908 3556 tolli.

1841 3587 1893 3646 8.
1927 3593 2175 3646 AUGUST.
2211 3591 2418 3659 (Expos.
2445 3591 2588 3658 psal.
2623 3587 2804 3654 cxxx).
2849 3587 3092 3655 Angelus
3120 3582 3359 3638 Satanae.

1771 3679 1855 3733 Ne
1879 3680 2240 3734 extolleretur
2266 3683 2535 3749 tanquam
2561 3677 2804 3747 juvenis,
2828 3673 3208 3744 colaphizatur
3233 3675 3364 3724 tan-

1772 3784 1938 3838 quam
1971 3785 2142 3838 puer;
2172 3774 2229 3822 et
2253 3784 2286 3822 a
2315 3767 2470 3838 quo?
2497 3765 2582 3821 Ab
2608 3765 2806 3835 angelo
2834 3764 3073 3817 Satanae.
3099 3757 3245 3823 Quid
3279 3762 3365 3812 est

1771 3855 1912 3910 hoc?
1940 3856 2140 3910 Dolore
2170 3856 2414 3926 quodam
2450 3854 2699 3924 corporis
2729 3851 2992 3915 trahitur,
3047 3847 3364 3916 exagitetur

1769 3943 2148 3998 vehementer.
2180 3945 2412 3999 Dolores
2456 3948 2644 3996 autem
2691 3953 2987 4009 corporum
3027 3935 3362 4006 plerumque

1768 4032 2152 4087 immittuntur
2182 4031 2252 4086 ab
2285 4031 2499 4101 angelis
2531 4031 2787 4094 Satanae;
2819 4025 2917 4081 sed
2955 4026 3059 4079 hoc
3097 4037 3212 4077 non
3237 4037 3363 4093 pos-

1769 4127 1901 4174 sunt
1926 4121 2036 4176 nisi
2073 4120 2352 4192 permissi.
2385 4121 2528 4174 Nam
2561 4123 2619 4172 et
2648 4121 2874 4172 sanctus
2911 4113 3016 4170 Job
3044 4111 3123 4167 sic
3162 4109 3363 4183 proba-

1767 4214 1858 4264 tus
1887 4215 1990 4263 est.

1841 4297 1892 4352 9.
1924 4299 2168 4352 Auanos.
2200 4296 2424 4364 Sufﬁcit
2456 4299 2577 4351 tibi.
2610 4296 2956 4367 Responsum
2983 4291 3092 4346 sibi
3131 4290 3268 4344 dicit
3297 4293 3363 4344 ut

1768 4387 2046 4441 sufﬁceret
2075 4386 2181 4439 sibi
2199 4386 2384 4457 gratia
2405 4385 2527 4452 Dei,
2560 4385 2694 4456 quia
2713 4384 2859 4438 vires
2885 4379 3165 4436 tolerandi
3198 4378 3363 4432 adde-

1767 4474 1992 4530 bantur.
2017 4475 2176 4530 Unde
2194 4474 2544 4545 gloriandum
2569 4472 2880 4544 subjungit,
2897 4469 3122 4542 quando
3141 4466 3362 4538 injuriis

1769 4566 2120 4632 humiliatur,
2134 4583 2168 4620 a
2195 4566 2414 4620 Christo
2434 4570 2624 4620 autem
2645 4564 2825 4619 virtus
2844 4559 3121 4616 tolerandi
3136 4557 3361 4612 adhibe-

1767 4659 1880 4710 tur.

1840 4741 1893 4800 9.
1922 4745 2127 4799 Lanra.
2158 4744 2382 4814 Sufﬁcit
2407 4745 2508 4797 tibi
2530 4745 2718 4811 gratia
2738 4741 2942 4805 mea,id
2973 4744 3076 4806 est,
3106 4737 3361 4792 sufﬁcere

1767 4831 1870 4886 tibi
1901 4832 2068 4886 debet
2110 4832 2295 4901 gratia
2323 4849 2466 4897 mea,
2499 4833 2554 4885 id
2595 4835 2699 4896 est,
2743 4832 2861 4886 haec
2896 4827 3198 4884 inﬁrmitas
3238 4841 3362 4896 quae

1767 4919 1891 4974 ideo
1917 4920 2021 4974 tibi
2053 4921 2123 4974 do
2162 4926 2227 4974 ut
2279 4921 2455 4975 virtus
2496 4926 2597 4974 tua
2640 4920 2926 4992 probetur,
2970 4923 3028 4972 et
3072 4917 3153 4971 ita
3201 4930 3361 4969 coro-

1767 5009 1952 5075 neris;
2003 5009 2184 5063 omnis
2226 5010 2375 5064 enim
2427 5010 2603 5065 virtus
2641 5027 2742 5082 per
2785 5008 3173 5064 inﬁrmitatem
3229 5018 3361 5073 pro-

1771 5099 1954 5153 batur.

1843 5188 1928 5243 10.
1961 5191 2109 5242 Nam
2154 5191 2333 5242 virtus
2372 5192 2434 5243 in
2491 5192 2842 5258 inﬁrmitate.
2892 5188 3202 5244 Perfectam
3253 5186 3361 5240 vir-

1768 5283 1950 5332 tutem
1987 5277 2123 5332 dicit
2165 5293 2305 5344 esse,
2341 5294 2463 5348 quae
2511 5278 2679 5333 habet
2716 5279 3101 5332 infirmitatem
3133 5280 3360 5330 contra-

1769 5367 1930 5432 riam,
1981 5383 2107 5422 cum
2151 5383 2262 5438 qua
2306 5367 2554 5438 legitime
2611 5372 2804 5433 certet,
2856 5371 2920 5420 ut
2974 5369 3170 5436 postea
3202 5381 3362 5421 coro-

1768 5461 1956 5512 netur.

1838 5544 1928 5600 11.
1961 5545 2206 5605 Ακειιοε.
2238 5546 2376 5602 Cum
2426 5547 2577 5602 enim
2623 5543 3152 5618 inﬁrmorﬂlerum
3204 5543 3359 5612 dicit,
