3912 6360
485 254 594 334 255
1465 280 1529 339 Β.
1570 282 1984 340 LANFRANCI
2022 256 2379 338 CANTUAR.
2419 278 2755 335 ARCHIEP.
3645 272 3755 334 256

487 404 668 479 ﬁctio.
688 400 893 457 Factus
913 419 1040 459 sum
1068 402 1338 478 insipiens
1360 408 1673 475 gloriando,
1688 408 1918 476 (iterum
1937 410 2192 472 removet,
2224 406 2366 476 quod
2386 421 2498 459 non
2526 407 2711 473 sponte
2735 402 3035 472 gloriatur,
3054 416 3183 455 cum
3198 402 3316 455 ideo
3340 416 3393 455 se
3417 401 3678 465 stultum,
3704 403 3756 452 et

491 496 739 546 coactum
764 508 818 544 se
830 493 1003 560 dicit),
1020 510 1113 548 vos
1144 495 1531 550 commendare
1552 512 1642 550 me
1671 495 1949 566 coegistis.
1970 495 2084 565 Ego
2105 494 2254 549 enim
2276 511 2309 547 a
2324 492 2479 547 vobis
2501 491 2669 547 debui
2680 490 3092 555 commendari;
3116 489 3202 547 12.
3216 490 3357 545 nihil
3381 490 3531 544 enim
3556 488 3762 557 (reddit

487 581 732 646 causam)
758 580 944 635 minus
974 581 1053 636 fui
1084 582 1154 636 ab
1178 583 1249 636 iis
1277 587 1328 653 (a
1356 586 1510 638 bonis
1532 587 1785 653 apostolis
1803 587 1904 653 qui
1924 585 2315 652 pretiosissimi
2332 584 2784 648 vindicabantur,
2810 586 2858 636 et
2879 583 3123 635 multum
3148 596 3253 634 esse
3272 594 3444 648 supra
3470 577 3643 646 eum),
3663 572 3763 648 qui

491 673 625 723 sunt
644 685 817 741 supra
829 670 1060 724 modum
1072 671 1327 742 apostoli,
1345 678 1637 741 (quantum
1650 674 1724 727 ad
1738 675 2052 742 opinionem
2073 675 2463 742 quorumdam;
2484 670 2546 729 13
2558 671 2801 727 .tametsi
2817 669 2955 725 nihil
2974 686 3119 735 sum,
3135 671 3228 723 illi
3239 669 3464 737 quidem
3481 669 3757 732 multum,

491 755 585 823 ego
607 758 775 822 nihil,
795 763 858 811 ut
877 760 1209 826 quibusdam
1230 761 1463 814 videtur.
1482 761 1651 832 Signa
1671 766 1862 816 tamen
1881 761 2225 833 apostolatus
2238 761 2369 827 mei,
2384 763 2597 815 indicia
2617 761 2820 831 quaead
2833 762 3137 827 apostolum
3149 760 3448 827 pertinent,
3462 756 3616 810 facta
3627 758 3765 809 sunt

489 859 662 915 super
676 862 788 912 vos,
803 846 1002 914 quibus
1021 848 1317 902 debueram
1338 852 1732 917 commendari,
1746 850 1806 904 in
1819 849 1971 905 omni
1991 849 2284 920 patientia,
2306 850 2367 904 in
2383 850 2577 921 signis,
2599 851 2662 902 in
2685 851 3027 918 prasenti,et
3050 845 3341 918 prodigiis,
3364 849 3428 900 in
3455 847 3681 914 futuro,
3706 848 3765 898 et

491 932 815 1001 virtutibus,
842 938 885 998 ι
908 940 1044 1001 ιθ,
1076 938 1389 991 miraculis.
1415 936 1498 1004 14,
1526 937 1607 995 15.
1628 939 1774 1004 Quid
1798 945 1886 994 est
1904 939 2055 995 enim
2086 940 2235 1010 quod
2264 938 2451 993 minus
2489 937 2763 993 habuistis
2788 953 2903 1009 prae
2921 935 3135 992 caeteris
3164 934 3447 1002 Ecclesiis,
3476 933 3589 988 nisi
3610 932 3765 1004 quod

491 1037 597 1093 ego
622 1022 742 1092 ipse
760 1039 872 1076 non
885 1024 1113 1093 gravavi
1131 1040 1245 1092 vos,
1258 1032 1436 1080 vestra
1454 1030 1765 1097 accipiendo
1786 1034 1809 1081 Ρ
1833 1026 1915 1085 16.
1938 1029 2153 1083 Donate
2169 1031 2415 1096 (ironice)
2439 1027 2578 1082 mihi
2596 1028 2742 1082 hanc
2760 1026 3044 1097 injuriam,
3071 1028 3391 1095 quiavestra
3416 1039 3529 1078 non
3549 1024 3763 1091 accepi.

490 1108 580 1163 17.
606 1110 761 1177 Ecce,
786 1111 953 1165 tertio
986 1111 1092 1167 hoc
1117 1117 1347 1184 paratus
1375 1131 1501 1169 sum
1530 1116 1718 1171 venire
1746 1117 1819 1172 ad
1845 1133 1959 1183 vos,
1986 1123 2043 1171 et
2072 1116 2155 1173 18.
2185 1134 2298 1171 non
2328 1134 2423 1171 ero
2449 1116 2634 1187 gravis
2656 1116 2830 1184 vobis,
2861 1121 3038 1169 vestra
3074 1114 3406 1182 accipiendo.
3439 1112 3567 1166 Non
3597 1110 3759 1165 enim

496 1196 701 1267 (causa)
730 1214 917 1269 quaero
941 1214 1064 1271 quae
1094 1204 1281 1254 vestra
1308 1206 1459 1269 sunt,
1491 1202 1588 1256 sed
1628 1220 1721 1257 vos
1754 1210 1994 1260 tantum.
2032 1204 2118 1262 19.
2148 1207 2266 1261 Nec
2295 1206 2446 1261 enim
2473 1204 2679 1260 debent
2706 1204 2809 1259 ﬁlii
2840 1202 3167 1276 parentibus
3193 1200 3587 1266 thesaurizare,
3626 1201 3767 1270 quia

485 1292 647 1356 pater
665 1295 833 1343 vester
844 1306 971 1343 sum
987 1307 1010 1359 ,'
1027 1297 1213 1359 patres
1225 1297 1411 1346 autem
1428 1295 1567 1347 bona
1585 1296 1835 1361 ﬁliorum
1853 1311 2091 1364 quaerere
2111 1312 2222 1349 non
2242 1296 2449 1357 debent,
2474 1297 2590 1349 nisi
2604 1298 2667 1349 ut
2688 1310 2769 1348 eos
2785 1296 3066 1361 sdiﬁcent,
3085 1292 3183 1346 sed
3202 1294 3463 1362 parentes
3479 1288 3614 1343 ﬁliis
3626 1330 3641 1344 .
3667 1285 3763 1345 20-

483 1375 606 1446 'Ego
635 1383 823 1431 autem
847 1394 959 1433 non
977 1396 1222 1449 quaeram
1245 1386 1444 1446 vestra,
1460 1383 1551 1435 sed
1570 1381 1933 1438 libentissime
1949 1385 2271 1455 impendam
2293 1401 2412 1438 mea
2424 1385 2587 1451 vobis,
2611 1388 2668 1438 et
2682 1382 3147 1454 superimpendar
3169 1396 3260 1450 ego
3281 1380 3401 1451 ipse
3417 1395 3519 1450 pro
3539 1378 3767 1432 anima-

490 1463 598 1520 bus
625 1467 827 1522 vestris
853 1471 1156 1536 salvandis,
1183 1469 1315 1523 licet
1338 1470 1465 1541 plus
1490 1488 1585 1525 vos
1611 1471 1868 1543 diligens,
1893 1474 2078 1528 minus
2108 1473 2331 1545 diligar,
2362 1478 2569 1541 quanto
2593 1475 2770 1541 magis
2796 1488 2884 1527 vos
2914 1473 3104 1539 diligo,
3142 1475 3294 1524 tanto
3320 1472 3511 1525 minus
3544 1484 3579 1521 a
3608 1469 3766 1522 vobis

490 1569 661 1623 quam
687 1557 757 1609 ab
783 1558 915 1610 aliis
934 1557 1203 1612 Ecclesiis.
1233 1557 1548 1627 Responsio.
1582 1559 1691 1615 Sed
1716 1566 1856 1626 esto,
1877 1578 1979 1632 ego
2007 1579 2103 1616 vos
2127 1578 2239 1617 non
2259 1561 2506 1633 gravavi,
2535 1564 2738 1616 scilicet
2759 1577 2862 1630 per
2884 1576 3005 1629 me;
3032 1559 3127 1614 sed
3158 1575 3286 1614 cum
3309 1574 3488 1613 essem
3512 1561 3762 1623 astutus,

491 1640 620 1696 dolo
659 1660 753 1698 vos
782 1646 942 1716 ccepi,
972 1662 1073 1715 per
1100 1663 1260 1700 meos.
1292 1646 1380 1702 21.
1408 1648 1671 1720 Nunquid
1704 1666 1806 1721 per
1826 1650 2072 1722 aliquem
2099 1668 2312 1718 eorum,
2342 1649 2430 1705 22.
2464 1667 2602 1721 quos
2624 1649 2753 1705 misi
2782 1649 2853 1704 ad
2882 1666 2996 1717 vos,
3025 1648 3368 1703 circumveni
3390 1646 3522 1700 vos?
3549 1661 3688 1712 non,
3714 1650 3767 1699 et

492 1729 590 1784 hoc
616 1746 652 1784 a
669 1734 941 1799 partibus.
975 1733 1188 1803 Rogavi
1216 1734 1424 1802 Titum,
1447 1742 1504 1791 et
1533 1738 1660 1791 misi
1684 1755 1809 1793 cum
1836 1739 1931 1793 illo
1963 1739 2195 1793 fratrem
2214 1741 2551 1794 Barnabam.
2584 1738 2854 1810 Nunquid
2873 1736 3033 1791 Titus
3062 1753 3157 1791 vos
3176 1734 3575 1791 circumvenit?
3596 1735 3754 1788 Non.

491 1817 695 1874 Nonne
706 1820 902 1875 eodem
918 1821 1137 1892 spiritu,
1167 1825 1352 1877 eadem
1372 1826 1671 1886 voluntate.
1697 1829 1841 1896 quod
1865 1844 1978 1882 non
1995 1829 2217 1895 faciunt
2236 1828 2554 1897 deceptores,
2580 1826 3022 1882 ambulavimus?
3038 1841 3223 1880 nonne
3242 1824 3437 1878 iisdem
3456 1821 3719 1892 vestigiis
3733 1820 3763 1875 ‘l

492 1911 763 1978 operibus.
798 1909 942 1963 Olim
971 1911 1182 1981 putatis
1210 1912 1358 1984 quod
1388 1930 1714 1969 excusemus
1738 1932 1840 1969 nos
1870 1916 2019 1986 apud
2048 1916 2177 1971 vos?
2197 1917 2260 1970 de
2288 1916 2384 1970 hoc
2415 1918 2559 1987 quod
2578 1920 2704 1987 jam
2734 1916 3101 1984 deceperimus
3126 1929 3232 1977 vos,
3268 1912 3528 1981 capiendo
3550 1912 3762 1978 vestra,

492 1999 575 2049 vel
602 1996 667 2049 de
693 1998 881 2065 aliquo
909 2001 1169 2057 crimine.
1197 2000 1419 2067 Coram,
1440 2008 1563 2057 teste
1587 2003 1728 2070 Deo,
1746 2003 1806 2058 in
1827 2003 2069 2068 Christo,
2090 2006 2151 2058 id
2165 2009 2260 2069 est,
2286 2007 2349 2057 in
2371 2009 2613 2068 veritate,
2640 2003 2951 2075 loquimur;
2975 2001 3163 2057 omnia
3180 2005 3392 2065 autem,
3414 1998 3764 2066 charissimi,

493 2097 611 2164 qua
627 2084 885 2150 facimus,
913 2087 973 2139 id
1000 2091 1096 2153 est,
1115 2090 1260 2156 quod
1286 2095 1464 2144 vestra
1492 2107 1603 2146 non
1624 2095 1929 2161 accepimus
1958 2098 2008 2147 et
2032 2092 2169 2159 alia,
2186 2096 2417 2164 prepter
2436 2092 2857 2147 aediﬁcationem
2878 2096 3142 2146 vestram.
3166 2088 3232 2146 ‘23
3250 2133 3262 2145 .
3290 2089 3483 2144 Timeo
3505 2086 3663 2142 enim
3691 2103 3768 2141 ne

492 2159 655 2237 forte,
687 2187 818 2227 cum
845 2190 1068 2243 venero,
1098 2191 1210 2231 non
1235 2178 1447 2249 quales,
1480 2185 1768 2249 correptos,
1796 2181 1939 2248 volo,
1974 2179 2255 2235 inveniam
2276 2197 2400 2248 vos;
2430 2185 2488 2234 et
2512 2198 2614 2252 ego
2642 2180 2895 2235 inveniar
2914 2196 2950 2235 a
2971 2178 3144 2246 vobis,
3171 2177 3397 2250 qualem
3423 2192 3537 2230 non
3563 2174 3763 2243 vultis,

492 2261 774 2328 asperum,
789 2276 900 2317 non
916 2270 1235 2332 parcentem
1255 2285 1274 2333 ,'
1300 2270 1461 2323 timeo
1488 2285 1560 2323 ne
1579 2267 1722 2323 forte
1741 2270 2143 2336 contentiones,
2178 2269 2584 2338 aemulationes,
2607 2269 3013 2336 animositates,
3035 2266 3434 2331 dissensiones,
3451 2264 3768 2321 detractio-

496 2360 619 2414 nes,
646 2351 856 2417 palam,
878 2353 1312 2422 susurrationes,
1330 2359 1492 2423 clam,
1520 2357 1860 2425 inﬂationes,
1877 2357 2198 2423 seditiones,
2223 2358 2338 2412 sint
2364 2358 2514 2413 inter
2536 2375 2634 2414 vos
2656 2363 2730 2427 ;ι
2750 2364 2792 2425 ι
2810 2362 2862 2423 ὐ
2883 2358 3055 2416 24.ηθ
3083 2357 3292 2412 iterum
3304 2371 3435 2411 cum
3451 2369 3685 2422 venero,
3701 2361 3769 2410 ut

490 2437 652 2502 prius
668 2438 860 2494 audito
873 2444 1111 2501 crimine
1124 2459 1335 2511 eorum,
1355 2445 1633 2515 humiliet,
1649 2451 1928 2502 contristet
1944 2464 2036 2502 me
2054 2447 2224 2515 Deus,
2238 2446 2389 2519 apud
2402 2464 2497 2503 vos
2515 2465 2528 2517 ;
2547 2448 2971 2517 (humiliaretur
2983 2447 3289 2516 Apostolus,
3304 2447 3356 2501 si
3366 2460 3493 2500 cum
3514 2445 3760 2514 veniret,

1826 2623 2417 2681 COMMENTARIUS.

491 2783 625 2856 quia
659 2789 795 2841 tunc
829 2787 1000 2843 vincit
1054 2790 1423 2860 Christianus,
1467 2809 1595 2848 cum
1641 2793 1875 2864 perdere
1913 2798 2145 2866 puta-A
2236 2794 2320 2853 17.
2351 2797 2555 2852 Lmen.
2589 2797 2719 2851 Ecce
2749 2798 2907 2851 tertio
2932 2798 3171 2865 paratus
3199 2809 3344 2848 sum.
3377 2792 3562 2848 Semel
3595 2808 3769 2849 vene-

494 2878 605 2957 tur,
650 2879 707 2928 et
733 2879 867 2931 tunc
895 2878 1082 2949 perdit
1123 2880 1375 2952 perﬁdia,
1409 2896 1537 2936 cum
1570 2897 1630 2937 se
1667 2882 1862 2937 vicisse
1890 2888 2082 2953 gratu-

492 2961 658 3018 latur.

567 3050 650 3107 l2.
680 3054 840 3109 Nihil
868 3057 1018 3109 enim
1046 3059 1255 3111 minus.
1289 3057 1472 3129 Supra
1499 3058 1727 3113 modum
1756 3058 1911 3129 dicit,
1938 3059 2082 3115 sicut

492 3137 827 3210 quibusdam
873 3142 1181 3202 videbatur.
1216 3145 1362 3200 Nam
1393 3150 1451 3201 et
1480 3146 1586 3201 hoc
1631 3152 1810 3215 erant,
1846 3149 1995 3219 quod
2025 3153 2082 3203 et

488 3231 776 3301 apostolus
806 3232 1034 3288 Paulus.

555 3318 645 3372 13.
663 3319 874 3373 LANFR.
896 3322 1130 3376 Tametsi
1150 3323 1300 3377 nihil
1318 3340 1463 3378 sum.
1482 3324 1749 3390 Quamvis
1771 3326 2078 3381 secundum

487 3406 863 3478 quorumdam
907 3400 1208 3466 stultorum
1261 3412 1598 3484 opinionem,
1636 3415 1779 3469 nihil
1824 3432 1969 3483 sum,
2011 3431 2079 3470 ea

485 3498 678 3549 tamen
705 3495 810 3550 feci
858 3513 1028 3568 super
1054 3516 1150 3555 vos
1196 3517 1320 3572 quae
1358 3504 1543 3558 solent
1590 3505 1905 3574 apostolum
1935 3505 2077 3559 desi-

484 3594 685 3653 gnare.
709 3584 948 3640 Omnem
973 3588 1304 3659 patientiam
1326 3591 1473 3646 inter
1498 3608 1594 3647 vos
1622 3592 1813 3660 habui,
1836 3592 1998 3664 signa
2021 3600 2080 3651 et

481 3672 741 3745 prodigia
765 3679 822 3729 et
867 3680 1095 3731 caeteras
1127 3678 1381 3748 virtutes,
1429 3696 1557 3736 cum
1604 3698 1743 3753 Opus
1789 3682 1914 3748 fuit,
1949 3682 2071 3738 feci.

482 3758 668 3816 Distat
694 3766 886 3818 autem
922 3765 1072 3820 inter
1095 3756 1339 3838 signum,
1378 3777 1435 3824 et
1466 3770 1784 3842 prodigium
1815 3777 1872 3825 et
1894 3773 2071 3826 virtu-

484 3853 619 3903 tem.
651 3850 885 3923 Signum
916 3869 1094 3924 genus
1138 3862 1224 3911 est
1248 3858 1507 3929 prodigii.
1539 3859 1732 3914 Virtus
1778 3876 1957 3930 genus
1988 3867 2074 3916 est

483 3936 797 4012 utriusque.
839 3942 1031 3998 Virtus
1058 3949 1245 4016 potest
1287 3948 1471 4001 vocari
1502 3964 1667 4003 omne
1697 3950 2066 4018 miraculum;

480 4024 707 4096 signum
749 4030 888 4085 illud
924 4037 1143 4088 tantum
1198 4036 1346 4106 quod
1375 4036 1433 4090 in
1463 4052 1795 4109 quocunque
1821 4044 2073 4111 tempore

2159 2891 2250 2940 rat
2278 2885 2350 2939 ad
2379 2901 2491 2951 eos,
2528 2889 2586 2939 et
2608 2885 2720 2939 alia
2746 2883 2863 2938 vice
2887 2888 3118 2955 paratus
3154 2881 3280 2945 fuit,
3313 2880 3412 2936 sed
3433 2895 3546 2936 non
3578 2882 3763 2950 venit,

2162 2980 2220 3029 et
2257 2975 2363 3029 hoc
2403 2979 2488 3029 est
2534 2973 2723 3041 tertio,
2758 2972 2907 3045 quod
2956 2971 3028 3026 ad
3075 2988 3169 3027 eos
3198 2975 3458 3043 paratum
3515 2986 3577 3025 se
3618 2970 3769 3028 dicit

2161 3062 2350 3118 venire
2363 3106 2376 3121 .

2237 3148 2321 3207 18.
2352 3152 2475 3207 Non
2502 3166 2595 3205 ero
2617 3152 2805 3218 gravis
2829 3150 2994 3204 vobis.
3022 3149 3106 3204 Ne
3139 3147 3423 3203 diceretur
3447 3146 3575 3202 ideo
3602 3162 3767 3203 nunc

2159 3239 2368 3308 venire,
2390 3244 2456 3295 ut
2474 3239 2746 3311 quidquid
2767 3238 2900 3294 olim
2929 3238 3011 3292 eis
3030 3242 3359 3310 pepercerat
3378 3237 3543 3292 modo
3572 3235 3767 3291 subri-

2157 3334 2343 3402 peret,
2368 3329 2503 3383 dicit
2530 3345 2541 3380 :
2574 3327 2696 3381 Non
2729 3342 2823 3382 ero
2851 3325 3036 3399 gravis
3062 3326 3238 3391 vobis,
3261 3325 3395 3397 quia
3422 3340 3533 3380 non
3561 3340 3763 3396 quem

2158 3426 2361 3489 vestra,
2395 3427 2451 3475 et
2475 3422 2581 3475 hoc
2600 3424 2702 3486 est,
2727 3434 2839 3473 non
2862 3416 3107 3489 gravabo
3134 3433 3249 3471 vos.

2236 3509 2317 3567 19.
2347 3513 2591 3564 Aussos.
2625 3509 2731 3563 Nec
2775 3510 2926 3561 enim
2985 3507 3175 3560 debent
3222 3507 3348 3574 ﬁlii.
3408 3504 3633 3558 Patrem
3698 3520 3763 3560 se

2159 3614 2353 3655 eorum
2382 3599 2679 3669 signiﬁcat.
2724 3594 2989 3651 Carnales
3035 3599 3228 3648 tamen
3268 3598 3459 3664 patres
3487 3598 3623 3646 sunt
3651 3594 3760 3664 qui

2158 3689 2287 3743 ﬁliis
2310 3686 2709 3742 thesaurizant.
2735 3686 2877 3739 Nam
2910 3683 3231 3755 spirituales
3261 3682 3493 3753 dignum
3522 3684 3609 3735 est
3636 3687 3707 3737 ut
3726 3698 3763 3739 a

2159 3777 2287 3831 ﬁliis
2336 3776 2614 3848 accipiant
2643 3778 2920 3844 sumptus.
2961 3772 3065 3827 Hic
3100 3776 3290 3826 autem
3338 3770 3397 3824 in
3427 3774 3655 3825 tantum
3696 3787 3761 3827 se

2154 3865 2354 3938 probat
2382 3865 2533 3919 nolle
2561 3863 2811 3934 accipere
2842 3866 2905 3917 ut
2922 3861 3225 3917 transferat
3251 3875 3478 3915 causam
3508 3861 3758 3916 carnalis

2154 3955 2329 4026 patris
2358 3955 2429 4008 ad
2468 3953 2839 4024 spiritualem.

2224 4041 2321 4100 20.
2360 4044 2473 4112 Ego
2501 4047 2686 4095 autem
2714 4041 3090 4094 libentissime.
3121 4037 3268 4092 Dicit
3297 4052 3410 4091 non
3437 4035 3621 4090 solum
3648 4051 3757 4091 sua

484 4115 698 4187 aliquid
770 4120 1098 4191 signiﬁcat;
1166 4106 1495 4195 prodigium
1553 4106 1723 4197 quod
1764 4128 1821 4181 in
1883 4106 2258 4203 futuronro
2309 4106 2489 4185 salute
2526 4145 2723 4184 eorum
2749 4127 3091 4202 impendere,
3141 4125 3240 4181 sed
3277 4141 3338 4180 se
3385 4124 3557 4180 etiam
3604 4126 3757 4179 mori

482 4207 724 4263 tantum.

562 4293 644 4352 14.
674 4299 820 4365 Quid
834 4304 908 4353 est
927 4303 1098 4356 enim.
1119 4301 1477 4373 Superiorem
1496 4304 1832 4359 sententiam
1851 4304 2070 4377 probat.

486 4383 644 4439 Nihil
662 4389 853 4441 minus
867 4389 990 4456 feci,
1023 4394 1128 4445 etc.
1161 4391 1332 4455 Quasi
1357 4392 1540 4447 dicere
1565 4395 1631 4465 [ﬂ
1663 4392 1895 4466 diceret]
1928 4413 1939 4448 :
1968 4392 2078 4448 Per

486 4471 592 4527 hoc
620 4470 797 4546 liquet
846 4495 937 4533 me
973 4480 1115 4534 nihil
1162 4480 1348 4536 minus
1376 4481 1573 4537 fecisse
1619 4483 1744 4538 aliis
1784 4481 2072 4554 apostolis,

487 4562 620 4633 quia
646 4582 743 4619 vos
784 4565 926 4621 nihil
961 4569 1148 4624 minus
1192 4569 1410 4626 habetis
1443 4588 1612 4643 quam
1654 4572 1776 4626 aliae
1820 4570 2077 4626 Ecclesiae

488 4668 612 4722 quae
635 4653 920 4711 instructa:
949 4663 1083 4712 sunt
1121 4657 1191 4712 ab
1229 4659 1371 4728 illis;
1405 4661 1597 4731 quales
1629 4662 1780 4715 enim
1809 4660 1924 4714 sint
1954 4676 2077 4714 ma-

485 4734 670 4812 gistri,
700 4743 949 4814 probant,
986 4746 1262 4819 discipuli,
1293 4748 1438 4803 sicut
1466 4749 1657 4804 omnia
1687 4765 1809 4820 quae
1857 4748 1978 4803 sine
2016 4766 2077 4804 se

485 4846 607 4886 esse
636 4848 749 4886 non
774 4840 1027 4904 possunt.

561 4920 642 4978 15.
681 4925 930 4982 Ausaos.
962 4927 1106 4994 Quid
1132 4931 1205 4982 est
1240 4930 1408 4983 enim.
1452 4928 1713 4984 Ostendit
1745 4944 1858 4982 non
1886 4928 2073 4982 minus

486 5010 631 5076 illos,
670 5013 769 5068 sed
822 5015 1084 5086 amplius,
1145 5018 1293 5089 quod
1338 5020 1516 5089 gratis
1560 5018 1671 5072 illis
1708 5017 2070 5088 Evangelium

2155 4224 2415 4293 paratum
2429 4263 2441 4277 .

2225 4308 2314 4365 21.
2337 4309 2548 4363 LANFR.
2572 4308 2844 4377 Nunquid
2865 4321 2967 4377 per
2993 4307 3255 4376 aliquem.
3284 4302 3371 4358 Ne
3398 4301 3522 4374 quis
3550 4300 3707 4357 dicat
3738 4320 3753 4357 :

2157 4399 2241 4454 Tu
2267 4396 2492 4468 quidem
2514 4412 2615 4468 per
2632 4401 2689 4450 te
2720 4412 2835 4451 non
2860 4393 3108 4466 gravasti
3137 4408 3259 4460 nos,
3291 4390 3389 4447 sed
3420 4388 3621 4446 callide
3651 4406 3758 4463 per

2156 4490 2305 4553 tuos,
2337 4486 2441 4539 hoc
2468 4489 2738 4540 removet.

2228 4573 2317 4631 22.
2349 4574 2486 4641 Quos
2510 4576 2643 4629 misi
2659 4575 2732 4629 ad
2756 4589 2862 4629 vos.
2894 4572 3003 4627 Per
3031 4571 3270 4634 nullum,
3289 4569 3492 4641 inquit,
3514 4582 3656 4640 quos
3681 4566 3756 4621 ad

2157 4678 2253 4717 vos
2281 4662 2530 4717 miserim
2567 4660 2759 4735 decepi
2811 4677 2944 4728 vos;
2996 4658 3127 4731 quia
3155 4674 3338 4730 neque
3382 4673 3485 4730 per
3536 4655 3753 4721 Titum,

2157 4767 2340 4822 neque
2367 4767 2468 4823 per
2505 4749 2840 4817 Barnabam,
2873 4764 3055 4820 neque
3093 4763 3195 4820 per
3223 4746 3533 4819 quemlibet
3573 4744 3755 4799 alium

2156 4839 2348 4911 decepi
2377 4856 2492 4905 vos,
2523 4855 2655 4894 nam
2685 4854 2909 4910 semper
2943 4837 3095 4892 idem
3123 4835 3222 4904 fui,
3255 4840 3314 4891 et
3347 4837 3454 4891 hoc
3484 4837 3571 4890 est
3599 4831 3755 4904 quod

2154 4930 2305 4998 dicit,
2338 4929 2537 4985 Nonne
2565 4928 2763 4985 eodem
2804 4927 3040 5001 spiritu?
3069 4931 3176 4982 etc.

2222 5018 2310 5076 23.
2376 5020 2555 5073 Timeo
2610 5020 2761 5073 enim
2815 5033 2883 5072 ne
2942 5018 3101 5085 forte.
3173 5012 3414 5069 Facilius
3472 5010 3623 5067 enim
3677 5010 3754 5066 ad

484 5102 873 5176 pmdicaverit
918 5105 1067 5176 quod
1116 5107 1399 5161 nonnullis
1437 5106 1695 5161 Ecclesiis
1744 5123 2068 5164 concessum
2151 5105 2319 5160 ﬁdem
2349 5106 2663 5174 veniebant,
2697 5105 2846 5178 quod
2895 5103 2965 5159 ab
3013 5104 3095 5158 eis
3141 5102 3282 5158 nihil
3321 5100 3647 5173 accipiebat,
3692 5102 3754 5154 et

486 5194 591 5264 est,
624 5194 844 5250 dicente
871 5194 1110 5251 Domino
1144 5213 1158 5252 :
1192 5198 1403 5265 Dignus
1428 5201 1506 5250 est
1532 5198 1818 5264 operarius
1838 5198 2076 5254 mercede
2148 5194 2195 5248 si
2223 5195 2500 5267 acciperet
2528 5196 2706 5252 tutius
2734 5197 3047 5268 peccarent,
3084 5197 3141 5248 et
3168 5192 3294 5247 ideo
3333 5191 3470 5246 dicit
3505 5208 3517 5244 :
3548 5190 3749 5245 Timeo

481 5297 602 5336 sua.
2147 5283 2316 5354 enim,
2351 5293 2454 5344 etc.

559 5373 645 5429 16.
679 5377 883 5430 Donate
929 5378 1077 5430 mihi
1104 5378 1267 5431 hanc.
1318 5374 1513 5430 Omnis
1560 5376 1766 5431 stultus
1810 5375 1943 5430 boni
1985 5381 2129 5453 estc

486 5468 793 5519 accusator.
824 5466 897 5522 Ut
928 5465 1030 5521 hos
1058 5482 1191 5538 ergo
1221 5465 1513 5538 imperitos
1542 5466 1819 5533 ostendat,
1851 5467 2073 5523 veniam

485 5552 556 5612 ab
587 5544 669 5608 eis
691 5553 939 5624 postulat
958 5554 1079 5626 ejus
1102 5552 1237 5609 facti
1256 5553 1326 5609 de
1350 5569 1459 5625 quo
1484 5553 1651 5610 laude
1668 5553 1871 5626 dignus
1895 5561 1998 5612 est.

2218 5376 2315 5435 24.
2354 5376 2697 5433 Amanosﬂe
2726 5377 2933 5429 iterum
2954 5388 3081 5427 cum
3118 5386 3337 5426 venero.
3369 5368 3486 5425 Illis
3515 5381 3750 5439 peccan-

2154 5466 2302 5524 tibus
2343 5483 2404 5522 se
2432 5463 2721 5521 humiliari
2758 5462 2910 5529 dicit,
2956 5461 3089 5534 quia
3114 5465 3180 5516 ut
3205 5459 3331 5532 pius
3360 5463 3522 5532 pater
3547 5471 3745 5512 eorum

2154 5560 2379 5630 peccato
2402 5555 2589 5611 deflet.
