3912 6378
156 359 251 413 257
822 356 897 410 IN
937 356 1002 409 D.
1046 354 1259 409 PAULI
1305 352 1529 409 EPIST.
1572 352 1942 407 COMMENT.
1985 385 2053 393 —
2092 355 2313 410 EPIST.
2358 357 2406 417 ll
2445 357 2541 410 AD
2580 355 2742 411 COR.
3308 356 3413 413 258

166 498 242 535 eos
270 485 601 551 incorreptos
638 482 934 549 inveniret)
969 482 1057 545 2.3,
1090 484 1147 532 et
1174 478 1399 550 lugeam
1429 479 1636 533 multos
1672 494 1737 532 ex
1760 478 1849 539 iis,
1885 478 1982 550 qui
2003 484 2134 533 ante
2161 485 2548 551 peccaverunt,
2579 479 2668 547 26,
2702 486 2760 534 et
2799 496 2912 535 non
2959 485 3197 550 egerunt
3231 482 3411 552 poeni-

156 569 392 623 tentiam
423 584 590 641 super
616 566 992 633 immunditia,
1027 572 1081 623 et
1110 567 1498 635 fornicatione,
1531 572 1586 621 et
1623 566 1978 639 impudicitia
2008 584 2176 638 quam
2202 573 2518 638 gesserunt.

1560 708 1793 765 CAPUT
1827 709 1980 765 XIII.

228 850 281 905 1.
318 849 460 905 Ecce
485 849 655 905 tertio
672 854 951 919 apparatu
978 849 1085 904 hoc
1099 849 1258 905 venio
1281 850 1352 904 ad
1372 866 1468 904 vos
1492 869 1503 904 :
1530 851 1596 906 In
1618 866 1715 905 ore
1736 850 1978 906 duorum
1999 849 2083 904 vel
2099 849 2268 905 trium
2308 850 2541 906 testium
2569 851 2741 908 stabit
2760 869 2924 908 omne
2947 852 3196 922 verbum,
3227 857 3292 910 in
3306 872 3411 929 quo

156 954 261 992 non
287 939 508 993 credam
529 941 727 1008 cuique
742 941 1047 1005 excusanti,
1064 941 1181 993 nisi
1204 939 1434 1005 duobus,
1458 942 1539 992 vel
1554 942 1732 994 tribus
1746 941 1968 993 testibus
1997 945 2303 993 excusetur.
2340 939 2598 1008 Praedixi,
2630 946 2686 995 et
2706 941 2967 1014 praedico,
2990 941 3043 1000 2.
3074 948 3138 998 ut
3161 960 3411 1025 praesens

153 1028 305 1090 vobis,
338 1030 400 1081 et
427 1041 578 1081 nunc
608 1025 810 1081 absens
838 1026 928 1094 iis,
965 1026 1062 1097 qui
1092 1031 1225 1081 ante
1254 1032 1642 1098 peccaverunt,
1670 1032 1728 1082 et
1756 1027 1971 1082 caeteris
1998 1028 2279 1093 omnibus,
2313 1030 2578 1100 quoniam
2608 1029 2656 1083 si
2684 1046 2886 1085 venero
2901 1031 3128 1099 iterum,
3152 1048 3264 1087 non
3280 1050 3411 1104 par-

151 1131 286 1180 cam,
313 1118 366 1169 si
387 1119 513 1170 sitis
542 1118 863 1184 incorrepti.
892 1116 1059 1172 Scitis
1089 1117 1185 1170 hoc
1211 1120 1347 1185 quia
1374 1117 1521 1170 vobis
1542 1132 1655 1170 non
1669 1132 1924 1185 parcam.
1975 1114 2026 1184 3,
2070 1115 2127 1170 4.
2172 1118 2261 1171 An
2307 1117 2751 1188 experimentum
2781 1118 3030 1189 quaeritis
3058 1119 3200 1190 ejus,
3224 1120 3323 1191 qui
3350 1120 3411 1176 in

154 1219 234 1258 me
254 1203 511 1275 loquitur
530 1204 807 1271 Christus,
828 1207 1218 1275 (eaaggeratio)
1243 1205 1340 1275 qui
1367 1205 1425 1259 in
1453 1205 1606 1260 vobis
1626 1221 1739 1259 non
1760 1205 2102 1271 inﬁrmatur,
2131 1207 2185 1268 5.
2219 1206 2318 1260 sed
2346 1210 2546 1281 potens
2574 1211 2662 1261 est
2682 1208 2985 1274 vindicare,
3017 1212 3100 1263 vel
3130 1211 3412 1265 miracula

148 1293 318 1360 facere
338 1292 402 1347 in
433 1291 633 1347 vobis?
657 1293 711 1347 6.
753 1294 900 1348 Nam
940 1293 1047 1347 etsi
1071 1293 1366 1349 cruciﬁxus
1392 1298 1481 1348 est
1508 1310 1575 1349 ex
1603 1294 1934 1349 inﬁrmitate
1962 1298 2180 1359 carnis;
2217 1295 2271 1349 7.
2315 1294 2415 1349 sed
2454 1294 2591 1349 vivit
2636 1311 2702 1349 ex
2738 1294 2941 1350 virtute
2984 1295 3106 1362 Dei,
3146 1313 3218 1351 ea:
3251 1300 3413 1353 verbo

150 1382 350 1449 Patris,
373 1398 446 1437 ea:
465 1398 574 1451 quo
601 1387 916 1451 assumptus
944 1387 1039 1436 est.
1069 1382 1215 1437 Nam
1248 1384 1454 1450 (probat
1483 1399 1519 1437 a
1546 1384 1744 1449 simili,
1776 1386 1858 1438 vel
1886 1399 1923 1437 a
1951 1385 2180 1451 minori)
2208 1386 2266 1436 et
2293 1398 2395 1436 nos
2426 1381 2478 1437 8.
2520 1381 2733 1449 inﬁrmi
2763 1399 2958 1438 sumus
2985 1384 3047 1439 in
3075 1368 3173 1439 illo
3197 1387 3407 1457 praedi-

149 1472 334 1539 cando,
368 1472 433 1525 id
464 1476 559 1538 est,
592 1488 654 1527 ea
678 1477 859 1541 parte,
888 1488 999 1541 qua
1028 1474 1182 1541 ipse;
1212 1471 1312 1526 sed
1340 1471 1590 1527 vivemus
1617 1487 1745 1526 cum
1776 1487 1841 1526 eo
1867 1487 1933 1525 ex
1962 1471 2171 1526 virtute
2200 1471 2303 1525 Dei
2322 1469 2383 1524 in
2397 1468 2571 1534 vobis,
2592 1473 2727 1539 quia
2756 1486 2853 1524 nos
2882 1474 3119 1539 efﬁcaces
3132 1489 3326 1527 sumus
3345 1475 3412 1528 in

153 1562 451 1615 miraculis
472 1561 765 1628 faciendis,
783 1564 865 1616 vel
888 1561 1193 1628 puniendis
1216 1562 1383 1626 vobis,
1398 1563 1541 1614 sicut
1559 1560 1757 1614 illeJn
1778 1561 1943 1625 vobis,
1975 1561 2036 1614 id
2064 1563 2237 1626 est,in
2264 1560 2610 1613 conscientiis
2639 1561 2852 1613 vestris.
2870 1558 3255 1632 Vosmetipsos
3283 1566 3412 1617 ten-

152 1652 278 1716 tate,
309 1649 461 1703 alter
497 1652 762 1716 alterum,
790 1649 873 1703 vel
908 1652 1138 1718 quisque
1165 1651 1424 1716 seipsum,
1443 1647 1493 1702 si
1520 1647 1656 1702 estis
1674 1646 1734 1701 in
1753 1647 1865 1701 ﬁde
1888 1665 1903 1715 ;
1927 1647 2035 1719 ipsi
2053 1664 2148 1703 vos
2169 1647 2422 1719 probate,
2461 1648 2536 1700 ad
2566 1648 2665 1702 hoc
2689 1648 2895 1703 scilicet
2910 1648 3168 1704 Christus
3193 1650 3415 1706 habitat

152 1739 212 1790 in
238 1738 406 1794 vobis.
438 1738 532 1792 An
551 1752 665 1792 non
694 1735 1027 1809 cognoscitis
1058 1735 1444 1807 vosmetipsos,
1467 1738 1532 1790 in
1561 1738 1676 1801 hoc,
1700 1735 1833 1806 quia
1860 1736 2117 1791 Christus
2136 1737 2166 1791 J
2171 1753 2301 1792 esus
2318 1737 2378 1791 in
2396 1736 2551 1791 vobis
2567 1736 2691 1791 est?
2712 1736 2822 1791 nisi
2841 1734 2985 1791 forte
3004 1737 3228 1810 reprobi
3252 1740 3408 1796 estis.

151 1823 427 1882 Similiter
455 1841 528 1880 ne
553 1827 831 1881 diceretur
850 1827 920 1880 ab
938 1826 1056 1881 illis
1086 1826 1367 1894 reprobus,
1414 1831 1450 1890 |
1473 1830 1589 1892 Is
1616 1826 1771 1879 dicit.
1803 1825 1978 1896 Spero
1997 1825 2200 1880 autem
2220 1825 2371 1896 quod
2387 1825 2751 1896 cognoscetis,
2786 1825 2917 1897 quia
2936 1842 3049 1881 .nos
3076 1842 3191 1883 non
3218 1830 3426 1884 sumus

153 1914 391 1986 reprobi:
420 1915 700 1971 Nolumus
727 1931 817 1969 vos
845 1930 953 1969 esse
985 1915 1256 1984 reprobos,
1289 1915 1382 1968 sed
1410 1912 1653 1968 Oramus
1695 1918 1887 1968 autem
1925 1914 2105 1969 Deum
2147 1919 2214 1968 ut
2259 1913 2403 1968 nihil
2455 1913 2591 1968 mali
2635 1912 2873 1981 faciatis,
2914 1931 3028 1969 non
3079 1918 3195 1970 ideo
3223 1921 3287 1971 ut
3312 1933 3415 1973 nos

152 2005 368 2076 probati
396 2021 800 2077 appareamus,
830 2006 892 2060 id
918 2009 1014 2070 est,
1043 2006 1339 2058 habeamus
1368 2004 1506 2072 quid
1528 2005 1594 2057 in
1621 2004 1767 2057 vobis
1792 2007 2158 2071 corrigamus,
2193 2001 2294 2056 sed
2321 2006 2386 2057 ut
2421 2001 2475 2056 9.
2504 2018 2605 2057 vos
2633 2002 2782 2073 quod
2822 2002 3031 2057 bonum
3060 2009 3147 2059 est
3171 2004 3409 2074 faciatis,

155 2095 280 2162 quid
294 2097 360 2149 in
380 2096 536 2149 vobis
549 2097 898 2163 corrigamus
910 2110 1025 2149 non
1050 2095 1322 2159 habentes,
1350 2090 1440 2150 '10.
1456 2108 1560 2147 nos
1576 2095 1773 2146 autem
1790 2096 1856 2145 ut
1864 2090 2093 2163 reprobi
2114 2090 2291 2145 simus
2312 2092 2474 2160 quasi
2496 2092 2647 2158 viles,
2670 2093 3056 2158 magisterium
3073 2096 3404 2149 amittentes.

156 2180 232 2248 11,
259 2182 356 2240 12.
386 2182 521 2237 Non
534 2182 683 2249 enim
702 2199 1003 2256 possumus
1017 2181 1232 2254 aliquid
1249 2181 1331 2237 13.
1354 2181 1624 2236 adversus
1645 2180 1942 2235 veritatem
1963 2181 2306 2245 edocendam,
2326 2178 2424 2232 sed
2444 2194 2546 2249 pro
2564 2176 2818 2231 veritate.
2834 2175 2927 2245 14,
2962 2179 3039 2232 15.
3054 2179 3400 2249 Gaudemus,

152 2271 606 2344 enim,quoniam
622 2288 724 2329 nos
744 2270 1165 2327 inﬁrmisumus
1188 2287 1301 2326 non
1320 2273 1645 2339 reperientes
1672 2271 1809 2339 quid
1834 2272 1899 2323 in
1927 2270 2075 2322 vobis
2097 2270 2436 2338 puniamus;
2463 2282 2561 2320 vos
2588 2269 2778 2321 autem
2806 2270 3064 2338 potentes
3093 2268 3247 2342 estis,
3282 2270 3412 2325 bene

1466 2411 2056 2468 COMMENTARIUS.

213 2534 296 2592 25.
332 2537 401 2591 Et
441 2540 668 2607 lugeam
682 2541 905 2594 multos.
929 2537 1072 2592 Cum
1087 2536 1225 2622 dicit
1254 2540 1319 2590 ut
1339 2534 1563 2605 lugeam
1586 2533 1737 2588 mul-
1750 2533 1875 2605 Ain
1899 2533 1997 2589 illa
2016 2550 2077 2588 re
2100 2533 2159 2588 in
2187 2549 2299 2604 qua
2333 2532 2455 2604 ipse
2496 2532 2755 2590 inﬁrmus
2776 2533 2869 2603 sit,
2900 2533 2959 2590 id
2984 2539 3087 2603 est,
3119 2535 3181 2592 in
3209 2547 3412 2598 carne;

152 2629 245 2691 tos,
272 2626 352 2681 eis
372 2626 585 2698 probat
612 2627 884 2698 quosdam
904 2642 971 2681 ex
999 2625 1087 2680 his
1115 2624 1296 2696 egisse
1324 2623 1738 2694 paenitentiam,
1822 2628 2009 2694 potest
2035 2622 2273 2693 intelligi
2317 2625 2381 2677 in
2406 2625 2523 2689 illo,
2543 2623 2601 2677 id
2630 2628 2733 2690 est,
2758 2625 2817 2678 in
2840 2624 3262 2694 praedicatione.

154 2715 412 2785 quosdam
445 2731 565 2770 non
591 2715 786 2786 egisse.
807 2714 966 2780 Quod
978 2713 1289 2769 Novatiano
1319 2712 1613 2766 adversum
1633 2713 1740 2780 est,
1893 2713 1946 2766 9.
1979 2714 2222 2766 Amnes.
2268 2713 2356 2765 Vos
2382 2713 2526 2780 quod
2555 2713 2759 2767 bonum
2785 2718 2883 2767 est.
2900 2713 3040 2768 Orat
3068 2719 3133 2769 ut
3154 2715 3245 2770 his
3272 2714 3416 2771 bene

156 2803 242 2873 qui
270 2804 408 2860 dicit
429 2804 803 2860 fornicatores
842 2820 956 2859 non
984 2820 1148 2876 posse
1176 2817 1446 2874 peragere
1473 2799 1745 2872 poeniten-

155 2892 301 2947 tiam.

214 2983 300 3038 26.
339 2983 564 3038 LANFB.
616 2982 683 3036 ‘Et
730 2997 842 3035 non
897 2984 1124 3048 egerunt
1154 2980 1559 3047 paenitentiam.
1602 2977 1745 3031 Hinc

154 3071 549 3144 comprobatur
560 3070 763 3125 falsum
787 3085 908 3124 esse
923 3070 1071 3139 quod
1091 3083 1350 3139 perverse
1368 3066 1744 3136 intelligentes

150 3157 562 3215 inconsiderate
588 3162 931 3213 attestantur
949 3157 1277 3229 Apostolum
1297 3156 1356 3209 in
1372 3155 1624 3226 Epistola
1641 3171 1745 3209 sua

152 3250 215 3303 ad
242 3250 510 3305 Hebraeos
540 3248 832 3320 scripsisse
860 3248 1045 3318 lapsos
1084 3245 1342 3300 renovari
1371 3244 1442 3298 ad
1471 3243 1743 3316 poeniten-

148 3337 275 3392 tiam
300 3354 416 3393 non
445 3352 636 3409 posse.

210 3427 361 3482 CAP.
395 3425 557 3482 XIII.
597 3455 666 3467 —
699 3424 747 3481 1.
779 3425 986 3480 LANFR.
1019 3425 1146 3479 Ecce
1176 3426 1334 3479 tertio
1358 3424 1473 3478 hoc.
1506 3423 1634 3477 Non
1665 3422 1745 3476 di-

147 3514 216 3569 cit
242 3516 389 3588 quod
417 3516 511 3570 bis
540 3514 777 3581 venerit,
811 3519 868 3569 et
894 3513 1068 3569 tertia
1093 3513 1211 3567 vice
1243 3516 1514 3567 venturus
1535 3511 1627 3579 sit,
1646 3511 1743 3565 sed

149 3605 283 3675 quod
310 3605 400 3661 bis
443 3621 508 3660 se
554 3603 906 3676 praeparavit,
952 3609 1010 3657 et
1043 3602 1236 3657 venire
1264 3618 1378 3657 non
1418 3600 1621 3674 potuit,
1645 3600 1743 3655 sed

149 3690 243 3749 hoc
259 3694 429 3749 tertio
459 3698 741 3765 apparatu
767 3696 1036 3747 venturus
1064 3691 1156 3745 sit.

212 3782 264 3840 2.
289 3785 351 3838 Ut
375 3799 622 3853 przrsens
640 3783 804 3836 vobis.
833 3783 896 3836 In
927 3781 1109 3854 primo
1130 3781 1371 3835 adventu
1399 3795 1500 3834 suo
1520 3779 1580 3834 in
1598 3795 1747 3851 prae-

154 3872 323 3928 sentia
348 3872 611 3929 omnium
643 3870 726 3926 bis
752 3869 1011 3943 prmdixit
1033 3870 1181 3941 quod
1207 3868 1590 3941 subsequitur.

217 3960 264 4017 3.
294 3956 557 4021 Aunaos.
581 3963 669 4017 An
689 3958 1568 4030 experimentumPProbationem
1599 3973 1746 4028 quae-

155 4056 276 4106 runt
301 4052 517 4108 Christi
544 4050 826 4123 loquentis
853 4050 913 4104 in
940 4049 1229 4121 Apostolo,
1275 4049 1411 4102 dum
1452 4046 1745 4120 praeceptis

158 4155 259 4196 non
285 4141 580 4210 obediunt,
611 4141 858 4195 volentes
887 4138 1126 4212 probare
1154 4138 1202 4192 si
1229 4138 1402 4194 audet
1440 4137 1745 4192 vindicare.

225 4229 275 4286 4.
307 4232 523 4288 LANFR.
585 4233 673 4287 An
727 4232 1167 4301 experimentum
1218 4231 1491 4298 quaeritis,
1537 4228 1596 4283 id
1645 4232 1748 4285 est,

162 4318 318 4375 vultis
343 4320 594 4394 experiri
642 4319 914 4375 saevitiam
956 4335 1143 4373 meam
1182 4317 1516 4372 vindicando
1534 4316 1594 4371 in
1619 4317 1754 4372 vos?

166 4406 404 4465 Christus
436 4412 709 4480 loquitur,
737 4408 875 4463 dicit
899 4408 970 4463 ad
996 4406 1516 4478 exaggerationem.

226 4496 277 4553 5.
316 4500 584 4558 AMBROS.
638 4498 742 4556 Sed
788 4503 976 4569 potens
1029 4503 1123 4553 est.
1165 4497 1372 4552 Potens
1418 4500 1504 4551 est
1553 4494 1615 4550 in
1665 4493 1753 4549 his

168 4586 433 4656 Christus,
463 4589 602 4661 quia
643 4588 905 4643 viderunt
957 4586 1018 4642 in
1060 4586 1290 4642 nomine
1332 4587 1456 4657 ejus
1499 4589 1752 4640 mortuos

168 4677 472 4745 suscitatos,
507 4679 789 4734 daemones
828 4677 1076 4749 fugatos;
1125 4677 1244 4731 haec
1294 4674 1485 4731 omnia
1528 4674 1752 4729 virtutis

169 4773 304 4836 sunt,
332 4784 450 4824 non
476 4766 844 4823 inﬁrmitatis.

229 4859 279 4914 6.
313 4859 520 4915 hara.
552 4857 699 4914 Nam
727 4859 828 4912 etsi
854 4858 1155 4926 cruciﬁxus
1195 4860 1291 4911 est.
1339 4853 1509 4919 Quasi
1549 4852 1753 4925 aliquis

170 4943 365 5004 diceret
395 4967 410 5004 :
444 4947 739 5014 Quomodo
766 4962 896 5002 eum
945 4962 1059 5001 non
1103 4944 1382 5000 inﬁrmari
1418 4942 1623 5006 dicitis,
1656 4941 1754 4997 sed

170 5042 442 5107 potentem
473 5054 618 5105 esse,
649 5053 817 5110 quem
854 5040 1077 5091 constat
1098 5050 1221 5089 esse
1242 5031 1613 5089 cruciﬁxum?

233 5123 282 5181 7.
310 5127 416 5183 Sed
430 5129 571 5182 vivit
597 5142 666 5181 ea:
681 5130 886 5180 virtute
917 5126 1032 5181 Dei.
1063 5123 1232 5190 Vivit,
1265 5122 1323 5177 id
1345 5126 1452 5192 est,
1476 5121 1667 5191 vigore
1697 5123 1755 5174 et

173 5212 487 5272 fortitudine
518 5216 718 5288 plenus
741 5220 846 5271 est.
880 5214 1038 5270 Sicut
1051 5213 1123 5268 ad
1146 5210 1403 5269 Hebraeos
1426 5230 1437 5266 :
1474 5212 1661 5266 Vivens
1681 5214 1756 5264 est
1777 5208 1820 5271 C

176 5308 309 5361 enim
330 5323 510 5362 sermo
529 5307 628 5360 Dei
654 5310 703 5359 et
722 5307 917 5375 efﬁcax
935 5321 999 5361 ea:
1026 5306 1232 5375 virtute
1250 5304 1367 5369 Dei,
1383 5317 1450 5357 ea:
1467 5301 1624 5356 verbo
1645 5300 1755 5375 Pa-

179 5393 287 5462 tris,
317 5412 383 5451 ea:
410 5412 521 5466 quo
540 5398 855 5464 assumptus
875 5398 967 5459 est.

240 5484 290 5539 8.
315 5487 543 5555 Inﬁrmi
569 5500 780 5540 sumus.
799 5484 926 5553 Non
941 5487 1047 5553 est,
1069 5481 1274 5555 inquit,
1303 5482 1512 5536 mirum
1533 5480 1581 5535 si
1602 5478 1761 5534 Chri-

174 5577 288 5661 stus
315 5590 378 5631 ex
403 5574 616 5631 virtute
643 5574 955 5630 divinitatis
983 5579 1182 5646 potens
1211 5576 1296 5628 est
1322 5589 1335 5641 ;
1367 5587 1495 5627 cum
1536 5585 1639 5625 nos
1668 5569 1757 5623 in-

180 5662 314 5721 ﬁrmi
337 5681 404 5722 ex
435 5664 634 5722 eadem
664 5664 869 5723 virtute
895 5664 1069 5722 fortes
1095 5663 1291 5720 simus.
1321 5659 1391 5717 In
1411 5661 1533 5730 illo,
1566 5658 1626 5715 id
1653 5663 1757 5729 est,

1823 2801 2139 2871 agentibus,
2167 2800 2303 2854 dum
2334 2816 2448 2854 non
2477 2800 2752 2855 auderent
2794 2801 3093 2873 corripere,
3135 2809 3200 2858 ut
3227 2803 3417 2860 humi-

1824 2889 1965 2953 liati,
1994 2890 2080 2943 vel
2106 2888 2330 2960 reprobi
2363 2894 2707 2959 appareant;
2737 2888 2959 2960 probati
2996 2895 3189 2946 autem
3224 2907 3260 2946 a
3300 2892 3416 2947 Deo

1824 2978 2099 3044 videntur,
2131 2976 2264 3032 dum
2288 2977 2547 3048 judicent
2570 2982 2889 3048 peccatores
2927 2978 3261 3034 auctoritate
3286 2997 3419 3036 con-

1825 3083 2000 3121 cessa.
2038 3066 2098 3121 Si
2119 3082 2255 3137 ergo
2288 3083 2426 3137 quos
2449 3066 2704 3136 judicent
2747 3082 2862 3122 non
2890 3067 3020 3134 sint,
3055 3072 3309 3123 cessante
3350 3068 3409 3123 in

1824 3156 1913 3210 his
1943 3157 2294 3224 auctoritate,
2326 3157 2489 3227 quasi
2510 3156 2739 3227 reprobi
2761 3155 3042 3211 videntur.

1905 3242 1984 3301 l0.
2015 3246 2364 3307 LANFR.,Nos
2383 3251 2568 3300 autem
2588 3250 2649 3300 ut
2681 3247 2915 3315 reprobi.
2950 3245 3123 3310 Quasi
3148 3244 3361 3301 diceret
3403 3266 3417 3303 :

1825 3335 1940 3389 Nos
1977 3334 2258 3406 patienter
2301 3340 2611 3406 portamus,
2645 3333 2692 3389 si
2718 3334 2780 3388 in
2817 3334 3175 3389 conscientiis
3219 3335 3420 3390 vestris

1824 3422 2050 3494 reprobi
2081 3439 2277 3478 sumus
2306 3427 2553 3488 tantum,
2594 3428 2661 3478 ut
2687 3439 2785 3478 vos
2814 3422 2873 3477 id
2903 3424 3053 3495 quod
3090 3422 3299 3479 bonum
3335 3428 3420 3480 est

1826 3511 2065 3567 faciatis.

1901 3599 1985 3657 11.
2012 3601 2259 3655 Amnaos.
2291 3598 2414 3655 Non
2443 3601 2593 3653 enim
2617 3615 2927 3668 possumus.
2960 3601 3079 3656 Hoc
3105 3600 3258 3669 dicit,
3286 3602 3423 3673 quia

1825 3694 2074 3762 potestas
2102 3704 2216 3743 non
2244 3692 2331 3743 est
2356 3688 2491 3742 data
2517 3693 2716 3743 contra
2740 3689 3056 3757 veritatem,
3089 3695 3155 3745 ut
3179 3696 3424 3763 arguant

1826 3778 1969 3834 bene
2011 3779 2291 3844 viventes;
2333 3776 2431 3830 sed
2478 3793 2579 3848 pro
2623 3777 2878 3845 veritate,
2924 3783 2989 3833 ut
3031 3779 3314 3834 vindicent
3356 3780 3421 3835 in

1764 3885 1975 3950 Beum,
2013 3868 2109 3938 qui
2134 3865 2395 3921 inimicus
2423 3871 2509 3920 est
2530 3865 2694 3935 legis.

1897 3956 1968 4013 12
2013 3957 2219 4011 Lassa.
2252 3954 2376 4010 Non
2403 3956 2552 4008 enim
2581 3970 2869 4023 possumus
2904 3956 3143 4023 aliquid.
3180 3954 3424 4027 Reprobi

1827 4047 2083 4101 volumus
2112 4060 2233 4098 esse
2264 4041 2418 4097 vobis
2462 4041 2975 4112 benefacientibus;
3009 4059 3123 4098 non
3151 4044 3305 4099 enim
3331 4061 3424 4101 vo-

1831 4137 2021 4191 lumus
2050 4150 2171 4189 esse
2198 4131 2377 4205 probi,
2423 4135 2682 4204 potentes
2724 4131 2992 4187 adversus
3019 4132 3335 4202 veritatem,
3369 4133 3425 4190 id

1836 4231 1939 4293 est,
1970 4229 2165 4280 contra
2189 4221 2631 4279 benefacientes.
2672 4220 2766 4275 Vel
2798 4221 2882 4276 ita
2910 4237 2923 4272 :
2953 4224 3079 4279 Non
3115 4226 3266 4279 enim
3304 4240 3426 4294 pas-

1833 4331 2027 4369 sumus
2057 4314 2276 4382 aliquid
2298 4313 2874 4379 adversusveritatem,
2898 4311 2958 4366 id
2977 4317 3080 4378 est,
3104 4328 3218 4367 non
3231 4328 3427 4385 repre-

1834 4403 2154 4467 hendimus,
2185 4418 2288 4456 nec
2323 4400 2658 4455 damnamus
2684 4399 2744 4454 in
2779 4400 2870 4455 his
2910 4402 3011 4472 qui
3030 4402 3155 4456 veri
3183 4406 3334 4469 sunt,
3366 4401 3426 4457 id

1834 4498 1939 4561 est,
1970 4490 2067 4563 qui
2094 4490 2238 4546 bene
2266 4490 2499 4555 faciunt,
2522 4494 2580 4543 et
2597 4489 3064 4561 reprehensibiles
3091 4496 3245 4547 sunt.

1908 4579 1993 4636 13.
2021 4581 2293 4635 Adversus
2324 4581 2631 4633 veritatem.
2658 4579 2875 4633 Contra
2896 4580 3198 4650 justitiam,
3232 4581 3292 4636 id
3318 4584 3425 4649 est,

1833 4668 2148 4736 veritatem,
2180 4667 2385 4723 mando
2418 4667 2506 4738 [/1,
2541 4665 2786 4740 quando]
2812 4674 3001 4740 posset
3035 4669 3083 4724 si
3124 4669 3237 4725 illis
3285 4669 3430 4725 bona

1833 4758 2187 4826 facientibus,
2219 4755 2568 4812 orationibus
2613 4757 2932 4828 proﬁceret,
2959 4763 3027 4813 ut
3052 4758 3114 4814 in
3137 4757 3426 4814 conscien-

1835 4847 1930 4902 tiis
1958 4864 2155 4902 eorum
2179 4846 2386 4920 probus
2413 4850 2728 4918 appareret.
2770 4846 2897 4901 Non
2919 4847 3136 4917 justum
3180 4852 3284 4914 est,
3324 4863 3429 4902 nec

1836 4937 2019 5010 placet
2036 4938 2172 5006 Deo,
2198 4942 2265 4992 ut
2292 4937 2459 4992 homo
2488 4939 2715 4990 sanctus
2750 4950 3023 5006 apparere
3055 4941 3286 5008 quaerat,
3318 4935 3429 4990 nisi

1836 5032 2068 5100 propter
2091 5026 2149 5082 id
2175 5031 2418 5095 tantum,
2464 5030 2529 5080 ut
2571 5025 2824 5079 videntes
2864 5025 3074 5081 bonum
3111 5025 3431 5097 exemplum

1832 5116 2137 5188 accipiant.

1915 5205 2001 5260 14.
2032 5206 2344 5263 Gaudemus
2372 5206 2540 5259 enim.
2560 5203 2687 5259 Alia
2708 5202 2852 5258 ratio
2878 5217 2980 5257 cur
2997 5200 3138 5256 nolit
3156 5216 3431 5273 apparere

1836 5296 2123 5368 probatus.

1913 5385 1999 5443 15.
2030 5386 2275 5440 AMBROS.
2309 5383 2618 5440 Gaudemus
2658 5383 2830 5436 enim.
2876 5380 2994 5434 Hoc
3020 5383 3108 5433 est
3132 5377 3429 5449 inﬁrmari,

1839 5492 1954 5531 non
1980 5491 2242 5530 exercere
2268 5478 2621 5546 potestatem.
2664 5471 2780 5525 Hos
2823 5474 3013 5523 autem
3057 5472 3217 5539 optat
3256 5469 3432 5526 fortes

1841 5582 1983 5632 esse,
2008 5570 2074 5620 ut
2100 5564 2242 5619 bene
2270 5563 2536 5629 viventes,
2565 5559 2702 5614 vitia
2734 5558 2989 5629 vincant;
3015 5561 3073 5612 et
3097 5557 3435 5628 prohibeant

1841 5673 1877 5712 a
1903 5671 1965 5712 se
1982 5654 2285 5711 vindictam
2313 5656 2414 5707 aut
2439 5649 2870 5723 correptionem.
