3912 6396
567 401 672 457 959

1549 393 1611 455 B,
1657 390 2067 445 LANFRANCI
2105 391 2463 446 CANTUAR.
2507 392 2848 448 ARCHIEP.

3715 393 3807 453 260

563 527 792 593 agendo.
822 525 940 578 Hoc
967 527 1024 576 et
1047 524 1215 576 etiam
1246 534 1490 582 oramus,
1522 522 1764 571 vestram
1795 517 2355 580 consummationem,
2398 522 2800 584 per/ectionem.
2837 518 2967 572 Ideo
2995 519 3114 572 haec
3143 517 3343 573 absens
3381 519 3582 585 scribo,
3619 525 3680 575 ut
3707 538 3806 578 non

563 630 810 686 praesens
827 611 1024 666 durius
1039 626 1221 680 agam,
1239 606 1543 661 secundum
1565 610 1899 675 potestatem
1919 609 2269 672 apostolatus.
2287 622 2454 676 quam
2479 607 2749 660 Dominus
2769 607 2925 661 dedit
2945 608 3080 661 mihi
3096 609 3152 661 in
3169 608 3616 673 aediﬁcationem,
3636 615 3691 663 et
3709 627 3808 665 non

559 702 620 756 in
649 701 1107 756 destructionem.
1150 698 1231 751 De
1267 700 1487 756 caetero,
1526 694 1748 756 fratres,
1784 693 2045 762 gaudete,
2081 693 2310 764 perfecti
2331 699 2531 757 estote,
2557 695 2950 761 exhortamini,
2976 697 3126 750 idem
3147 697 3346 767 sapite,
3374 713 3570 768 pacem
3593 698 3800 764 habete,

563 796 621 845 et
637 791 786 845 Deus
817 788 966 860 pacis
986 792 1043 841 et
1061 784 1374 840 dilectionis
1392 783 1501 836 erit
1522 782 1821 835 vobiscum.
1851 782 2107 835 Salutate
2128 782 2360 835 invicem
2392 783 2450 836 in
2481 784 2668 837 osculo
2686 790 2896 838 sancto.
2923 785 3183 839 Salutant
3201 800 3298 838 vos
3313 801 3508 839 omnes
3526 787 3721 840 sancti.
3734 785 3805 842 16.

561 879 779 944 Gratia,
812 877 1126 942 redemptio,
1155 871 1379 927 Domini
1399 869 1575 924 nostri
1599 871 1627 923 J
1633 885 1732 924 esu
1761 870 1992 936 Christi,
2019 875 2074 923 et
2097 869 2343 924 Charitas
2360 871 2480 937 Dei,
2505 873 2722 926 dilectio
2752 874 2850 927 Dei
2865 875 3071 940 Patris,
3104 876 3203 943 qui
3219 876 3376 928 misit
3404 875 3558 929 nobis
3580 875 3812 931 Salvatoc

558 982 699 1034 rem,
735 971 792 1020 et
817 961 1246 1018 communicatio
1273 959 1451 1014 sancti
1479 958 1724 1030 Spiritus
1754 958 1833 1013 sit
1858 975 1986 1014 cum
2011 959 2272 1013 omnibus
2302 958 2475 1013 vobis.

1907 1138 2498 1196 COMMENTARIUS.

630 1308 712 1367 l6.
752 1311 946 1366 Gratia
976 1311 1203 1364 Domini
1223 1310 1422 1363 nostri.
1450 1306 1685 1362 Dilectio
1703 1306 1804 1361 Dei
1825 1306 1978 1361 misit
1993 1306 2152 1361 nobis
2169 1311 2213 1368 Λ
2237 1305 2498 1376 Spiritus.
2532 1305 2662 1361 Hec
2688 1303 2813 1379 [al.,
2834 1305 2958 1376 Hic]
2979 1306 3130 1361 enim
3160 1306 3391 1362 dilectos
3417 1324 3451 1362 a
3479 1309 3616 1375 Deo,
3639 1313 3694 1363 et
3710 1307 3812 1362 sal-

554 1400 901 1455 Salvatorem
929 1399 1142 1463 Jesum,
1163 1397 1322 1465 cujus
1339 1395 1524 1465 gratia
1539 1395 1738 1449 salvati
1767 1411 1980 1460 sumus,
2004 1400 2061 1448 et
2089 1399 2152 1448 ut
2229 1399 2387 1449 vatos
2430 1411 2465 1448 a
2500 1395 2686 1464 gratia
2713 1396 2920 1450 Christi
2961 1400 3173 1462 tuetur,
3213 1400 3277 1450 ut
3313 1396 3485 1450 trium
3537 1395 3808 1466 perfectio,

551 1489 940 1560 possideamus
981 1488 1126 1540 hanc
1169 1484 1411 1555 gratiam
1436 1484 1572 1538 facit
1598 1483 2034 1538 communicatio
2090 1484 2146 1538 S.

547 1660 2078 1698 Μ

2231 1483 2642 1538 consummatio
2670 1483 2744 1538 sit
2770 1484 3012 1539 hominis
3040 1485 3098 1538 in
3128 1483 3388 1539 salutem.

801 1803 1390 1899 EPISTULA
1462 1803 1558 1895 Β.
1638 1803 2038 1898 PAULI
2121 1801 2690 1897 APOSTOLI
2767 1803 2936 1894 AD
3009 1801 3561 1897 GALATAS

1181 1980 1366 2043 CUM
1402 1979 1979 2043 INTERJECTIS
2018 1980 2097 2042 Β.
2145 1978 2666 2043 LANFRANCI
2705 1979 3196 2046 GLOSSULIS.

625 2229 668 2289 ι
691 2227 809 2289 l9
836 2234 1234 2278 ARGUMENTUM.
1268 2220 1498 2285 Galatae,
1531 2226 1666 2275 sunt
1696 2220 1890 2274 Graeci.
1925 2219 1995 2274 Hi
2025 2235 2145 2274 ver-
2224 2226 2291 2276 ut
2332 2221 2391 2274 in
2435 2221 2640 2292 Legem
2668 2225 2726 2276 et
2760 2221 3244 2277 circumcisionem
3283 2227 3661 2278 verterentur.
3709 2223 3815 2278 Hos

543 2312 680 2367 bum
699 2311 948 2366 veritatis
985 2311 1231 2382 primum
1260 2310 1330 2364 ab
1361 2311 1631 2381 Apostolo
1658 2315 2014 2380 acceperunt,
2044 2309 2142 2364 sed
2223 2310 2522 2381 Apostolus
2559 2316 2782 2366 revocat
2816 2311 2889 2366 ad
2935 2311 3106 2367 ﬁdem
3140 2313 3412 2381 veritatis,
3457 2313 3712 2370 scribens
3740 2313 3815 2368 eis

455 2429 466 2433 -
543 2404 672 2472 post
694 2401 1001 2455 discessum
1033 2401 1175 2470 ejus,
1217 2399 1420 2454 tentati
1455 2403 1586 2454 sunt
1620 2415 1655 2453 a
1691 2398 1844 2453 falsis
1872 2398 2142 2470 apostolis
2224 2397 2294 2453 ab
2324 2399 2562 2470 Epheso.

1878 2550 2112 2606 CAPUT
2158 2550 2446 2606 PRIMUM
2459 2599 2472 2610 .

619 2695 665 2753 1.
698 2696 905 2750 Paulus
929 2694 1231 2766 Apostolus
1250 2692 1304 2759 2,
1331 2691 1447 2760 3,4.
1475 2708 1586 2745 non
1606 2691 1674 2745 ab
1691 2691 2033 2756 hominibus,
2049 2694 2118 2745 ab
2136 2695 2268 2747 aliis
2283 2694 2538 2761 apostolis
2556 2693 2774 2759 electus,
2792 2710 2975 2765 neque
2997 2710 3098 2766 per
3116 2693 3424 2762 hominem,
3448 2710 3549 2764 per
3573 2695 3670 2750 hos
3691 2697 3813 2753 mis.

541 2801 633 2838 sus
663 2789 744 2840 vel
773 2787 1078 2849 Anam’am,
1111 2787 1194 2837 vel
1222 2783 1502 2836 Christum
1522 2781 1799 2834 hominem
1821 2786 2062 2845 tantum,
2081 2781 2180 2834 sed
2210 2798 2310 2851 per
2337 2782 2529 2836 Jesum
2562 2781 2870 2849 Christum,
2895 2789 2952 2837 et
2975 2783 3156 2838 Deum
3168 2785 3416 2850 Patrem,
3449 2783 3543 2854 qui
3572 2783 3807 2839 suscita-

541 2873 619 2927 vit
637 2890 768 2927 eum
785 2889 820 2926 a
835 2873 1072 2926 mortuis
1093 2891 1105 2939 ;
1127 2877 1184 2925 et
1205 2870 1301 2941 qui
1325 2886 1549 2923 mecum
1567 2875 1702 2923 sunt
1721 2885 1920 2923 omnes
1936 2869 2159 2937 fratres,
2189 2870 2450 2924 Ecclesiis
2462 2871 2716 2926 Galatiae.
2736 2873 2788 2926 5.
2813 2872 3009 2926 Gratia
3036 2871 3192 2926 vobis
3224 2878 3282 2926 et
3303 2888 3409 2943 pax
3429 2889 3463 2926 a
3485 2873 3604 2926 Deo
3626 2873 3806 2933 Patre.

539 2965 596 3014 et
615 2961 854 3015 Domino
890 2967 1083 3015 nostro
1112 2961 1246 3015 Jesu
1286 2958 1643 3028 Christo,qui
1661 2958 1818 3012 dedit
1854 2959 2220 3030 semetipsum
2269 2960 2628 3030 (commendat
2655 2960 2953 3025 Christum]
2983 2977 3084 3032 pro
3124 2961 3366 3031 peccatis
3401 2961 3634 3029 nostris,
3671 2961 3721 3019 6.
3751 2965 3811 3016 ut

539 3050 783 3120 eriperet
813 3065 916 3103 nos
945 3048 1003 3107 7.
1043 3050 1112 3103 de
1139 3048 1402 3119 praesenti
1430 3047 1630 3102 saeculo
1657 3063 1923 3118 nequam,
1943 3049 2129 3102 saeculi
2154 3051 2425 3117 nequitia,
2457 3047 2763 3102 secundum
2795 3049 3139 3104 voluntatem
3159 3050 3281 3116 Dei,
3309 3055 3367 3104 et
3391 3050 3579 3104 Patris
3609 3049 3805 3115 nostri,

537 3139 628 3193 cui
658 3145 745 3194 est
770 3139 952 3208 gloria
971 3138 1032 3193 in
1060 3137 1265 3192 saecula
1287 3137 1643 3206 saeculorum,
1673 3138 1870 3190 Amen.
1901 3135 1952 3190 8.
1992 3136 2164 3192 Miror
2201 3142 2383 3203 [20
2411 3137 2561 3208 quod
2589 3136 2670 3192 sic
2696 3141 2814 3192 tam
2836 3138 2948 3192 cito
2972 3139 3025 3206 9,
3048 3139 3137 3195 10.
3177 3138 3588 3194 transferimini
3608 3139 3676 3194 11
3695 3182 3708 3197 .
3745 3136 3811 3192 ab

1871 3306 2462 3363 COMMENTARIUS.

609 3479 765 3536 CAP.
799 3481 840 3535 I.
879 3510 937 3520 --
969 3481 1020 3534 t.
1049 3477 1258 3534 Lmen.
1291 3480 1500 3533 Paulus
1523 3494 1634 3532 non
1672 3479 1742 3532 ab
1789 3475 2123 3543 hominibus,
2142 3477 2189 3538 B
2211 3474 2343 3530 Deo.
2370 3476 2485 3531 Pax
2515 3482 2707 3532 autem
2733 3493 2845 3549 qua
2872 3476 3303 3532 reconciliamur
3321 3475 3456 3531 Deo.

535 3576 640 3625 etc.
679 3571 744 3624 In
771 3569 897 3623 aliis
928 3568 1185 3640 Epistolis
1229 3568 1364 3622 data
1403 3567 1604 3632 salute,
1645 3567 1839 3620 statim
1870 3565 2066 3637 incipit
2092 3581 2125 3618 a
2278 3568 2329 3618 (ἰ.
2369 3566 2613 3621 AMBROS.
2648 3567 2711 3621 Ut
2739 3570 2990 3635 eriperet.
3037 3564 3319 3621 Liberavit
3345 3581 3448 3619 nos
3477 3563 3741 3619 Christus
3779 3578 3810 3616 ει

533 3658 846 3730 gratiarum
871 3657 1120 3724 actione;
1143 3656 1233 3711 hic
1252 3662 1442 3711 autem
1465 3671 1598 3722 non,
1617 3672 1799 3727 neque
1813 3655 1960 3710 enim
1982 3655 2123 3709 tales
2206 3655 2495 3724 praesentis
2520 3655 2704 3710 saeculi
2733 3655 2865 3720 vita,
2890 3655 2951 3708 in
2973 3671 3085 3726 qua
3105 3655 3283 3709 multa
3300 3654 3368 3707 de
3403 3653 3516 3708 illis
3549 3670 3680 3725 qua;
3701 3668 3809 3708 non

533 3753 714 3812 erant,
746 3747 894 3802 unde
926 3747 1203 3802 redderet.

598 3839 652 3892 2.
684 3839 930 3894 A'UGUS'r.
966 3836 1231 3908 (Emposit.
1283 3836 1476 3902 capitis
1522 3835 1698 3901 primi
1740 3836 1803 3886 in
1850 3835 2020 3902 Epist.
2049 3833 2124 3889 ad

526 3926 731 3992 Galat.,
761 3931 879 3980 tom
909 3924 1026 3992 IV).
1045 3925 1165 3978 Non
1194 3923 1262 3975 ab
1291 3921 1624 3975 hominibus.
1647 3919 1754 3984 Qui
1779 3919 1848 3973 ab
1877 3920 2123 3974 homini-

526 4015 628 4069 bus
661 4016 928 4079 mittitur,
963 4012 1203 4066 mendax
1233 4015 1352 4074 est;
1386 4009 1481 4080 qui
1519 4026 1620 4080 per
1655 4009 1938 4063 hominem
1969 4009 2119 4079 [add.

524 4102 791 4175 mittitur|
821 4117 984 4156 verax
1009 4116 1131 4154 esse
1155 4104 1341 4170 potest
1370 4118 1382 4153 :
1418 4098 1552 4168 quia
1577 4099 1725 4152 Deus
1753 4115 1919 4152 verax
1941 4102 2125 4169 potest

525 4208 626 4262 per
653 4191 938 4245 hominem
977 4189 1221 4242 mittere.
1259 4187 1480 4243 Priores
1510 4204 1642 4258 ergo
1672 4188 1909 4259 apostoli
1940 4205 1975 4241 a
2004 4188 2120 4241 Deo

522 4295 624 4350 per
644 4280 933 4333 hominem
961 4276 1120 4330 missi
1141 4281 1291 4344 sunt,
1328 4293 1430 4348 per
1474 4277 1502 4330 J
1508 4293 1666 4330 esum
1699 4276 1911 4330 scilicet
1937 4275 2120 4328 adhuc

525 4368 834 4421 mortalem.
867 4365 1215 4420 Novissimus
1235 4365 1537 4437 Apostolus
1550 4382 1652 4436 per
1677 4365 1980 4430 Christum,
2000 4364 2119 4432 jam

520 4462 707 4512 totum
734 4457 932 4521 Deum,
949 4454 1005 4508 id
1023 4460 1126 4524 est,
1152 4455 1304 4509 omni
1330 4472 1394 4509 ex
1425 4464 1584 4525 parte
1610 4454 2006 4507 immortalem.
2037 4451 2120 4506 Sit

521 4563 654 4616 ergo
679 4547 801 4616 ejus
817 4544 1051 4616 aequalis
1065 4545 1369 4598 auctoritas
1388 4543 1448 4598 in
1465 4544 1901 4614 cujushonorem
1923 4541 2121 4612 implet

519 4635 844 4690 clariﬁcatio
877 4634 1131 4700 Domini;
1163 4633 1210 4688 si
1240 4634 1374 4705 quid
1417 4632 1622 4687 habeat
1659 4633 1795 4686 ordo
1828 4630 2119 4701 temporis,

2205 3743 2626 3810 conveniebant,
2677 3743 2906 3798 ﬂebant.
2951 3743 3370 3814 Constituitque
3394 3743 3454 3797 in
3481 3758 3580 3814 spe
3609 3743 3811 3797 futurae

2204 3833 2348 3898 vitae,
2386 3833 2533 3904 quod
2563 3833 2717 3888 nullo
2749 3833 2914 3887 modo
2943 3839 3210 3904 praestare
3231 3833 3390 3887 nobis
3419 3833 3505 3887 lex
3530 3832 3736 3889 valuit.

2275 3923 2325 3976 7.
2357 3924 2606 3976 AUGUST.
2644 3925 2848 3993 (ibid.).
2892 3932 2960 3978 Ue
2986 3927 3247 3994 praesenti
3284 3927 3474 3976 seculo
3530 3921 3809 3977 Saeculum

2205 4027 2450 4084 praesens
2489 4012 2797 4082 malignum
2827 4018 3057 4084 propter
3096 4012 3371 4082 malignos
3400 4011 3684 4079 homines,
3717 4011 3810 4083 qui

2206 4103 2264 4155 in
2293 4117 2358 4155 eo
2379 4106 2531 4166 sunt,
2567 4106 2746 4156 vocat.
2777 4101 2932 4173 Sicut
2961 4101 3266 4171 malignam
3297 4101 3526 4155 domum
3571 4105 3808 4173 propter

2205 4189 2481 4262 malignos
2509 4189 2892 4244 inhabitantes
2920 4190 3175 4244 dicimus.

2272 4280 2323 4331 8.
2357 4280 2598 4332 AMBaos.
2654 4281 2830 4332 Miror
2871 4281 3014 4348 quod
3062 4281 3159 4332 sic.
3199 4276 3548 4332 Conveniens
3597 4276 3809 4348 princi-

2202 4366 2359 4438 pium
2388 4366 2621 4420 novitati
2668 4368 2966 4421 factorum.
3009 4367 3100 4422 Sic
3144 4366 3297 4421 enim
3348 4366 3554 4437 posuit,
3603 4367 3800 4433 miror,

2202 4455 2364 4527 quasi
2395 4455 2526 4526 quia
2551 4460 2606 4510 et
2630 4473 2721 4512 res
2753 4457 2984 4523 accedit,
3007 4472 3129 4528 qum
3156 4471 3449 4528 nunquam
3473 4454 3595 4510 ﬁeri
3619 4457 3808 4511 crede-

2204 4544 2386 4599 batur.

2275 4633 2327 4688 9.
2353 4633 2562 4687 LANFB-
2603 4633 3054 4701 Trans/crimini.
3081 4632 3296 4688 Galatae
3323 4632 3436 4696 isti.
3451 4649 3583 4704 pars
3614 4649 3683 4688 ex
3704 4635 3805 4688 Ju-

519 4724 707 4778 minus
760 4723 906 4790 ideo,
941 4739 1070 4778 cum
1114 4723 1346 4778 dixisset
1391 4727 1439 4776 et
1486 4723 1680 4789 Deum,
1730 4719 1948 4775 addidit
1978 4737 1990 4772 :
2025 4721 2124 4788 qui
2205 4721 2358 4787 daeis,
2395 4738 2526 4792 pars
2549 4738 2614 4776 ex
2633 4722 2898 4791 gentibus
2915 4723 2985 4776 ad
3000 4723 3167 4777 fidem
3201 4722 3408 4777 Christi
3439 4721 3508 4776 ab
3533 4723 3806 4793 Apostolo

517 4815 804 4868 suscitavit
821 4813 1012 4867 illum.

2137 4797 2181 4857 Ο
2201 4810 2429 4865 fuerant
2457 4810 2738 4869 conversi;
2766 4811 2862 4865 sed
2891 4815 3019 4882 post
3042 4811 3348 4866 discessum
3370 4811 3490 4881 ejus
3522 4816 3806 4866 venerunt

589 4900 641 4958 3.
693 4902 939 4956 Aunnos.
986 4901 1109 4956 Non
1143 4902 1213 4955 ab
1245 4901 1583 4954 hominibus.
1631 4898 1881 4969 Idipsum
1924 4897 2116 4951 dicens
2197 4899 2826 4971 pseudoprzedicatores,
2857 4899 2952 4970 qui
2979 4915 3074 4954 eos
3104 4900 3200 4970 qui
3225 4915 3291 4953 ex
3319 4899 3526 4954 Judaeis
3550 4900 3808 4954 conversi

515 4989 733 5057 dividit,
781 4995 844 5044 ut
872 4989 1133 5044 ostendat
1173 4989 1296 5060 ipsa
1341 4987 1704 5042 multitudine
1755 4984 2112 5053 narrationis,

513 5081 668 5135 nullo
709 5067 872 5134 modo
901 5080 1028 5135 illos
1058 5095 1253 5133 verum
1283 5077 1486 5131 dicere.

582 5170 635 5224 4.
668 5170 876 5224 LANFR.
909 5171 1033 5223 Non
1071 5170 1142 5222 ab
1178 5167 1513 5220 hominibus.
1560 5164 1799 5228 Quidam
1842 5162 2120 5236 putabant

509 5257 671 5313 illum
695 5275 808 5314 non
836 5274 958 5315 esse
984 5255 1315 5329 Apostolum
1348 5253 1582 5307 missum
1603 5270 1637 5306 a
1659 5253 1902 5319 Christo,
1925 5254 2022 5308 sed
2045 5253 2117 5307 ab

515 5348 642 5402 aliis
670 5349 957 5419 apostolis,
981 5351 1082 5401 aut
1109 5344 1179 5399 ab
1202 5341 1454 5408 Anania;
1477 5342 1584 5396 hoc
1615 5341 1875 5413 abnegat,
1906 5347 1971 5397 ut
2001 5359 2118 5398 ma-

2198 4987 2443 5054 fuerant,
2478 4987 2753 5058 cogebant
2776 4987 3094 5058 judaizare:
3120 5004 3214 5042 eos
3233 5004 3364 5043 vero
3393 4987 3490 5058 qui
3521 5003 3587 5041 ex
3612 4987 3808 5058 genti-

2198 5076 2305 5132 bus
2337 5077 2408 5132 ad
2438 5077 2606 5132 ﬁdem
2631 5084 2922 5143 venerant,
2967 5077 3246 5132 elementa
3288 5077 3485 5132 mundi
3534 5077 3800 5144 adorare,

2201 5166 2321 5221 dies
2353 5171 2411 5220 et
2430 5183 2606 5222 annos
2633 5166 2948 5222 observare.

2275 5253 2357 5312 10.
2388 5257 2632 5311 AMBROS.
2675 5256 3128 5324 Transferimini.
3152 5256 3278 5311 Non
3306 5255 3460 5320 dicit,
3483 5255 3806 5310 transduci-

2198 5345 2360 5409 mini,
2385 5345 2481 5400 sed
2511 5344 2938 5411 transferimini,
2967 5345 3130 5416 quasi
3161 5345 3445 5399 exanimes
3475 5343 3719 5415 aliquos,
3746 5350 3805 5400 et

505 5437 648 5508 joris
676 5435 1028 5493 auctoritatis
1066 5435 1141 5488 sit
1181 5431 1330 5504 apud
1370 5446 1484 5499 eos,
1518 5430 1720 5502 quibus
1752 5431 1984 5486 verbum
2008 5432 2109 5487 Dei
2191 5435 2288 5507 qui
2318 5434 2492 5490 animi
2521 5441 2738 5490 motum
2766 5451 2877 5489 non
2896 5433 3160 5490 habeant.

509 5526 869 5598 praedicabat.

2268 5523 2351 5578 11.
2377 5525 2458 5577 Ab
2503 5541 2558 5577 eo
2601 5525 2701 5594 qui
2740 5541 2846 5579 vos.
2881 5524 2958 5579 Ut
2988 5540 3102 5578 non
3145 5523 3468 5579 viderentur
3496 5539 3530 5580 a
3567 5523 3801 5580 Christo

584 5615 635 5672 5.
667 5618 919 5672 Ancusr.
945 5609 1150 5684 (ibid.).
1175 5610 1368 5667 Gratia
1396 5609 1543 5663 vobis
1571 5613 1618 5663 et
1636 5625 1770 5678 pax.
1795 5610 1991 5666 Gratia
2009 5610 2110 5666 Dei
2191 5617 2416 5668 tantum
2443 5611 2750 5679 discedere,
2783 5613 2988 5686 adjecit
3013 5630 3046 5666 a
3075 5613 3210 5670 Deo.

510 5710 613 5774 est,
644 5720 755 5778 qua
784 5703 945 5760 nobis
974 5702 1258 5757 donantur
1286 5703 1534 5770 peccata,
1575 5703 1640 5754 ut
1683 5699 2110 5757 reconciliemur
