3912 6416
146 396 239 454 261

796 399 874 453 IN
912 400 978 453 D.
1022 395 1236 452 PAULI
1276 397 1497 451 EPIST.
1541 396 1914 451 COMMENT.
1964 427 2013 436 ψη
2064 394 2265 449 EPlST

2325 396 2422 448 AD
2463 396 2717 450 GALAT.
3288 383 3395 455 262

146 537 225 585 eo,
254 521 351 591 qui
372 538 470 575 vos
502 522 715 576 vocavit
742 523 801 576 in
821 522 1065 593 gratiam
1098 521 1325 586 Christi,
1358 521 1418 575 in
1444 522 1535 586 12,
1578 520 1658 586 l3,
1694 520 1779 575 14.
1826 519 1979 573 aliud
2016 518 2377 588 Evangelium
2401 538 2413 586 ;
2437 518 2585 589 quod
2606 535 2718 572 non
2772 524 2858 572 est
2899 518 3071 585 aliud,
3118 520 3225 575 nisi
3262 525 3397 576 sunt

145 609 332 680 aliqui,
367 611 604 663 dicentes
623 612 783 664 aliud
810 626 915 664 esse
934 611 1318 677 Evangelium,
1348 609 1436 664 15.
1463 610 1558 680 qui
1576 627 1672 663 vos
1697 608 2054 672 conturbant,
2078 612 2157 661 vel
2177 610 2240 661 de
2262 610 2585 662 carnalibus
2599 609 2978 674 observantiis,
3001 624 3119 677 quae
3137 624 3250 663 non
3263 614 3399 664 sunt

145 699 299 752 aliud
321 700 705 766 spiritualiter
734 702 1038 765 intellectae,
1070 702 1128 752 et
1153 698 1352 752 volunt
1376 706 1701 753 convertere
1731 697 2091 767 Evangelium
2110 695 2340 760 Christi,
2377 696 2460 752 l6.
2497 697 2604 750 Sed
2632 697 2764 750 licet
2783 712 2903 763 nos,
2947 696 3024 752 l7.
3047 702 3148 752 aut
3164 698 3399 768 angelus

147 787 211 853 (si
234 803 317 840 eos
339 788 567 843 dixisset
584 790 823 851 tantum,
856 788 1082 840 invidis
1110 802 1277 840 causa
1306 788 1582 841 diceretur
1610 788 1824 851 divisse)
1860 784 1929 838 de
1955 784 2091 838 caelo
2118 784 2460 854 evangelizet
2477 783 2631 837 vobis
2661 788 3034 856 praeterquam
3068 785 3217 856 quod
3238 800 3400 840 evan-

142 873 501 944 gelizavimus
520 873 693 939 vobis,
721 874 1023 927 anathema
1046 874 1138 928 sit.
1182 874 1338 928 Sicut
1364 874 1740 945 praediximus,
1765 878 1823 927 et
1858 890 2008 927 nunc
2043 872 2250 926 iterum
2294 871 2448 926 dico:
2485 871 2543 926 Si
2574 872 2699 943 quis
2742 872 2897 927 vobis
2939 873 3401 944 evangelizaverit

141 968 347 1033 praeter
369 961 430 1015 id
457 961 608 1032 quod
637 960 950 1032 accepistis,
974 962 1278 1016 anathema
1306 962 1397 1017 sit.
1431 962 2382 1023 Prsmittitanathematizalionem,
2401 964 2465 1013 ut
2490 961 2716 1027 facilius
2746 963 3024 1015 credatur.
3068 960 3148 1027 l8,
3188 961 3271 1028 l9,
3300 956 3392 1018 20.

142 1050 302 1104 Modo
322 1049 478 1104 enim
503 1048 592 1104 21.
622 1049 1203 1121 hominibussuadeo,
1233 1067 1306 1105 an
1325 1051 1476 1105 Deo?
1507 1051 1595 1104 An
1630 1065 1816 1121 quaero
1841 1047 2162 1101 hominibus
2190 1045 2444 1116 placere?
2472 1051 2534 1100 ut
2558 1048 2781 1115 pseudo,
2812 1053 2913 1102 aut
2946 1064 3291 1117 persequens,
3333 1053 3402 1104 ut

138 1142 297 1208 prius
314 1155 340 1206 ,'
360 1140 455 1192 sed
485 1153 617 1205 non,
650 1143 699 1191 et
715 1141 899 1193 subdit
919 1155 1040 1193 cur.
1061 1140 1120 1194 Si
1140 1139 1323 1194 adhuc
1337 1138 1659 1193 hominibus
1682 1138 1980 1208 placerem,
2006 1135 2215 1190 Christi
2234 1152 2425 1190 servus
2448 1151 2561 1189 non
2578 1151 2779 1190 essem.
2794 1134 2883 1193 22.
2899 1137 3110 1191 Notum
3138 1137 3286 1191 enim
3302 1137 3401 1208 [ad

141 1227 234 1280 hoc
260 1227 410 1296 quod
437 1227 601 1291 dixit,
626 1242 739 1280 non
755 1228 823 1281 ab
842 1227 1182 1297 hominibus]
1206 1227 1358 1281 vobis
1378 1227 1539 1292 facio,
1563 1226 1786 1291 fratres,
1807 1225 2189 1295 Evangelium,
2218 1224 2366 1294 quod
2387 1223 2831 1295 evangelizatum
2851 1230 2937 1279 est
2951 1241 2986 1279 a
3005 1242 3113 1291 me,
3130 1226 3264 1297 quia
3283 1242 3399 1281 non

142 1320 224 1370 est
246 1315 561 1370 secundum
586 1314 890 1380 hominem,
923 1317 1235 1373 humanam
1253 1318 1570 1369 doctrinam
1588 1332 1611 1383 ,'
1641 1313 1731 1372 23.
1757 1330 1940 1383 neque
1969 1312 2120 1367 enim
2131 1329 2233 1383 ego
2248 1311 2318 1365 ab
2336 1312 2564 1366 homine
2572 1316 2734 1381 quasi
2750 1316 3019 1382 scriptum
3030 1314 3218 1385 accepi
3231 1314 3393 1381 illud,

140 1420 322 1476 neque
350 1403 542 1469 didici,
572 1403 672 1458 sed
700 1419 800 1474 per
826 1403 1223 1457 revelationem
1250 1403 1384 1457 Jesu
1413 1402 1642 1457 Christi.
1684 1400 1773 1469 24,
1823 1400 1913 1457 25.
1952 1400 2203 1454 Audistis
2254 1400 2405 1453 enim
2460 1401 2940 1455 conversationem
2994 1408 3028 1466 Ι
3046 1408 3159 1467 2|
3209 1418 3398 1457 meam

139 1492 447 1563 aliquando
477 1492 536 1546 in
559 1492 860 1562 judaismo,
894 1492 1161 1563 quoniam
1194 1507 1367 1561 supra
1395 1490 1625 1545 modum
1645 1488 2024 1561 persequebar
2053 1488 2356 1543 Ecclesiam
2376 1487 2497 1547 Dei.
2515 1492 2573 1541 et
2594 1488 2982 1560 expugnabam
2997 1489 3176 1555 illam,
3194 1496 3251 1544 et
3269 1506 3397 1562 pro-

137 1579 395 1635 ﬁciebam
417 1580 775 1650 injudaismo
795 1579 884 1646 26,
900 1596 1073 1652 supra
1103 1580 1307 1634 multos
1337 1583 1649 1634 coaetaneos
1677 1594 1851 1643 meos,
1880 1578 2067 1631 eadem
2094 1576 2332 1643 aetate,in
2343 1591 2550 1645 genere
2576 1578 3075 1647 meo,Juda'orum,
3097 1575 3393 1634 abundan-

136 1670 269 1735 tius,
300 1667 395 1726 27.
429 1669 726 1723 zemulator
755 1669 996 1723 existens
1023 1675 1387 1740 paternarum
1416 1684 1670 1722 mearum
1700 1662 2198 1731 traditionum.28,
2230 1663 2320 1719 29.
2344 1664 2487 1718 Cum
2525 1669 2716 1719 autem
2745 1665 2956 1735 placuit
2982 1667 3034 1720 ei
3063 1666 3160 1738 qui
3190 1683 3280 1722 me
3308 1683 3400 1723 se-

138 1758 401 1829 gregavit
423 1773 491 1811 ex
522 1761 682 1811 utero
704 1757 900 1812 matris
926 1774 1084 1823 mete,
1109 1760 1177 1812 ab
1198 1757 1543 1825 inﬁdelitate,
1578 1771 1883 1824 synagoga,
1924 1757 2007 1807 vel
2049 1757 2272 1807 carnali
2318 1756 2627 1821 parentela,
2669 1759 2727 1807 et
2762 1755 2976 1809 vocavit
3021 1772 3122 1825 per
3155 1757 3402 1826 gratiam

136 1864 320 1913 suam,
352 1850 421 1901 ut
449 1846 724 1899 revelaret
745 1845 950 1900 Filium
980 1863 1144 1901 suum
1173 1846 1229 1899 in
1261 1861 1370 1910 me,
1405 1850 1467 1898 ut
1489 1843 1925 1915 evangelizarem
1945 1842 2106 1896 illum
2142 1840 2202 1895 in
2244 1840 2528 1912 gentibus,
2558 1843 2824 1897 continuo
2872 1841 2959 1900 30.
2998 1860 3112 1899 non
3148 1843 3403 1917 acquievi

138 1935 296 1990 carni
315 1940 375 1989 et
402 1934 681 2004 sanguini,
712 1937 795 1988 vel
809 1937 1135 2003 parentibus
1166 1937 1319 2000 meis,
1344 1949 1528 2003 neque
1546 1933 1673 1987 veni
1700 1931 2146 2002 Hierosolymam
2177 1929 2245 1983 ad
2268 1935 2649 1984 antecessores
2673 1946 2825 1985 meos
2844 1932 3142 2002 apostolos,
3168 1933 3266 1987 sed
3284 1931 3400 1987 abii

137 2025 198 2079 in
222 2022 514 2089 Arabiam,
542 2027 599 2077 et
619 2023 828 2078 iterum
855 2039 1110 2079 reversus
1129 2038 1255 2077 sum
1279 2022 1641 2076 Damascum.
1668 2019 1885 2075 Deinde
1913 2023 2041 2089 post
2069 2034 2247 2072 annos
2276 2023 2392 2072 tres
2425 2018 2546 2073 veni
2575 2018 3027 2090 Hierosolymam
3060 2020 3254 2076 videre
3296 2021 3398 2076 Pe-

1472 2222 2067 2285 COMMENTARIUS.

214 2396 301 2456 12.
330 2400 543 2462 Lucra,
575 2402 645 2456 In
661 2403 825 2457 aliud
856 2402 1239 2473 Evangelium.
1265 2404 1735 2476 Evangelium'est
1750 2407 1798 2465 A
1817 2419 1939 2459 esse
1965 2401 2316 2474 participem,
2348 2402 2435 2457 vel
2444 2417 2834 2474 persuaseram
2848 2403 3301 2474 circumcisionis,
3342 2413 3408 2464 ut

136 2486 289 2542 bona
304 2489 690 2559 annuntiatio;
723 2490 1042 2560 praedicatio
1067 2508 1203 2562 ergo
1223 2493 1449 2547 illorum
1470 2509 1584 2547 non
1614 2496 1737 2547 erat

102 2557 124 2578 ’
141 2574 534 2647 Evangelium,
557 2557 690 2649 quia
724 2557 874 2633 bona
888 2557 1244 2636 annuntiatio
1272 2598 1387 2636 non
1397 2583 1737 2636 erat.Potest

137 2664 313 2719 etiam
336 2666 577 2736 intelligi
597 2667 748 2722 aliud
785 2668 1166 2739 Evangelium,
1209 2670 1521 2725 observatio
1554 2670 1737 2741 judai-

135 2769 212 2808 σεε
240 2754 406 2824 legis,
437 2771 562 2826 quas
587 2755 658 2810 ab
685 2757 985 2827 Evangelio
1025 2758 1233 2821 Christi
1279 2775 1393 2813 non
1428 2759 1728 2825 discordat,

134 2840 183 2895 si
208 2840 591 2912 spiritualiter
610 2843 961 2914 intelligatur
984 2863 997 2913 ;
1021 2846 1126 2900 hoc
1155 2850 1241 2900 est
1269 2846 1421 2901 enim
1452 2846 1601 2917 quod
1629 2846 1727 2900 ait:

133 2932 260 2985 Non
281 2933 398 2985 sint
420 2918 624 3000 aliqui,
654 2932 714 2986 id
744 2938 846 3000 est,
879 2950 992 2989 non
1020 2934 1226 2990 desunt
1246 2935 1328 2990 illi
1369 2934 1466 3006 qui
1502 2935 1735 3004 ramali-

135 3030 229 3073 ter
256 3024 319 3073 et
342 3036 602 3089 perverse
622 3036 747 3075 eam
772 3021 1112 3092 intelligunt.

213 3107 301 3163 l3.
333 3110 507 3162 Aliud
525 3110 907 3176 Evangelium.
936 3111 1297 3180 Evangelium
1326 3127 1441 3166 non
1459 3116 1546 3166 est
1559 3111 1736 3166 diver-

135 3211 263 3250 sum
293 3195 404 3249 nisi
433 3196 523 3249 his
547 3196 643 3267 qui
673 3197 1042 3267 spiritualiter
1058 3198 1372 3270 intelligere
1400 3200 1619 3254 nolunt.
1634 3199 1735 3253 Vel

136 3284 278 3339 illud
302 3300 424 3351 non
438 3291 527 3339 est
538 3286 918 3356 Evangelium,
941 3288 1051 3342 nisi
1070 3288 1181 3342 illis
1192 3289 1287 3359 qui
1306 3303 1405 3342 vos
1425 3288 1733 3360 decipiunt,

112 3365 308 3426 etilli
329 3372 475 3426 tales
500 3374 1126 3430 anathematizarentur.
1159 3377 1227 3431 Et
1273 3377 1378 3441 hoc
1423 3393 1538 3432 non
1578 3377 1732 3445 dicit,

135 3461 234 3515 sed
266 3466 336 3515 ut
358 3468 678 3532 exaggeret,
708 3465 957 3535 apponit.

211 3549 298 3606 14.
330 3551 582 3605 Αῦρυετ.
618 3553 818 3621 (ibid.).
849 3555 918 3608 In
941 3555 1104 3609 aliud
1138 3557 1521 3624 Evangelium.
1556 3556 1738 3609 Evan-

133 3637 350 3709 gelium
389 3638 439 3693 si
467 3645 557 3693 est
592 3640 743 3694 aliud
771 3646 976 3712 praeter
996 3643 1053 3697 id
1082 3644 1230 3714 quod
1260 3643 1375 3698 sive
1398 3660 1499 3714 per
1517 3660 1599 3711 se,
1625 3644 1739 3697 sive

1816 2491 2288 2563 pseudoapostoli.
2331 2491 2433 2546 Vel
2480 2491 2606 2546 ideo
2638 2492 3068 2560 anathematizo,
3113 2495 3247 2566 quia
3291 2511 3407 2551 non

1816 2580 2044 2646 suadeo,
2092 2584 2157 2633 ut
2191 2578 2515 2633 hominibus
2553 2579 2718 2633 velim
2755 2579 3011 2651 placere:
3063 2587 3121 2637 et
3163 2583 3266 2638 hoc
3302 2583 3408 2641 sub

1817 2668 2260 2739 interrogatione
2281 2667 2395 2723 ita:
2427 2669 2516 2722 An
2534 2684 2717 2736 quaero
2745 2670 3065 2731 hominibus
3088 2674 3340 2739 placere?

1887 2756 1975 2812 22.
2009 2758 2214 2810 Notum
2243 2757 2394 2809 enim
2418 2757 2581 2809 vobis.
2612 2754 2701 2809 Ad
2742 2755 2848 2810 hoc
2891 2759 3210 2829 respondet,
3260 2762 3411 2832 quod

1815 2843 2074 2914 superius
2104 2844 2244 2898 dixit
2280 2861 2291 2896 :
2326 2845 2451 2898 Non
2492 2845 2562 2898 ab
2610 2846 2948 2913 hominibus,
2987 2863 3159 2917 neque
3194 2865 3294 2919 per
3319 2850 3412 2906 ho—

1814 2947 1891 2984 m2
1900 2947 2043 2986 nem.

1885 3017 1974 3074 23.
2019 3021 2202 3088 Neque
2238 3023 2388 3074 enim
2430 3037 2541 3088 ego.
2582 3020 2756 3085 Quasi
2805 3020 3043 3076 diceret:
3090 3022 3272 3078 Homo
3317 3040 3410 3081 me

1816 3122 1929 3160 non
1948 3106 2155 3172 docuit,
2190 3108 2321 3178 quia
2351 3124 2457 3177 ego
2486 3125 2599 3163 non
2626 3108 2797 3163 didici
2821 3108 2892 3163 ab
2920 3109 3164 3165 homine.

1886 3194 1975 3250 24.
2003 3196 2252 3250 Audistis
2283 3199 2453 3249 enim.
2488 3197 2727 3267 Exponit
2762 3197 3003 3268 qualiter
3048 3198 3411 3271 Evangelium

1816 3284 2095 3354 acceperit
2120 3301 2222 3355 per
2243 3285 2641 3339 revelationem
2668 3287 2696 3340 J
2702 3302 2801 3340 esu
2830 3286 3057 3342 Christi.

1885 3371 1975 3427 25.
1997 3374 2254 3428 AMBROS.
2288 3375 2534 3428 Audistis
2564 3377 2734 3429 enim.
2765 3375 3012 3430 Dicenda
3036 3375 3107 3430 de
3124 3375 3250 3447 lege
3271 3394 3414 3449 qua-

1819 3461 1948 3515 liter
1976 3462 2363 3528 desudaverat,
2389 3463 2634 3517 ostendit
2658 3464 2921 3534 quoniam
2936 3464 3119 3535 legem
3136 3481 3249 3521 non
3262 3483 3415 3539 spre-

1820 3550 1915 3615 vit,
1945 3551 2042 3604 sed
2072 3550 2221 3622 quod
2251 3551 2451 3606 melius
2474 3556 2561 3605 est
2597 3553 2857 3623 cognovit
2885 3557 2943 3607 et
2973 3553 3160 3624 elegit.

1890 3635 1979 3694 26.
2030 3639 2218 3708 Supra
2258 3644 2476 3695 multos.
2516 3641 2666 3694 Bene
2703 3646 3032 3696 coaetaneos.
3076 3643 3197 3697 Hoc
3264 3643 3418 3700 enim

137 3744 238 3798 per
256 3727 405 3782 alios
428 3727 703 3783 Dominus
724 3730 897 3797 dedit,
925 3732 1046 3801 jam
1072 3748 1176 3786 nec
1194 3737 1345 3787 recte
1375 3732 1738 3803 Evangelium
1756 3717 1802 3777 B
1822 3728 2006 3798 majus
2030 3727 2076 3781 si
2101 3728 2399 3798 juvenibus
2430 3729 2816 3784 vehementior
2852 3730 3166 3787 videbatur.

137 3815 246 3871 dici
264 3822 477 3888 potest,

204 3905 301 3961 45.
332 3906 581 3960 Anons'r.
613 3908 814 3973 (ibid.).
847 3910 956 3976 Qui
976 3926 1066 3963 vos
1091 3911 1451 3965 conturbant.
1485 3910 1625 3964 Cum
1658 3909 1738 3964 di-

138 3993 314 4049 xisset
356 3994 698 4049 conturbant
738 4012 858 4066 vos,
900 4014 1013 4052 non
1053 3998 1227 4053 dixit:
1278 4003 1336 4053 et
1369 4003 1738 4067 convertunt;

138 4083 237 4137 sed
257 4082 459 4137 volunt
484 4088 809 4138 convertere
835 4084 1207 4157 Evangelium
1230 4105 1242 4140 :
1273 4087 1373 4142 sed
1412 4094 1606 4142 manet
1641 4088 1744 4141 ﬁr-

139 4172 483 4240 missimum,
506 4179 565 4227 et
583 4189 698 4227 non
727 4189 1080 4229 conversum.

213 4261 306 4317 16.
337 4263 589 4316 AMBROS.
622 4261 724 4317 Sed
750 4263 872 4318 licet
898 4279 1014 4319 nos.
1047 4264 1309 4319 Ostendit
1343 4265 1493 4336 quod
1531 4281 1646 4320 non
1682 4281 1744 4319 se

140 4348 253 4405 illis
281 4355 611 4421 praeponat;
639 4351 738 4405 sed
766 4356 830 4406 ut
857 4352 1148 4407 veritatem
1178 4354 1441 4408 vindicat.

215 4437 304 4495 17.
342 4438 459 4495 Aut
494 4443 744 4507 angelus.
797 4441 916 4494 Hoc
950 4441 1173 4512 adjecit,
1218 4443 1368 4514 quod
1410 4458 1592 4514 neque
1638 4441 1745 4497 loci

146 4528 414 4601 dignitas,
448 4543 632 4599 neque
669 4545 923 4599 personae
952 4530 1175 4585 veritati
1209 4538 1618 4603 exasquaretur.

1893 3814 1983 3871 27.
2009 3818 2260 3871 AUGUST.
2296 3819 2503 3886 (ibid.).
2543 3821 2855 3873 zEmulutor
2909 3822 3161 3886 ewistens,
3205 3819 3264 3875 id
3308 3826 3412 3889 est,

1823 3904 2075 3959 imitator
2088 3905 2477 3971 traditionum,
2497 3923 2619 3977 qum
2643 3912 2806 3961 erant
2814 3907 3108 3961 contrariae
3122 3908 3383 3964 Ecclesia
3394 3952 3410 3968 .

1823 3993 1937 4047 Lex
1967 3993 2112 4047 enim
2145 3993 2456 4064 spiritualis
2487 4000 2572 4048 est
2596 4013 2608 4061 ;
2642 3995 2823 4049 multa
2849 4000 3038 4050 autem
3066 3996 3420 4052 tradiderant

1825 4082 2192 4136 dissolventes
2222 4083 2491 4137 mandata
2517 4083 2620 4137 Dei
2652 4089 2883 4154 propter
2898 4084 3232 4140 traditiones
3261 4102 3415 4142 suas.

1894 4172 1985 4229 28.
2019 4174 2227 4227 LANFR.
2262 4174 2400 4227 Cum
2429 4178 2617 4227 autem
2632 4176 2868 4242 placuit.
2904 4174 3112 4230 Probat
3143 4176 3280 4247 quia
3306 4192 3421 4232 non

1824 4260 2039 4332 accepit
2075 4261 2435 4332 Evangelium
2479 4260 2549 4315 ab
2599 4261 2860 4331 homine;
2908 4280 3041 4318 nam
3078 4281 3261 4336 neque
3296 4271 3426 4338 post

1825 4349 2263 4416 conversionem,
2288 4366 2391 4404 nec
2419 4355 2551 4405 ante
2578 4351 3016 4407 conversionem.
3032 4355 3179 4408 Ante
3198 4371 3425 4410 conver-

1826 4438 2041 4493 sionem
2070 4455 2183 4493 non
2204 4440 2391 4510 accepi
2420 4439 2490 4493 ab
2531 4440 2775 4506 homine,
2834 4441 2967 4512 quia
3020 4442 3426 4514 impugnabam

1827 4527 1966 4582 illud
1997 4527 2148 4598 quod
2168 4527 2420 4583 audistis.
2445 4529 2581 4583 Post
2611 4530 3030 4586 conversionem
3059 4548 3173 4587 non
3213 4534 3422 4606 accepi,

210 4618 307 4673 48.
343 4617 496 4671 Modo
525 4619 695 4671 enim.
729 4616 848 4672 Hoc
872 4617 1026 4684 dicit,
1057 4625 1123 4674 ut
1159 4620 1482 4675 ostenderet
1528 4638 1606 4689 se,
1652 4621 1748 4693 qui
1831 4616 1964 4687 quia
1988 4632 2172 4688 neque
2197 4616 2408 4685 statim,
2438 4618 2585 4689 quod
2612 4623 2722 4686 est;
2755 4635 2868 4673 non
2894 4623 3163 4689 acquievi,
3194 4638 3299 4677 nec
3305 4628 3428 4692 post

143 4723 247 4778 pro
274 4704 516 4759 veritate
558 4704 885 4775 hujusmodi
916 4701 1085 4761 verba
1133 4706 1498 4779 deprompsit,
1539 4708 1750 4763 nullius
1834 4712 1940 4761 tres
1969 4722 2165 4774 annos,
2189 4722 2294 4760 nec
2314 4711 2442 4777 post
2468 4709 2920 4777 quatuordecim;
2945 4714 3074 4781 post
3098 4710 3253 4765 aliud
3288 4716 3430 4767 tem-

144 4792 422 4849 momenti
449 4809 545 4848 eos
567 4793 663 4864 qui
692 4793 800 4849 sibi
828 4794 1238 4866 derogaverant
1261 4795 1603 4855 existimans.

1831 4811 1937 4866 pus
1964 4799 2204 4850 constat.
2237 4795 2508 4850 Removet
2534 4795 2661 4851 illas
2688 4801 2878 4868 partes
2903 4797 2974 4853 de
2994 4798 3197 4870 quibus
3241 4800 3428 4872 suspi-

217 4881 310 4940 19.
340 4884 597 4938 AUGUST.
635 4884 836 4955 (ibid.).
856 4885 1011 4939 Modo
1026 4888 1178 4965 enim
1199 4885 1751 4942 hominibus.Sensus
1833 4884 2085 4940 cabatur.

146 4970 252 5027 iste
280 4979 399 5027 est:
436 4970 774 5027 Hominibus
801 4973 1031 5041 suadeo,
1066 4979 1124 5029 et
1143 4990 1258 5029 non
1286 4974 1418 5029 Deo.
1452 4976 1567 5031 Deo
1596 4975 1748 5031 enim

1901 4973 1990 5030 29.
2022 4975 2266 5030 AUGUST.
2296 4975 2498 5045 (ibid.).
2524 4974 2663 5029 Cum
2684 4981 2870 5031 autem
2892 4978 3130 5046 placuit.
3161 4979 3430 5050 Segrega-

148 5060 496 5116 manifestati
514 5076 728 5129 sumus,
752 5067 810 5116 et
832 5062 965 5133 quia
985 5039 1305 5118 hominibus
1325 5062 1750 5135 suadeo,quaero
1770 5039 1813 5101 C
1833 5067 1926 5117 tus
1951 5062 2020 5117 de
2042 5067 2202 5116 utero
2244 5039 2468 5117 matris'
2490 5039 2913 5134 quodammodd
2944 5067 3196 5139 quisquis
3230 5039 3267 5121 E
3310 5039 3429 5122 car-

148 5148 477 5205 hominibus
506 5149 762 5222 placere?
790 5150 839 5205 si
867 5151 1187 5207 hominibus
1215 5150 1515 5223 placerem,
1546 5152 1604 5208 id
1646 5158 1750 5222 est,

151 5239 375 5311 placere
405 5255 743 5311 quaererem,
770 5237 979 5295 Christi
1009 5258 1202 5296 servus
1228 5258 1342 5296 non
1371 5257 1572 5297 essem.

223 5325 317 5385 20.
349 5327 557 5382 LANFR.
590 5328 744 5383 Modo
764 5331 916 5383 enim
946 5326 1285 5385 hominibus.
1303 5329 1475 5394 Quasi
1504 5328 1746 5386 diceret:

153 5416 283 5470 Non
311 5415 595 5471 adulando
623 5417 842 5488 loquor,
870 5422 936 5471 ut
959 5416 1213 5490 placeam
1246 5417 1420 5487 vobis,
1458 5419 1557 5475 sed
1576 5420 1754 5476 incre-

154 5504 343 5575 pando
370 5503 657 5560 levitatem
684 5510 948 5575 vestram,
980 5513 1043 5562 ut
1067 5508 1317 5579 placeam
1336 5508 1478 5563 Deo.

1836 5150 2053 5206 nalium
2102 5156 2405 5223 parentum
2456 5154 2863 5211 consuetudine
2909 5172 3055 5211 caeca
3110 5160 3423 5227 separatur.

1833 5240 2154 5312 Acquiescit
2175 5245 2363 5296 autem
2393 5242 2548 5297 carni
2587 5248 2645 5297 et
2669 5243 2931 5314 sanguini
2962 5244 3214 5316 quisquis
3237 5260 3432 5301 carna-

1835 5330 1983 5386 libus
2013 5330 2339 5403 propinquis
2367 5332 2671 5387 carnaliter
2693 5331 3056 5388 suadentibus
3087 5333 3422 5395 assentitur.

1914 5417 2002 5477 30.
2033 5421 2281 5475 AMBnos.
2316 5423 2439 5476 Non
2467 5424 2735 5491 acquievi.
2765 5422 2891 5475 Non
2918 5421 3054 5475 dicit
3079 5422 3381 5493 Apostolus
3413 5442 3427 5481 :

1840 5508 1939 5564 sed
1961 5525 2144 5581 neque
2173 5509 2515 5579 hominibus,
2547 5510 2680 5565 sed:
2715 5508 2868 5564 carni
2923 5515 2981 5564 et
3021 5512 3321 5582 sanguini;
3376 5518 3433 5570 et

225 5596 325 5651 Si.
346 5596 681 5650 Hominibus
699 5596 898 5650 suadeo
925 5612 1004 5651 an
1026 5597 1170 5652 Deo?
1191 5598 1419 5653 Diceret
1446 5596 1571 5671 quis
1595 5616 1607 5653 :
1643 5596 1761 5654 Cur
1840 5598 2010 5654 dixit:
2049 5600 2241 5655 statim
2269 5616 2383 5659 non
2406 5599 2635 5672 exposui
2659 5617 2673 5668 ;
2721 5598 2978 5671 exposuit
3034 5601 3186 5659 enim
3239 5607 3437 5678 postea

161 5681 245 5740 ita
263 5682 712 5741 anathematizas
730 5684 755 5739 Τ
770 5684 923 5756 Ideo,
946 5684 1148 5760 inquit,
1169 5691 1234 5744 ut
1247 5687 1517 5745 suadeam
1536 5704 1627 5744 me
1645 5704 1759 5745 non
1839 5687 1973 5747 illis.
