3912 6370
592 295 696 354 263
1574 293 1634 346 Β.
1679 290 2094 347 LANFRANCI
2134 309 2137 330 ι

2276 292 2490 348 TUAR.
2532 291 2871 350 ARCHIEP.
3737 290 3821 348 264

583 423 760 482 trum,
791 433 904 471 non
932 431 1099 470 causa
1119 416 1385 480 discendi,
1408 417 1496 469 sed
1521 421 1744 470 tantum
1764 417 2008 480 videndi,
2039 420 2096 470 et
2123 416 2303 471 mansi
2333 417 2484 487 apud
2513 432 2643 471 eum
2671 415 2870 482 diebus
2899 415 3220 486 quindecim
3244 420 3485 481 tantum,
3515 415 3710 485 quibus
3731 432 3825 470 non

587 507 775 561 videor
799 521 943 574 posse
975 506 1227 557 didicisse
1250 523 1264 567 ;
1290 503 1464 558 alium
1493 511 1682 558 autem
1703 503 2083 574 apostolorum
2115 504 2226 557 vidi
2258 510 2390 560 tunc
2410 507 2713 572 neminem,
2749 506 2858 562 nisi
2887 505 3157 560 Jacobum
3184 507 3417 560 fratrem
3445 504 3686 560 Domini.
3712 507 3825 571 Quae

591 600 783 650 autem
812 593 992 648 scribo
1024 591 1194 658 vobis,
1235 591 1321 648 31.
1356 608 1479 647 ecce
1508 609 1695 646 coram
1725 593 1858 656 Deo,
1891 597 2012 645 teste
2041 594 2169 662 Deo,
2190 593 2321 663 quia
2343 610 2456 649 non
2484 595 2744 649 mentior.
2776 593 2988 648 Deinde
3007 593 3133 648 veni
3170 593 3229 648 in
3256 598 3445 665 partes
3471 593 3648 666 Syriae
3677 600 3729 649 et
3751 595 3827 650 Ci-

586 683 748 739 liciae.
786 681 872 739 32.
907 683 1073 736 Eram
1106 687 1296 736 autem
1324 681 1547 753 ignotus
1570 681 1709 735 facie
1739 680 1995 734 Ecclesiis
2015 680 2240 747 Judaeee,
2265 698 2386 753 quae
2419 687 2583 736 erant
2615 681 2673 736 in
2703 680 2958 748 Christo;
2997 686 3219 736 tantum
3242 687 3432 736 autem
3462 682 3716 738 auditum
3741 682 3828 736 ba-

591 770 823 837 bebant,
852 769 1120 840 quoniam
1140 775 1250 838 (ego
1284 769 1512 838 Paulus)
1540 768 1634 840 qui
1669 768 2110 839 persequebatur
2135 785 2238 822 nos
2264 769 2586 841 aliquando,
2619 787 2767 826 nunc
2795 769 3138 841 evangelizat
3183 770 3354 824 fidem
3406 770 3634 838 Christi,
3681 787 3828 842 quam

589 860 899 933 aliquando
929 858 1316 931 expugnabat;
1349 863 1407 912 et
1432 857 1491 912 in
1523 873 1612 911 me
1642 857 2027 912 clariﬁcabant
2053 859 2255 913 Deum.

2045 972 2278 1028 CAPUT
2313 971 2392 1028 II.

660 1078 873 1136 Deinde
901 1083 1030 1148 post
1057 1092 1233 1132 annos
1255 1075 1683 1146 quatuordecim
1706 1076 1915 1131 iterum
1948 1074 1995 1132 1.
2027 1078 2252 1133 ascendi
2267 1076 2714 1150 Hierosolymam
2726 1095 2853 1133 cum
2874 1077 3155 1145 Barnaba,
3181 1079 3300 1145 (sed
3314 1093 3488 1148 neque
3501 1083 3641 1135 tunc
3650 1080 3825 1149 accepi)

583 1174 874 1242 assumpto
895 1173 954 1222 et
980 1165 1126 1221 Tito.
1147 1164 1388 1219 Ascendi
1428 1169 1471 1229 ι
1485 1171 1609 1230 σιω
1639 1170 1828 1219 autem
1849 1166 2158 1221 secundum
2185 1166 2603 1234 revelationem,
2626 1171 2683 1221 et
2697 1173 2760 1222 ut
2778 1170 2996 1234 scirem,
3015 1168 3141 1222 siab
3161 1170 3238 1221 eis
3251 1170 3316 1222 in
3335 1169 3633 1237 Evangelia
3653 1169 3830 1223 discre.

577 1275 792 1329 parem,
819 1255 1030 1313 contuli
1057 1272 1186 1311 cum
1215 1255 1324 1309 illis
1362 1255 1744 1326 Evangelium,
1779 1257 1928 1327 quod
1949 1256 2189 1328 praedico
2212 1255 2272 1309 in
2299 1254 2580 1324 gentibus,
2614 1254 2670 1312 2.
2701 1271 2954 1314 seorsum
2983 1255 3186 1322 tantem
3229 1259 3442 1310 contuli
3481 1257 3824 1324 Evangelium

585 1365 714 1404 cum
742 1348 833 1413 iis,
864 1348 959 1419 qui
981 1348 1034 1401 3.
1070 1345 1406 1400 videbantur
1425 1346 1638 1416 aliquid
1668 1362 1824 1400 esse:
1852 1345 1906 1413 4,
1955 1348 2006 1402 5.
2049 1361 2120 1400 ne
2157 1345 2303 1400 forte
2363 1345 2424 1398 in
2471 1358 2707 1398 vacuum
2759 1359 3062 1409 currerem,
3111 1349 3212 1398 aut
3263 1345 3657 1410 cucurrissem,
3707 1344 3831 1413 quod

581 1443 735 1502 esset,
775 1440 825 1491 si
853 1437 1016 1490 aliud
1035 1451 1205 1503 quam
1236 1437 1325 1488 illi
1348 1435 1744 1502 praedicassem.
1779 1434 1830 1489 6.
1865 1435 1975 1489 Sed
2012 1449 2194 1504 neque
2225 1431 2274 1488 7.
2328 1432 2507 1498 Titus,
2557 1430 2653 1502 qui
2682 1447 2901 1486 mecum
2947 1439 3088 1498 erat,
3130 1448 3259 1487 cum
3315 1438 3464 1487 esset
3506 1432 3731 1503 gentilis
3775 1432 3832 1484 ab

585 1526 862 1593 apostolis,
892 1521 1214 1592 compulsus
1238 1527 1324 1575 est
1350 1521 1692 1588 circumcidi,
1735 1539 1847 1576 non
1905 1524 2003 1576 hoc
2029 1539 2093 1575 ea:
2127 1523 2480 1589 arrogantia,
2516 1520 2613 1574 sed
2662 1525 2892 1592 propter
2935 1520 3391 1576 subintroductos
3423 1521 3598 1577 falsos
3629 1521 3831 1595 fratres.

589 1613 686 1684 qui
714 1611 1161 1667 subintroierunt
1187 1610 1476 1680 explorare
1505 1609 1822 1664 libertatem
1866 1614 2139 1674 nostram,
2203 1610 2435 1663 liberam
2471 1611 2922 1678 praedicationem
2959 1616 3229 1675 nostram,
3276 1627 3447 1682 quam
3487 1610 3755 1666 habemus
3785 1608 3836 1662 in

585 1702 810 1760 Christo
839 1701 991 1766 Jesu,
1020 1698 1078 1752 8.
1109 1704 1175 1754 ut
1201 1715 1302 1753 nos
1328 1699 1387 1752 in
1429 1699 1758 1754 servitutem
1804 1699 2145 1769 redigerent.
2196 1697 2408 1762 Quibus
2449 1714 2633 1770 neque
2665 1699 2738 1753 ad
2771 1698 2966 1754 horam
3012 1701 3284 1755 cessimus
3329 1700 3695 1772 subjectione,
3738 1712 3835 1752 non

588 1796 939 1860 arroganter,
972 1791 1061 1844 sed
1085 1794 1149 1843 ut
1175 1786 1228 1854 9,
1260 1785 1343 1845 10.
1376 1788 1583 1843 veritas
1611 1788 1897 1860 Evangelii
1925 1792 2255 1860 permaneat
2291 1788 2441 1858 apud
2465 1805 2581 1843 vos.
2627 1788 2716 1856 11,
2753 1788 2844 1846 12.
2875 1788 2980 1856 Ab,
3021 1793 3104 1845 vel
3139 1791 3222 1857 de,
3265 1789 3338 1845 iis
3384 1795 3597 1858 autem,
3641 1788 3723 1846 13.
3753 1787 3836 1859 qui

1930 1903 2522 1960 COMMENTARIUS.

659 2009 749 2066 31-
771 2013 1017 2067 Auausr.
1058 2011 1259 2081 (ibid),
1308 2012 1436 2066 Ecce
1487 2027 1673 2066 coram
1712 2012 1834 2065 Deo.
1865 2011 2029 2065 Jurat
2071 2011 2403 2070 ita-Aclam
2431 2009 2907 2065 conversabantur
2933 2010 3082 2066 inter
3112 2012 3323 2079 ﬁdeles,
3377 2016 3442 2066 ut
3491 2010 3837 2083 explorarent

585 2119 714 2174 que.
747 2103 962 2156 Juratio
984 2118 1105 2172 quae
1137 2117 1172 2156 a
1198 2103 1346 2156 malo
1373 2107 1476 2167 est,
1534 2118 1647 2156 non
1677 2101 1921 2170 jurantis
1950 2102 2048 2156 sed
2101 2102 2184 2155 in-
2262 2098 2578 2152 libertatem
2611 2115 2826 2165 eorum,
2862 2116 2968 2170 qua
2992 2100 3472 2155 circumcisionem
3501 2105 3560 2154 et
3578 2099 3713 2153 alias
3735 2113 3835 2151 car-

583 2190 930 2245 credulitatis
951 2191 1072 2260 ejus
1103 2206 1225 2260 quae
1250 2191 1445 2260 jurare
1473 2191 1640 2261 cogit.
1680 2191 1825 2243 Nam
1851 2190 1933 2244 ita
1973 2190 2184 2244 intelli-
2263 2187 2420 2242 nales
2445 2187 2831 2242 observantias
2852 2205 2965 2242 non
2987 2189 3280 2245 curabant.
3324 2189 3410 2243 Ad
3451 2189 3561 2243 hoc
3602 2187 3836 2259 explora-

582 2280 736 2351 gitur
759 2279 1060 2334 Dominum
1086 2278 1467 2350 prohibuissse
1489 2297 1522 2332 a
1535 2279 1888 2349 jurando,ut,
1907 2284 2183 2348 quantum
2263 2274 2423 2342 bant,
2456 2281 2520 2330 ut
2548 2293 2672 2331 eam
2692 2276 3012 2332 libertatem
3039 2295 3168 2350 cum
3197 2278 3386 2349 aliqua
3411 2277 3715 2332 calliditate
3751 2275 3836 2329 de-

587 2369 650 2422 in
678 2368 800 2438 ipso
831 2373 935 2433 est,
967 2368 1204 2438 quisque
1225 2384 1335 2421 non
1355 2369 1530 2438 juret.
1553 2368 1713 2432 Quod
1761 2367 1975 2421 faciunt
2020 2367 2183 2422 multi
2263 2369 2550 2419 struerent
2579 2369 2636 2419 et
2663 2365 2871 2436 legales
2900 2365 3285 2421 observantias
3309 2366 3731 2438 persuaderent.

586 2456 858 2512 habentes
883 2457 940 2510 in
967 2473 1064 2512 ore
1089 2456 1434 2528 jurationem
1464 2461 1736 2528 tanquam
1787 2472 2055 2526 magnum
2084 2460 2184 2510 aut
2335 2453 2387 2505 7.
2421 2454 2574 2507 Titus
2607 2457 2706 2522 qui
2725 2471 2939 2509 mecum
2967 2461 3106 2511 erat.
3139 2456 3248 2510 Sed
3267 2471 3450 2527 neque
3468 2461 3606 2511 tunc
3625 2451 3838 2524 accepit.

587 2563 758 2602 suave
785 2545 1019 2616 aliquid.
2265 2541 2334 2594 Et
2357 2541 2463 2595 hoc
2480 2546 2567 2596 est
2593 2541 2742 2612 quod
2761 2542 2896 2598 dicit
2921 2561 2934 2598 :
2963 2545 3088 2599 Non
3107 2545 3198 2612 fui
3225 2545 3477 2599 subditus
3524 2544 3664 2611 illis,
3722 2539 3838 2613 quia

657 2634 746 2692 32.
777 2636 994 2691 LANFR.
1019 2635 1192 2688 Eram
1239 2640 1425 2688 autem
1446 2636 1686 2701 ignotus.
1719 2632 1804 2688 Ab
1827 2633 1907 2686 eis
1926 2648 2040 2686 non
2089 2648 2185 2686 ac—
2264 2645 2368 2682 nec
2386 2629 2557 2682 etiam
2585 2629 2762 2684 Titus.
2799 2633 2853 2702 (a
2877 2631 3099 2699 minori)
3133 2631 3242 2686 Sed
3270 2637 3460 2686 tamen
3486 2648 3603 2687 non
3631 2630 3734 2685 fuit
3747 2629 3836 2683 hoc

585 2724 726 2795 cepi,
759 2723 893 2795 quia
922 2739 1051 2777 cum
1079 2728 1302 2777 constet
1331 2739 1421 2776 me
1442 2723 1561 2792 jam
1611 2721 1959 2793 praedicasse,
2031 2737 2186 2774 eram
2265 2734 2333 2771 ex
2350 2718 2691 2788 arrogantia,
2725 2719 2822 2774 sed
2870 2726 3100 2792 propter
3149 2719 3316 2775 falsos
3344 2721 3569 2778 fratres.
3603 2719 3836 2775 Liberta-

584 2813 696 2866 illis
724 2812 950 2882 ignotus
979 2811 1140 2876 facie,
1170 2812 1302 2881 quia
1327 2827 1482 2865 eram
1521 2816 1742 2865 tantum
1769 2814 1936 2864 notus
1964 2809 2182 2864 auditu.
2266 2811 2381 2861 tem
2410 2824 2541 2862 vero
2570 2807 2724 2876 dicit,
2766 2809 2898 2880 quia
2940 2809 3114 2865 libere
3155 2809 3515 2882 praedicabat,
3567 2808 3836 2880 negligens

656 2902 809 2956 CAP.
837 2902 1026 2955 II.'—
1089 2900 1136 2956 1.
1183 2899 1396 2956 Lassa.
1448 2901 1681 2954 Ascendi
1721 2901 2178 2966 Hierosolymam.
2264 2897 2515 2952 carnales
2570 2899 2970 2955 observantias.
3017 2901 3259 2966 Quidam
3301 2905 3492 2956 autem
3529 2897 3656 2953 falsi
3696 2909 3837 2950 vene-

582 2989 851 3044 Ascendit
868 2989 1115 3060 quidem,
1133 3005 1244 3043 non
1257 2995 1321 3043 ut
1335 2989 1712 3055 disceret;imo
1734 2986 1866 3057 quia
1878 2987 2184 3057 putabatur
2264 2991 2416 3051 runt,
2452 2991 2516 3041 ut
2545 2987 2797 3042 viderent
2825 3005 2899 3043 an
2928 2990 3046 3060 ipse
3076 2989 3476 3062 Hierosolymis
3515 2986 3836 3044 consentiret

526 3139 531 3150 _
585 3078 950 3149 Evangelium
977 3095 1142 3132 suum
1173 3077 1243 3131 ab
1264 3077 1532 3148 apostolis
1560 3075 2064 3146 divisum,propter
2080 3075 2184 3129 hoc
2263 3074 2404 3144 legis
2424 3073 2808 3131 observantiis.

583 3168 717 3239 quia
741 3184 855 3222 non
878 3167 986 3221 fuit
1013 3183 1138 3220 cum
1170 3167 1385 3220 caeteris
1428 3166 1657 3231 electus,
1713 3181 1816 3218 nec
1852 3165 2109 3218 audierat
2146 3180 2179 3218 a
2332 3163 2389 3219 8.
2432 3164 2682 3222 AUGUS'r.
2705 3167 2987 3235 (ibid.).Ut
3010 3183 3105 3222 nos
3132 3170 3197 3222 in
3221 3170 3561 3235 servitutem,
3592 3167 3650 3221 id
3670 3168 3764 3228 est,
3783 3165 3837 3216 ut

583 3257 824 3311 Christo.
854 3255 985 3310 Ideo
1013 3254 1150 3308 dicit
1169 3271 1228 3308 se
1257 3254 1446 3307 divina
1487 3252 1827 3307 revelatione
1851 3252 2087 3320 venisse,
2119 3258 2183 3306 ut
2259 3251 2379 3321 jam
2397 3251 2878 3308 circumcisionem
2899 3255 3271 3327 ipsius,etiam
3295 3257 3453 3311 Pauli
3472 3253 3834 3328 attestatione,

581 3343 861 3399 conferret
885 3360 1012 3397 cum
1044 3342 1124 3398 eis
1146 3342 1508 3412 Evangelium
1538 3357 1725 3405 suum,
1780 3357 1884 3395 nec
1937 3341 2177 3410 amplius
2196 3344 2243 3404 B
2263 3343 2534 3410 tanquam
2562 3341 2731 3397 saluti
2749 3344 3121 3399 necessariam
3153 3345 3548 3416 praedicarent.

574 3433 731 3504 juste
758 3437 950 3504 posset
979 3431 1292 3502 reprobari.
2333 3426 2387 3485 9.
2410 3430 2664 3486 AMBRos.
2701 3432 2903 3486 Veritas
2933 3434 3240 3503 Evangelii,
3259 3435 3318 3488 id
3341 3440 3445 3501 est,
3463 3435 3614 3489 utsit
3633 3430 3836 3487 evidens

650 3523 704 3578 2.
737 3524 992 3576 AUGUST.
1015 3521 1234 3589 (Expos.
1265 3521 1340 3574 ad
1359 3519 1561 3586 Galat.,
1585 3536 1704 3591 cap.
1733 3517 2070 3588 2).Seorsum
2083 3534 2180 3572 au-
2262 3516 2517 3589 probatio
2537 3519 2898 3590 Evangelium
2927 3529 3182 3578 nostrum
3202 3523 3568 3595 pradicatum
3581 3531 3834 3590 esse,cum

583 3615 709 3664 tem.
737 3609 856 3662 Hoc
878 3625 991 3662 non
1020 3609 1145 3662 ideo
1169 3609 1377 3663 factum
1406 3613 1492 3662 est
1512 3609 1658 3680 quod
1699 3609 1887 3679 aliqua
1915 3608 2054 3662 falsa
2090 3608 2177 3662 di-
2259 3606 2608 3662 adversarios
2638 3609 2843 3682 [neque
2868 3613 3090 3682 quando
3130 3613 3280 3684 apud
3308 3613 3434 3668 illos
3463 3609 3707 3682 eramus]
3737 3619 3831 3662 non

581 3697 744 3764 xerit,
769 3712 834 3751 ut
859 3697 1094 3752 seorsim
1126 3697 1481 3768 paucioribus
1511 3714 1642 3752 vera
1679 3698 1890 3752 diceret
1915 3717 1927 3765 ;
1957 3698 2053 3752 sed
2070 3696 2174 3752 ali-
2257 3695 2674 3766 pertimuimus.

581 3803 694 3857 qua
729 3791 1008 3853 tacuerat,
1039 3803 1162 3857 quae
1182 3786 1398 3857 parvuli
1455 3793 1680 3858 portare
1729 3803 1842 3842 non
1889 3792 2169 3859 poterant.
2325 3783 2415 3842 10.
2445 3787 2660 3844 ΕΑΝη.
2723 3790 2926 3844 Veritas
2957 3791 3264 3859 Evangelii,
3302 3790 3518 3846 Veritas
3566 3781 3832 3856 Evangelii

579 3875 985 3930 Perfectionem
1008 3891 1140 3946 ergo
1160 3875 1312 3931 illius
1334 3892 1472 3948 opus
1505 3881 1628 3931 erat
1657 3883 1722 3932 ut
1751 3875 1961 3932 scirent
1986 3876 2173 3932 caeteri
2259 3877 2360 3940 est,
2394 3875 2513 3930 sine
2542 3876 2966 3934 circumcisione
2994 3886 3050 3934 et
3074 3881 3200 3935 aliis
3234 3880 3508 3951 legalibus
3553 3880 3832 3954 observan-

579 3964 838 4035 apostoli.
2259 3963 2372 4031 tiis,
2397 3965 2635 4021 moralia
2671 3968 2773 4023 Dei
2803 3976 3081 4041 praecepta
3107 3988 3234 4026 cum
3254 3971 3362 4025 ﬁde
3393 3970 3706 4025 observare.

654 4053 706 4110 3.
737 4055 950 4124 (Ibid.).
989 4055 1341 4109 Videbantur.
1374 4054 1705 4110 Camalibus
1727 4054 2048 4110 hominibus
2097 4056 2178 4110 vi-
2333 4053 2415 4106 11.
2458 4057 2536 4110 Ab
2585 4057 2670 4111 his
2707 4064 2912 4114 autem.
2962 4061 3079 4114 Hoc
3119 4061 3271 4127 dicit,
3317 4077 3388 4114 ne
3428 4077 3569 4114 vane
3602 4057 3834 4112 videatur

578 4145 786 4199 dentur
817 4160 938 4198 esse
981 4144 1221 4216 aliquid;
1280 4161 1411 4200 nam
1449 4162 1561 4200 non
1594 4152 1732 4200 sunt
1777 4146 1883 4218 ipsi
1913 4146 2127 4216 aliquid
2161 4165 2172 4201 :
2260 4147 2457 4196 contra
2483 4147 2725 4216 majores
2746 4164 2806 4202 se
2831 4149 3116 4220 extollere,
3149 4154 3206 4204 et
3251 4155 3338 4204 est
3383 4149 3736 4219 interjacens,
3773 4139 3832 4194 ab

580 4235 688 4289 etsi
717 4234 866 4289 enim
893 4233 1027 4288 boni
1055 4233 1300 4288 ministri
1357 4235 1479 4292 Dei.
1531 4235 1785 4292 Christus
1831 4237 1891 4291 in
1928 4235 2040 4291 illis
2095 4241 2182 4291 est
2265 4245 2330 4283 eo
2359 4229 2479 4286 loco
2508 4232 2604 4287 ubi
2633 4235 2864 4292 dicitur:
2897 4237 3000 4293 Sed
3021 4255 3190 4308 neque
3222 4241 3391 4305 Titus,
3441 4254 3620 4310 usque
3660 4233 3726 4289 ad
3765 4231 3834 4286 lo-

581 4322 823 4394 aliquid.
2261 4343 2388 4382 cum
2413 4343 2424 4378 :
2459 4324 2597 4377 Mihi
2623 4331 2809 4380 autem
2837 4328 3170 4381 videbantur
3194 4344 3297 4381 esse
3325 4327 3566 4396 aliquid.

648 4409 712 4471 4.
753 4411 951 4482 (Ibid.).
984 4412 1062 4466 Ne
1089 4412 1230 4480 forte
1246 4413 1311 4466 in
1330 4427 1589 4469 uacuum.
1605 4413 1690 4468 Ne
1706 4413 1849 4468 forte
1871 4415 1930 4469 in
1941 4432 2180 4471 vacuum
2338 4412 2423 4472 12.
2454 4416 2534 4470 Ab
2554 4416 2640 4468 his
2662 4419 2866 4469 autem.
2887 4415 3036 4470 Ordo
3064 4433 3074 4468 :
3101 4415 3208 4480 Qui
3224 4421 3414 4470 autem
3434 4414 3757 4488 videbantur
3772 4404 3831 4462 ab

579 4517 765 4570 curro,
797 4507 894 4556 aut
945 4500 1164 4556 cucurri
1179 4501 1203 4554 ’ἶ
1235 4501 1405 4566 Quasi
1434 4519 1534 4573 per
1562 4503 2062 4575 interrogationem
2102 4505 2184 4560 di-
2263 4503 2350 4558 his
2380 4519 2502 4558 esse
2539 4503 2769 4575 aliquid,
2792 4504 3020 4560 Petrum
3043 4511 3099 4559 et
3154 4506 3429 4560 Joannem
3479 4509 3537 4559 et
3585 4499 3831 4559 Jacobum

577 4596 733 4647 ctum
783 4589 1235 4661 intelligendum,
1271 4597 1336 4645 ut
1364 4609 1428 4647 ex
1467 4608 1533 4647 eo
1565 4599 1866 4664 appareret
1894 4610 2004 4648 non
2046 4611 2177 4649 eum
2261 4593 2558 4664 signiﬁcat,
2582 4593 2713 4665 quia
2737 4594 2969 4663 majoris
3011 4593 3162 4649 inter
3188 4600 3417 4649 caeteros
3453 4592 3729 4666 apostolos
3755 4586 3831 4640 di-

576 4681 640 4736 in
675 4697 906 4735 vacuum
937 4696 1182 4748 currere,
1215 4686 1314 4736 aut
1337 4682 1666 4751 cucurrisse,
1699 4682 1831 4755 quia
1854 4684 1994 4755 jam,
2025 4689 2177 4739 atte-
2196 4704 2239 4764 ρ
2259 4683 2492 4753 gnitatis
2521 4687 2704 4748 erant,
2738 4699 2877 4754 quos
2905 4683 3071 4754 paulo
3100 4689 3229 4756 post
3246 4667 3532 4738 columnas
3547 4685 3720 4738 vocat.
3752 4674 3832 4731 Di-

578 4770 824 4826 statione
845 4776 1175 4826 ceterorum
1205 4813 1222 4842 ,
1253 4771 1392 4826 nihil
1417 4771 1488 4826 ab
1511 4772 1796 4843 Evangelii
1817 4773 2052 4828 veritate
2071 4772 2178 4828 dis-
2259 4772 2338 4826 cit
2360 4789 2494 4844 ergo
2525 4772 2666 4826 nihil
2695 4771 2766 4826 ad
2795 4789 2854 4826 se
2891 4773 3193 4844 pertinere,
3228 4774 3523 4829 ostendere
3561 4771 3747 4846 quales
3782 4769 3831 4819 et

579 4858 791 4914 sentire
812 4858 1178 4931 approbatur.
2257 4861 2378 4916 loco
2405 4867 2462 4917 et
2499 4860 2732 4916 scientia
2751 4865 2882 4915 ante
2906 4862 3254 4917 vocationem
3289 4862 3520 4919 fuerint.
3561 4862 3683 4932 Non
3721 4847 3830 4934 aliis

638 4946 712 5005 .5.
740 4949 996 5003 Aunaos.
1021 4948 1100 5002 Ne
1119 4949 1261 5017 forte
1279 4951 1344 5004 in
1368 4964 1626 5015 vacuum,
1663 4948 1720 5003 id
1745 4951 1848 5015 est,
1877 4950 2176 5020 nequando
2258 4951 2528 5024 apostolis
2556 4951 2806 5022 derogat,
2841 4951 2938 5005 sed
2960 4951 3091 5022 quia
3117 4953 3333 5008 Galatae
3375 4953 3514 5007 alios
3569 4945 3830 5024 apostolos

581 5036 934 5092 existimarer
956 5037 1265 5109 proprium,
1298 5039 1446 5110 quod
1472 5039 1581 5093 iter
1609 5036 1856 5108 exsequi,
1879 5043 1936 5092 et
1961 5039 2176 5094 caeteris
2257 5041 2408 5095 ultra
2449 5039 2678 5094 modum
2707 5039 3143 5110 magniﬁcabant
3177 5042 3309 5096 huic
3336 5059 3432 5097 eos
3468 5041 3826 5112 praeferentes,

583 5126 853 5197 apostolis
873 5125 1295 5184 inconveniens.
2257 5135 2426 5201 atque
2463 5129 2588 5184 ideo
2617 5129 3006 5184 auctoritatem
3063 5131 3232 5202 hujus
3255 5133 3506 5186 viliorem
3551 5129 3827 5185 habentes,

651 5215 706 5270 6.
728 5216 936 5270 LANFR.
960 5215 1065 5272 Sed
1092 5233 1262 5286 neque
1305 5217 1478 5271 Titus.
1529 5215 1845 5269 Voluerunt
1896 5216 1993 5270 alii
2040 5233 2175 5290 apo-
2257 5217 2502 5272 ostendit
2529 5234 2589 5272 se
2615 5218 2886 5289 aequalem
2914 5235 3034 5274 esse
3056 5219 3156 5286 eis,
3179 5225 3237 5275 et
3257 5219 3570 5276 doctrinam
3591 5218 3827 5284 Evange-

583 5304 714 5359 stoli
764 5309 829 5360 ut
889 5305 1047 5362 Titus
1097 5306 1591 5362 circumcideretur
1631 5309 1862 5376 propter
1887 5305 2174 5363 vitandum
2257 5307 2318 5363 lii
2347 5306 2417 5362 ab
2447 5307 2528 5361 eis
2557 5323 2670 5362 non
2695 5308 2990 5379 accepisse.

583 5394 908 5450 scandalum
939 5396 1311 5467 quorumdam
1355 5393 1604 5447 ﬁdelium
1653 5393 1748 5464 qui
1783 5409 1848 5448 ex
1886 5395 2172 5452 circumci-
2331 5397 2416 5451 13.
2454 5397 2560 5464 Qui
2585 5399 2916 5452 videbantur
2945 5415 3051 5453 esse
3075 5400 3313 5470 aliquid.
3346 5400 3431 5476 Ne
3476 5400 3598 5473 quis
3633 5392 3827 5452 diceret

587 5482 742 5538 sione
765 5485 1122 5540 crediderant
1151 5484 1277 5552 ;sed
1298 5497 1409 5537 non
1437 5482 1693 5553 permisit
1715 5484 2013 5555 Apostolus
2043 5504 2172 5543 eum
2258 5502 2386 5542 eum
2424 5485 2626 5541 debere
2675 5486 2755 5542 eis
2799 5489 3135 5557 consentire,
3167 5491 3300 5562 quia
3333 5485 3593 5547 melibres
3625 5505 3687 5543 eo
3723 5483 3826 5537 fue-

583 5571 909 5629 circumcidi
927 5578 1157 5645 propter
1183 5571 1456 5643 quosdam
1478 5571 1646 5627 falsos
1685 5573 2032 5632 Christianos
2082 5577 2179 5651 qui
2261 5581 2414 5641 runt,
2448 5575 2581 5648 quia
2604 5591 2715 5630 non
2745 5577 3024 5652 persecuti
3044 5583 3177 5652 sunt
3205 5579 3527 5654 Ecclesiam,
3552 5579 3693 5650 sicut
3718 5571 3817 5648 ille.
