3912 6400
158 329 245 385 265
770 328 846 382 ΙΝ
882 326 949 380 D.
992 323 1208 379 PAULI
1246 322 1470 377 EPIST.
1512 320 1883 377 COMMENT.
1928 352 1992 365 —
2036 322 2266 382 EPIST.
2308 327 2406 382 AD
2444 328 2701 385 GALAT.
3274 333 3383 392 266

155 453 455 509 videbantur
482 467 597 506 esse
635 450 864 523 aliquid,
888 452 1088 519 (quales
1117 451 1301 521 [servi,
1328 466 1610 518 pauperes,
1638 450 1967 525 peccatores]
2011 454 2314 525 aliquando
2344 455 2573 523 fuerint,
2609 456 2751 512 nihil
2779 459 2957 512 dicere
2978 474 3105 512 mea
3148 459 3388 516 interest

162 547 317 609 [23
350 539 426 597 14.
452 541 594 594 Deus
630 540 780 594 enim
804 555 1099 611 personam
1131 537 1373 592 hominis
1401 554 1513 594 non
1533 539 1769 611 accipit;
1802 541 1892 594 sed
1914 557 1978 595 ea:
2001 545 2257 597 omnibus
2286 548 2483 611 accipit
2515 546 2811 614 credentes)
2844 545 2983 599 mihi
3005 547 3173 613 enim,
3195 547 3389 619 15.qui

154 630 452 684 videbantur
471 645 587 682 esse
611 628 843 697 aliquid,
873 627 1011 681 nihil
1042 627 1419 687 contulerunt,
1446 628 1806 694 pro/uerunt.
1838 625 1908 683 16
1963 627 2074 683 Sed
2094 636 2322 684 econtra
2361 648 2488 685 cum
2519 631 2791 686 vidissent
2821 633 2971 703 quod
2998 634 3271 689 creditum
3305 642 3391 690 est

155 717 269 772 mihi
290 718 635 787 Evangelium
670 715 950 787 prwputii,
978 718 1249 783 gentium,
1273 714 1419 768 sicut
1434 714 1599 767 Petro
1617 714 2076 779 circumcisionis,
2101 719 2214 788 (qui
2245 719 2393 773 enim
2424 726 2689 791 operatus
2721 726 2806 774 est
2823 721 2989 775 Petro
3021 720 3079 775 in
3108 722 3391 793 apostola-

154 814 255 862 tum
273 806 1066 872 circumcisionis,.lud.eorum,
1090 810 1351 874 operatus
1374 808 1459 856 est
1478 809 1535 856 et
1553 804 1686 857 mihi
1704 804 1855 857 inter
1875 806 2088 875 gentes)
2123 811 2179 860 et
2205 823 2333 861 cum
2362 809 2754 878 cognovissent
2797 810 3062 879 gratiam,
3099 827 3221 882 quae
3261 812 3394 866 data

150 903 221 951 est
241 896 653 961 mihi,Jacobus,
676 901 732 949 et
750 895 987 965 Cephas,
1008 894 1337 956 etJoannes,
1364 893 1459 963 qui
1486 891 1821 946 videbantur
1847 893 2119 947 columnae
2143 911 2264 948 esse
2296 897 2380 950 l7.
2426 897 2650 951 dextras
2673 898 2951 952 dederunt
2978 898 3137 964 mihi,
3174 905 3232 954 et
3262 900 3395 955 Bar—

150 986 283 1039 nabm
306 985 391 1041 18.
418 982 716 1049 societatis,
739 986 964 1050 signum
985 983 1270 1045 societatis,
1301 983 1381 1033 vel
1411 981 1709 1034 concerdiae
1736 985 2091 1049 evangelicae:
2121 990 2186 1038 ut
2215 1000 2317 1038 nos
2363 985 2420 1038 in
2458 991 2657 1054 gentes
2686 989 2918 1053 iremus,
2952 987 3058 1059 ipsi
3104 994 3296 1044 autem
3334 990 3395 1045 in

151 1071 615 1137 circumcisionem,
642 1073 923 1133 Judaeum;
954 1074 1177 1123 tantum
1207 1069 1307 1121 hoc
1334 1069 1672 1122 addiderunt
1701 1074 1763 1123 ut
1790 1084 2094 1140 pauperem
2126 1075 2382 1125 euntium
2416 1074 2766 1128 Hierusalem
2796 1091 3075 1130 memores
3112 1093 3391 1143 essemus,

149 1161 274 1232 quod
301 1161 467 1215 etiam
498 1159 766 1214 sollicitus
786 1158 884 1224 fui,
917 1175 1043 1212 cum
1069 1160 1234 1226 prius
1261 1158 1489 1224 fuissem
1515 1159 1803 1222 sollicitus,
1836 1158 1942 1211 hoc
1972 1157 2153 1229 ipsum
2183 1159 2384 1214 facere.
2404 1160 2538 1215 Alia
2571 1164 2993 1217 commendatio.
3028 1163 3112 1230 19,
3135 1162 3225 1221 20.
3251 1166 3395 1221 Cum

151 1256 313 1304 autem
334 1250 571 1303 venisset
587 1248 805 1318 Cephas
823 1247 1200 1309 Antiochiam,
1227 1244 1258 1300 9
1274 1244 1314 1300 Ι.
1351 1245 1410 1299 in
1430 1243 1649 1309 faciem,
1678 1247 1889 1311 palam,
1915 1244 1965 1297 ei
1995 1244 2195 1316 restiti,
2223 1245 2355 1315 quia
2373 1247 2831 1317 reprehensibilis
2851 1255 2998 1305 erat.
3014 1251 3259 1306 Ostendit
3279 1268 3395 1307 non

150 1356 237 1393 esse
260 1340 361 1393 sibi
385 1341 740 1406 magistrum,
773 1353 899 1390 cum
925 1338 1145 1390 restitit.
1178 1333 1343 1388 Prius
1373 1333 1522 1387 enim
1546 1334 1782 1400 (exponit
1810 1334 1955 1386 unde
1974 1334 2435 1400 reprehensibilis,
2465 1338 2601 1403 quia
2624 1337 2837 1403 cogebat
2864 1342 3046 1404 gentes
3064 1340 3389 1407 judaizare,

150 1431 201 1481 in
218 1443 268 1481 eo
293 1429 431 1495 quod
461 1429 639 1495 magis
665 1424 1199 1491 inharebatJudzis)
1233 1438 1399 1493 quam
1429 1421 1689 1475 venirent
1711 1420 1940 1491 quidam
1983 1438 2046 1475 ea:
2084 1424 2288 1476 Judaeis
2332 1426 2603 1477 conversis
2651 1441 2686 1478 a
2714 1425 2939 1488 Jacobo.
2976 1441 3102 1480 cum
3129 1427 3396 1496 gentibus
3468 1442 3475 1443 ’

150 1518 391 1570 conversis
413 1515 619 1569 edebat
632 1516 843 1568 Petrus.
868 1514 1006 1568 Cum
1023 1517 1211 1566 autem
1233 1513 1478 1565 conversi
1505 1526 1539 1562 a
1556 1511 1753 1575 Jacobo
1773 1509 2059 1564 venissent
2082 1511 2456 1577 Antiochiam,
2489 1511 2879 1579 subtrahebat,
2898 1519 2952 1567 et
2973 1515 3307 1585 segregabat
3334 1532 3395 1570 se

151 1607 317 1658 Petrus
337 1621 371 1658 a
388 1606 660 1672 gentibus,
684 1602 891 1656 timens
908 1618 1021 1657 eos.
1041 1601 1135 1671 qui
1153 1617 1216 1653 ex
1230 1599 1648 1653 circumcisione
1668 1603 1831 1651 erant
1864 1599 2009 1659 (Non
2030 1600 2179 1651 enim
2210 1602 2291 1652 ita
2310 1601 2561 1654 credebat
2578 1603 2918 1669 faciendum,
2944 1605 3005 1657 id
3026 1610 3120 1669 est,
3149 1608 3394 1658 circum-

150 1694 260 1758 cidi,
283 1694 369 1747 sed
390 1709 454 1746 ne
476 1695 626 1759 ﬁeret
655 1695 715 1745 in
743 1691 980 1744 Ecclesia
999 1690 1319 1755 discordia.)
1342 1688 1412 1741 Et
1432 1685 1773 1740 simulationi
1792 1686 1915 1755 ejus
1951 1686 2269 1758 (simulabat
2296 1691 2446 1741 enim
2491 1692 2683 1745 Petrus
2726 1707 2839 1745 non
2878 1708 2983 1746 esse
3007 1695 3397 1748 comedendum

151 1798 256 1835 cum
282 1784 550 1849 gentibus)
578 1782 982 1834 consenserunt
1008 1775 1191 1831 ceteri
1221 1776 1417 1838 Judaei,
1437 1776 1518 1829 ita
1546 1780 1611 1829 ut
1634 1779 1690 1828 et
1718 1773 2004 1829 Barnabas
2033 1775 2353 1841 duceretur,
2385 1781 2736 1842 consentiret,
2763 1779 2833 1833 ab
2854 1780 2936 1834 eis
2962 1780 3021 1834 in
3046 1780 3202 1835 illam
3219 1779 3397 1837 simu-

150 1870 410 1932 lationem,
440 1876 503 1924 ut
529 1871 740 1922 nollent
762 1869 1170 1921 communicare
1202 1881 1327 1919 cum
1354 1866 1627 1932 gentibus.
1653 1864 1760 1916 Sed
1782 1879 1909 1917 cum
1942 1863 2202 1916 vidissem
2238 1865 2386 1934 quod
2401 1880 2514 1918 non
2537 1872 2687 1920 recte
2707 1867 3066 1922 ambularent
3094 1869 3177 1923 ad,
3194 1870 3400 1924 verita-

151 1962 249 2012 tem
272 1958 576 2028 Evangelii.
602 1956 715 2010 dixi
746 1955 947 2025 Cephae
990 1959 1167 2019 I24
1190 1968 1379 2007 coram
1409 1951 1692 2008 omnibus.
1730 1950 1820 2008 ‘22.
1855 1952 1913 2006 Si
1962 1958 2044 2017 tu,
2085 1968 2212 2005 cum
2265 1953 2491 2007 Judaeus
2522 1954 2621 2019 eis,
2666 1956 2954 2025 gentiliter
2990 1957 3147 2021 vivis,
3190 1964 3248 2012 et
3286 1975 3401 2014 non

151 2047 371 2112 Iudaica,
400 2045 683 2118 quomodo
706 2051 903 2115 gentes
928 2041 1016 2099 ‘23.
1049 2043 1200 2113 cogis
1221 2042 1509 2113 judaizare
1528 2042 1553 2094 ?
1582 2041 2036 2109 assumptio.Nos
2056 2045 2263 2093 natura
2283 2040 2479 2107 Judaei,
2507 2048 2589 2108 tu,
2621 2048 2671 2095 et
2695 2060 2806 2110 ego,
2838 2045 2927 2100 24.
2963 2050 3020 2099 et
3046 2061 3160 2099 non
3173 2063 3241 2100 ex
3257 2062 3398 2117 gen-

153 2134 282 2189 tibus
309 2138 537 2202 (scilicet
560 2149 771 2201 sumus,
801 2138 849 2186 et
876 2134 1158 2200 gentiliter
1185 2133 1463 2196 vivimus;
1488 2131 1633 2198 quod
1659 2135 1752 2193 est,
1789 2134 1835 2182 et
1867 2144 1962 2182 nos
1982 2131 2046 2182 in
2069 2129 2281 2183 Christo
2304 2129 2608 2199 credimus)
2647 2129 2735 2185 25.
2768 2137 3110 2202 peccatores,
3147 2137 3251 2203 qui
3273 2151 3400 2204 pec-

1469 2217 2051 2272 COMMENTARIUS.

154 2313 224 2366 Ad
249 2312 348 2367 hoc
363 2311 686 2382 respondet,
711 2326 823 2363 non
875 2325 941 2362 ex
987 2307 1218 2374 invidia,
1247 2306 1346 2360 sed
1394 2312 1459 2360 ut
1486 2321 1547 2359 se
1576 2321 1723 2360 com-
1738 2310 1791 2366 A
1808 2304 2106 2375 gebantur,
2133 2306 2423 2376 arguebat.
2438 2308 2563 2361 Non
2578 2307 2648 2362 ob
2663 2308 2935 2363 aliudnisi
2963 2310 3406 2381 quiaillaomnia

156 2401 375 2462 mendet,
408 2400 465 2454 id
501 2405 608 2464 est,
639 2414 798 2452 suam
830 2395 1301 2467 praedicationem,
1338 2394 1584 2465 dicitque
1617 2411 1627 2446 :
1657 2396 1726 2448 ab
1808 2393 1889 2447 sic
1915 2394 2268 2449 simulatoria
2311 2395 2672 2465 gerebantur,
2712 2402 2981 2468 tanquam
3024 2415 3221 2454 verum
3258 2406 3408 2456 esset

158 2491 233 2543 his
252 2495 432 2543 autem
462 2492 566 2557 qui
584 2489 917 2541 videbantur
936 2502 1041 2539 esse
1059 2485 1298 2553 aliquid,
1330 2484 1385 2537 id
1416 2490 1519 2547 est,
1544 2483 1603 2535 hi
1632 2482 1728 2553 qui
1810 2481 1959 2551 quod
1990 2481 2250 2535 dicebant
2273 2482 2356 2536 illi
2380 2483 2477 2553 qui
2524 2483 2646 2538 sine
2685 2484 3108 2541 circumcisione
3126 2488 3408 2558 praeputii,

158 2577 465 2632 videbantur
494 2592 619 2631 esse
638 2575 868 2646 aliquid,
900 2575 1031 2629 licet
1054 2590 1273 2644 possem
1302 2573 1489 2626 dicere
1515 2572 1726 2642 quales,
1812 2576 1983 2640 atque
2005 2570 2129 2624 aliis
2148 2569 2629 2627 observationibus
2659 2572 2871 2628 umbrae
2897 2574 3237 2643 futurorum,
3252 2582 3412 2648 puta-

117 2704 121 2708 -
159 2668 348 2722 scilicet
366 2668 523 2731 viles,
555 2672 630 2731 et,
665 2671 727 2719 ut
757 2681 880 2734 ego,
901 2667 1221 2735 peccatores
1250 2667 1456 2729 essent,
1489 2660 1632 2714 nihil
1649 2666 1733 2715 ta-
1814 2658 1951 2713 bant
1976 2659 2267 2714 credentes
2295 2660 2484 2715 salvos
2512 2677 2633 2716 esse
2657 2678 2770 2716 non
2796 2679 2976 2734 posse.

160 2771 269 2810 men
298 2756 433 2809 mihi
462 2754 843 2823 contulerunt.
1886 2744 1972 2803 20.
1999 2749 2206 2804 Lmen.
2238 2750 2373 2803 Cum
2400 2755 2587 2804 autem
2615 2754 2859 2819 venisset,
2893 2757 2999 2807 etc.
3044 2754 3187 2809 Item
3212 2754 3416 2827 probat

222 2846 296 2901 14.
319 2847 459 2900 Deus
487 2859 784 2913 personam
816 2843 1059 2895 hominis
1086 2856 1198 2894 non
1225 2842 1446 2907 accipit.
1467 2838 1585 2891 Hoc
1609 2837 1734 2891 ideo
1818 2836 1949 2907 quia
1977 2853 2079 2891 nec
2096 2837 2405 2892 Antiochiae
2424 2839 2640 2893 aPetro
2653 2840 3017 2911 Evangelium
3038 2844 3414 2914 accepit,quia
3502 2912 3507 2915 τ

159 2933 292 2999 dicit,
324 2934 456 3005 quia
494 2930 1017 3003 reprehendebatur
1068 2929 1217 3000 quod
1247 2928 1380 2999 quid
1411 2931 1735 2998 persecutus
1817 2925 2026 2979 restitit
2044 2925 2127 2992 ei;
2161 2930 2285 2979 erat
2310 2925 2460 2980 enim
2490 2928 2965 2997 reprehensibilis.
3258 2974 3261 2975 ν

161 3021 326 3077 fuerat
360 3021 693 3084 Ecclesiam,
728 3019 887 3090 quasi
915 3019 972 3072 hi
1001 3019 1097 3089 qui
1134 3017 1298 3071 modo
1318 3022 1452 3071 sunt
1481 3016 1641 3086 justi,
1683 3019 1739 3068 et
1889 3011 1977 3070 21.
2010 3016 2073 3067 In
2103 3016 2302 3081 faciem
2322 3017 2373 3068 ei
2392 3017 2587 3069 restiti.
2609 3015 2887 3071 Utilenon
2905 3021 3212 3090 essetquod
3226 3022 3416 3092 palam

161 3113 316 3166 sancti
346 3118 402 3165 et
424 3110 619 3181 magni
638 3109 787 3179 apud
821 3125 1036 3172 omnes,
1054 3123 1163 3160 non
1196 3106 1424 3169 fuerint,
1448 3105 1594 3159 sicut
1612 3120 1734 3174 ego,
1821 3099 2058 3155 nocebat
2075 3100 2279 3172 corrigi
2300 3102 2358 3156 in
2386 3103 2604 3157 occulto
2630 3122 2643 3171 ;
2678 3107 3129 3175 praesumendum
3169 3124 3416 3183 namque

160 3208 479 3272 peccatores.
515 3201 585 3254 Et
608 3199 713 3252 hoc
742 3196 1031 3267 inde,quia
1059 3196 1209 3249 Deus
1237 3211 1349 3249 non
1370 3200 1456 3248 est
1483 3199 1742 3263 acceptor
1823 3195 1946 3242 erat
1972 3189 2042 3243 de
2087 3189 2376 3244 charitatis
2431 3191 2760 3247 inﬁrmitate
2813 3194 2903 3264 [f.,
2936 3196 3226 3269 ﬁrmitate]
3271 3201 3419 3255 tanti

160 3306 531 3360 personarum.
566 3287 837 3342 Similiter
863 3302 984 3355 ego,
1013 3283 1266 3355 quamvis
1288 3288 1610 3354 persecutor
1626 3281 1743 3335 fue-
1823 3279 2081 3348 apostoli.
2116 3277 2215 3333 Vel
2242 3278 2369 3333 ideo
2389 3280 2539 3350 quod
2565 3281 2795 3352 quidam
2824 3283 3144 3339 subinducti
3187 3287 3419 3343 insidia-

161 3378 274 3443 rim,
301 3395 411 3434 non
437 3377 618 3433 debeo
646 3394 680 3430 a
707 3375 862 3429 vobis
891 3373 1173 3445 vilipendi.
1822 3366 2047 3422 bantur.
2074 3367 2169 3438 qui
2200 3368 2475 3422 referrent
2502 3370 2741 3424 Paulum
2770 3387 2883 3426 non
2927 3389 3048 3428 esse
3095 3390 3297 3431 ausum
3327 3393 3421 3432 ar:-

221 3468 303 3523 15.
324 3468 805 3534 AUGU3T.(E:r~pos.
838 3466 911 3517 ad
947 3465 1085 3529 Gal.)
1121 3464 1226 3528 Qui
1250 3463 1603 3516 videbuntur.
1643 3460 1742 3513 Pe-

1411 3466 1603 3516 antur.
1643 3460 1742 3513 Pe-
1822 3473 1995 3526 guere
2027 3458 2286 3523 Petrum;
2324 3463 2381 3512 et
2410 3457 2956 3515 circumciderentur.

165 3560 270 3611 trus
284 3563 338 3612 et
355 3556 600 3611 Jacobus
616 3555 916 3608 etJoannes
931 3550 1319 3606 honoratiores
1336 3549 1741 3613 caeteriserant,
1760 3617 1804 3627 ﬁ
1897 3544 1984 3598 2‘2.
2018 3546 2083 3600 Si
2111 3551 2167 3600 tu
2195 3563 2320 3600 cum
2378 3549 2617 3601 Juda’us.
2669 3549 2970 3606 Gentiliter
2997 3554 3249 3623 vivebat;
3292 3556 3424 3627 quia

167 3647 281 3715 quia
307 3647 442 3717 ipsis
462 3663 525 3700 se
554 3645 610 3697 in
634 3648 824 3697 monte
846 3642 1117 3697 Dominus
1147 3638 1412 3702 extendit,
1445 3638 1502 3691 in
1540 3617 1808 3708 signiﬁ-B
1832 3633 2132 3688 indiscrete
2143 3651 2270 3689 cum
2291 3635 2551 3690 omnibus
2562 3636 2781 3704 edebat,
2806 3644 2864 3692 et
2882 3641 3164 3696 neminem
3183 3617 3426 3700 immun-

168 3734 364 3788 catione
384 3734 548 3805 regni
580 3732 666 3786 sui
691 3748 817 3785 cum
864 3736 995 3784 ante
1022 3746 1117 3783 sex
1145 3728 1264 3783 dies
1305 3726 1538 3780 dixisset
1568 3743 1579 3778 :
1608 3726 1753 3779 Sunt
1832 3722 1963 3776 dum
1990 3722 2239 3792 putabat.
2272 3723 2482 3778 Probat
2507 3732 2696 3779 autem
2723 3726 2854 3797 quia
2903 3746 3031 3783 cum
3060 3731 3135 3785 sit
3176 3732 3424 3802 Judaeus,

167 3823 372 3892 quidam
410 3823 481 3877 de
509 3822 600 3875 his
629 3819 905 3874 stantibus
933 3818 1028 3889 qui
1055 3834 1166 3872 non
1188 3815 1497 3885 gustabunt
1512 3820 1748 3868 mortem
1833 3816 1889 3864 et
1915 3817 2105 3865 tamen
2133 3812 2420 3882 gentiliter
2464 3813 2628 3881 vivat,
2677 3832 2788 3869 non
2818 3815 2983 3872 debet
3007 3825 3206 3889 gentes
3237 3821 3308 3875 ad
3331 3823 3426 3891 ju-

168 3909 326 3966 donec
352 3912 586 3966 videant
627 3908 832 3962 Filium
872 3907 1117 3961 hominis
1146 3906 1205 3959 in
1247 3920 1421 3975 regno
1447 3903 1632 3957 Patris
1661 3902 1747 3957 sui
1831 3900 2108 3954 daismum
2138 3918 2355 3970 cogere.
2386 3903 2484 3956 Est
2510 3909 2701 3957 autem
2730 3904 2789 3958 in
2815 3904 2956 3958 libro
2985 3911 3137 3962 totus
3165 3909 3425 3980 syllogis-

169 4000 363 4065 (Matth.
394 4006 532 4068 xvi).
1831 4004 1955 4043 mus
1977 3995 2181 4059 praeter
2199 3990 2632 4045 conclusionem.

225 4087 307 4144 16.
329 4092 483 4161 (ibid.
491 4098 507 4157 )
527 4087 633 4143 Sed
654 4091 876 4140 econtra
904 4100 1029 4139 cum
1049 4085 1328 4147 vidissent,
1362 4081 1416 4135 id
1441 4086 1544 4144 est,
1580 4096 1748 4134 econ-
1900 4077 1990 4134 ‘23.
2018 4079 2171 4147 Cogis
2188 4081 2508 4147 judaizare.
2529 4081 2790 4152 Exemplo
2810 4099 2912 4137 suo
2930 4090 3129 4155 gentes
3136 4086 3425 4157 judaizare

166 4178 323 4233 trario
341 4195 442 4250 pro
454 4173 956 4248 reprehensor-ibus
975 4171 1375 4243 approbatores
1394 4168 1749 4240 perfectionis
1829 4166 2064 4237 cogebat
2094 4168 2310 4233 Petrus,
2346 4173 2407 4221 et
2429 4167 2600 4222 ritum
2628 4170 2949 4226 Judasorum
2986 4174 3166 4245 sequi,
3198 4177 3426 4246 quando
3454 4176 3473 4193 θ

168 4260 394 4317 fuerunt.
422 4263 622 4317 Potest
646 4265 705 4314 et
729 4258 807 4313 sic
835 4274 956 4313 esse
983 4256 1138 4323 ordo,
1163 4255 1262 4309 sed
1291 4260 1518 4309 econtra
1556 4259 1621 4308 ut
1646 4270 1748 4308 nos
1829 4254 1950 4326 ipse
1984 4255 2046 4310 in
2084 4256 2443 4327 praesentiam
2492 4274 2686 4312 eorum
2727 4260 2824 4330 qui
2855 4277 2920 4315 ex
2950 4262 3157 4318 Judmis
3181 4265 3428 4320 credide-

167 4350 372 4420 quidem
400 4352 461 4406 in
490 4354 690 4421 gentes
718 4348 949 4413 iremus,
974 4362 1096 4417 qua
1138 4348 1270 4399 sunt
1317 4342 1611 4398 contraria:
1649 4342 1752 4398 cir—
1830 4350 1978 4409 rant,
2003 4361 2036 4398 a
2063 4344 2344 4400 consortio
2362 4345 2659 4416 gentilium
2675 4364 2832 4404 more
2860 4351 3094 4406 Judaico
3122 4369 3182 4407 se
3201 4354 3424 4411 subtra-

164 4440 494 4496 cumcisioni.
1830 4433 2018 4489 hebat.

238 4528 310 4585 ιτ.
342 4531 514 4600 (apud
536 4527 689 4597 Red.)
711 4529 947 4582 Dewtras
975 4526 1244 4579 dederunt
1270 4524 1436 4580 mihi.
1475 4521 1621 4577 Dicit
1667 4537 1750 4574 ve-
1905 4520 1990 4577 24.
2019 4522 2271 4577 AUGUST.
2315 4524 2579 4592 (Emposit.
2609 4527 2672 4579 in
2708 4527 2881 4594 Epist.
2910 4530 2985 4583 ad
3016 4529 3224 4595 Galat.,
3256 4549 3304 4587 c.
3334 4539 3421 4603 η.)

169 4618 305 4673 nisse
331 4636 390 4674 se
410 4617 882 4688 Hierosolymam,
915 4620 972 4668 et
999 4612 1360 4683 Evangelium
1381 4628 1506 4667 cum
1532 4615 1751 4682 aposto-
1832 4611 1896 4664 Et
1923 4627 2055 4674 non
2107 4628 2170 4665 ex
2198 4614 2470 4679 gentibus.
2505 4613 2865 4669 Peccatorum
2910 4633 3115 4672 nomen
3160 4622 3423 4691 gentibus

171 4704 230 4761 lis
246 4708 565 4775 contulisse,
594 4707 817 4760 dextras
842 4703 947 4758 sibi
977 4703 1138 4757 datas
1162 4702 1353 4766 fuisse,
1382 4701 1436 4755 id
1479 4706 1580 4763 est,
1614 4716 1749 4754 con-
1829 4698 2217 4770 imposuerant
2242 4699 2438 4763 Judaei,
2466 4701 2581 4770 jam
2606 4709 2823 4757 vetusta
2867 4707 3107 4776 quadam
3139 4709 3420 4780 superbia,

172 4797 349 4853 cordia;
379 4798 606 4868 signum
633 4792 1029 4856 consonantiae,
1057 4792 1204 4863 quod
1260 4790 1331 4844 ab
1365 4790 1446 4844 eis
1484 4806 1606 4860 quae
1642 4789 1802 4868 sibi“
1828 4794 2097 4859 tanquam
2117 4789 2225 4860 ipsi
2238 4790 2376 4860 justi
2405 4795 2611 4855 essent,
2633 4791 2881 4846 videntes
2897 4795 3232 4866 stipulamin
3263 4800 3421 4854 oculo

173 4851 481 4952 didicerant,
505 4887 564 4940 in
586 4884 761 4939 nihilo
788 4851 1157 4953 discrepabat.
1444 4897 1456 4906 ·
1499 4851 1520 4860 ⁸
1760 4851 1804 4911 C
1829 4851 2033 4942 alieno,
2062 4885 2119 4931 et
2142 4851 2262 4932 non
2300 4878 2518 4932 trabem
2561 4851 2621 4933 in
2664 4896 2796 4942 suo;
2836 4851 2987 4935 sicut
3008 4851 3245 4940 interest

235 4974 313 5031 18.
332 4977 536 5032 Lmen.
565 4976 831 5029 Barnabas
850 4974 1137 5027 societatis.
1170 4970 1279 5024 Per
1305 4970 1408 5022 hoc
1428 4967 1671 5023 ostendit
1689 4982 1748 5021 se
1830 4966 2128 5021 irridentes
2156 4976 2212 5020 et
2240 4967 2516 5028 irrisores,
2548 4967 2697 5022 inter
2722 4979 3156 5035 murmurantes,
3189 4980 3246 5028 et
3266 4992 3422 5030 muro

176 5061 557 5135 discipulorum
605 5062 813 5117 Christi
864 5076 976 5114 non
1005 5059 1178 5114 fuisse
1205 5057 1578 5129 discipulum;
1609 5054 1749 5110 alio-
1830 5061 2165 5122 muratores,
2194 5056 2342 5110 inter
2367 5055 2675 5110 scribentes
2703 5063 2761 5111 et
2782 5058 3098 5129 scriptores.
3134 5069 3190 5116 et
3221 5071 3423 5121 caetera

176 5153 295 5221 quin
320 5170 432 5208 non
448 5171 511 5208 se
537 5152 751 5206 socium
772 5154 1011 5205 vocaret.
1831 5144 2072 5212 similia;
2134 5146 2215 5199 ita
2266 5145 2556 5215 Scriptura
2585 5153 2903 5215 peccatores
2958 5150 3238 5218 appellare
3286 5169 3421 5208 conc-

240 5241 319 5299 19.
344 5244 602 5297 AUGUST.
630 5240 816 5311 (epist.
846 5236 915 5295 40
934 5240 1007 5293 ad
1029 5239 1235 5292 Hieron
1264 5276 1277 5302 ,
1309 5240 1445 5289 tom.
1486 5233 1586 5302 II).
1612 5236 1749 5303 Cum
1830 5234 2011 5288 suevit
2030 5234 2189 5288 valde
2219 5234 2463 5305 iniquos,
2492 5240 2550 5288 et
2578 5244 2935 5305 peccatorum
2961 5237 3194 5294 sarcinis
3218 5255 3420 5298 onera-

176 5335 384 5386 venisset
415 5332 635 5401 Cephas.
661 5330 856 5399 Neque
869 5328 1014 5382 enim
1031 5342 1301 5396 negamus
1330 5324 1385 5377 in
1398 5325 1501 5377 hac
1528 5328 1751 5378 sentené
1829 5327 1935 5377 tos.

178 5418 248 5473 tia
262 5421 431 5476 fuisse
453 5422 570 5491 jam
604 5419 859 5481 Petrum,
889 5417 945 5470 in
977 5432 1090 5486 qua
1121 5421 1179 5468 et
1223 5414 1432 5468 Paulus
1459 5412 1593 5479 fuit;
1635 5429 1748 5467 non
1898 5411 1984 5469 25.
2015 5413 2212 5469 Lmen
2264 5415 2582 5467 Peccatores.
2619 5413 2876 5471 Generali
2923 5414 3188 5473 vocabulo
3220 5437 3416 5492 pecca-

180 5508 349 5581 itaque
363 5516 639 5565 tunceum
667 5506 801 5578 quid
814 5507 873 5560 in
901 5522 969 5559 ea
988 5522 1049 5559 re
1080 5520 1272 5559 verum
1305 5508 1468 5567 esset,
1489 5500 1744 5565 docebat,
1829 5505 1979 5556 tores
2001 5506 2160 5556 vocat
2192 5500 2532 5556 idololatras.

180 5598 264 5655 sed
294 5602 413 5671 ejus
436 5596 964 5662 dissimulationem,
995 5610 1109 5664 qua
1135 5598 1330 5664 gentes
1355 5591 1643 5662 judaiaare
1662 5606 1749 5644 co-

434 5646 964 5791 §;}i“o;{'ci.}""
1355 5646 1375 5662 ’
1495 5646 1501 5649 ⁷
1950 5646 1959 5651 “
3152 5703 3191 5765 υ
