3912 6390
563 313 666 409 un

1550 315 2840 412 ﬁ.LANFRANCicANTUAR.ARCHuua

3719 359 3807 414 258

562 465 768 531 calores
798 480 1156 532 vocabantur.
1172 463 1423 532 Scientes
1435 481 1620 531 autem
1636 481 1782 549 quod
1806 498 1915 534 non
1929 483 2271 552 justiﬁcatur
2295 482 2464 535 homo
2486 481 2573 536 26.
2599 500 2665 534 ex
2687 481 2945 552 operibus
2973 481 3130 551 legis,
3147 481 3252 534 nisi
3277 499 3375 552 per
3401 473 3574 535 ﬁdem.
3597 463 3798 536 lenium

558 563 693 616 Jesu
713 565 946 632 Christi;
988 570 1045 620 et
1075 583 1177 619 nos
1206 564 1263 619 in
1282 565 1502 618 Christo
1533 567 1665 620 Jesu
1685 569 1987 633 credimus,
2020 576 2084 623 ut
2097 571 2472 639 justiﬁcemur
2499 587 2564 623 ex
2588 571 2697 624 ﬁde
2727 571 2952 633 Christi,
2992 576 3048 623 et
3075 586 3186 623 non
3237 587 3301 622 ex
3354 571 3615 640 operibus
3645 572 3804 641 legis;

557 657 788 724 propter
802 654 950 724 quod
967 654 1126 722 (quia
1150 671 1218 708 ea:
1243 655 1346 722 ﬁde
1376 655 1582 709 Christi
1611 659 1856 726 tantum)
1883 675 1946 712 ex
1968 659 2229 726 operibus
2255 660 2395 729 legis
2425 676 2535 713 non
2558 659 2963 728 justiﬁcabitur
2991 659 3173 711 omnis
3194 676 3351 714 caro.
3401 661 3519 713 Huc
3542 677 3705 730 usque
3730 663 3808 712 in-

557 733 854 816 terpositio,
885 747 933 796 et
958 745 1119 797 verba
1157 743 1401 811 Apostoli
1421 745 1497 796 ad
1523 744 1780 799 Petrum.
1813 744 1902 812 27,
1937 745 2023 802 '28.
2061 747 2220 810 Quod
2252 749 2299 801 si
2323 754 2634 818 quaerentes
2657 747 2958 819 justiﬁcari
2993 749 3051 801 in
3082 748 3304 802 Christo
3331 754 3571 815 tantum,
3608 749 3805 804 inventi

555 820 751 885 sumus
770 837 826 885 et
843 831 950 903 ipsi
973 837 1311 903 peccatores,
1331 832 1420 895 29,
1445 833 1700 904 nunquid
1725 835 1984 890 Christus
1998 836 2479 906 peccatiminister
2507 838 2631 892 est?
2655 839 2748 891 Est
2771 841 2981 906 utique,
3017 841 3068 890 si
3094 841 3167 890 sit
3198 839 3358 890 illud.
3378 837 3542 892 Absit
3569 844 3631 892 ut
3661 840 3806 895 Chri-

549 923 669 973 stus
699 923 958 982 minister
982 924 1054 976 sit
1066 925 1277 991 peccati
1291 926 1310 974 1
1343 919 1428 988 30,
1455 919 1542 977 31.
1573 922 1634 977 Si
1664 923 1814 977 enim
1846 941 1971 994 quae
1993 926 2260 990 destruxi,
2290 929 2354 980 in
2381 929 2490 994 lege
2515 944 2621 980 esse
2635 929 3117 993 justiﬁcationem,
3143 926 3347 979 iterum
3378 926 3494 981 haec
3522 920 3802 994 resediﬁco;

547 1008 1032 1080 praevaricatorem
1077 1026 1168 1064 me
1210 1009 1509 1076 constituo,
1544 1027 1657 1066 non
1682 1015 1903 1068 credens
1929 1016 2081 1082 quod.
2100 1016 2238 1079 dico,
2266 1015 2326 1068 id
2355 1021 2448 1079 est,
2473 1031 2570 1082 per
2600 1019 2767 1082 legem
2780 1018 3112 1084 justiﬁeare.
3143 1016 3288 1069 Unde
3306 1017 3441 1068 hoc?
3477 1017 3762 1085 Respondet
3790 1037 3803 1070 :

546 1103 689 1150 cur!
718 1100 853 1170 quia
879 1115 996 1169 qua
1016 1100 1288 1164 destruat,
1320 1102 1606 1154 constituo.
1634 1099 1722 1166 32,
1757 1100 1844 1166 33,
1870 1100 1957 1157 34.
1976 1103 2090 1172 Ego
2121 1101 2269 1156 enim
2287 1119 2387 1172 per
2409 1103 2586 1172 legem
2605 1105 2976 1170 spiritualem,
3004 1103 3112 1172 legi
3145 1107 3401 1156 mortuus
3438 1121 3589 1173 sum,
3615 1110 3678 1158 ut
3697 1106 3798 1160 Deo

542 1183 856 1252 vivam;35.
879 1187 1120 1252 Christo,
1140 1189 1410 1257 sequendo
1433 1191 1549 1257 ejus
1580 1192 1830 1256 uestigia,
1851 1193 2102 1244 conﬁxus
2118 1207 2243 1245 sum
2275 1190 2443 1244 cruci.
2473 1188 2561 1245 36.
2599 1191 2734 1244 Vivo
2765 1196 2975 1256 autem,
3005 1191 3126 1260 jam
3165 1177 3277 1246 non
3304 1209 3406 1262 ego
3433 1197 3492 1244 ut
3520 1196 3699 1260 prius,
3731 1197 3802 1247 vel

537 1276 639 1342 qui
665 1276 757 1341 fui
777 1293 793 1329 :
819 1272 906 1340 37,
943 1273 1182 1332 38.vivit
1199 1293 1329 1334 vero
1357 1277 1416 1330 in
1446 1293 1537 1330 me
1567 1278 1844 1344 Christus,
1869 1284 2138 1346 quoniam
2162 1285 2335 1333 vitam
2362 1281 2522 1334 illius
2548 1282 2925 1332 immortalem
2954 1285 3152 1346 sperat.
3183 1281 3609 1347 ExponitQuod
3625 1287 3801 1335 autem

536 1378 688 1417 nunc
715 1363 835 1418 vivo
866 1364 924 1417 in
953 1381 1140 1428 carne,
1167 1364 1226 1418 in
1255 1365 1366 1420 ﬁde
1381 1365 1504 1418 vivo
1535 1366 1660 1419 Filii
1680 1367 1800 1432 Dei,
1833 1367 1929 1436 qui
1956 1369 2150 1422 dilexit
2183 1385 2288 1434 me,
2307 1370 2691 1436 (commendati
2721 1374 2778 1421 et
2807 1367 3041 1422 tradidit
3070 1368 3430 1438 semetipsum
3455 1387 3557 1440 pro
3578 1373 3802 1425 meJdeo

534 1449 620 1530 39,
657 1449 742 1512 40.
773 1452 899 1508 Non
929 1451 1127 1521 abjicio
1155 1453 1400 1524 gratiam
1421 1453 1543 1512 Dei.
1574 1453 1667 1521 41,
1690 1454 1778 1511 42.
1809 1455 1867 1510 Si
1898 1456 2047 1510 enim
2077 1474 2176 1527 per
2200 1458 2382 1528 legem
2399 1457 2644 1528 justitia,
2681 1473 2793 1512 non
2812 1473 2908 1525 per
2928 1463 3156 1511 mortem
3181 1458 3404 1524 Christi,
3431 1474 3565 1528 ergo
3594 1455 3802 1530 43.gra-

529 1539 605 1594 tis
633 1539 894 1596 Christus
913 1546 1171 1598 mortuus
1194 1546 1298 1596 est.

1871 1645 2460 1702 COMMENTARIUS.

599 1733 692 1796 26.
707 1739 790 1793 Ea:
810 1739 1064 1807 operibus
1085 1740 1235 1806 tegis.
1261 1737 1611 1810 Exoperibus
1627 1739 1786 1810 legis,
1808 1757 1921 1796 non
1946 1761 1956 1808 ;
1988 1759 2119 1796 nam
2137 1749 2186 1806 Α
2207 1743 2326 1814 lege
2343 1744 2705 1814 praedicatum
2722 1743 2908 1797 inveni
2931 1743 3238 1813 Christum,
3261 1745 3352 1800 cui
3383 1745 3636 1812 credens,
3662 1762 3798 1799 mor-

523 1826 576 1882 si
604 1826 710 1882 hoc
736 1830 904 1893 esset,
917 1826 1100 1881 nonin
1119 1826 1344 1882 Christo
1361 1833 1583 1883 tantum
1604 1835 1751 1883 esset
1771 1830 2120 1899 justiﬁcatio,

520 1916 621 1974 sed
641 1916 700 1970 in
720 1914 946 1974 Christo
963 1920 1185 1972 tantum
1217 1922 1319 1970 est.
1336 1917 1396 1972 Si
1420 1917 1479 1971 in
1509 1917 1731 1972 Christo
1759 1923 1979 1974 tantum
2009 1937 2122 1976 non

516 2010 605 2066 est
633 2004 982 2075 justificatio,
1013 2021 1310 2076 peccamus
1357 2008 1476 2078 qui,
1539 2009 1858 2064 deserentes
1915 2012 2112 2081 legem,

2206 1838 2336 1886 tuus
2357 1849 2482 1886 sum
2509 1833 2638 1902 legi.

2278 1920 2364 1977 33.
2381 1923 2630 1975 AUGUST.
2652 1923 2824 1989 (ibid)
2843 1923 2952 1989 Ego
2965 1925 3114 1976 enim
3120 1925 3417 1990 perlegem.
3438 1923 3582 1986 Quia
3622 1927 3661 1989 Ι
3677 1929 3796 1988 τε

2199 2010 2424 2064 Judaeus
2439 2011 2706 2074 fuerat,et
2716 2015 2985 2080 tanquam
2999 2011 3365 2081 paedagogum
3380 2011 3561 2080 legem
3578 2028 3794 2083 accepe-

517 2094 820 2166 quaerimus
843 2094 1142 2151 tantumin
1156 2094 1380 2150 Christo
1394 2097 1706 2166 justiﬁcari;
1738 2099 1834 2153 sed
1882 2101 1986 2152 hoc
2003 2117 2114 2153 non
2199 2104 2307 2152 rat.
2343 2099 2462 2152 Hoc
2481 2104 2669 2152 autem
2702 2099 2891 2167 agitur
2938 2115 3038 2169 per
3085 2100 3470 2169 paedagogum,
3503 2106 3566 2153 ut
3597 2117 3711 2154 non
3725 2101 3795 2154 sit

515 2189 602 2238 est
626 2202 639 2250 ;
667 2200 802 2238 nam
831 2183 880 2238 si
901 2183 1006 2237 hoc
1035 2188 1201 2250 esset,
1238 2185 1386 2255 quod
1415 2202 1776 2256 peccaremus
1804 2194 2117 2258 quaerentes
2199 2203 2338 2256 opus
2368 2187 2704 2256 paedagogo:
2736 2186 2880 2240 sicut
2905 2203 3005 2256 per
3031 2186 3206 2240 ubera
3232 2187 3484 2240 nutritur
3507 2187 3794 2254 infans,ut

508 2277 732 2330 tantum
754 2272 1053 2342 justiﬁcari
1080 2289 1183 2343 per
1210 2273 1515 2338 Christum,
1551 2276 1808 2330 Christus
1860 2277 2117 2331 minister
2192 2276 2313 2345 jam
2342 2274 2611 2329 uberibus
2640 2291 2752 2328 non
2773 2274 3042 2344 indigeat.

509 2367 658 2417 esset
677 2361 918 2432 peccati;
954 2362 1051 2416 sed
1072 2361 1177 2416 hoc
1208 2361 1354 2416 absit
1382 2369 1447 2416 ut
1477 2364 1732 2420 Christus
1754 2366 1828 2419 sit
1855 2366 2113 2420 minister

2266 2363 2354 2418 34.
2381 2365 2583 2418 LANFR.
2623 2365 2729 2431 Ego
2787 2367 2932 2417 enim
2991 2380 3090 2432 per
3119 2368 3306 2431 legen'.
3355 2364 3441 2418 Ad
3501 2365 3789 2435 superiora

504 2449 751 2522 peccati!
777 2454 920 2522 ergo
956 2466 1070 2504 non
1114 2467 1409 2520 peccamus
1441 2459 1756 2523 quaerentes
1785 2453 1843 2508 in
1885 2455 2108 2508 Christo
2190 2452 2478 2522 probanda
2499 2453 2670 2508 redit.
2704 2452 2856 2506 Dixit
2875 2453 3134 2523 superius
3147 2453 3294 2522 quod
3321 2470 3388 2506 ex
3407 2454 3789 2523 Operibusnon

497 2539 1058 2609 tantumjustiﬁcari.
1093 2540 1251 2604 Quod
1274 2540 1320 2594 si
1353 2557 1546 2595 verum
1577 2548 1680 2603 est,
1728 2559 1860 2612 ergo
1884 2560 1950 2596 ex
1981 2559 2107 2613 Ope-

496 2626 652 2681 ribus
675 2627 813 2698 legis
845 2644 954 2682 non
979 2629 1382 2697 justiﬁcabitur
1402 2631 1584 2685 omnis
1614 2648 1764 2696 caro;
1793 2648 1921 2685 nam
1936 2633 1982 2685 si
2000 2633 2104 2686 hoc

498 2715 709 2790 dixero,
733 2717 1216 2787 praevaricatorem
1234 2736 1324 2773 me
1339 2721 1640 2785 constituo,
1687 2720 1977 2790 quilegem
2007 2721 2100 2774 de-

497 2806 794 2873 seruerim,
827 2821 996 2877 qnam
1016 2807 1421 2877 justiﬁcantem
1450 2810 1713 2864 concedo.

568 2893 658 2952 27.
690 2895 937 2950 AMBROS.
973 2897 1125 2963 Quod
1161 2900 1212 2951 si
1255 2904 1571 2966 querentes.
1605 2899 1704 2952 Est
1754 2899 2094 2953 obscuritate

497 2984 782 3058 involutus
809 2984 1149 3040 intellectus.
1185 2987 1321 3039 Vult
1357 2992 1547 3041 autem
1603 2988 1807 3051 dicere,
1837 2990 1985 3059 quod
2005 3006 2094 3042 se-

2183 2541 2526 2610 justiticatur
2538 2541 2718 2595 omnis
2741 2558 2901 2608 caro;
2938 2547 2994 2594 et
3022 2542 3125 2595 hoc
3147 2541 3347 2612 probat
3358 2542 3547 2596 dicens
3563 2559 3626 2597 se
3645 2559 3788 2597 mor-

2185 2635 2347 2683 tuum
2402 2630 2513 2699 legi
2576 2647 2691 2684 suae
2736 2646 2838 2700 per
2878 2631 3058 2699 legem
3089 2630 3319 2692 Christi,
3371 2636 3435 2683 ut
3462 2632 3577 2684 Deo
3605 2631 3780 2698 vivat;

2183 2719 2393 2771 frustra
2421 2719 2569 2772 enim
2595 2724 2914 2772 moreretur
2941 2719 3051 2788 legi
3087 2735 3200 2772 suae
3228 2725 3290 2771 ut
3318 2719 3433 2772 Deo
3479 2719 3710 2786 viveret,
3741 2719 3785 2773 si

2178 2823 2280 2877 per
2309 2823 2431 2860 eam
2464 2807 2763 2876 justiﬁcari
2805 2811 3010 2878 posset,
3058 2823 3185 2860 cum
3223 2807 3364 2860 nihil
3393 2807 3467 2860 sit
3491 2807 3648 2862 aliud
3672 2809 3784 2863 Deo

2175 2895 2357 2949 vivere
2387 2912 2554 2966 quam
2575 2896 2632 2949 in
2659 2901 2957 2966 conspectu
2988 2895 3090 2949 Dei
3116 2897 3334 2965 justum
3365 2912 3502 2950 esse.

2365 2986 2578 3039 Christo
2616 2989 2887 3052 conﬁxus,
2921 2986 2976 3039 id
3008 2991 3112 3049 est,
3143 3003 3271 3039 cum
3307 2987 3528 3041 Christo
3561 2988 3782 3042 cruciﬁ-

496 3073 743 3131 cundum
798 3074 983 3144 legem
1032 3091 1146 3129 non
1179 3076 1590 3145 justiﬁcemur:
1650 3078 1984 3132 accessimus
2022 3079 2092 3132 ad
2115 3086 2158 3144 Β
2181 3089 2281 3126 xus
2307 3090 2431 3126 sum
2462 3073 2607 3128 sicut
2633 3074 2728 3127 ille
2767 3091 2958 3140 carne,
2987 3074 3070 3128 ita
3089 3091 3192 3144 ego
3242 3075 3392 3130 vitiis
3432 3081 3489 3129 et
3515 3077 3782 3149 concupi-

496 3162 788 3219 Christum
806 3163 969 3232 quasi
997 3178 1099 3232 per
1134 3179 1264 3217 eum
1291 3164 1656 3233 justiﬁcandi.
1692 3166 1751 3219 Si
1778 3171 1964 3219 autem
1993 3167 2098 3220 hac

496 3267 596 3322 spe
627 3251 690 3305 in
711 3265 840 3305 eum
883 3251 1172 3306 credentes
1225 3252 1545 3307 invenimur
1585 3259 1926 3323 peccatores,
1969 3255 2101 3324 quia

496 3340 681 3410 legem
701 3355 815 3393 non
843 3339 1216 3406 custodimus,
1242 3339 1462 3394 videtur
1490 3341 1730 3396 adventu
1761 3359 1863 3397 suo
1888 3345 2100 3413 peccati

496 3427 783 3482 exstitisse
802 3427 1074 3498 provisor.

516 3569 522 3574 .
568 3516 657 3574 28.
684 3519 933 3572 AUGUST.
956 3517 1167 3588 (Expos.
1201 3519 1266 3572 in
1295 3519 1467 3587 Epist.
1501 3521 1575 3573 ad
1598 3519 1719 3574 Gal.
1744 3537 1793 3573 c.
1835 3523 1916 3589 II.)
1951 3522 2103 3589 Quod

497 3608 550 3661 si
576 3611 894 3675 querentes.
918 3606 1005 3659 An
1025 3605 1168 3660 forte
1197 3607 1330 3678 quia
1347 3607 1404 3662 in
1428 3607 1652 3663 Christo
1682 3609 1978 3663 voluerunt
1989 3612 2104 3680 jus-

493 3694 720 3764 ῥῦσαι-ἱ,
751 3697 1166 3766 peccaverunt?
1222 3697 1366 3760 Quia
1415 3697 1462 3750 si
1511 3698 1652 3767 justi
1703 3703 1884 3764 erant,
1907 3701 2101 3769 utique

491 3784 652 3840 aliud
683 3785 991 3856 quaerendo
1031 3791 1420 3856 peccaverunt.
1458 3786 1568 3840 Sed
1623 3786 1671 3840 si
1721 3786 1802 3840 ita
1829 3793 1932 3854 est,
1966 3804 2098 3856 ergo

499 3873 754 3930 Christus
773 3874 1033 3929 minister
1045 3881 1132 3929 est
1159 3874 1393 3947 peccati.

568 3962 655 4021 29.
705 3965 911 4019 Lmen.
957 3965 1230 4034 Nunquid
1257 3965 1533 4020 Christus.
1567 3961 1644 4018 Ex
1673 3980 1914 4034 persona
1940 3965 2098 4019 inﬁr-

498 4068 722 4107 morum
749 4052 855 4106 hoc
885 4051 992 4106 sibi
1021 4053 1179 4107 dicit.
1229 4051 1379 4107 Dixit
1427 4051 1648 4106 Judseos
1693 4053 1950 4124 snperius
1988 4068 2099 4107 non

497 4157 620 4196 esse
651 4145 1012 4212 peccatores;
1065 4147 1123 4195 et
1164 4147 1362 4212 postea
1411 4139 1709 4195 subintulit
1743 4143 1890 4212 quod
1930 4142 2101 4196 etiam

496 4228 605 4300 ipsi
636 4229 1022 4298 justiﬁcantur
1040 4246 1106 4282 ex
1133 4230 1242 4283 ﬁde
1261 4231 1290 4283 J
1295 4246 1393 4284 esu
1419 4229 1647 4297 Christi;
1663 4231 1759 4284 sed
1784 4231 1966 4284 omnis
2007 4228 2101 4300 qui

492 4317 853 4389 justiﬁcatur,
887 4317 944 4371 in
1003 4324 1230 4388 peccato
1279 4317 1404 4373 fuit.
1437 4318 1744 4374 Videbatur
1783 4337 1915 4391 ergo
1954 4319 2101 4372 male

2181 3162 2435 3218 scentiis.

2253 3249 2340 3306 36.
2373 3253 2621 3306 AMBROS.
2655 3253 2774 3305 Vivo
2804 3256 3007 3318 autem,
3032 3251 3163 3322 quia
3178 3251 3237 3306 in
3266 3253 3604 3322 baptismate
3632 3270 3784 3308 mor-

2182 3339 2254 3392 tis
2277 3345 2334 3392 et
2360 3339 2786 3393 resurrectionis
2814 3339 2996 3394 forma
3034 3341 3318 3412 impletur.
3375 3343 3453 3395 Ea
3503 3358 3629 3412 quae
3663 3343 3786 3414 ipsa

2184 3444 2244 3482 re
2269 3427 2460 3483 futura
2486 3433 2635 3494 sunt,
2669 3428 2816 3482 facta
2862 3430 2981 3498 jam
3019 3429 3172 3498 dicit,
3217 3430 3350 3501 quia
3392 3447 3584 3485 eorum
3616 3431 3787 3486 habet

2184 3533 2362 3586 spem.

2257 3604 2344 3661 37.
2389 3607 2523 3660 Vivit
2549 3621 2672 3659 vero
2706 3609 2767 3660 in
2792 3623 2876 3659 me
2913 3607 3183 3674 Christus,
3212 3608 3480 3678 quoniam
3525 3607 3685 3663 illius
3702 3608 3783 3662 vi-

2185 3701 2299 3750 tam
2327 3695 2621 3749 mortalem
2646 3712 2744 3766 spe
2778 3695 2926 3749 vivit.
3705 3753 3734 3758 η

2253 3781 2340 3840 38.
2363 3786 2613 3838 Auacsr.
2649 3786 2827 3854 (ibid)
2873 3786 3006 3838 Vivit
3035 3801 3160 3839 vero
3185 3788 3247 3839 in
3278 3802 3364 3840 me
3394 3785 3672 3842 Christus.
3698 3785 3787 3842 Vi-

2180 3873 2262 3926 vit
2287 3888 2414 3926 vero
2459 3873 2517 3925 in
2545 3890 2635 3926 me
2673 3873 2950 3939 Christus,
2985 3873 3116 3944 quid
3164 3874 3332 3943 ergo?
3375 3876 3534 3944 Nega
3561 3881 3641 3936 te,
3667 3876 3785 3930 noli

2179 3967 2244 4014 tu
2273 3961 2391 4030 ipse
2419 3960 2601 4014 vivere
2628 3960 2685 4014 in
2709 3966 2784 4014 te.
2820 3961 2964 4024 Quid
2995 3967 3081 4015 est
3110 3962 3223 4016 noli
3271 3969 3335 4016 tu
3378 3963 3559 4020 vivere
3611 3963 3676 4018 in
3704 3970 3781 4029 te,

2183 4045 2290 4100 nisi
2319 4044 2500 4100 facere
2529 4046 2877 4100 voluntatem
2909 4052 3087 4110 tuam,
3120 4047 3219 4101 sed
3253 4047 3405 4102 illius
3437 4047 3531 4118 qui
3559 4047 3787 4103 habitat

2181 4135 2242 4188 in
2271 4135 2365 4187 te?

2251 4219 2342 4278 39.
2377 4222 2555 4290 (ibid.)
2588 4224 2713 4277 Non
2741 4225 2959 4293 abjicio.
2996 4222 3054 4278 Si
3079 4239 3212 4294 ergo
3247 4241 3334 4280 me
3363 4224 3621 4280 Christus
3642 4225 3782 4280 dile-

2182 4315 2280 4383 xit,
2314 4321 2370 4369 et
2397 4315 2630 4370 tradidit
2651 4316 3016 4388 semetipsum
3047 4334 3147 4388 pro
3168 4335 3277 4386 me,
3308 4335 3419 4373 non
3448 4319 3674 4374 irritam
3693 4320 3780 4375 fa-

495 4405 836 4476 intelligenti
863 4406 950 4477 [[2,
982 4405 1264 4476 intelligi],
1297 4411 1362 4460 ut
1388 4407 1642 4462 Christus
1692 4414 1920 4479 peccata
1947 4408 2104 4478 prius
2121 4407 2161 4469 C
2177 4405 2262 4460 cio
2291 4405 2534 4475 gratiam
2557 4405 2675 4473 Dei,
2711 4411 2775 4459 ut
2802 4406 2983 4460 dicam
3008 4423 3109 4476 per
3127 4407 3308 4478 legem
3325 4425 3447 4462 esse
3468 4409 3776 4479 justitiam.

495 4495 867 4562 ministraret,
900 4499 965 4549 ut
990 4511 1092 4566 per
1120 4495 1290 4550 ﬁdem
1346 4501 1402 4550 et
1442 4497 1687 4567 gratiam
1714 4514 1875 4552 suam
1904 4502 2098 4568 postea

495 4583 817 4640 viviﬁcaret.

568 4673 658 4728 30.
697 4673 761 4728 Si
781 4674 933 4727 enim
981 4689 1099 4743 quae
1141 4675 1407 4730 destruwi.
1443 4675 1615 4739 Quasi
1670 4675 1916 4728 diceret:
1941 4674 2099 4728 Hanc

497 4763 862 4834 quaestionem
883 4778 1030 4834 saepe
1051 4763 1189 4818 mihi
1217 4763 1532 4836 oppositam
1553 4763 1833 4830 destruxi;
1857 4779 2024 4833 quam
2049 4764 2096 4818 si

494 4851 704 4906 iterum
731 4852 961 4919 aediﬁco,
995 4853 1323 4910 mendacem
1372 4859 1430 4908 et
1480 4853 1962 4924 praevaricatorem
2007 4869 2098 4908 me

493 4941 797 4998 constituo.

567 5032 1097 5101 3l.AUGus'r.(ibid.)
1118 5033 1182 5088 Si
1200 5036 1352 5087 enim
1377 5047 1494 5099 quae
1513 5032 1781 5084 destruafi.
1813 5030 2099 5085 Destruxit

493 5128 683 5178 autem
708 5121 1028 5192 superbiam
1046 5121 1385 5192 gloriantem
1403 5119 1472 5173 de
1518 5117 1778 5188 operibus
1807 5119 1945 5188 legis
1974 5137 2097 5189 quae

490 5211 703 5267 destrui
734 5217 791 5265 et
818 5210 1050 5266 deberet
1069 5215 1126 5264 et
1148 5214 1357 5280 posset,
1392 5224 1463 5261 ne
1511 5207 1696 5276 gratia
1719 5207 1850 5261 ﬁdei
1879 5208 2096 5263 videre-

486 5307 585 5355 tur
604 5317 716 5355 non
747 5299 1086 5366 necessaria;
1113 5303 1171 5352 et
1191 5298 1316 5351 ideo
1341 5296 1732 5366 praevaricator
1753 5303 1858 5360 est,
1891 5297 1938 5350 si
1967 5315 2094 5351 rur-

489 5407 586 5444 sus
617 5391 713 5443 illa
735 5389 994 5454 aediﬁcat,
1025 5387 1214 5442 dicens
1247 5386 1396 5455 quod
1419 5401 1592 5455 opera
1623 5385 1789 5439 etiam
1813 5387 1950 5456 legis
1977 5387 2095 5442 sine

485 5477 670 5549 gratia
687 5478 1020 5548 justiﬁcant,
1051 5481 1118 5530 ut
1137 5473 1392 5528 Christus
1422 5473 1633 5545 peccati
1660 5474 1920 5530 minister
1947 5477 2097 5531 inve-

486 5567 695 5622 niatur.

556 5655 642 5712 32.
672 5657 921 5713 Alanos.
953 5654 1062 5721 Ego
1089 5654 1242 5707 enim
1287 5669 1388 5722 per
1435 5653 1624 5721 legem.
1659 5655 1723 5708 In
1777 5654 1902 5725 ipsa
1931 5656 2082 5712 enim

2252 4495 2341 4550 40.
2370 4494 2577 4549 Lmen.
2612 4496 2732 4550 Non
2751 4497 2968 4564 abjicio.
3010 4496 3293 4562 Quamvis,
3311 4497 3515 4568 inquit,
3548 4499 3782 4554 Judaeus

2178 4584 2306 4650 sim,
2338 4590 2396 4638 et
2410 4583 2762 4638 observantia
2784 4585 2923 4654 legis
2957 4585 3149 4639 videar
3175 4603 3295 4640 esse
3313 4587 3518 4656 justus,
3552 4603 3670 4642 non
3699 4593 3784 4643 ta-

2180 4690 2309 4728 men
2333 4673 2530 4744 abjicio
2550 4675 2793 4744 gratiam
2823 4673 2943 4741 Dei,
2974 4674 3033 4728 id
3053 4680 3156 4742 est,
3171 4676 3557 4731 remissionem
3586 4693 3784 4748 pecca-

2177 4769 2364 4818 torum
2394 4781 2495 4835 per
2531 4764 2698 4817 ﬁdem
2719 4763 2945 4818 Christi.

2250 4851 2346 4909 41.
2379 4854 2444 4908 Si
2466 4857 2615 4906 enim
2631 4869 2734 4922 per
2753 4857 2937 4921 legem.
2962 4852 3048 4906 Ad
3065 4853 3355 4924 superiora
3378 4854 3516 4908 item
3534 4855 3781 4926 proban-

2179 4943 2252 4996 da
2274 4941 2438 5007 redit,
2452 4945 2588 5010 quia
2605 4959 2668 4996 ea:
2682 4943 2931 5011 operibus
2954 4945 3084 5010 legis
3106 4959 3215 4996 non
3223 4946 3574 5011 justiﬁcatur
3589 4949 3780 5001 omnis

2178 5021 2329 5096 caro,
2349 5037 2452 5086 etc.
2484 5032 2837 5086 Contrarium
2854 5037 3070 5102 partem
3088 5031 3159 5084 ad
3179 5032 3570 5088 inconveniens
3597 5034 3778 5092 ducit.

2251 5121 2339 5176 42.
2369 5121 2432 5174 Si
2456 5124 2603 5174 enim
2631 5137 2728 5190 per
2756 5125 2922 5189 legem
2945 5124 3190 5189 justitia.
3223 5128 3329 5176 etc.
3359 5123 3556 5178 Adhuc
3573 5124 3785 5195 probat

2179 5227 2281 5281 per
2309 5210 2490 5279 legem
2518 5227 2629 5264 non
2667 5227 2789 5265 esse
2830 5209 3146 5280 justitiam;
3201 5227 3331 5265 nam
3383 5212 3430 5265 si
3468 5213 3572 5266 hoc
3603 5220 3776 5279 esset,

2176 5316 2287 5353 non
2314 5305 2460 5354 esset
2517 5317 2617 5370 per
2647 5300 2962 5366 Christum;
3014 5299 3118 5352 etsi
3171 5317 3282 5354 non
3313 5308 3462 5355 esset
3486 5319 3588 5372 per
3609 5303 3782 5357 Chri-

2176 5396 2347 5455 stum,
2381 5405 2532 5443 mors
2562 5389 2766 5443 Christi
2796 5389 2972 5458 gratis
3017 5388 3142 5458 fuit,
3175 5389 3230 5441 id
3277 5397 3380 5453 est,
3421 5407 3597 5458 cassa,
3642 5409 3780 5447 cum

2176 5478 2394 5531 nullum
2425 5479 2666 5533 fructum
2697 5477 2969 5532 attulerit.
2995 5477 3149 5532 Inter
3175 5478 3567 5534 difﬁnitionem
3589 5485 3645 5534 et
3673 5481 3782 5536 dif~

2171 5567 2416 5622 ﬁnitum.

2238 5655 2326 5712 43.
2363 5658 2614 5713 Christus
2641 5661 2819 5725 gratis
2857 5662 3109 5711 mortuus
3147 5662 3241 5710 est.
3266 5656 3353 5711 Ad
3380 5657 3487 5712 hoc
3511 5657 3779 5715 Christus
