3912 6430
126 380 216 440 269
796 387 874 441 ΙΝ
911 387 977 442 D.
1019 386 1234 443 PAULI
1271 387 1493 444 EPIST.
1536 386 1904 446 COMMENT.
1942 418 2014 430 —
2050 388 2274 446 EPIST.
2311 390 2410 447 AD
2445 391 2702 448 GALAT.
3273 389 3382 452 270

1550 565 1786 622 CAPUT
1810 567 1911 625 III.

176 703 225 756 1.
246 701 292 756 Ο
316 700 589 757 insensati
604 701 831 764 Galatia,
856 701 981 774 quis
1003 717 1099 757 vos
1114 699 1410 756 fascinavit
1426 697 1643 769 (tener:
1660 718 1745 756 res
1765 708 1815 756 et
1837 704 2131 758 imbecilles
2145 704 2418 759 dicuntur
2437 703 2732 773 fascinari)
2751 718 2866 759 non
2878 703 3109 760 obedire
3128 703 3374 774 veritati,

114 793 160 859 2,
183 794 237 859 3,
266 790 321 854 4,
351 797 483 845 ante
512 807 749 862 quorum
778 791 966 844 oculos
996 790 1046 846 5.
1077 791 1238 845 Jesus
1270 789 1526 845 Christus
1546 792 1902 863 praescriptus
1931 796 2035 858 est,
2058 794 2360 848 damnatus
2390 798 2484 858 est,
2519 794 2656 848 dum
2680 809 2769 848 vos
2798 795 3087 850 hereditas
3116 812 3221 851 sua
3248 798 3385 851 sub-

117 883 407 936 trahimini
434 883 560 947 sibi,
593 880 650 934 in
674 879 828 934 vobis
856 879 1192 935 cruciﬁxus?
1237 884 1286 934 et
1326 883 1437 949 ipse
1482 882 1907 936 exhareditatur
1934 883 2237 949 cruciﬁxus
2263 896 2366 951 pro
2394 884 2561 949 vobis,
2601 885 2683 937 vel
2710 883 2964 937 habentes
3010 886 3075 938 in
3104 888 3379 940 memoria

113 976 283 1040 ipsum
304 986 411 1024 esse
430 985 656 1039 passum
676 985 776 1038 pro
804 972 970 1023 vobis.
998 968 1056 1026 6.
1097 970 1214 1023 Hoc
1232 969 1413 1023 solum
1445 985 1479 1024 a
1513 970 1668 1025 vobis
1705 971 1826 1025 volo
1862 969 2094 1024 discere.
2131 971 2186 1024 7.
2220 971 2297 1025 Ex
2327 971 2590 1042 operibus
2613 972 2667 1026 8.
2700 971 2843 1042 legis
2862 972 3126 1043 spiritum
3155 972 3378 1045 accepi-

113 1060 223 1123 stis,
253 1076 330 1114 an
359 1076 426 1114 ex
446 1059 644 1114 auditu
673 1058 843 1113 ﬁdei?
871 1058 954 1112 Ea;
974 1060 1070 1112 hoc
1090 1059 1400 1127 utique.Sic
1423 1059 1581 1113 stulti
1613 1059 1748 1113 estis
1775 1060 1829 1114 9.
1861 1062 1923 1113 ut
1947 1075 2077 1113 cum
2101 1059 2303 1131 spiritu
2326 1059 2628 1131 cmperitis,
2650 1076 2800 1115 nunc
2828 1077 2997 1116 carne
3025 1078 3379 1118 consumme-

113 1150 292 1203 mini?
320 1150 713 1218 Spirituatiter
739 1150 919 1201 vivere
948 1150 1264 1216 incepistis,
1295 1149 1369 1201 ad
1397 1149 1651 1202 carnales
1697 1148 2066 1202 observantias
2107 1150 2361 1203 redeatis.
2409 1150 2553 1217 Ergo
2596 1153 2732 1218 quia
2778 1152 2939 1218 ﬁdem
2985 1167 3099 1206 non
3145 1153 3377 1208 habetis.

112 1240 284 1293 Tanta
301 1237 457 1310 passi
485 1237 621 1292 estis
649 1235 735 1293 10.
766 1237 886 1291 sine
910 1238 1115 1292 causa?
1135 1237 1182 1292 si
1201 1242 1392 1292 tamen
1421 1236 1542 1291 sine
1570 1252 1740 1290 causa
1756 1238 1967 1305 (repetit
1983 1253 2102 1305 quas
2121 1238 2283 1304 dixit,
2312 1254 2377 1293 cc:
2396 1240 2649 1306 operibus
2677 1241 2810 1307 tegis
2846 1243 3117 1308 spiritum
3137 1256 3252 1295 non
3275 1242 3381 1296 ha-
3490 1258 3501 1269 ·

113 1329 242 1392 bere,
267 1331 362 1383 sed
388 1346 454 1383 ea:
479 1328 600 1396 ﬁde,
629 1330 762 1396 quia
791 1327 1091 1392 Abraham,
1117 1330 1248 1393 etc.)
1274 1326 1381 1390 Qui
1410 1342 1543 1396 ergo
1570 1326 1772 1380 tribuit
1799 1325 1954 1381 vobis
1983 1326 2264 1398 spiritum,
2289 1332 2347 1381 et
2363 1332 2630 1399 operatur
2648 1328 2884 1384 virtutes
2901 1329 2962 1384 in
2978 1329 3152 1398 vobis,
3171 1346 3239 1385 ex
3253 1346 3383 1402 ope-

112 1417 280 1485 ribus,
310 1424 538 1488 propter
568 1434 749 1486 opera,
772 1416 931 1487 legis,
962 1433 1033 1470 an
1054 1433 1118 1470 ex
1148 1415 1365 1480 auditu,
1394 1420 1621 1485 propter
1637 1418 1918 1481 auditum,
1934 1416 2065 1470 ﬁdei
2089 1418 2289 1470 tribuit
2309 1416 2407 1470 hoc
2423 1421 2449 1469 Ρ
2473 1415 2630 1470 Sicut
2647 1417 2919 1488 scriptum
2938 1422 3061 1473 est:
3089 1420 3305 1490 (probat
3329 1422 3382 1474 si

111 1509 389 1562 Abraham
408 1523 511 1576 per
528 1508 709 1574 ﬁdem)
728 1504 1011 1559 Abraham
1032 1505 1270 1559 credidit
1296 1505 1431 1566 Deo,
1448 1504 1511 1557 id
1541 1510 1635 1570 est,
1655 1506 1817 1572 ﬁdem
1838 1506 2051 1565 habuit.
2068 1510 2115 1559 et
2136 1521 2200 1558 ea:
2218 1521 2281 1558 ea
2300 1506 2610 1573 justitiam,
2631 1511 2690 1560 et
2713 1511 3037 1577 reputatum
3066 1512 3155 1562 est
3192 1508 3276 1563 illi
3301 1508 3377 1564 ad

108 1597 385 1669 justitiam
416 1596 476 1650 11
491 1637 503 1649 .
526 1595 856 1666 Cognoscite
874 1611 1008 1665 ergo
1036 1594 1169 1666 quia
1198 1594 1295 1664 qui
1323 1612 1387 1648 ex
1408 1595 1517 1648 ﬁde
1535 1600 1687 1659 sunt,
1715 1594 1755 1647 ii
1785 1598 1920 1648 sunt
1945 1593 2047 1647 ﬁlii
2066 1593 2322 1648 Abrahe.
2344 1592 2647 1649 Providens
2666 1601 2857 1650 autem
2879 1596 3263 1667 Scriptura,ea:
3279 1599 3383 1665 ﬁde

107 1690 247 1755 justi
275 1691 428 1751 sunt,
459 1701 591 1739 nam
623 1684 917 1753 Scriptura
947 1685 1120 1749 dicit;
1139 1682 1387 1737 Geneseos
1418 1695 1513 1737 xu.
1547 1682 1681 1753 quia
1706 1700 1772 1736 ex
1802 1683 1911 1736 ﬁde
1944 1682 2219 1752 iustificat
2244 1685 2442 1753 gentes
2472 1682 2641 1749 Deus,
2696 1685 3096 1754 praenuntiavit
3140 1683 3383 1740 Abrahe

117 1775 242 1846 quia
269 1791 282 1828 :
314 1773 405 1840 12,
436 1773 839 1827 benedicentur
865 1771 922 1825 in
952 1776 1031 1840 te,
1063 1772 1126 1824 in
1151 1776 1256 1824 tum
1283 1770 1411 1836 ﬁdei
1439 1773 1789 1838 imitatione;
1812 1775 1892 1824 vet
1915 1774 1975 1824 in
1997 1788 2073 1837 eo,
2106 1773 2206 1840 qui
2235 1775 2492 1824 nascetur
2520 1788 2584 1825 ea:
2606 1776 2670 1834 te,
2704 1774 2766 1825 id
2795 1778 2890 1839 est,
2918 1773 3151 1840 Christo,
3187 1790 3383 1829 omnes

114 1870 323 1935 gentes.
348 1865 690 1934 Igitur,quia
708 1861 1001 1930 Scriptura
1030 1864 1279 1923 testatur,
1306 1859 1401 1930 qui
1433 1876 1498 1913 ex
1524 1859 1635 1913 ﬁde
1665 1865 1799 1913 sunt
1821 1859 2243 1926 benedicentur,
2258 1861 2319 1913 id
2330 1865 2423 1918 est.
2433 1862 2921 1929 justi/imbuatur,
2943 1878 3072 1917 cum
3103 1863 3256 1918 ﬁdeli
3274 1864 3385 1918 sic-

117 1961 177 2009 ut
204 1954 388 2010 ﬁdelis
406 1953 711 2006 Abraham.
734 1951 822 2004 13.
847 1949 1178 2018 Quicunque
1197 1948 1346 2002 enim
1364 1964 1428 2001 ex
1441 1947 1703 2020 operibus
1723 1948 1864 2020 legis
1889 1955 2039 2011 sunt,
2060 1949 2164 2003 sub
2185 1949 2481 2003 maledicto
2504 1954 2655 2003 sunt.
2688 1949 2972 2020 Scriptum
3002 1957 3089 2005 est
3116 1952 3288 2019 enim,
3320 1956 3386 2006 in

117 2044 533 2098 Deuteronomio
562 2054 708 2093 xxvn
732 2057 743 2091 :
772 2040 960 2106 (hujus
977 2040 1368 2108 propositionis
1391 2040 1675 2105 pramissa
1705 2043 1781 2091 est
1808 2039 1878 2090 ab
1904 2040 2251 2103 auctoritate)
2290 2035 2373 2092 14.
2408 2037 2737 2091 Maledictus
2771 2038 2955 2092 omnis
2985 2039 3080 2110 qui
3109 2056 3222 2095 non
3252 2058 3385 2112 per-

118 2131 387 2186 manserit
409 2130 471 2183 in
503 2128 760 2183 omnibus
804 2116 1140 2197 (assumptio,
1175 2131 1223 2179 et
1247 2128 1539 2192 conclusio)
1577 2142 1699 2196 quae
1733 2126 1941 2197 scripta
1969 2130 2102 2180 sunt
2126 2141 2185 2179 1n
2212 2126 2356 2179 libro
2378 2127 2561 2197 Legis,
2596 2133 2661 2181 ut
2686 2126 2856 2181 faciat
2883 2144 2951 2181 ea
2988 2132 3025 2194 Ι
3042 2133 3383 2196 ποιων

118 2220 267 2289 Ergo
295 2220 365 2288 (et
386 2221 581 2287 repetit
612 2220 791 2271 locum
819 2233 854 2269 a
881 2217 1208 2284 contrario.)
1235 2214 1514 2278 Quoniam
1543 2219 1732 2268 autem
1764 2215 1822 2269 in
1850 2216 1975 2285 lege
2004 2229 2168 2269 nemo
2193 2215 2542 2284 justiﬁcatur
2589 2217 2738 2288 apud
2776 2216 2975 2282 Deum,
3018 2218 3383 2275 manifestum

120 2294 220 2376 est,
253 2309 390 2382 quia
410 2309 599 2379 justus
636 2306 716 2364 15.
738 2323 802 2361 ex
830 2306 942 2360 ﬁde
968 2305 1348 2359 vivit.1)iceret
1374 2306 1584 2374 aliquis
1615 2324 1632 2358 :
1665 2306 1773 2359 Lean
1791 2308 1867 2358 est
1888 2306 2037 2372 ﬁdes,
2061 2310 2111 2358 et
2138 2307 2218 2359 sic
2237 2306 2696 2374 justitiaeactege.
2718 2304 2932 2360 46.Lex
2960 2311 3153 2365 autem
3168 2323 3283 2364 non
3300 2312 3390 2363 est

1448 2454 2044 2511 COMMENTARIUS.

120 2621 377 2675 mortuus
405 2617 493 2668 est
508 2617 576 2667 ut
601 2609 891 2668 credentes
927 2611 988 2664 in
1015 2626 1075 2664 se
1100 2611 1285 2679 justos
1308 2609 1535 2663 faceret.
1569 2609 1706 2664 Gra—
1722 2614 1847 2680 Aet
1874 2608 1999 2665 ideo
2020 2607 2156 2664 dicit
2180 2628 2191 2663 :
2212 2610 2358 2683 Ergo
2386 2611 2624 2695 virtutes
2638 2611 2856 2668 habetis
2885 2596 2951 2668 ex
2970 2612 3232 2695 ﬁde,quae
3256 2623 3390 2675 sunt

121 2708 191 2765 tis
216 2721 357 2776 ergo
394 2708 654 2760 mortuus
690 2706 794 2769 est,
834 2699 883 2755 si
919 2698 1114 2770 legalis
1151 2696 1505 2769 observantia
1524 2698 1710 2771 justas

120 2798 304 2853 facere
328 2798 540 2866 posset.

186 2882 477 2944 CAP.IlI.
525 2910 586 2923 -
633 2881 683 2935 1.
709 2882 953 2941 Αλωκοε.
983 2879 1023 2933 0
1047 2879 1320 2944 insensati
1351 2877 1555 2933 Galatas
1578 2881 1597 2928 1
1624 2875 1712 2930 In-

120 2977 419 3047 terjectum
450 2977 556 3034 est,
586 2969 657 3025 ab
683 2986 748 3024 eo
773 2969 915 3027 loco.
940 2984 1119 3037 usque
1148 2966 1218 3019 ad
1248 2966 1414 3030 hunc,
1450 2967 1634 3018 solum
1675 2980 1711 3018 a

119 3068 264 3121 vobis
293 3067 434 3129 volo,
461 3066 565 3116 etc.
587 3061 815 3115 Poterat
836 3058 988 3112 enim
1002 3055 1217 3110 dicere:
1243 3055 1361 3109 Hoc
1381 3055 1562 3109 solum
1590 3053 1711 3106 volo

119 3173 154 3211 a
166 3154 330 3210 vobis
365 3154 599 3207 discere.

186 3243 242 3300 2.
274 3243 423 3299 Ante
443 3254 682 3310 quorum
698 3239 893 3292 oculos.
917 3233 1283 3302 Praescriptus
1303 3237 1390 3287 est
1406 3237 1463 3286 et
1481 3231 1537 3285 in
1558 3230 1711 3285 vobis

112 3333 458 3388 cruciﬁxus:
496 3330 619 3383 vult
658 3326 884 3396 quidem
927 3324 1111 3379 dicere
1156 3322 1322 3393 quod,
1373 3320 1711 3393 cumimulto

114 3424 323 3479 aﬁ'ectu
343 3419 513 3474 verba
540 3416 721 3475 crucis
744 3414 1005 3475 audistis,
1038 3413 1120 3467 ita
1151 3420 1216 3466 ut
1241 3416 1371 3465 ante
1390 3411 1578 3465 oculos
1606 3426 1710 3464 no-

111 3521 262 3581 stros
284 3508 668 3582 depingeretis
688 3506 868 3576 ipsam
889 3501 1305 3571 crucem,paulo
1326 3500 1511 3557 minus
1533 3504 1590 3553 et
1614 3500 1712 3553 illa

114 3619 238 3675 qua;
264 3617 337 3657 eo
363 3605 620 3670 tempore
640 3597 802 3655 .faota
835 3597 988 3655 sunt.
1022 3592 1147 3657 Qua
1170 3606 1306 3659 ergo
1341 3588 1707 3644 fascinatione

113 3701 336 3749 tantum
365 3689 649 3761 abjecistis
698 3687 977 3749 aﬁ‘ectum,
1024 3698 1188 3753 quem
1237 3696 1372 3749 erga
1420 3679 1708 3749 Christum

112 3785 321 3841 habere
350 3776 685 3836 videbamini
704 3777 730 3829 ?

178 3873 236 3932 3.
270 3875 519 3928 Ausus'r.
544 3870 637 3934 (In
656 3866 877 3935 eaposit.
903 3865 966 3917 in
986 3860 1155 3930 Epist.
1178 3860 1251 3912 ad
1269 3858 1473 3921 Galat.,
1494 3870 1705 3927 cap.m,

1793 2714 1959 2753 causa
1974 2698 2229 2769 justitiae,
2242 2699 2300 2757 id
2324 2705 2426 2761 est.
2445 2692 2626 2779 ipsam
2640 2702 2923 2773 justitiam
2944 2692 3164 2759 habetis
3179 2723 3245 2760 ex
3255 2694 3385 2777 ﬁde;

1793 2786 1890 2840 sed
1923 2787 2026 2841 hoc
2050 2792 2156 2855 est,
2203 2805 2337 2859 ergo
2367 2778 2525 2851 illud.
2573 2790 2690 2844 Illis
2718 2797 2852 2865 sunt
2894 2791 3130 2848 virtutes
3161 2790 3227 2848 ex'
3254 2778 3385 2865 ﬁde,

1794 2874 1926 2946 quia
1948 2876 2169 2946 justitia
2193 2866 2549 2940 fuitAbrahaa
2566 2896 2635 2934 ex
2658 2879 2769 2934 ﬁde
2800 2897 2813 2933 :
2839 2897 2972 2935 nam
2993 2872 3267 2955 scriptum
3279 2867 3385 2952 est,

1794 2969 1899 3018 etc.
1931 2963 2119 3020 Habet
2146 2971 2335 3021 autem
2366 2983 2467 3037 pro
2486 2967 2716 3038 paribus
2739 2967 2972 3025 virtutes
3003 2979 3059 3024 et
3081 2972 3382 3043 justitiam,

1795 3070 2032 3124 quorum
2052 3055 2294 3110 alterum
2323 3056 2553 3117 alterius
2583 3072 2751 3113 causa
2778 3063 2882 3112 est.
3274 3045 3307 3061 ”

1864 3139 1918 3198 8.
1951 3143 2233 3213 Spiritum
2261 3147 2558 3214 accepistis.
2593 3144 2925 3218 Spirituales
2969 3148 3184 3220 gratias
3220 3165 3386 3206 acce-

1796 3237 2000 3301 perunt
2023 3233 2333 3311 credentes,
2360 3251 2481 3297 ,non
2508 3226 2693 3307 opera
2709 3236 2848 3307 legis
2870 3234 3157 3293 facientes.
3232 3230 3237 3239 ’
3318 3232 3325 3239 ’

1863 3318 1915 3373 9.
1949 3323 2011 3376 Ut
2031 3339 2156 3389 cum
2186 3327 2391 3392 spiritu
2417 3327 2703 3393 cwperitis.
2737 3325 2880 3380 Cum
2910 3325 3116 3398 spiritu
3148 3328 3384 3400 casperi-

1792 3411 1866 3467 tis
1887 3413 2039 3487 velut
2061 3410 2150 3484 [[2,
2172 3400 2404 3484 vivere],
2435 3413 2827 3485 spiritualiter,
2866 3416 2954 3485 vel
2980 3400 3181 3489 legem,
3214 3416 3384 3490 spiri-

1792 3502 2021 3556 tualiter
2039 3501 2352 3573 intelligere
2380 3518 2530 3557 nunc
2556 3519 2744 3580 carne,
2768 3503 2826 3557 id
2867 3510 2973 3581 est,
3010 3502 3383 3581 carnali'vita,

1797 3592 1884 3646 vel
1910 3592 2033 3669 lege
2061 3591 2363 3645 carnaliter
2403 3578 2707 3647 intellecta.
2751 3578 3192 3659 Consumamini,
3248 3578 3383 3650 con.-

1785 3681 2100 3750 junctivum
2124 3697 2158 3734 a
2184 3697 2495 3747 consumor,
2523 3685 2881 3749 consumeris,
2903 3682 2961 3736 id
2987 3676 3092 3749 est,
3116 3674 3382 3767 pereatis.

1793 3769 2296 3841 Consuinmamini.
2310 3769 2677 3841 indicativum
2689 3787 2722 3824 a
2734 3788 2956 3825 consum
2966 3764 3117 3841 mor,
3126 3764 3384 3828 consum-

1790 3862 1967 3913 maris
2000 3877 2010 3911 :
2043 3859 2100 3912 id
2127 3864 2232 3924 est,
2265 3858 2435 3911 vitam
2464 3844 2675 3927 ﬁnitis;
2707 3850 2950 3931 utraque
2992 3859 3143 3931 enim
3279 3854 3384 3935 hoc

115 3971 253 4022 tom.
284 3962 406 4029 ιν.)
436 3959 578 4016 Ante
601 3970 859 4025 quorum,
894 3952 998 4006 hoc
1031 3953 1138 4017 est,
1169 3947 1370 4019 quibus
1391 3945 1710 4000 videntibus
1728 3985 1771 4042 B
1791 3948 1909 4002 loco
1927 3948 2218 4019 Scriptura
2235 3947 2536 4018 reperitur.

114 4053 375 4112 Christus
391 4050 565 4115 .Iesus
588 4042 1152 4111 haereditatemsuam
1182 4035 1708 4109 possessionemque

112 4143 305 4201 amisit
336 4159 350 4195 :
382 4139 472 4202 his
498 4128 1101 4205 utiqueauferentibus
1127 4142 1269 4190 eam,
1295 4124 1707 4193 Dominumque

115 4234 245 4289 inde
274 4224 709 4301 expellentibus,
734 4221 804 4277 ad
844 4219 985 4290 legis
1021 4232 1191 4287 opera
1211 4231 1305 4269 eos
1331 4213 1425 4285 qui
1453 4211 1705 4301 credide-

113 4328 244 4380 rant
282 4300 618 4380 revocando,
678 4316 736 4375 et
784 4305 1093 4363 auferendo
1152 4303 1232 4358 illi
1296 4300 1704 4373 possessionem

113 4430 295 4474 suam.
325 4410 387 4465 id
407 4412 624 4471 est.eqs
644 4400 922 4473 inquibus
930 4395 1117 4470 gratia
1137 4395 1387 4464 ﬁdesque
1404 4390 1700 4445 inhabitat.

176 4505 235 4557 4.
252 4496 652 4565 ,ωηηρίηιο
679 4504 918 4561 quorum
939 4489 1137 4543 oculos.
1158 4485 1304 4538 Ante
1329 4480 1517 4534 oculos
1552 4496 1708 4532 men-

114 4593 183 4648 tis
236 4605 434 4646 eorum
479 4586 643 4640 Jesus
691 4579 948 4649 Christus
972 4572 1326 4653 proscriptus
1358 4574 1462 4631 est,
1512 4568 1568 4621 id
1600 4573 1704 4633 est,

115 4683 415 4736 damnatus
445 4680 502 4730 et
540 4670 834 4728 cruciﬁxus
863 4671 1003 4732 erat,
1026 4664 1083 4718 id
1114 4666 1217 4725 est,
1241 4657 1586 4729 contemptui
1614 4657 1710 4710 ha-

117 4771 281 4839 bitus,
293 4763 631 4841 putantibus
654 4761 735 4815 eis
763 4775 864 4830 per
883 4756 1050 4811 ﬁdem
1079 4751 1255 4841 ipsius
1284 4766 1395 4804 non
1412 4744 1709 4818 justiﬁcari

114 4840 419 4922 hominem,
451 4854 551 4909 sed
590 4864 692 4924 per
711 4844 1122 4904 observantiam
1152 4840 1312 4911 legis.

180 4950 231 5007 5.
279 4926 534 5004 AuoUs'r.
593 4938 776 5014 (ibid.)
819 4940 972 4992 Jesus
1030 4934 1280 4991 Christus
1325 4928 1701 4998 prascriptus.

114 5044 283 5099 Aliter
306 5023 474 5097 Iesus
500 5033 760 5092 Christus
801 5027 1158 5103 praescriptus
1215 5027 1303 5077 est
1353 5019 1652 5075 cruciﬁxus
1689 5035 1701 5084 ;

116 5133 327 5188 addidit
376 5128 697 5195 cruciﬁxus,
746 5126 812 5177 ut
857 5120 989 5175 hinc
1034 5133 1129 5171 eos
1172 5110 1414 5168 maxime
1452 5110 1708 5163 moneret

1861 4036 1947 4090 10.
1964 4036 2098 4092 Sine
2119 4053 2303 4091 causa.
2332 4036 2465 4090 Sine
2492 4052 2681 4102 causa,
2714 4035 2774 4090 id
2801 4041 2907 4105 est,
2938 4035 3216 4092 inutiliter
3242 4037 3385 4110 pati-

1788 4132 1884 4180 tur
1910 4126 2005 4198 qui
2031 4126 2198 4183 ﬁdem
2229 4124 2441 4183 Christi
2454 4141 2567 4180 non
2594 4125 2782 4205 habet.
2848 4114 2853 4121 ’
3244 4116 3247 4121 ’
3278 4116 3283 4121 ’

1867 4216 1883 4271 1
1906 4214 1947 4271 l.
1984 4216 2289 4283 Cognoscite
2310 4230 2453 4282 ergo.
2478 4213 2621 4278 Quia
2646 4213 2932 4293 Abraham
2960 4232 3025 4273 ex
3046 4216 3156 4271 ﬁde
3166 4218 3377 4293 justus;

1788 4309 1846 4357 et
1872 4320 2067 4371 omnes
2085 4320 2150 4357 ex
2175 4303 2284 4381 ﬁde
2304 4307 2527 4359 tantum
2543 4288 2700 4381 justi,
2730 4304 2880 4376 quod
2909 4294 2994 4359 est
3017 4288 3381 4379 aequipollens

1786 4393 1846 4447 hi
1874 4398 2007 4468 sunt
2034 4392 2134 4446 ﬁlii
2160 4378 2418 4447 Abrahae.
2642 4378 2644 4383 ’
3016 4386 3019 4389 “
3270 4386 3275 4393 ’
3344 4384 3351 4395 ’

1864 4482 1946 4555 12.
1967 4483 2210 4557 Asianos.
2229 4483 2628 4537 Benedicentur
2648 4485 2712 4538 in
2729 4488 2797 4540 te.
2831 4485 2949 4567 Iloc
2972 4490 3291 4567 esttecum,
3324 4493 3381 4545 et

1789 4568 2284 4645 communicabunt
2309 4568 2413 4623 tibi
2442 4562 2911 4645 benedictionem,
3068 4560 3074 4567 .
3131 4563 3171 4571 ..

1863 4657 1943 4715 13.
1970 4659 2173 4713 Lmen.
2200 4642 2521 4727 Quicunque
2540 4642 2690 4715 enim
2727 4660 2898 4724 Quasi
2920 4662 3132 4731 diceret
3159 4682 3170 4717 :
3198 4671 3298 4721 aut
3316 4684 3384 4729 ex

1790 4748 1900 4811 ﬁde
1921 4753 2007 4817 est
2026 4746 2360 4812 benedictio,
2387 4752 2487 4802 aut
2506 4764 2571 4805 ex
2595 4737 2888 4820 operibus;
2910 4751 3008 4805 sed
3035 4770 3100 4806 ex
3120 4742 3384 4825 operibus

1788 4854 1901 4892 non
1923 4839 2121 4911 esttex
2145 4836 2243 4915 illa
2275 4836 2791 4915 enimbenedictio)
2822 4856 2889 4915 ex
2918 4841 3027 4909 fide
3057 4841 3251 4913 igitur.

1863 4910 2229 5003 14.7Auaaos.
2261 4910 2582 4995 Maledictus
2617 4930 2821 5001 omnis.
2850 4910 2972 4984 ‘Lex
3010 4910 3255 5001 omnem,
3288 4933 3386 5004 qui

1790 5033 1960 5089 super
1979 5014 2194 5094 lignum
2216 5013 2732 5094 pendet,existimat
2750 5004 3139 5093 maledictumj
3154 5012 3219 5075 eo
3233 5012 3381 5093 quod

1789 5092 2304 5175 hujusmodiipmna
2322 5092 2440 5159 illis
2470 5092 2687 5161 statuta
2724 5094 2819 5177 qui
2863 5108 3057 5164 multis
3080 5100 3176 5179 rei
3226 5092 3381 5166 inve-

117 5222 235 5292 [at.,
269 5194 564 5286 moveret],
596 5228 724 5268 cum
760 5208 1182 5265 considerarent
1210 5217 1320 5274 quo
1345 5198 1528 5271 pretio
1552 5212 1707 5252 eme-
1723 5224 1766 5283 ρ
1788 5194 2040 5292 niuntur.

116 5312 190 5367 rit
210 5309 849 5382 possessionem,-quam
870 5300 927 5354 in
959 5298 1038 5352 eis
1065 5292 1381 5382 amittebat.

1784 5302 1791 5309 '
1864 5283 1926 5340 15
1965 5282 2270 5373 LANFa.Ea7
2284 5285 2389 5352 ﬁde
2416 5286 2573 5339 vivit.
2599 5284 2919 5369 Si‘justitia
2949 5302 3062 5351 non
3082 5289 3380 5373 esttexle-

182 5372 235 5457 6-.
261 5401 434 5469 (ibid.)
471 5397 583 5451 Hoc
607 5372 791 5447 solum
811 5406 855 5444 a
878 5389 1044 5443 vobis.
1075 5385 1223 5441 Hinc
1249 5379 1446 5452 incipit
1468 5380 1706 5469 demon-
1785 5390 1880 5469 ge,
1899 5378 2078 5469 est-ex
2100 5372 2222 5469 sola
2246 5373 2375 5428 ﬁde.

309 5486 577 5561 gratiam,
600 5474 1073 5554 quemadmodum
1091 5472 1278 5546 gratia
1311 5469 1441 5547 ﬁdei
1461 5466 1706 5529 sufﬁciat

118 5582 185 5635 ad
210 5573 637 5651 justiﬁcandum
661 5571 783 5625 sine
806 5563 1256 5639 operibuslegis.

1863 5459 1947 5520 16.
1980 5464 2083 5517 Lea:
2110 5467 2295 5516 autem
2336 5479 2449 5518 non
2484 5468 2580 5531 est,
2614 5463 2672 5517 id
2703 5475 2806 5543 est,
2858 5464 2995 5525 ﬁdes
3020 5465 3236 5533 Christi
3266 5485 3381 5526 non

1788 5550 2268 5625 permittitlegem
2291 5552 2874 5635 udzeorumservari,
2911 5555 3000 5623 vel
3026 5554 3115 5625 lex
3143 5544 3200 5612 et
3246 5559 3385 5632 ﬁdes

617 5628 871 5731 operibui
917 5658 1046 5724 legis
1078 5628 1345 5723 spiritum
1386 5632 1698 5716 accepistis.
1786 5657 1900 5715 non
1919 5641 2260 5731 concordant
2306 5628 2415 5731 Sed
2442 5628 2722 5721 lex:dic_it:
2885 5643 3113 5713 fecerit;
3142 5637 3271 5731 inoln
3302 5628 3383 5721 ai-

118 5759 174 5813 Si
200 5758 465 5832 spiritum
494 5726 714 5809 habetis
749 5765 815 5802 ex
844 5746 974 5813 ﬁde,
1019 5742 1168 5815 quod
1199 5742 1319 5811 jam
1348 5736 1700 5809 probaverat,
1786 5731 1862 5785 cit
1890 5748 1900 5782 :
1934 5730 2040 5793 Qui
2067 5727 2388 5783 crediderit.
3142 5726 3149 5731 ί
3220 5726 3223 5733 ·
