3912 6356
122 303 234 362 2⁸73
793 311 871 365 ΙΝ
909 312 976 366 Ι).
1019 311 1234 367 PAULI
1275 312 1497 368 EPIST.
1540 310 1690 369 COM

1795 313 1915 368 NT.
1961 344 2019 355 --
2064 313 2287 370 EPIST.
2327 314 2424 370 AD
2464 313 2720 370 GALAT.
3293 309 3401 370 274

117 432 197 486 ad
222 432 387 500 quid,
424 432 600 503 igitur
630 432 716 487 lex
744 441 820 488 est
851 438 1071 504 posita?
1096 438 1378 505 Responsio
1425 437 1516 493 ‘29.
1549 438 1786 509 Propter
1810 437 2316 508 transgressionem
2351 439 2436 508 (ne
2457 440 2581 507 quis
2607 437 2809 505 [meret
2835 436 2994 490 ultra
3020 437 3165 505 quod
3192 438 3407 505 facien'

116 522 260 575 dum
298 523 450 585 esset)
482 522 663 592 posita
689 527 792 589 est,
823 527 1028 580 scilicet
1078 528 1181 589 lea,
1212 523 1282 581 30
1309 527 1487 583 donec
1515 528 1731 584 veniret
1757 527 1845 584 3|.
1876 542 2088 594 semen,
2130 526 2219 581 cui
2249 526 2610 598 promiserat.
2641 526 2781 579 Deus
2799 527 3112 594 justitiam,
3142 529 3224 579 vel
3254 527 3407 581 bene-

119 610 451 676 dictionem,
485 610 744 667 ordinata
774 615 859 667 lea:
900 630 1001 683 per
1031 614 1258 685 angelos
1301 615 1356 669 in
1392 632 1561 670 manu
1587 621 1843 685 potestate
1874 615 2216 679 Mediatoris,
2264 616 2491 682 Christi,
2524 613 2612 671 32.
2652 612 2927 669 Mediator
2960 618 3172 680 autem,
3202 629 3270 668 ne
3297 616 3406 669 duo

120 699 602 765 intelligerentur,
631 702 833 763 subdit,
866 702 1033 757 unius
1059 718 1171 756 non
1196 708 1309 769 est;
1336 703 1421 759 33.
1446 705 1593 759 Deus
1618 709 1808 759 autem
1830 721 1977 760 unus
2002 709 2108 759 est.
2135 703 2224 771 34,
2251 703 2339 761 35.
2374 705 2482 758 l.-ex
2511 718 2644 773 ergo
2671 702 2940 756 adversus
2962 701 3240 772 promissa
3259 702 3407 758 Dei?

115 786 287 841 Absit
313 789 326 841 Ξ
375 785 462 844 36.
496 789 554 843 Si
599 789 749 843 enim
779 789 913 845 data
942 796 1093 846 esset
1133 792 1238 857 lex,
1283 809 1408 862 quae
1437 799 1625 863 posset
1652 794 1948 858 viviﬁcare,
2004 800 2183 859 121)
2205 809 2334 849 vero
2364 810 2430 848 ex
2459 794 2585 863 lege
2611 796 2760 846 esset
2788 790 3026 862 justitia.
3059 789 3145 857 37,
3175 789 3264 847 38.
3296 790 3409 846 Sed

116 876 404 931 conclusit
428 877 721 949 Scriptura
747 880 937 934 omnia
970 880 1075 934 sub
1108 887 1351 949 peccato,
1384 889 1448 937 ut
1477 882 1775 953 promissio
1804 900 1873 937 ex
1905 884 2014 937 ﬁde
2041 884 2173 938 Jesu
2204 882 2411 937 Christi
2450 882 2682 936 daretur
2710 880 3083 934 credentibus.
3119 880 3353 949 Objectio
3386 900 3404 936 :

118 965 305 1020 alicui
324 982 456 1041 ergo
479 966 611 1019 data
631 971 710 1020 est
732 970 854 1022 tear?
876 968 1039 1022 Prius
1058 974 1248 1025 autem
1273 987 1442 1040 quam
1464 971 1679 1025 veniret
1700 972 1856 1037 ﬁdes,
1878 978 2007 1026 ante
2030 972 2238 1026 Christi
2264 975 2530 1037 natalem,
2553 970 2657 1025 sub
2685 970 2810 1041 lege
2831 968 3289 1024 custodiebamur
3310 969 3401 1026 39.

119 1054 394 1120 conclusi,
417 1054 511 1122 (ne
534 1058 690 1109 ultra
711 1072 879 1125 quam
895 1058 1035 1113 decet
1050 1059 1379 1128 faceremus)
1398 1076 1493 1114 nos
1514 1062 1660 1114 ituri
1678 1059 1736 1114 in
1762 1076 1886 1114 eam
1913 1060 2082 1115 ﬁdem
2113 1076 2237 1132 quae
2263 1060 2568 1115 revelanda
2595 1064 2740 1123 erat.
2780 1058 2981 1130 Itaque
3010 1058 3117 1125 lex,
3145 1058 3401 1130 paedago-

119 1158 224 1213 gus
272 1147 473 1199 noster
492 1145 648 1213 (quia
666 1147 731 1199 in
761 1148 885 1214 ipsa
904 1148 1364 1212 custodiebamur,
1389 1150 1532 1217 quod
1560 1154 1633 1203 est
1655 1151 1901 1216 ofﬁcium
1924 1152 2219 1218 paedagogi)
2239 1149 2346 1205 fuit
2360 1149 2418 1204 in
2441 1149 2684 1214 Christo,
2707 1151 2771 1203 ut
2786 1164 2851 1202 ex
2871 1147 2982 1202 ﬁde
2999 1147 3397 1219 justiﬁcemur.

121 1232 193 1285 At
214 1230 336 1295 ubi,
374 1237 506 1286 nato
537 1233 767 1299 Christo,
796 1234 947 1289 venit
974 1234 1130 1301 fides,
1153 1237 1272 1307 jam
1298 1253 1411 1291 non
1439 1252 1635 1292 sumus
1656 1240 1950 1309 constricti
1977 1237 2081 1292 sub
2110 1238 2431 1309 paedagogo,
2468 1243 2529 1293 ut
2553 1241 2716 1292 serui.
2756 1234 2846 1303 40,
2876 1236 2967 1294 41.
3001 1237 3212 1293 Omnes
3241 1238 3395 1293 enim

122 1320 220 1375 ﬁlii
247 1320 356 1375 Dei
376 1321 515 1377 estis
532 1337 634 1392 per
661 1322 850 1387 ﬁdem,
871 1339 994 1394 qum
1013 1329 1100 1379 est
1125 1324 1181 1383 in
1200 1325 1421 1381 Christo
1442 1326 1470 1380 J
1476 1342 1596 1382 esu.
1621 1327 1866 1381 Ostendit
1892 1343 1995 1380 cur
2016 1329 2194 1393 ﬁdeles
2218 1329 2329 1393 ﬁlii
2346 1328 2446 1381 Dei
2463 1328 2597 1380 sint.
2622 1325 2952 1397 Quicunque
2975 1325 3126 1381 enim
3150 1326 3209 1380 in
3230 1326 3396 1381 Chri-

121 1414 206 1464 sto
224 1408 499 1480 l-aptizati
521 1412 672 1475 estis,
696 1411 981 1466 Christum
1003 1413 1281 1468 induistis.
1300 1413 1389 1470 4'2.
1417 1416 1541 1469 Non
1570 1421 1657 1470 est
1674 1414 1920 1480 Judaeus,
1949 1432 2133 1486 neque
2159 1416 2385 1471 Graecus
2408 1432 2422 1467 :
2456 1415 2588 1483 (non
2606 1420 2681 1470 est
2711 1416 3027 1482 (ti/ferentia
3048 1415 3248 1485 gentis)
3280 1430 3396 1470 non

122 1502 207 1552 est
232 1513 451 1563 servus,
486 1514 668 1569 neque
697 1498 868 1566 liber;
900 1502 1008 1570 (vel
1035 1504 1383 1570 conditionis)
1404 1518 1561 1569 ;_non
1593 1508 1679 1558 est
1710 1505 2009 1570 masculus,
2043 1520 2225 1575 neque
2260 1503 2488 1561 femina.
2524 1504 2626 1574 [vel
2661 1501 2846 1576 serus]
2874 1502 2964 1557 43.
2999 1503 3208 1558 Omnes
3246 1503 3398 1559 enim

121 1602 215 1639 vos
242 1602 423 1641 unum
454 1588 588 1642 estis
606 1588 667 1641 in
694 1588 917 1643 Christo
943 1590 1078 1644 Jesu
1100 1589 1188 1646 44.
1214 1591 1272 1645 Si
1294 1596 1487 1645 autem
1512 1608 1607 1645 vos
1623 1592 1867 1659 Christi;
1900 1595 1950 1646 si
1976 1596 2037 1646 in
2069 1592 2375 1661 Christum,
2403 1594 2613 1663 inquit,
2630 1593 2885 1659 credatis,
2909 1594 3204 1662 spirituate
3216 1608 3398 1647 semen

122 1676 354 1729 Abrahae
382 1679 529 1743 estis,
561 1678 833 1730 imitando
857 1693 1001 1740 eum,
1037 1680 1091 1739 (a
1110 1682 1259 1747 pari)
1286 1677 1378 1749 45,
1408 1675 1499 1736 46.
1542 1696 1676 1757 ergo
1705 1696 1897 1735 semen
1922 1679 2159 1741 Abrahae
2189 1680 2345 1746 estis,
2377 1681 2642 1737 credendo
2677 1682 2822 1736 sicut
2858 1682 2971 1751 ipse
3013 1680 3065 1752 (a
3087 1681 3239 1750 pars)
3269 1695 3395 1750 ergo

122 1764 431 1833 secundum
460 1764 891 1839 promissionem
920 1766 1186 1827 haeredes.

1481 1895 2075 1952 COMMENTARIUS.

121 1988 223 2043 sibi
244 1988 633 2055 tribuentium,
658 1994 723 2045 ut
744 1989 981 2044 liberum
1006 1990 1302 2045 arbitrium
1320 1991 1426 2045 sibi
1448 1996 1715 2063 putarent
1729 1997 1779 2053 A
1869 1991 1957 2049 37.
1989 1996 2238 2048 Manes.
2262 1991 2366 2047 Sed
2386 1993 2671 2047 conclusit.
2696 1989 2993 2046 Conclusio
3021 2005 3220 2046 eorum
3246 1994 3394 2062 erat,

120 2094 280 2149 posse
310 2077 568 2132 sufﬁcere
599 2079 669 2133 ad
690 2078 991 2149 justitiam.

186 2166 277 2223 ‘29.
308 2169 568 2221 AMBROS.
592 2170 820 2236 Propter
852 2170 1330 2236 transgressiones.
1358 2169 1713 2239 Superbienti

120 2256 322 2328 populo
345 2256 432 2309 lex
456 2256 637 2327 posita
664 2262 766 2319 est,
786 2263 847 2311 ut
868 2257 1131 2328 quoniam
1151 2257 1391 2326 gratiam
1421 2258 1713 2313 charitatis

120 2343 225 2399 nisi
255 2345 586 2400 humiliatus
610 2346 859 2416 accipere
890 2362 1001 2401 non
1032 2352 1239 2417 posset,
1262 2347 1711 2418 transgressione

119 2434 531 2500 humiliaretur,
554 2440 617 2488 ut
647 2441 922 2506 quaereret
949 2436 1212 2506 gratiam.

189 2520 275 2579 30.
305 2524 510 2578 Laure.
544 2525 720 2578 Donec
746 2527 955 2578 veniret
982 2541 1164 2579 semen
1207 2528 1323 2582 cui.
1358 2523 1513 2579 Deus
1542 2526 1712 2580 Pater

118 2611 499 2666 hereditatem
527 2612 702 2666 totius
723 2613 916 2667 mundi
945 2613 1284 2685 promiserat
1303 2614 1546 2680 Christo,
1564 2615 1711 2669 sicut

117 2700 175 2755 in
202 2701 451 2772 psalmo:
484 2703 706 2756 Postuta
735 2717 770 2755 a
801 2718 905 2767 me,
938 2708 987 2756 et
1007 2704 1145 2756 dabo
1173 2705 1276 2757 tibi
1303 2709 1502 2772 gentes,
1537 2710 1642 2759 etc.

186 2788 272 2845 31.
302 2791 548 2844 Ancus'r.
581 2791 797 2862 (Expos.
853 2792 1024 2860 Epist.
1063 2794 1155 2845 ad.
1203 2792 1405 2859 Galat.,
1452 2809 1572 2864 cap.
1623 2808 1703 2860 In,

115 2882 248 2932 tom.
272 2878 389 2946 IV.)
404 2880 601 2934 Semen
623 2882 716 2933 cui
731 2884 1009 2948 promisit.
1026 2881 1228 2935 Semen
1250 2881 1340 2935 cui
1365 2881 1705 2952 promissum

115 2972 201 3021 est
220 2968 489 3039 populum
522 2967 802 3038 signiﬁcat
825 2969 1191 3023 credentium.

184 3054 270 3113 32.
285 3059 530 3111 Alanos.
559 3059 826 3112 Mediator
840 3064 1043 3111 autem.
1067 3059 1122 3113 Si
1142 3059 1317 3113 Filius
1333 3060 1434 3114 Dei
1457 3061 1700 3115 naturali

110 3146 429 3217 mqualitate
460 3162 687 3200 manere
716 3147 898 3207 vellet.
937 3163 1006 3201 ne
1033 3164 1092 3201 se
1121 3148 1436 3202 exinaniret
1460 3150 1699 3204 formam

110 3235 253 3288 servi
269 3235 688 3305 accipiens,non
710 3250 855 3290 esset
874 3236 1147 3290 Mediator
1170 3237 1270 3290 Dei
1294 3243 1349 3291 et
1376 3237 1695 3306 hominum;

1793 2081 1966 2136 timor
1992 2082 2161 2136 unius
2198 2082 2321 2136 Dei.

1867 2168 1953 2224 38.
1991 2168 2198 2224 Lmen.
2233 2171 2338 2227 Sed
2363 2173 2627 2226 conclusit
2654 2168 2968 2239 Scriptura.
2994 2168 3281 2224 Conclusit
3302 2169 3392 2224 lex

1795 2258 1985 2312 omnia
2015 2259 2119 2313 sub
2148 2264 2391 2331 peccato,
2409 2260 2498 2314 vel
2519 2259 2652 2331 quia
2669 2256 2911 2329 perfecte
2931 2257 3150 2313 nullum
3175 2258 3387 2312 malum

1794 2344 2050 2402 liberavit
2069 2364 2102 2401 a
2127 2353 2373 2419 peccato,
2397 2348 2483 2403 vel
2502 2347 2637 2420 quia
2653 2352 2843 2401 tamen
2866 2345 3110 2401 difﬁcilis
3128 2346 3263 2402 data
3278 2351 3383 2413 est,

1792 2439 1855 2489 ut
1890 2453 2015 2490 cum
2061 2436 2283 2509 impleri
2312 2453 2426 2492 non
2455 2442 2662 2509 posset,
2700 2434 3153 2508 pravaricatores
3190 2451 3388 2492 omnes

1791 2525 2177 2580 constitueret.

1865 2611 1952 2669 39.
1985 2615 2242 2670 Conclusi
2272 2618 2334 2670 in
2362 2630 2483 2669 eam
2512 2616 2697 2682 ﬁdem.
2719 2612 2995 2680 Conclusi,
3024 2611 3085 2667 id
3120 2616 3224 2679 est,
3252 2628 3388 2668 con-

1790 2702 1970 2756 stricti
2005 2705 2210 2758 timore
2254 2704 2407 2759 velut
2436 2703 2581 2757 servi
2622 2688 2869 2764 eramus,
2903 2702 2963 2757 in
3000 2701 3389 2773 expectatione

1790 2791 1909 2861 ejus
1940 2792 2091 2859 ﬁdei,
2128 2809 2251 2863 quae
2280 2793 2581 2847 revelanda
2604 2796 2728 2846 erat
2754 2791 2812 2845 in
2839 2790 3084 2846 adventu

1858 2878 1946 2936 40.
1983 2882 2178 2936 Omnes
2203 2885 2354 2935 enim
2382 2883 2493 2948 ﬁlii
2512 2882 2628 2934 Dei.
2652 2878 2861 2934 Probat
2887 2879 3022 2950 quia
3050 2894 3164 2933 non
3189 2896 3387 2935 sumus

1786 2969 1928 3022 servi
1973 2969 2076 3024 sub
2123 2969 2427 3041 paedagogo
2467 2969 2621 3039 lege;
2669 2983 2800 3022 nam
2842 2966 3025 3031 liberi,
3059 2967 3117 3021 id
3144 2972 3249 3035 est,
3280 2968 3385 3022 ﬁlii

1786 3057 1937 3123 estis,
1962 3054 2098 3129 quia
2125 3058 2410 3113 Christum
2438 3055 2719 3119 induistis,
2752 3056 2808 3110 id
2841 3060 2927 3110 est
2954 3056 3074 3125 ejus
3101 3072 3274 3127 opera
3295 3056 3382 3111 fa-

1783 3146 1925 3203 citis.
1961 3147 2169 3201 Omnes
2197 3146 2347 3201 enim
2376 3144 2642 3216 baptizati
2664 3144 2952 3200 Christum
2972 3143 3248 3213 induunt;
3284 3145 3383 3200 sed

1782 3252 1877 3289 vos
1914 3236 2046 3290 estis
2076 3236 2356 3308 baptizati.
2387 3236 2532 3306 Ergo
2573 3234 2860 3289 Christum
2893 3233 3175 3288 induistis.
3214 3234 3377 3302 Item,

109 3323 241 3393 quia
266 3323 390 3394 ipsa
417 3324 666 3379 Trinitas
696 3341 841 3378 unus
870 3330 954 3377 est
980 3326 1145 3378 Deus.
1169 3325 1259 3379 Sic
1289 3325 1478 3395 itaque
1505 3326 1702 3380 unicus
1718 3317 1763 3375 Β
1783 3327 1932 3395 quod
1951 3342 2145 3380 omnes
2163 3325 2426 3397 baptizati
2444 3324 2732 3380 Christum
2745 3324 3009 3391 induunt;
3029 3322 3217 3377 nullus
3231 3322 3381 3377 enim

107 3412 282 3467 Filius
302 3413 400 3467 Dei
424 3413 699 3467 Mediator
718 3414 818 3467 Dei
848 3420 905 3468 et
931 3414 1220 3467 hominum
1243 3414 1421 3469 factus
1450 3421 1555 3481 est,
1573 3432 1699 3469 cum

104 3502 350 3555 Verbum
383 3502 482 3555 Dei
514 3502 667 3555 Deus
695 3503 841 3574 apud
873 3504 1050 3557 Deum
1080 3508 1136 3557 et
1166 3504 1512 3573 majestatem
1541 3521 1699 3558 suam

105 3607 283 3661 usque
306 3590 380 3644 ad
404 3590 709 3645 humanam
728 3592 1005 3661 deposuit,
1027 3598 1081 3646 et
1112 3593 1487 3646 humilitatem
1506 3594 1701 3648 huma-

104 3696 233 3734 nam
264 3696 441 3751 usque
470 3681 538 3734 ad
578 3680 822 3734 divinam
852 3681 1106 3736 subvexit
1142 3688 1206 3735 ut
1242 3683 1516 3736 Mediator
1552 3683 1700 3738 inter

102 3769 282 3823 Deum
311 3778 369 3824 et
397 3769 653 3824 homines
674 3771 859 3825 homo.

176 3855 260 3913 33.
302 3859 508 3913 Laure.
541 3861 679 3913 Deus
716 3865 903 3913 autem
932 3876 1080 3914 unus
1109 3865 1202 3913 est.
1235 3860 1377 3923 Quia
1406 3861 1691 3915 Christum

102 3947 242 4001 dixit
269 3948 433 4018 [sup.,
465 3947 853 4018 Mediatorem]
890 3949 982 4002 Dei
1010 3948 1266 4003 videlicet
1289 3959 1347 4003 et
1377 3950 1687 4017 hominum,

104 4042 166 4091 et
196 4037 449 4091 Christus
480 4042 586 4102 est,
618 4036 950 4090 videbantur
977 4054 1098 4091 esse
1129 4039 1239 4091 duo
1261 4038 1356 4101 dii,
1391 4039 1488 4092 sed
1516 4039 1690 4093 absit!

102 4126 257 4182 Unus
275 4126 423 4179 enim
438 4126 606 4191 Deus,
622 4127 807 4192 Pater,
827 4132 882 4180 et
897 4126 1088 4191 Filius,
1110 4134 1165 4180 et
1188 4127 1430 4197 Spiritus
1441 4134 1686 4183 sanctus.

168 4215 253 4271 34.
280 4216 387 4270 Lex
413 4231 539 4282 ergo
564 4217 823 4269 adversus
841 4219 1114 4284 promissa
1147 4218 1261 4269 Dei.
1305 4219 1466 4282 Item,
1491 4216 1691 4288 probat

101 4305 245 4377 quod
272 4304 359 4359 lex
404 4320 519 4358 non
542 4303 642 4357 dat
676 4304 1086 4369 haereditatem,
1122 4305 1204 4357 vel
1238 4305 1683 4374 promissionem,

96 4394 182 4448 vel
210 4392 653 4448 benedictionem
678 4411 691 4459 ;
727 4409 854 4445 nam
884 4392 931 4446 si
959 4393 1042 4445 lex
1073 4393 1252 4459 daret,
1283 4394 1597 4464 promissio,
1629 4394 1684 4449 id

98 4487 180 4537 est
205 4482 360 4547 ﬁdes,
396 4497 510 4535 non
553 4481 751 4552 daret;
800 4481 894 4535 sed
929 4482 1225 4552 promissio
1274 4488 1493 4537 tantum
1533 4484 1685 4539 dedit

96 4571 325 4626 Abrahae
368 4570 777 4624 haereditatem.
812 4571 956 4641 Ergo
994 4571 1080 4625 lex
1109 4587 1222 4625 non
1251 4572 1346 4626 dat
1386 4572 1686 4627 haeredita—

97 4667 224 4728 tem,
250 4659 401 4732 quod
420 4664 524 4726 est,
550 4664 639 4713 lea:
665 4675 791 4728 ergo
814 4661 1075 4714 adversus
1106 4664 1381 4731 promissa
1408 4663 1506 4715 Dei
1527 4669 1551 4714 ?

162 4749 245 4805 35.
275 4751 531 4804 AUGUsT.
566 4750 669 4803 Lee:
704 4766 830 4817 ergo
872 4752 1151 4803 adversus.
1202 4750 1456 4822 Replicat
1501 4751 1682 4823 ipsam

99 4838 452 4909 quaestionem
463 4878 475 4890 .

161 4924 243 4984 36.
275 4928 491 4985 Lenes.
522 4926 586 4980 Si
630 4928 782 4981 enim
809 4928 941 4981 data
978 4933 1105 4981 esset
1142 4932 1248 4981 tam.
1286 4926 1426 4983 Item
1458 4928 1677 4999 probat.

99 5015 199 5071 Lex
222 5033 332 5072 non
355 5016 458 5071 dat
486 5014 893 5081 haereditatem,
925 5015 1057 5087 quia
1076 5032 1186 5071 non
1213 5017 1311 5071 dat
1339 5017 1527 5082 vitam,
1549 5017 1681 5088 quia

101 5104 140 5157 si
162 5106 246 5160 lex
274 5106 439 5161 daret
465 5104 661 5169 vitam,
699 5105 859 5159 daret
899 5111 956 5160 et
978 5106 1259 5176 justitiam
1301 5110 1355 5174 (a
1392 5108 1556 5178 pari),
1581 5107 1678 5161 sed

100 5209 200 5249 non
238 5195 338 5250 dat
379 5186 684 5265 justitiam,
717 5194 849 5264 quia
895 5194 1084 5249 omnia
1132 5201 1265 5250 sunt
1309 5196 1413 5250 sub
1452 5201 1678 5267 peccato

101 5284 235 5356 apud
274 5284 522 5347 Judaeos.
553 5283 687 5354 quia
732 5282 1017 5353 Scriptura
1065 5284 1200 5338 dicit
1231 5302 1242 5337 :
1278 5286 1422 5355 Ergo
1451 5286 1535 5341 lex
1566 5302 1678 5339 non

100 5372 186 5428 dat
203 5374 486 5446 justitiam
524 5384 576 5435 ta
603 5371 1073 5444 relatione).Ergo
1105 5391 1204 5428 nec
1225 5375 1395 5428 vitam
1432 5382 1481 5441 (ιι
1509 5374 1674 5445 pari).

102 5460 231 5534 Ergo
259 5480 364 5518 nec
392 5461 778 5516 haereditatem
809 5462 908 5516 dat
936 5463 1039 5517 lex.
1071 5464 1214 5534 Ergo
1238 5482 1338 5535 per
1363 5465 1528 5518 ﬁdem
1558 5470 1678 5517 tan-

103 5556 208 5608 tum
237 5552 410 5609 datur
433 5550 753 5618 hereditas,
783 5552 866 5606 vel
889 5552 1203 5624 promissio,
1232 5555 1318 5607 vel
1347 5552 1675 5619 benedictio,

101 5644 173 5699 vel
200 5643 345 5712 vita;
368 5640 633 5697 omnibus
660 5640 749 5696 his
778 5640 986 5697 etenim
1005 5642 1185 5698 utitur
1211 5648 1274 5698 ut
1303 5642 1549 5715 paribus.

1784 3416 2077 3487 excipitur,
2100 3422 2158 3470 et
2184 3417 2289 3469 hoc
2312 3421 2414 3481 est,
2442 3431 2556 3469 non
2581 3415 2821 3480 Judaeus,
2857 3412 3071 3467 scilicet
3095 3416 3378 3482 exceptus,

1784 3521 1955 3574 neque
1984 3506 2216 3570 Graecus,
2240 3509 2347 3559 etc.
2398 3504 2544 3575 Ergo
2581 3501 2679 3574 qui
2704 3500 2970 3573 baptizati
3000 3500 3154 3566 estis,
3186 3499 3379 3554 Chris-

1781 3598 1902 3648 tum
1918 3594 2200 3660 induistis,
2225 3594 2442 3659 hocest,
2467 3608 2652 3646 omnes
2665 3594 2815 3645 enim
2826 3605 3111 3645 uosunum
3122 3591 3266 3643 estis.

1851 3682 1940 3738 41.
1969 3686 2221 3737 Anaus'r.
2258 3684 2439 3749 (ibid)
2466 3682 2662 3736 Omnes
2680 3683 2833 3734 enim
2852 3682 2981 3747 ﬁlii.
3007 3677 3167 3742 Quod
3184 3681 3377 3733 autem

1779 3772 1917 3827 dicit
1938 3773 2039 3827 Dei
2068 3773 2212 3826 ﬁlios
2242 3788 2365 3826 esse
2392 3787 2492 3842 per
2508 3770 2698 3835 ﬁdem,
2719 3769 2853 3840 quia
2878 3767 3188 3822 induerunt
3207 3767 3372 3821 Chri-

1774 3866 1925 3915 stum
1975 3861 2293 3933 quicunque
2332 3860 2389 3913 in
2420 3859 2643 3914 Christo
2684 3856 2951 3927 baptizati
2982 3858 3134 3921 sunt,
3167 3855 3239 3909 ad
3265 3855 3374 3911 hoc

1772 3952 1921 4004 valet
1949 3966 2019 4003 ne
2036 3956 2232 4020 gentes
2251 3950 2322 4003 de
2349 3966 2409 4003 se
2429 3949 2809 4019 desperarent,
2835 3945 2931 4016 qui
2955 3960 3070 3998 non
3089 3944 3371 3999 custodie-

1775 4039 1981 4094 bantur
2008 4039 2110 4093 sub
2135 4039 2457 4109 paedagogo.

1843 4128 1931 4185 42.
1964 4130 2209 4183 AMBROS.
2243 4128 2366 4182 Non
2405 4131 2480 4180 est
2505 4126 2745 4180 Judzus.
2777 4120 3106 4177 Diﬁ‘erentia
3140 4120 3251 4176 ista
3280 4122 3368 4177 vel

1768 4219 2041 4288 gentium,
2073 4218 2158 4271 vel
2177 4215 2536 4284 conditionis,
2564 4215 2646 4268 vel
2670 4228 2852 4273 sexus.
2878 4211 2999 4283 jam
3018 4210 3245 4283 quidem
3271 4210 3367 4266 ab-

1770 4307 1886 4360 lata
1913 4312 1998 4360 est
2021 4305 2090 4360 ab
2115 4306 2331 4360 unitate
2353 4304 2504 4371 ﬁdei,
2523 4303 2621 4359 sed
2639 4306 2833 4357 manet
2859 4301 2918 4357 in
2943 4301 3364 4357 conversatione

1769 4395 1988 4450 morali.

1837 4483 1926 4541 43.
1957 4486 2206 4540 Auens-r.
2243 4484 2422 4553 (ibid.)
2451 4483 2644 4538 Omnes
2671 4485 2821 4536 enim
2851 4497 2959 4537 vos.
2991 4481 3057 4537 In
3086 4485 3362 4552 quantum

1767 4575 1898 4629 enin
1919 4575 2113 4629 ﬁdeles
2133 4580 2267 4628 sunt
2286 4589 2503 4640 omnes,
2526 4588 2702 4627 unum
2725 4576 2861 4627 sunt
2882 4572 2943 4626 in
2963 4571 3185 4627 Christo
3204 4572 3233 4627 J
3238 4587 3358 4627 esu.

1704 4640 1746 4699 C
1766 4664 1882 4717 Etsi
1911 4664 2015 4717 hoc
2039 4664 2177 4718 ﬁdes
2205 4663 2354 4730 facit,
2388 4679 2488 4734 per
2516 4678 2687 4734 quam
2714 4661 2772 4716 in
2797 4663 2898 4717 hac
2925 4661 3037 4716 vita
3059 4661 3213 4731 juste
3242 4676 3358 4715 am-

1764 4752 2007 4819 bulatur,
2033 4759 2243 4824 quanto
2266 4752 2565 4824 perfectius
2584 4757 2754 4823 atque
2776 4750 3116 4807 cumulatius
3143 4749 3202 4805 id
3226 4766 3355 4822 spes

1763 4841 1885 4913 ipsa
1912 4842 2128 4896 factura
2152 4847 2254 4908 est,
2281 4858 2408 4896 cum
2431 4840 2746 4896 videbimus
2775 4840 2918 4895 facie
2941 4840 3015 4894 ad
3044 4839 3265 4894 faciem.

1834 4930 1921 4987 44.
1960 4933 2136 4998 (ibid)
2166 4931 2228 4987 Si
2256 4936 2442 4985 autem
2483 4945 2574 4985 vos
2606 4930 2829 4986 Christi.
2865 4929 2925 4985 Si
2955 4933 3146 4985 autem
3175 4934 3241 4984 ut
3266 4927 3358 4983 hic

1763 5021 2270 5091 subdistinguatur,
2310 5024 2370 5075 et
2405 5018 2778 5075 subaudiatur
2815 5038 2827 5072 :
2880 5020 2970 5074 Vos
3007 5034 3191 5073 unum
3227 5020 3354 5072 estis

1763 5112 1825 5164 in
1856 5110 2068 5165 Christo
2093 5113 2246 5174 Jesu;
2280 5125 2346 5163 ac
2373 5108 2576 5164 deinde
2601 5108 2879 5163 inferatur
2902 5126 2913 5162 :
2946 5108 3092 5175 Ergo
3120 5106 3354 5161 Abraha

1761 5215 1940 5252 semen
1964 5202 2106 5252 estis.

1829 5288 1918 5342 43.
1941 5290 2124 5357 (ibid)
2150 5289 2286 5356 Ergo
2303 5288 2533 5342 Abrahae
2551 5303 2749 5341 semen.
2777 5284 2882 5338 Hic
2909 5281 3153 5337 ostendit
3172 5297 3349 5336 unum

1761 5394 1951 5431 semen
1975 5378 2278 5444 Christum,
2303 5394 2416 5431 non
2436 5381 2653 5429 tantum
2677 5374 2860 5444 ipsum
2882 5372 3247 5426 Mediatorem
3267 5370 3351 5425 in-

1760 5467 2125 5535 telligendum
2166 5483 2306 5533 esse,
2346 5465 2443 5521 sed
2490 5465 2660 5518 etiam
2703 5460 3022 5529 Ecclesiam,
3064 5461 3227 5533 cujus
3257 5460 3351 5516 ille

1761 5555 2010 5627 corporis
2040 5561 2207 5628 caput
2235 5561 2339 5611 est.

1832 5644 1921 5701 46.
1970 5646 2212 5701 Αλωιίοε.
2252 5647 2393 5715 Ergo
2443 5660 2641 5699 semen.
2698 5642 2756 5700 Si
2802 5657 2981 5698 unum
3024 5648 3110 5698 est
3157 5658 3348 5698 semen
