3912 6358
3674 283 3785 343 276

511 280 617 339 275
1495 286 1559 340 Β;
1599 285 2015 342 LANFRANCI
2048 285 2415 341 CANTUAR.
2446 284 2792 341 'ARCHIEP.

1787 382 1972 478 η..
2009 411 2243 466 CAPUT
2285 409 2438 469 VIII.

584 519 633 573 l.
667 519 804 573 Dico
835 522 1025 574 autem
1049 537 1061 572 :
1088 516 1141 582 2,
1165 518 1219 573 3.
1256 519 1478 584 Quanto
1502 522 1758 590 tempore
1785 518 1962 574 haeres
1990 519 2255 591 parvulus
2297 523 2406 583 est,
2435 516 2578 571 nihil
2614 514 2801 571 diﬂ'ert
2827 532 2862 569 a
2895 532 3073 583 servo,
3104 530 3232 572 cum
3259 514 3334 571 sit
3356 518 3639 573 Dominus
3664 532 3786 575 om-

510 608 668 664 nium
692 624 705 660 :
733 607 787 660 4.
811 606 910 660 sed
938 604 1046 660 'sub
1072 605 1354 661 tutoribus
1377 612 1434 661 et
1457 605 1736 660 actoribus
1764 612 1852 660 est
1877 608 2195 674 placitando
2212 620 2390 677 usque
2406 606 2481 660 ad
2502 604 2844 676 praeﬁnitum
2862 611 3086 675 tempus
3109 622 3144 658 a
3172 608 3353 676 patre,
3374 607 3426 660 ‘5.
3462 608 3545 661 ita
3565 613 3625 662 et
3652 623 3779 675 nos,

511 699 841 766 (interponit
870 711 945 760 se,
971 700 1145 748 lotum
1164 710 1267 764 pro
1291 699 1473 765 parte)
1492 712 1618 749 cum
1640 686 1889 749 essemus
1907 695 2132 767 'parvuli
2151 708 2331 757 sensu,
2355 700 2483 747 ante
2507 695 2687 760 ﬁdem,
2714 693 2819 747 sub
2846 693 3136 747 elementis
3155 694 3371 785 mundi,
3392 698 3536 749 sicut
3562 698 3664 750 ille
3681 698 3786 785 sub

514 786 808 850 tutoribus,
833 799 1057 838 eramus
1085 784 1409 838 servientes.
1437 784 1520 838 At
1545 784 1641 838 ubi
1659 785 1814 838 venit
1841 785 2127 855 plenitudo
2147 783 2436 854 temporis,
2462 782 2617 837 misit
2635 783 2784 837 Deus
2811 782 3014 837 Filium
3030 780 3297 841 suumfﬁ.
3330 784 3538 838 factum
3570 788 3637 839 ex
3661 782 3788 839 mu-

510 873 667 939 liere,
698 870 758 929 7.
794 871 1005 926 factum
1026 871 1129 925 sub
1156 873 1300 943 lege,
1326 874 1569 941 (singula
1596 875 1836 940 singulis
1866 875 2214 942 respondent)
2236 880 2301 926 ut
2328 888 2442 937 eos,
2469 872 2565 943 qui
2585 870 2638 938 8,
2662 871 2765 925 sub
2796 872 2918 942 lege
2945 878 3126 939 eiant,
3158 873 3481 938 redimeret,
3511 872 3563 930 9.
3599 872 3667 929 ut
3687 876 3787 930 ad-

512 962 798 1033 optionem
824 961 1071 1014 ﬁliorum
1097 961 1490 1032 reciperemus,
1512 967 1574 1015 ut
1599 977 1830 1016 essemus
1860 964 2105 1031 adoptivi
2134 964 2261 1030 filii.
2301 961 2576 1025 Quoniam
2607 967 2794 1016 autem
2825 961 2959 1015 estis
2984 961 3109 1027 ﬁlii,
3147 963 3300 1017 misit
3327 964 3476 1018 Deus
3504 964 3786 1034 Spiritum

511 1049 638 1106 Filii
658 1051 751 1103 sui
787 1050 847 1103 in
875 1049 1043 1103 corda
1064 1054 1267 1116 vestra,
1305 1045 1366 1105 10
1417 1050 1776 1117 clamantem,
1804 1054 2047 1105 clamare
2080 1066 2177 1104 nos
2201 1051 2512 1117 facientem,
2540 1049 2717 1116 Abba,
2745 1051 2929 1105 Pater.
2961 1051 3027 1105 Id
3049 1050 3456 1119 dicit‘Syriace,
3489 1058 3538 1106 et
3567 1054 3784 1108 Latine.

513 1138 599 1198 11.
632 1138 846 1210 Itaque,
871 1141 1006 1207 quia
1039 1141 1206 1206 ﬁlius,
1228 1141 1350 1209 jam
1375 1154 1490 1193 non
1520 1144 1607 1193 est
1629 1154 1824 1193 servus
1846 1142 1968 1207 quis
1996 1144 2257 1203 vestrum,
2282 1138 2378 1192 sed
2404 1139 2573 1192 ﬁlius.
2607 1139 2766 1203 Quod
2795 1140 2844 1193 si
2875 1140 3024 1194 ﬁlius
3056 1159 3068 1193 :
3113 1145 3169 1208 (a
3202 1142 3360 1211 pari)
3385 1142 3653 1196 et'baeres
3682 1154 3789 1213 per

507 1230 707 1294 Deum,
732 1245 832 1298 per
849 1229 1095 1296 gratiam
1115 1229 1231 1284 Dei.
1256 1229 1365 1284 Sed
1394 1233 1529 1283 tunc
1551 1228 1776 1299 quidem
1796 1228 2123 1297 ignorantes
2157 1234 2190 1292 ι
2208 1231 2271 1294 ⁸
2287 1235 2319 1291 ι
2351 1228 2551 1291 Deum,
2575 1243 2702 1281 cum
2722 1229 3038 1282 serviebatis
3055 1232 3357 1295 clementis,
3382 1232 3575 1284 minus

508 1321 656 1386 biles,
682 1318 769 1384 iis,
792 1318 889 1389 qui
913 1322 1118 1372 natura
1137 1333 1251 1371 non
1275 1322 1411 1371 sunt
1429 1317 1527 1383 dii,
1542 1318 1635 1370 sed
1650 1320 1927 1371 voluntate
1951 1318 2262 1381 hominum,
2283 1315 2629 1370 serviebatis.
2656 1317 2819 1371 Nunc
2837 1322 3025 1373 autem
3052 1334 3180 1373 cum
3202 1320 3578 1389 cognoveritis
3597 1321 3786 1376 Deam

503 1406 594 1462 12.
619 1406 734 1460 imo
768 1405 976 1476 cogniti
996 1405 1170 1458 sitisa
1188 1405 1324 1471 Deo,
1352 1404 1436 1458 13.
1465 1405 1744 1475 quomodo
1770 1404 1855 1459 14.
1877 1404 2267 1458 convertimini
2292 1404 2496 1459 iterum
2526 1404 2605 1462 15.
2635 1406 2705 1460 ad
2729 1407 2959 1461 inﬁrma
2977 1413 3036 1461 et
3059 1408 3137 1463 16.
3160 1412 3362 1479 egena,
3382 1412 3787 1465 non/labentia

506 1495 655 1549 unde
681 1496 890 1558 vivant,
918 1492 978 1548 17
1001 1493 1280 1547 elementa
1299 1495 1542 1560 colenda,
1568 1493 1772 1565 quibus
1786 1494 1970 1547 denuo
2000 1492 2208 1547 servire
2231 1493 2398 1548 vultis
2416 1494 2439 1547 ?
2456 1494 2544 1549 18.
2565 1494 2696 1549 Dies
2713 1495 3079 1551 Sabbatorum
3101 1496 3427 1565 observatis,
3450 1505 3780 1567 et‘mcnses,

507 1585 842 1649 neomenias,
860 1585 918 1636 et
934 1584 1191 1652 tempora
1212 1596 1516 1650 annorum,
1532 1587 1590 1638 et
1607 1598 1804 1650 annos,
1817 1584 2137 1648 Jubilaum,
2150 1586 2199 1634 et
2219 1583 2317 1649 qui
2339 1582 2483 1635 nihil
2499 1589 2778 1651 operatur.
2796 1585 2865 1638 Et
2879 1588 3015 1654 quia
3031 1589 3201 1641 vultis
3220 1589 3427 1641 iterum
3444 1589 3776 1657 Judaizarc,

505 1778 765 1843 Abrahae,
797 1779 855 1831 et
899 1776 1038 1830 illud
1085 1791 1198 1830 non
1236 1774 1573 1847 intelligitur
1608 1775 1719 1830 nisi
1750 1775 1811 1829 in
2475 1795 2587 1833 non
2613 1785 2805 1847 erant;
2837 1780 2934 1835 sed
2954 1780 3024 1835 de
3043 1780 3130 1836 his
3158 1786 3379 1853 peteret
3406 1798 3530 1838 esse
3558 1778 3788 1841 dubita-

508 1869 627 1924 Hoc
644 1871 833 1921 autem
847 1880 1038 1919 semen
1048 1862 1289 1919 Abrahae
1304 1881 1407 1919 nos
1426 1881 1639 1932 sumus;
1664 1865 1769 1918 hoc
1788 1869 1874 1918 est
1888 1869 2070 1918 totum
2080 1907 2092 1929 ,

503 1957 563 2012 id
589 1961 694 2022 est,
718 1959 887 2025 caput
917 1959 974 2008 et
999 1970 1219 2025 corpus,
1259 1970 1408 2009 unus
1436 1959 1523 2009 est
1548 1954 1823 2009 Christus.

575 2045 732 2100 CAP.
764 2043 840 2098 1V
871 2072 936 2084 —
963 2042 1010 2098 1.
1037 2043 1246 2098 LANFR.
1281 2045 1410 2097 Dico
1437 2049 1642 2098 autem.
1668 2043 1891 2098 Diceret
1921 2042 2045 2113 quis
2077 2060 2089 2095 :

504 2134 661 2190 Servi
691 2132 919 2197 fuimus,
950 2136 1016 2187 ut
1042 2131 1201 2199 dicis,
1218 2136 1276 2185 et
1301 2132 1469 2186 modo
1492 2131 1630 2189 dicis
1654 2149 1666 2184 :
1697 2132 1962 2186 Haeredes
1990 2130 2095 2184 eri-

501 2238 648 2288 mus,
676 2238 790 2276 non
818 2227 1004 2292 potest
1030 2238 1172 2277 esse.
1204 2221 1365 2286 Quod
1402 2221 1603 2292 probat
1639 2237 1741 2292 per
1767 2218 2093 2276 similitudi-

500 2328 633 2367 nem
659 2311 1008 2382 praamissam
1036 2311 1108 2365 de
1135 2311 1221 2367 his
1261 2311 1358 2382 qui
1386 2311 1490 2366 sub
1519 2309 1773 2365 custodia
1798 2314 1949 2363 sunt.

569 2399 625 2454 2.
656 2402 902 2456 Accusa.
926 2401 1143 2468 (Expos.
1162 2401 1336 2469 Epist.
1360 2402 1432 2455 ad
1454 2401 1658 2465 Galat.,
1678 2416 1735 2463 c.
1763 2396 2096 2468 1v).Quanto

502 2497 756 2560 tempore.
788 2491 930 2545 Cum
973 2490 1230 2561 superius
1258 2491 1438 2560 legem
1471 2491 1842 2562 paedagogum
1878 2488 2094 2551 fecerit,

498 2580 605 2636 sub
625 2596 737 2652 quo
760 2584 885 2634 erat
903 2580 1142 2651 populus
1159 2579 1512 2648 Judteorum;
1539 2594 1688 2634 nunc
1708 2583 2097 2650 procuratores

500 2670 640 2725 dicit
662 2670 964 2734 elementa,
988 2668 1093 2723 sub
1115 2668 1318 2740 quibus
1334 2667 1656 2727 serviebant
1673 2672 1889 2739 gentes,
1917 2674 1981 2721 ut
2000 2682 2094 2737 po-

498 2759 665 2832 pulus
684 2758 868 2813 ﬁdelis
887 2758 1092 2829 partim
1117 2757 1219 2812 sub
1249 2758 1373 2829 lege
1398 2757 1720 2829 paedagogo,
1748 2756 1961 2843 partim
1989 2755 2092 2811 sub

499 2848 792 2903 elementis
812 2854 1066 2919 tempore
1091 2864 1206 2902 suae
1226 2847 1481 2918 pueritiae
1510 2847 1694 2901 fuerit.
1709 2848 1795 2901 Ad
1824 2847 1929 2900 hoc
1943 2845 2091 2916 quod

496 2937 715 2992 dixerat
759 2938 817 2992 in
856 2937 1159 2992 adventum
1200 2936 1334 2991 ﬁdei
1363 2942 1633 3007 tanquam
1659 2935 1762 2991 sub
1791 2936 2093 3007 paedagogo

491 3027 1049 3099 custodiripopulum
1079 3043 1258 3098 usque
1285 3026 1356 3081 ad
1380 3026 1560 3081 aetatis
1583 3027 2079 3098 opportunitatem,

495 3131 607 3187 qua
625 3115 686 3171 in
715 3092 1036 3171 libertatem
1063 3092 1298 3170 vocandi
1330 3121 1511 3182 erant,
1534 3092 1821 3186 adj-u—nxit:
1849 3118 1974 3171 Dico
1993 3092 2150 3169 au-B

494 3208 640 3258 tem:
669 3206 884 3272 Quanto
915 3210 1153 3274 tempore
1180 3207 1346 3259 haras
1370 3209 1641 3274 paruulus
1671 3210 1772 3262 est.

565 3290 620 3349 3.
651 3293 860 3348 Lars.
889 3295 1104 3362 Quanto
1143 3300 1397 3364 tempore.
1430 3294 1917 3365 Comparationem
1952 3293 2094 3347 hanc

490 3386 717 3437 tantum
745 3383 817 3437 ad
837 3399 931 3438 eos
969 3384 1065 3455 qui
1090 3400 1154 3439 ex
1177 3385 1440 3456 gentibus
1464 3384 1841 3439 crediderunt.
1875 3383 2088 3448 Haeres,

492 3472 775 3543 parvulus,
808 3478 867 3527 et
905 3489 1114 3539 servus,
1162 3474 1244 3529 ita
1283 3475 1679 3545 intelliguntur
1724 3473 1871 3526 sicut
1898 3470 2090 3526 multi-

492 3560 632 3615 tudo
652 3561 964 3630 hominum,
981 3578 1219 3633 quorum
1248 3563 1347 3617 alii
1364 3561 1634 3617 credituri
1655 3565 1807 3626 sunt,
1837 3559 1934 3613 alii
1955 3575 2087 3614 non.

561 3647 614 3706 4.
656 3650 772 3706 Sub
798 3653 1090 3718 tutoribus,
1120 3652 1180 3707 id
1207 3658 1312 3720 est,
1348 3656 1483 3706 sunt
1507 3655 1725 3704 tutores
1745 3655 1804 3703 et
1830 3653 2090 3703 auctores

493 3736 596 3811 [vel
626 3741 892 3812 actores];
925 3740 1023 3795 sed
1062 3757 1163 3812 pro
1193 3740 1516 3795 diversitate
1545 3753 1843 3791 causarum
1872 3737 2092 3792 diversa

485 3828 718 3883 nomina
757 3829 1091 3884 sortiuntur.
1123 3831 1361 3885 Tutones
1400 3828 1684 3893 dicuntur,
1717 3826 1850 3896 quia
1888 3841 2083 3898 perso-

486 3932 617 3971 nam
647 3918 865 3990 pupilli,
895 3925 953 3973 et
979 3935 1071 3973 res
1114 3919 1234 3988 ejus
1265 3922 1461 3972 contra
1492 3915 1802 3971 calumnias
1832 3921 2083 3971 tuentur.

2176 1864 2276 1930 tio,
2307 1866 2430 1921 sine
2458 1883 2629 1922 causa
2654 1885 2767 1924 non
2793 1870 3015 1925 deserui
3048 1869 3141 1943 [[2,
3173 1871 3399 1942 deseri].
3630 1938 3641 1951 _

2249 1953 2300 2008 9.
2332 1958 2581 2011 Asianos.
2618 1956 2732 2028 (5'!)
2765 1960 2827 2013 Ut
2846 1961 3212 2028 adoptionem.
3243 1960 3621 2031 Adoptionem
3648 1979 3784 2034 pro-

2178 2049 2372 2112 pterea
2386 2044 2538 2111 dicit,
2558 2052 2624 2100 ut
2643 2046 2903 2101 distincte
2920 2048 3303 2119 intelligamus
3322 2050 3551 2104 unicum
3566 2050 3783 2108 Filium

2176 2130 2297 2186 Dei.
2320 2132 2432 2187 Vos
2455 2134 2604 2188 enim
2636 2134 2902 2191 beneﬁcio
2934 2143 2991 2191 et
3019 2124 3345 2208 dignatione
3377 2138 3786 2197 misericordiae

2178 2220 2300 2289 ejus
2332 2221 2435 2275 ﬁlii
2459 2223 2559 2281 Dei
2588 2240 2801 2279 sumus.
2836 2227 2962 2281 Non
3004 2227 3166 2294 dixit,
3201 2227 3560 2299 accipiamus,
3595 2235 3663 2285 ut
3699 2231 3784 2286 si-

2175 2309 2468 2379 gniﬁcaret
2496 2312 2600 2366 hoc
2629 2330 2732 2368 nos
2762 2315 3017 2370 amisisse
3045 2316 3105 2370 in
3131 2318 3333 2385 Adam,
3374 2335 3441 2373 ex
3477 2335 3590 2390 quo
3621 2336 3784 2375 mor-

2178 2397 2320 2451 tales
2350 2414 2565 2457 sumus.

2210 2552 2213 2555 _
2251 2486 2337 2541 10.
2367 2488 2608 2543 AUGUs'r.
2637 2491 2727 2559 (in
2755 2492 2926 2560 Epist.
2957 2495 3031 2547 ad
3048 2494 3186 2560 Gal.)
3208 2494 3571 2562 Clamantem,
3598 2499 3781 2554 Abba.

2178 2576 2360 2632 Pater.
2415 2578 2717 2648 Eleganter
2756 2581 3089 2652 intelligitur
3126 2600 3241 2638 non
3280 2584 3492 2640 frustra
3529 2586 3785 2643 duarum

2176 2663 2498 2734 linguarum
2528 2668 2695 2723 verba
2737 2670 2991 2741 posuisse
3028 2672 3178 2727 idem
3209 2674 3607 2744 signiﬁcantia,
3642 2693 3784 2747 pro-

2173 2757 2301 2823 pter
2320 2754 2638 2812 uuiversum
2660 2760 2928 2829 populum
2950 2761 3069 2831 qui,
3084 2763 3155 2816 de
3172 2762 3382 2818 Iudaeis
3405 2770 3464 2817 et
3480 2764 3778 2834 gentibus,

2173 2840 2231 2895 in
2255 2844 2529 2899 unitatem
2562 2847 2690 2901 fidei
2729 2856 2954 2904 vocatus
2989 2856 3094 2918 est,
3116 2856 3181 2905 ut
3208 2852 3506 2908 Hebraeum
3538 2853 3782 2921 verbum

2175 2931 2245 2985 ad
2276 2932 2538 2988 Hebraeos
2576 2936 2669 3005 [at
2701 2937 2964 3009 Judaeos],
2997 2941 3249 2995 Graecum
3278 2941 3349 2995 ad
3380 2942 3601 2997 Graecos
3637 2941 3777 3016 [αξη

2176 3022 2412 3091 gentes].
2432 3023 2735 3095 Utriusque
2750 3032 2942 3082 tamen
2960 3028 3110 3083 verbi
3131 3030 3326 3084 eadem
3342 3031 3683 3101 signiﬁcatio
3699 3034 3779 3089 ad

2174 3111 2429 3180 ejusdem
2456 3112 2585 3168 fidei
2614 3115 2956 3188 spiritusque
2986 3119 3260 3174 unitatem
3290 3121 3591 3192 pertineat.

2254 3197 2334 3254 11.
2371 3203 2548 3269 (ibid.)
2581 3205 2769 3273 Itaque
2786 3209 2911 3274 jam
2941 3224 3053 3262 non
3078 3215 3171 3264 est.
3226 3210 3465 3282 Pr0pter
3488 3211 3594 3265 hoc
3618 3213 3783 3284 quod

2173 3287 2424 3343 dixerat:
2457 3293 2617 3346 Nihil
2636 3296 2821 3362 (ii/reri
2844 3314 2880 3352 α
2909 3314 3081 3354 servo.

2245 3377 2333 3433 12.
2368 3381 2612 3439 AMBROS.
2664 3387 2780 3441 [mo
2817 3391 3042 3456 cogniti.
3091 3390 3220 3445 Non
3266 3390 3416 3446 enim
3463 3392 3784 3451 scientibus

2173 3465 2347 3535 vobis,
2399 3476 2498 3525 aut
2539 3474 2877 3543 videntibus,
2930 3477 3120 3534 divina
3161 3479 3314 3535 vobis
3355 3483 3783 3553 quodammodo

2174 3557 2358 3613 illuxit
2376 3560 2630 3617 scientia.

2249 3645 2333 3704 13.
2362 3650 2620 3708 Ausus'r.
2658 3656 2929 3721 Quomodo
2977 3662 3372 3714 convertimini
3399 3664 3627 3725 iterum,
3658 3668 3779 3721 etc.

2170 3734 2298 3805 Ipsa
2323 3742 2516 3794 tamen
2544 3742 2811 3798 nolebant
2836 3746 3021 3801 redire
3047 3748 3118 3802 ad
3136 3749 3537 3819 gentilitatem,
3565 3752 3779 3809 sedad

2169 3823 2668 3885 circumcisionem.
2686 3832 2794 3887 Sed
2815 3851 2916 3905 pro
2936 3836 3133 3891 eodem
3154 3838 3419 3909 deputat;
3454 3827 3774 3911 ideo‘dicit;

2169 3912 2375 3970 iterum
2405 3926 2462 3971 et
2489 3919 2691 3988 denuo,
2723 3923 2854 3993 quia
2882 3925 3032 3980 idem
3062 3932 3149 3981 est
3179 3927 3238 3982 in
3280 3945 3506 3998 genere,
3542 3929 3603 3984 in
3644 3944 3779 3987 ser-

484 4007 757 4061 Auctores
799 4007 897 4078 qui
940 4006 1165 4078 injuriis
1200 4006 1411 4078 pupillo
1440 4005 1527 4060 vel
1554 4004 1722 4060 rebus
1750 4005 1876 4076 ejus
1917 4004 2148 4073 illatiscl
2169 4002 2329 4062 vitio.

596 4100 679 4148 nt.

596 4109 679 4148 nt.

484 4109 610 4240 ag"5‘.
642 4187 733 4239 Ita
763 4190 813 4239 et
842 4202 958 4242 nos.
995 4188 1202 4242 Totum
1231 4203 1332 4258 pro
1360 4192 1518 4259 parte
1556 4188 1731 4260 ponit,
1762 4189 1906 4244 sicut
1942 4205 2090 4261 saepe

484 4279 703 4344 partem
736 4290 836 4346 pro
864 4280 1003 4330 toto.
1037 4276 1164 4330 Non
1193 4277 1341 4331 enim
1374 4294 1620 4350 unquam
1654 4280 1758 4335 sub
1799 4280 1906 4334 diis
1942 4298 2082 4352 gen-

2254 4094 2329 4150 15.
2373 4098 2620 4157 Ausnos.
2653 4102 3057 4162 Gonvcrtimini
3097 4110 3323 4163 iterum.
3357 4109 3504 4174 Quid
3533 4111 3775 4181 prodest
3806 4148 3816 4155 -

2171 4203 2267 4241 vos
2292 4190 2531 4245 evasisse
2557 4194 2902 4262 servitutem,
2938 4214 3050 4268 qua
3089 4200 3454 4268 tenebamini,
3495 4218 3623 4256 cum
3650 4218 3774 4257 ser-

2170 4275 2360 4332 viretis
2384 4278 2678 4336 elementis
2709 4285 2922 4349 mundi,
2953 4289 3178 4358 quando
3207 4306 3404 4345 rursus
3441 4290 3553 4345 alia
3584 4280 3656 4363 [Γ.
3690 4293 3768 4347 ad

482 4363 647 4428 tium,
680 4380 821 4433 quos
845 4365 936 4418 hic
960 4366 1237 4421 elementa
1260 4372 1440 4431 vocat,
1470 4370 1643 4424 solem
1666 4371 1834 4436 enim,
1864 4371 2078 4437 lunam,
2161 4364 2262 4419 illa
2290 4371 2369 4422 vel
2398 4369 2469 4422 ad
2498 4370 2629 4442 alia]
2660 4374 2873 4428 reditis.

483 4466 695 4517 aerem,
741 4468 917 4524 aquas
956 4455 1284 4512 adorabant.
1330 4458 1568 4522 Quidam
1613 4446 1936 4531 intelligunt
1965 4462 2081 4514 ele-

483 4546 695 4605 menta,
718 4543 972 4598 carnales
994 4544 1404 4614 observantiae;
1428 4548 1527 4603 sed
1545 4565 1785 4620 sequens
1804 4550 2086 4604 sententia

483 4646 597 4684 non
626 4631 747 4685 vult
780 4650 794 4687 :
827 4630 931 4686 Sed
962 4638 1096 4688 tunc
1131 4638 1369 4704 quidem,
1405 4642 1511 4692 etc.

556 4718 610 4774 6.
655 4722 901 4777 Aususr.
944 4722 1125 4793 (ibid.)
1181 4726 1405 4781 Factum
1448 4743 1517 4782 ea:
1554 4731 1809 4783 muliere.
1851 4728 2085 4782 Factum

485 4814 720 4882 propter
737 4813 1148 4884 susceptionem
1176 4820 1467 4872 creaturae.

558 4895 611 4954 7.
635 4898 778 4967 (ibid
803 4898 1072 4970 )Factum
1100 4904 1199 4957 sub
1219 4908 1353 4972 lege.
1376 4906 1608 4959 Factum
1631 4910 1820 4959 autem
1841 4904 1945 4958 sub
1962 4905 2086 4976 lege

486 4989 642 5054 dixit,
661 4988 794 5061 quia
821 4994 879 5044 et
906 4990 1265 5049 circumcisus
1292 5000 1398 5061 est,
1423 5000 1482 5049 et
1503 4996 1689 5052 hostia
1714 4994 1968 5063 legitima
1984 5011 2084 5066 pro

483 5096 551 5135 eo
573 5080 762 5136 oblata
781 5084 885 5134 est.
913 5080 1029 5135 Nec
1046 5081 1255 5137 mirum
1280 5084 1329 5137 si
1353 5084 1493 5155 legis
1515 5102 1687 5156 opera
1706 5086 1988 5149 sustinuit,
2016 5106 2083 5144 ex

485 5169 690 5241 quibus
708 5169 994 5239 liberaret,
1027 5172 1123 5244 qui
1156 5173 1237 5227 eis
1265 5173 1544 5228 serviliter
1571 5174 1906 5231 tenebantur
1940 5196 1952 5231 :
1987 5180 2082 5251 qui

481 5258 650 5314 etiam
674 5266 914 5315 mortem
942 5261 1231 5330 sustinuit,
1261 5267 1328 5317 ut
1351 5279 1417 5317 ex
1445 5262 1547 5317 illa
1577 5262 1842 5320 liberaret
1870 5283 1964 5322 eos
1986 5269 2082 5340 qui

481 5348 827 5405 mortalitate
855 5349 1215 5406 tenebantur.

549 5434 605 5492 8.
637 5436 842 5494 Lam.
869 5438 984 5494 Sub
1004 5443 1115 5508 lege
1140 5444 1325 5495 erant.
1349 5439 1614 5497 Redemit
1636 5442 1806 5499 etiam
1848 5461 1962 5514 eos,
1985 5448 2081 5519 qui

555 5541 664 5613 (53)
696 5545 794 5603 Est
820 5547 965 5619 Aug.
991 5548 1053 5604 in
1080 5564 1204 5620 cap.
1237 5561 1301 5602 III
1330 5548 1402 5604 ad
1434 5548 1582 5617 Gal.,
1615 5554 1755 5606 tom.
1787 5551 1881 5608 IV.

2243 4455 2307 4511 15
2360 4459 2610 4516 Auensr.
2645 4465 2817 4532 (ibid.)
2863 4464 2950 4520 Ad
2985 4468 3236 4535 inﬁrma.
3279 4469 3425 4533 Quia
3450 4470 3679 4526 inﬁrma
3708 4479 3771 4529 et

2166 4547 2416 4605 instabili
2435 4554 2619 4623 specie
2645 4555 2953 4610 variantur.
3400 4580 3403 4585 ·

2242 4637 2325 4695 16.
2372 4642 2547 4712 (ibid.)
2589 4645 2792 4712 Egena,
2848 4646 2979 4717 quia
3027 4648 3214 4703 stabili
3261 4649 3447 4721 specie
3491 4657 3769 4710 creatum

2166 4734 2350 4799 egent.

2238 4820 2326 4873 l7.
2356 4821 2601 4877 AMBROS-
2632 4825 2934 4892 Elementa,
2976 4826 3035 4880 id
3064 4832 3168 4889 est.
3201 4829 3549 4901 temporibus
3585 4832 3767 4886 servi-

2165 4908 2305 4963 tutis
2346 4911 2708 4966 Manifestum
2729 4920 2817 4969 est
2842 4915 2992 4969 enim
3016 4917 3302 4972 volumina
3322 4923 3641 4991 temporum
3662 4938 3770 4992 per

2167 4997 2445 5054 elementa
2462 5001 2684 5070 mundi,
2704 5002 2810 5057 hoc
2830 5009 2916 5058 est
2943 5005 3144 5060 coelum
3166 5013 3225 5062 et
3246 5013 3479 5076 terram,
3496 5014 3557 5064 et
3566 5015 3769 5067 motus

2164 5092 2333 5158 atque
2362 5089 2617 5144 ordinem
2644 5092 2894 5148 siderum
2919 5094 3322 5152 administrari.

2244 5175 2322 5232 18.
2356 5179 2561 5233 Lmen.
2589 5182 2711 5236 Dies
2745 5185 3058 5238 observatis.
3092 5186 3240 5251 Dies,
3275 5187 3463 5243 suasio
3482 5190 3766 5261 quaedam

2164 5271 2280 5335 est;
2303 5283 2416 5323 non
2435 5269 2585 5325 enim
2600 5271 2720 5327 dies
2740 5272 3128 5343 observabant,
3148 5276 3258 5332 nisi
3272 5278 3488 5349 gratias
3499 5284 3766 5353 agentes,

2163 5362 2230 5413 ut
2251 5373 2372 5414 nos.
2948 5379 2953 5385 '
