  <div class='ocr_page' id='page_1' title='image "/cluster/home/n/w/nwhite01/storage/ocr_20150623/150/umn.31951002477443u/180.png"; bbox 0 0 3912 6374; ppageno 0'>
   <div class='ocr_carea' id='block_1_1' title="bbox 138 289 3359 385">
    <p class='ocr_par' dir='ltr' id='par_1_1' title="bbox 138 289 3359 385">
     <span class='ocr_line' id='line_1_1' title="bbox 138 289 3359 385; baseline 0.002 -37"><span class='ocrx_word' id='word_1_1' title='bbox 138 290 227 348; x_wconf 80' lang='lat'><strong>277</strong></span> <span class='ocrx_word' id='word_1_2' title='bbox 763 289 843 371; x_wconf 65' lang='grc' dir='ltr'><strong>ΙΝ</strong></span> <span class='ocrx_word' id='word_1_3' title='bbox 881 290 947 344; x_wconf 83' lang='lat' dir='ltr'><strong>n.</strong></span> <span class='ocrx_word' id='word_1_4' title='bbox 990 289 1203 385; x_wconf 52' lang='lat' dir='ltr'><strong>PAUId</strong></span> <span class='ocrx_word' id='word_1_5' title='bbox 1232 290 1464 385; x_wconf 38' lang='lat' dir='ltr'><strong>farier.</strong></span> <span class='ocrx_word' id='word_1_6' title='bbox 1505 291 1876 385; x_wconf 63' lang='lat' dir='ltr'><strong>comm.</strong></span> <span class='ocrx_word' id='word_1_7' title='bbox 1921 323 1987 379; x_wconf 46' lang='grc' dir='ltr'><strong>έ-</strong></span> <span class='ocrx_word' id='word_1_8' title='bbox 2027 292 2248 385; x_wconf 67' lang='lat' dir='ltr'><strong>spls&#39;r.</strong></span> <span class='ocrx_word' id='word_1_9' title='bbox 2286 292 2387 383; x_wconf 78' lang='lat' dir='ltr'><strong>AD</strong></span> <span class='ocrx_word' id='word_1_10' title='bbox 2424 290 2681 347; x_wconf 82' lang='lat' dir='ltr'><strong>GALAT.</strong></span> <span class='ocrx_word' id='word_1_11' title='bbox 3250 294 3359 356; x_wconf 85' lang='lat' dir='ltr'><strong>27s</strong></span> 
     </span>
    </p>
   </div>
   <div class='ocr_carea' id='block_1_2' title="bbox 137 410 3351 494">
    <p class='ocr_par' dir='ltr' id='par_1_2' title="bbox 137 410 3351 494">
     <span class='ocr_line' id='line_1_2' title="bbox 137 410 3351 494; baseline 0.002 -23"><span class='ocrx_word' id='word_1_12' title='bbox 137 417 305 472; x_wconf 87' lang='lat' dir='ltr'><strong>Timeo</strong></span> <span class='ocrx_word' id='word_1_13' title='bbox 322 432 433 481; x_wconf 83' lang='lat' dir='ltr'><strong>vos,</strong></span> <span class='ocrx_word' id='word_1_14' title='bbox 463 431 531 469; x_wconf 91' lang='lat' dir='ltr'><strong>ne</strong></span> <span class='ocrx_word' id='word_1_15' title='bbox 560 414 703 469; x_wconf 85' lang='lat' dir='ltr'><strong>forte</strong></span> <span class='ocrx_word' id='word_1_16' title='bbox 729 413 851 468; x_wconf 86' lang='lat' dir='ltr'><strong>sine</strong></span> <span class='ocrx_word' id='word_1_17' title='bbox 870 430 1059 477; x_wconf 90' lang='lat' dir='ltr'><strong>causa,</strong></span> <span class='ocrx_word' id='word_1_18' title='bbox 1074 416 1377 481; x_wconf 72' lang='lat' dir='ltr'><strong>inutiliter,</strong></span> <span class='ocrx_word' id='word_1_19' title='bbox 1403 414 1777 471; x_wconf 82' lang='lat' dir='ltr'><strong>laboraverim</strong></span> <span class='ocrx_word' id='word_1_20' title='bbox 1800 417 1861 470; x_wconf 90' lang='lat' dir='ltr'><strong>in</strong></span> <span class='ocrx_word' id='word_1_21' title='bbox 1879 416 2033 494; x_wconf 87' lang='lat' dir='ltr'><strong>vobis</strong></span> <span class='ocrx_word' id='word_1_22' title='bbox 2052 416 2234 486; x_wconf 78' lang='lat' dir='ltr'><strong>&#39;Iquod</strong></span> <span class='ocrx_word' id='word_1_23' title='bbox 2254 431 2323 469; x_wconf 85' lang='lat' dir='ltr'><strong>ne</strong></span> <span class='ocrx_word' id='word_1_24' title='bbox 2349 416 2467 482; x_wconf 79' lang='lat' dir='ltr'><strong>ﬁat.</strong></span> <span class='ocrx_word' id='word_1_25' title='bbox 2498 411 2588 471; x_wconf 84' lang='grc'><strong>19.</strong></span> <span class='ocrx_word' id='word_1_26' title='bbox 2608 410 2699 470; x_wconf 78' lang='lat'><strong>20.</strong></span> <span class='ocrx_word' id='word_1_27' title='bbox 2731 414 2922 470; x_wconf 88' lang='lat' dir='ltr'><strong>Estote</strong></span> <span class='ocrx_word' id='word_1_28' title='bbox 2934 421 3183 474; x_wconf 81' lang='lat' dir='ltr'><strong>conversi</strong></span> <span class='ocrx_word' id='word_1_29' title='bbox 3200 419 3351 476; x_wconf 98' lang='lat' dir='ltr'><strong>sicut</strong></span> 
     </span>
    </p>
   </div>
   <div class='ocr_carea' id='block_1_3' title="bbox 136 500 3348 576">
    <p class='ocr_par' dir='ltr' id='par_1_3' title="bbox 136 500 3348 576">
     <span class='ocr_line' id='line_1_3' title="bbox 136 500 3348 576; baseline 0.002 -17"><span class='ocrx_word' id='word_1_30' title='bbox 136 522 240 576; x_wconf 86' lang='lat' dir='ltr'><strong>ego,</strong></span> <span class='ocrx_word' id='word_1_31' title='bbox 257 505 402 560; x_wconf 85' lang='lat' dir='ltr'><strong>modo</strong></span> <span class='ocrx_word' id='word_1_32' title='bbox 421 502 723 567; x_wconf 81' lang='lat' dir='ltr'><strong>conversus,</strong></span> <span class='ocrx_word' id='word_1_33' title='bbox 754 500 817 559; x_wconf 76' lang='lat'><strong>2|</strong></span> <span class='ocrx_word' id='word_1_34' title='bbox 834 542 846 555; x_wconf 91' lang='lat'><strong>.</strong></span> <span class='ocrx_word' id='word_1_35' title='bbox 881 502 1012 573; x_wconf 89' lang='lat' dir='ltr'><strong>quia</strong></span> <span class='ocrx_word' id='word_1_36' title='bbox 1040 507 1097 557; x_wconf 93' lang='lat' dir='ltr'><strong>et</strong></span> <span class='ocrx_word' id='word_1_37' title='bbox 1122 520 1224 573; x_wconf 90' lang='lat' dir='ltr'><strong>ego</strong></span> <span class='ocrx_word' id='word_1_38' title='bbox 1255 504 1401 559; x_wconf 83' lang='lat' dir='ltr'><strong>sicut</strong></span> <span class='ocrx_word' id='word_1_39' title='bbox 1419 521 1515 559; x_wconf 87' lang='lat' dir='ltr'><strong>vos</strong></span> <span class='ocrx_word' id='word_1_40' title='bbox 1540 508 1632 572; x_wconf 71' lang='lat' dir='ltr'><strong>[ui</strong></span> <span class='ocrx_word' id='word_1_41' title='bbox 1648 508 1803 569; x_wconf 89' lang='lat' dir='ltr'><strong>olim,</strong></span> <span class='ocrx_word' id='word_1_42' title='bbox 1827 507 2048 571; x_wconf 83' lang='lat' dir='ltr'><strong>fratres,</strong></span> <span class='ocrx_word' id='word_1_43' title='bbox 2094 521 2161 559; x_wconf 84' lang='lat' dir='ltr'><strong>ne</strong></span> <span class='ocrx_word' id='word_1_44' title='bbox 2186 504 2512 573; x_wconf 75' lang='lat' dir='ltr'><strong>judaixetis,</strong></span> <span class='ocrx_word' id='word_1_45' title='bbox 2545 500 2773 558; x_wconf 86' lang='lat' dir='ltr'><strong>obsecro</strong></span> <span class='ocrx_word' id='word_1_46' title='bbox 2798 519 2917 558; x_wconf 87' lang='lat' dir='ltr'><strong>vos.</strong></span> <span class='ocrx_word' id='word_1_47' title='bbox 2949 502 3039 561; x_wconf 77' lang='lat'><strong>22.</strong></span> <span class='ocrx_word' id='word_1_48' title='bbox 3066 506 3225 562; x_wconf 85' lang='lat' dir='ltr'><strong>Nihil</strong></span> <span class='ocrx_word' id='word_1_49' title='bbox 3254 522 3348 564; x_wconf 90' lang='lat' dir='ltr'><strong>me</strong></span> 
     </span>
    </p>
   </div>
   <div class='ocr_carea' id='block_1_4' title="bbox 135 582 3348 665">
    <p class='ocr_par' dir='ltr' id='par_1_4' title="bbox 135 582 3348 665">
     <span class='ocr_line' id='line_1_4' title="bbox 135 582 3348 665; baseline 0.002 -19"><span class='ocrx_word' id='word_1_50' title='bbox 135 591 459 658; x_wconf 70' lang='lat' dir='ltr'><strong>laesistis,imo</strong></span> <span class='ocrx_word' id='word_1_51' title='bbox 473 590 1224 661; x_wconf 78' lang='lat' dir='ltr'><strong>profuislis,sicutangelum.</strong></span> <span class='ocrx_word' id='word_1_52' title='bbox 1237 594 1711 662; x_wconf 73' lang='lat' dir='ltr'><strong>Deisuscipientes.</strong></span> <span class='ocrx_word' id='word_1_53' title='bbox 1734 595 1898 650; x_wconf 84' lang='lat' dir='ltr'><strong>Scitis</strong></span> <span class='ocrx_word' id='word_1_54' title='bbox 1914 599 2104 649; x_wconf 89' lang='lat' dir='ltr'><strong>autem</strong></span> <span class='ocrx_word' id='word_1_55' title='bbox 2123 593 2255 665; x_wconf 93' lang='lat' dir='ltr'><strong>quia</strong></span> <span class='ocrx_word' id='word_1_56' title='bbox 2270 591 2469 662; x_wconf 76' lang='lat' dir='ltr'><strong>23.per</strong></span> <span class='ocrx_word' id='word_1_57' title='bbox 2482 590 2872 646; x_wconf 88' lang='lat' dir='ltr'><strong>inﬁrmitatem</strong></span> <span class='ocrx_word' id='word_1_58' title='bbox 2883 593 3067 648; x_wconf 90' lang='lat' dir='ltr'><strong>carnis</strong></span> <span class='ocrx_word' id='word_1_59' title='bbox 3082 582 3348 665; x_wconf 76' lang='lat' dir='ltr'><strong>afﬂictus,</strong></span> 
     </span>
    </p>
   </div>
   <div class='ocr_carea' id='block_1_5' title="bbox 134 678 3360 752">
    <p class='ocr_par' dir='ltr' id='par_1_5' title="bbox 134 678 3360 752">
     <span class='ocr_line' id='line_1_5' title="bbox 134 678 3360 752; baseline 0.002 -19"><span class='ocrx_word' id='word_1_60' title='bbox 134 681 203 734; x_wconf 78' lang='lat' dir='ltr'><strong>vel</strong></span> <span class='ocrx_word' id='word_1_61' title='bbox 226 682 491 746; x_wconf 75' lang='lat' dir='ltr'><strong>inﬁrmus,</strong></span> <span class='ocrx_word' id='word_1_62' title='bbox 525 678 893 751; x_wconf 87' lang='lat' dir='ltr'><strong>evangelizavi</strong></span> <span class='ocrx_word' id='word_1_63' title='bbox 921 679 1076 733; x_wconf 90' lang='lat' dir='ltr'><strong>vobis</strong></span> <span class='ocrx_word' id='word_1_64' title='bbox 1092 682 1214 751; x_wconf 87' lang='lat' dir='ltr'><strong>jam</strong></span> <span class='ocrx_word' id='word_1_65' title='bbox 1235 681 1452 752; x_wconf 84' lang='lat' dir='ltr'><strong>pridem</strong></span> <span class='ocrx_word' id='word_1_66' title='bbox 1483 701 1495 748; x_wconf 87' lang='lat'><strong>;</strong></span> <span class='ocrx_word' id='word_1_67' title='bbox 1526 687 1583 735; x_wconf 90' lang='lat' dir='ltr'><strong>et</strong></span> <span class='ocrx_word' id='word_1_68' title='bbox 1606 680 1693 747; x_wconf 78' lang='lat'><strong>24,</strong></span> <span class='ocrx_word' id='word_1_69' title='bbox 1719 684 1808 739; x_wconf 70' lang='lat'><strong>‘15.</strong></span> <span class='ocrx_word' id='word_1_70' title='bbox 1837 684 2209 738; x_wconf 78' lang='lat' dir='ltr'><strong>tentationem</strong></span> <span class='ocrx_word' id='word_1_71' title='bbox 2239 686 2504 746; x_wconf 81' lang='lat' dir='ltr'><strong>vestram,</strong></span> <span class='ocrx_word' id='word_1_72' title='bbox 2530 696 2635 750; x_wconf 86' lang='lat' dir='ltr'><strong>pro</strong></span> <span class='ocrx_word' id='word_1_73' title='bbox 2665 682 2812 734; x_wconf 88' lang='lat' dir='ltr'><strong>vobis</strong></span> <span class='ocrx_word' id='word_1_74' title='bbox 2841 682 3070 749; x_wconf 82' lang='lat' dir='ltr'><strong>factam,</strong></span> <span class='ocrx_word' id='word_1_75' title='bbox 3103 682 3164 737; x_wconf 90' lang='lat' dir='ltr'><strong>in</strong></span> <span class='ocrx_word' id='word_1_76' title='bbox 3189 700 3360 740; x_wconf 86' lang='lat' dir='ltr'><strong>carne</strong></span> 
     </span>
    </p>
   </div>
   <div class='ocr_carea' id='block_1_6' title="bbox 133 767 3353 844">
    <p class='ocr_par' dir='ltr' id='par_1_6' title="bbox 133 767 3353 844">
     <span class='ocr_line' id='line_1_6' title="bbox 133 767 3353 844; baseline 0.002 -22"><span class='ocrx_word' id='word_1_77' title='bbox 133 784 241 822; x_wconf 87' lang='lat' dir='ltr'><strong>mea</strong></span> <span class='ocrx_word' id='word_1_78' title='bbox 262 767 346 824; x_wconf 78' lang='lat'><strong>26.</strong></span> <span class='ocrx_word' id='word_1_79' title='bbox 372 784 481 827; x_wconf 89' lang='lat' dir='ltr'><strong>non</strong></span> <span class='ocrx_word' id='word_1_80' title='bbox 506 768 1004 840; x_wconf 85' lang='lat' dir='ltr'><strong>sprevistis,neque</strong></span> <span class='ocrx_word' id='word_1_81' title='bbox 1034 768 1451 841; x_wconf 86' lang='lat' dir='ltr'><strong>respuistis,sed</strong></span> <span class='ocrx_word' id='word_1_82' title='bbox 1468 770 1616 825; x_wconf 78' lang='lat' dir='ltr'><strong>sicut</strong></span> <span class='ocrx_word' id='word_1_83' title='bbox 1627 773 1890 842; x_wconf 82' lang='lat' dir='ltr'><strong>angelum</strong></span> <span class='ocrx_word' id='word_1_84' title='bbox 1913 773 2013 827; x_wconf 86' lang='lat' dir='ltr'><strong>Dei</strong></span> <span class='ocrx_word' id='word_1_85' title='bbox 2032 772 2334 844; x_wconf 83' lang='lat' dir='ltr'><strong>excepistis</strong></span> <span class='ocrx_word' id='word_1_86' title='bbox 2359 787 2467 836; x_wconf 90' lang='lat' dir='ltr'><strong>me,</strong></span> <span class='ocrx_word' id='word_1_87' title='bbox 2482 770 2629 825; x_wconf 88' lang='lat' dir='ltr'><strong>sicut</strong></span> <span class='ocrx_word' id='word_1_88' title='bbox 2652 772 3038 840; x_wconf 68' lang='lat' dir='ltr'><strong>(exaggeratio)</strong></span> <span class='ocrx_word' id='word_1_89' title='bbox 3062 772 3353 829; x_wconf 85' lang='lat' dir='ltr'><strong>Christum</strong></span> 
     </span>
    </p>
   </div>
   <div class='ocr_carea' id='block_1_7' title="bbox 129 857 3352 929">
    <p class='ocr_par' dir='ltr' id='par_1_7' title="bbox 129 857 3352 929">
     <span class='ocr_line' id='line_1_7' title="bbox 129 857 3352 929; baseline 0.002 -18"><span class='ocrx_word' id='word_1_90' title='bbox 129 858 313 923; x_wconf 78' lang='lat' dir='ltr'><strong>Iesum,</strong></span> <span class='ocrx_word' id='word_1_91' title='bbox 343 863 391 911; x_wconf 85' lang='lat' dir='ltr'><strong>et</strong></span> <span class='ocrx_word' id='word_1_92' title='bbox 420 861 501 911; x_wconf 84' lang='lat' dir='ltr'><strong>ita</strong></span> <span class='ocrx_word' id='word_1_93' title='bbox 532 863 665 911; x_wconf 88' lang='lat' dir='ltr'><strong>tunc</strong></span> <span class='ocrx_word' id='word_1_94' title='bbox 694 859 836 911; x_wconf 88' lang='lat' dir='ltr'><strong>beati</strong></span> <span class='ocrx_word' id='word_1_95' title='bbox 862 874 970 912; x_wconf 87' lang='lat' dir='ltr'><strong>vos.</strong></span> <span class='ocrx_word' id='word_1_96' title='bbox 989 857 1095 913; x_wconf 85' lang='lat' dir='ltr'><strong>Ubi</strong></span> <span class='ocrx_word' id='word_1_97' title='bbox 1122 864 1208 913; x_wconf 91' lang='lat' dir='ltr'><strong>est</strong></span> <span class='ocrx_word' id='word_1_98' title='bbox 1230 859 1317 913; x_wconf 81' lang='grc'><strong>27.</strong></span> <span class='ocrx_word' id='word_1_99' title='bbox 1334 874 1488 929; x_wconf 90' lang='lat' dir='ltr'><strong>ergo,</strong></span> <span class='ocrx_word' id='word_1_100' title='bbox 1508 876 1662 914; x_wconf 89' lang='lat' dir='ltr'><strong>nunc</strong></span> <span class='ocrx_word' id='word_1_101' title='bbox 1680 866 1885 917; x_wconf 87' lang='lat' dir='ltr'><strong>autem.</strong></span> <span class='ocrx_word' id='word_1_102' title='bbox 1901 864 2000 915; x_wconf 87' lang='lat' dir='ltr'><strong>ubi</strong></span> <span class='ocrx_word' id='word_1_103' title='bbox 2022 860 2310 916; x_wconf 83' lang='lat' dir='ltr'><strong>beatitudo</strong></span> <span class='ocrx_word' id='word_1_104' title='bbox 2331 864 2519 914; x_wconf 89' lang='lat' dir='ltr'><strong>vestra</strong></span> <span class='ocrx_word' id='word_1_105' title='bbox 2528 862 2777 928; x_wconf 75' lang='lat' dir='ltr'><strong>pristina</strong></span> <span class='ocrx_word' id='word_1_106' title='bbox 2796 865 2820 913; x_wconf 67' lang='grc' dir='ltr'><em>Ρ</em></span> <span class='ocrx_word' id='word_1_107' title='bbox 2844 875 2957 913; x_wconf 88' lang='lat' dir='ltr'><strong>non</strong></span> <span class='ocrx_word' id='word_1_108' title='bbox 2977 877 3063 915; x_wconf 87' lang='lat' dir='ltr'><strong>me</strong></span> <span class='ocrx_word' id='word_1_109' title='bbox 3088 864 3309 918; x_wconf 59' lang='lat' dir='ltr'><strong>laesisti:</strong></span> <span class='ocrx_word' id='word_1_110' title='bbox 3334 880 3352 918; x_wconf 84' lang='lat'><strong><em>:</em></strong></span> 
     </span>
    </p>
   </div>
   <div class='ocr_carea' id='block_1_8' title="bbox 127 946 3355 1024">
    <p class='ocr_par' dir='ltr' id='par_1_8' title="bbox 127 946 3355 1024">
     <span class='ocr_line' id='line_1_8' title="bbox 127 946 3355 1024; baseline 0.002 -23"><span class='ocrx_word' id='word_1_111' title='bbox 127 950 198 1001; x_wconf 77' lang='lat' dir='ltr'><strong>vel</strong></span> <span class='ocrx_word' id='word_1_112' title='bbox 208 948 396 1000; x_wconf 89' lang='lat' dir='ltr'><strong>bonum</strong></span> <span class='ocrx_word' id='word_1_113' title='bbox 410 947 552 1000; x_wconf 87' lang='lat' dir='ltr'><strong>mihi</strong></span> <span class='ocrx_word' id='word_1_114' title='bbox 574 946 1209 1014; x_wconf 87' lang='lat' dir='ltr'><strong>fecistis.Testimonium</strong></span> <span class='ocrx_word' id='word_1_115' title='bbox 1234 947 1386 1002; x_wconf 87' lang='lat' dir='ltr'><strong>enim</strong></span> <span class='ocrx_word' id='word_1_116' title='bbox 1401 948 1667 1019; x_wconf 87' lang='lat' dir='ltr'><strong>perhibeo</strong></span> <span class='ocrx_word' id='word_1_117' title='bbox 1681 949 1836 1004; x_wconf 83' lang='lat' dir='ltr'><strong>vobis</strong></span> <span class='ocrx_word' id='word_1_118' title='bbox 1852 950 2058 1022; x_wconf 89' lang='lat' dir='ltr'><strong>quia,si</strong></span> <span class='ocrx_word' id='word_1_119' title='bbox 2076 950 2198 1006; x_wconf 91' lang='lat' dir='ltr'><strong>ﬁeri</strong></span> <span class='ocrx_word' id='word_1_120' title='bbox 2211 953 2440 1021; x_wconf 78' lang='lat' dir='ltr'><strong>posset,(</strong></span> <span class='ocrx_word' id='word_1_121' title='bbox 2447 950 2835 1017; x_wconf 83' lang='lat' dir='ltr'><strong>benevolentia,</strong></span> <span class='ocrx_word' id='word_1_122' title='bbox 2849 954 2917 1003; x_wconf 86' lang='lat' dir='ltr'><strong>ut</strong></span> <span class='ocrx_word' id='word_1_123' title='bbox 2928 952 3036 1005; x_wconf 88' lang='lat' dir='ltr'><strong>sibi</strong></span> <span class='ocrx_word' id='word_1_124' title='bbox 3049 952 3355 1024; x_wconf 74' lang='lat' dir='ltr'><strong>obedian&#39;ti)</strong></span> 
     </span>
    </p>
   </div>
   <div class='ocr_carea' id='block_1_9' title="bbox 127 1036 3362 1109">
    <p class='ocr_par' dir='ltr' id='par_1_9' title="bbox 127 1036 3362 1109">
     <span class='ocr_line' id='line_1_9' title="bbox 127 1036 3362 1109; baseline 0.002 -17"><span class='ocrx_word' id='word_1_125' title='bbox 127 1037 290 1092; x_wconf 90' lang='lat' dir='ltr'><strong>oculos</strong></span> <span class='ocrx_word' id='word_1_126' title='bbox 306 1043 512 1092; x_wconf 89' lang='lat' dir='ltr'><strong>vestros</strong></span> <span class='ocrx_word' id='word_1_127' title='bbox 525 1036 896 1102; x_wconf 90' lang='lat' dir='ltr'><strong>eruissetis,et</strong></span> <span class='ocrx_word' id='word_1_128' title='bbox 915 1037 1213 1092; x_wconf 85' lang='lat' dir='ltr'><strong>dedissetis</strong></span> <span class='ocrx_word' id='word_1_129' title='bbox 1233 1038 1515 1109; x_wconf 85' lang='lat' dir='ltr'><strong>mihi.Ego</strong></span> <span class='ocrx_word' id='word_1_130' title='bbox 1532 1038 1794 1094; x_wconf 90' lang='lat' dir='ltr'><strong>inimicus</strong></span> <span class='ocrx_word' id='word_1_131' title='bbox 1816 1039 1968 1094; x_wconf 82' lang='lat' dir='ltr'><strong>vobis</strong></span> <span class='ocrx_word' id='word_1_132' title='bbox 1985 1040 2165 1094; x_wconf 88' lang='lat' dir='ltr'><strong>factus</strong></span> <span class='ocrx_word' id='word_1_133' title='bbox 2177 1054 2302 1094; x_wconf 89' lang='lat' dir='ltr'><strong>sum</strong></span> <span class='ocrx_word' id='word_1_134' title='bbox 2319 1043 2358 1106; x_wconf 78' lang='grc' dir='ltr'>ι</span> <span class='ocrx_word' id='word_1_135' title='bbox 2374 1036 2599 1106; x_wconf 53' lang='grc'><strong>8828.</strong></span> <span class='ocrx_word' id='word_1_136' title='bbox 2627 1052 2825 1091; x_wconf 88' lang='lat' dir='ltr'><strong>verum</strong></span> <span class='ocrx_word' id='word_1_137' title='bbox 2848 1036 3039 1093; x_wconf 90' lang='lat' dir='ltr'><strong>dicens</strong></span> <span class='ocrx_word' id='word_1_138' title='bbox 3058 1036 3362 1097; x_wconf 38' lang='lat' dir='ltr'><strong>vobis?‘llli</strong></span> 
     </span>
    </p>
   </div>
   <div class='ocr_carea' id='block_1_10' title="bbox 128 1125 3354 1195">
    <p class='ocr_par' dir='ltr' id='par_1_10' title="bbox 128 1125 3354 1195">
     <span class='ocr_line' id='line_1_10' title="bbox 128 1125 3354 1195; baseline 0.001 -16"><span class='ocrx_word' id='word_1_139' title='bbox 128 1129 210 1194; x_wconf 85' lang='lat' dir='ltr'><strong>qui</strong></span> <span class='ocrx_word' id='word_1_140' title='bbox 231 1127 548 1194; x_wconf 78' lang='lat' dir='ltr'><strong>persuadent</strong></span> <span class='ocrx_word' id='word_1_141' title='bbox 570 1142 654 1180; x_wconf 87' lang='lat' dir='ltr'><strong>me</strong></span> <span class='ocrx_word' id='word_1_142' title='bbox 685 1128 985 1180; x_wconf 87' lang='lat' dir='ltr'><strong>inimicum</strong></span> <span class='ocrx_word' id='word_1_143' title='bbox 1003 1126 1149 1180; x_wconf 85' lang='lat' dir='ltr'><strong>vobis</strong></span> <span class='ocrx_word' id='word_1_144' title='bbox 1165 1143 1289 1192; x_wconf 84' lang='lat' dir='ltr'><strong>esse,</strong></span> <span class='ocrx_word' id='word_1_145' title='bbox 1311 1127 1394 1180; x_wconf 87' lang='lat' dir='ltr'><strong>vel</strong></span> <span class='ocrx_word' id='word_1_146' title='bbox 1411 1143 1499 1180; x_wconf 88' lang='lat' dir='ltr'><strong>vos</strong></span> <span class='ocrx_word' id='word_1_147' title='bbox 1506 1128 1827 1195; x_wconf 78' lang='lat' dir='ltr'><strong>judaizare.</strong></span> <span class='ocrx_word' id='word_1_148' title='bbox 1862 1126 1933 1184; x_wconf 75' lang='lat'><strong>29</strong></span> <span class='ocrx_word' id='word_1_149' title='bbox 1949 1174 1962 1186; x_wconf 93' lang='lat'><strong>.</strong></span> <span class='ocrx_word' id='word_1_150' title='bbox 2000 1129 2361 1183; x_wconf 59' lang='lat' dir='ltr'><strong>IEmulantur</strong></span> <span class='ocrx_word' id='word_1_151' title='bbox 2377 1142 2474 1181; x_wconf 89' lang='lat' dir='ltr'><strong>vos</strong></span> <span class='ocrx_word' id='word_1_152' title='bbox 2498 1142 2612 1181; x_wconf 89' lang='lat' dir='ltr'><strong>non</strong></span> <span class='ocrx_word' id='word_1_153' title='bbox 2629 1125 2772 1181; x_wconf 87' lang='lat' dir='ltr'><strong>bene</strong></span> <span class='ocrx_word' id='word_1_154' title='bbox 2796 1145 2807 1180; x_wconf 92' lang='lat'><strong>:</strong></span> <span class='ocrx_word' id='word_1_155' title='bbox 2828 1127 2928 1181; x_wconf 90' lang='lat' dir='ltr'><strong>sed</strong></span> <span class='ocrx_word' id='word_1_156' title='bbox 2947 1128 3242 1183; x_wconf 81' lang='lat' dir='ltr'><strong>excludere</strong></span> <span class='ocrx_word' id='word_1_157' title='bbox 3254 1145 3354 1184; x_wconf 83' lang='lat' dir='ltr'><strong>vos</strong></span> 
     </span>
    </p>
   </div>
   <div class='ocr_carea' id='block_1_11' title="bbox 126 1214 3351 1284">
    <p class='ocr_par' dir='ltr' id='par_1_11' title="bbox 126 1214 3351 1284">
     <span class='ocr_line' id='line_1_11' title="bbox 126 1214 3351 1284; baseline 0.002 -16"><span class='ocrx_word' id='word_1_158' title='bbox 126 1215 310 1281; x_wconf 81' lang='lat' dir='ltr'><strong>volunt,</strong></span> <span class='ocrx_word' id='word_1_159' title='bbox 327 1233 361 1270; x_wconf 90' lang='lat' dir='ltr'><strong>a</strong></span> <span class='ocrx_word' id='word_1_160' title='bbox 386 1217 600 1284; x_wconf 78' lang='lat' dir='ltr'><strong>ﬁde,vel</strong></span> <span class='ocrx_word' id='word_1_161' title='bbox 628 1233 663 1270; x_wconf 92' lang='lat' dir='ltr'><strong>a</strong></span> <span class='ocrx_word' id='word_1_162' title='bbox 690 1233 811 1270; x_wconf 89' lang='lat' dir='ltr'><strong>mea</strong></span> <span class='ocrx_word' id='word_1_163' title='bbox 840 1217 1358 1281; x_wconf 85' lang='lat' dir='ltr'><strong>dilectione,utillos</strong></span> <span class='ocrx_word' id='word_1_164' title='bbox 1373 1214 2297 1278; x_wconf 85' lang='lat' dir='ltr'><strong>aemulemini,imitemini.Bonum</strong></span> <span class='ocrx_word' id='word_1_165' title='bbox 2317 1219 2507 1269; x_wconf 91' lang='lat' dir='ltr'><strong>autem</strong></span> <span class='ocrx_word' id='word_1_166' title='bbox 2528 1217 2593 1269; x_wconf 87' lang='lat' dir='ltr'><strong>in</strong></span> <span class='ocrx_word' id='word_1_167' title='bbox 2612 1215 3179 1281; x_wconf 70' lang='lat' dir='ltr'><strong>illos,zemulaminiin</strong></span> <span class='ocrx_word' id='word_1_168' title='bbox 3201 1214 3351 1273; x_wconf 77' lang='lat' dir='ltr'><strong>beno</strong></span> 
     </span>
    </p>
   </div>
   <div class='ocr_carea' id='block_1_12' title="bbox 127 1300 3347 1379">
    <p class='ocr_par' dir='ltr' id='par_1_12' title="bbox 127 1300 3347 1379">
     <span class='ocr_line' id='line_1_12' title="bbox 127 1300 3347 1379; baseline 0.001 -21"><span class='ocrx_word' id='word_1_169' title='bbox 127 1321 338 1376; x_wconf 87' lang='lat' dir='ltr'><strong>semper.</strong></span> <span class='ocrx_word' id='word_1_170' title='bbox 369 1310 425 1359; x_wconf 88' lang='lat' dir='ltr'><strong>et</strong></span> <span class='ocrx_word' id='word_1_171' title='bbox 449 1321 561 1359; x_wconf 90' lang='lat' dir='ltr'><strong>non</strong></span> <span class='ocrx_word' id='word_1_172' title='bbox 590 1310 814 1360; x_wconf 89' lang='lat' dir='ltr'><strong>tantum</strong></span> <span class='ocrx_word' id='word_1_173' title='bbox 844 1323 971 1360; x_wconf 90' lang='lat' dir='ltr'><strong>cum</strong></span> <span class='ocrx_word' id='word_1_174' title='bbox 1004 1321 1248 1379; x_wconf 83' lang='lat' dir='ltr'><strong>praesens</strong></span> <span class='ocrx_word' id='word_1_175' title='bbox 1266 1322 1393 1360; x_wconf 91' lang='lat' dir='ltr'><strong>sum</strong></span> <span class='ocrx_word' id='word_1_176' title='bbox 1412 1306 1561 1377; x_wconf 84' lang='lat' dir='ltr'><strong>apud</strong></span> <span class='ocrx_word' id='word_1_177' title='bbox 1589 1321 1706 1359; x_wconf 92' lang='lat' dir='ltr'><strong>vos.</strong></span> <span class='ocrx_word' id='word_1_178' title='bbox 1741 1303 1828 1361; x_wconf 89' lang='grc'><strong>30.</strong></span> <span class='ocrx_word' id='word_1_179' title='bbox 1859 1304 2042 1360; x_wconf 92' lang='lat' dir='ltr'><strong>Filioli</strong></span> <span class='ocrx_word' id='word_1_180' title='bbox 2073 1305 2203 1369; x_wconf 91' lang='lat' dir='ltr'><strong>mei,</strong></span> <span class='ocrx_word' id='word_1_181' title='bbox 2227 1319 2367 1376; x_wconf 87' lang='lat' dir='ltr'><strong>quos</strong></span> <span class='ocrx_word' id='word_1_182' title='bbox 2385 1302 2594 1379; x_wconf 80' lang='lat' dir='ltr'><strong>iterum</strong></span> <span class='ocrx_word' id='word_1_183' title='bbox 2622 1300 2710 1357; x_wconf 75' lang='lat' dir='ltr'><strong>3i.</strong></span> <span class='ocrx_word' id='word_1_184' title='bbox 2731 1303 3347 1373; x_wconf 73' lang='lat' dir='ltr'><strong>parturio,cum‘labore</strong></span> 
     </span>
    </p>
   </div>
   <div class='ocr_carea' id='block_1_13' title="bbox 126 1390 3338 1463">
    <p class='ocr_par' dir='ltr' id='par_1_13' title="bbox 126 1390 3338 1463">
     <span class='ocr_line' id='line_1_13' title="bbox 126 1390 3338 1463; baseline 0.001 -19"><span class='ocrx_word' id='word_1_185' title='bbox 126 1408 308 1461; x_wconf 76' lang='lat' dir='ltr'><strong>revoco,</strong></span> <span class='ocrx_word' id='word_1_186' title='bbox 328 1390 412 1449; x_wconf 74' lang='grc'><strong>32.</strong></span> <span class='ocrx_word' id='word_1_187' title='bbox 443 1393 619 1447; x_wconf 90' lang='lat' dir='ltr'><strong>donec</strong></span> <span class='ocrx_word' id='word_1_188' title='bbox 640 1393 914 1447; x_wconf 80' lang='lat' dir='ltr'><strong>formetur</strong></span> <span class='ocrx_word' id='word_1_189' title='bbox 930 1392 1189 1451; x_wconf 83' lang='lat' dir='ltr'><strong>Christus</strong></span> <span class='ocrx_word' id='word_1_190' title='bbox 1212 1394 1271 1448; x_wconf 90' lang='lat' dir='ltr'><strong>in</strong></span> <span class='ocrx_word' id='word_1_191' title='bbox 1296 1393 1453 1448; x_wconf 88' lang='lat' dir='ltr'><strong>vobis</strong></span> <span class='ocrx_word' id='word_1_192' title='bbox 1480 1393 2167 1462; x_wconf 83' lang='lat' dir='ltr'><strong>resipiscentibus.Vellem</strong></span> <span class='ocrx_word' id='word_1_193' title='bbox 2195 1396 2386 1448; x_wconf 89' lang='lat' dir='ltr'><strong>autem</strong></span> <span class='ocrx_word' id='word_1_194' title='bbox 2416 1407 2538 1446; x_wconf 90' lang='lat' dir='ltr'><strong>esse</strong></span> <span class='ocrx_word' id='word_1_195' title='bbox 2557 1391 2707 1463; x_wconf 91' lang='lat' dir='ltr'><strong>apud</strong></span> <span class='ocrx_word' id='word_1_196' title='bbox 2731 1406 2828 1446; x_wconf 90' lang='lat' dir='ltr'><strong>vos</strong></span> <span class='ocrx_word' id='word_1_197' title='bbox 2850 1392 3034 1460; x_wconf 91' lang='lat' dir='ltr'><strong>modo,</strong></span> <span class='ocrx_word' id='word_1_198' title='bbox 3057 1409 3190 1463; x_wconf 89' lang='lat' dir='ltr'><strong>quos</strong></span> <span class='ocrx_word' id='word_1_199' title='bbox 3213 1392 3338 1449; x_wconf 81' lang='lat' dir='ltr'><strong>voco</strong></span> 
     </span>
    </p>
   </div>
   <div class='ocr_carea' id='block_1_14' title="bbox 123 1478 3335 1552">
    <p class='ocr_par' dir='ltr' id='par_1_14' title="bbox 123 1478 3335 1552">
     <span class='ocr_line' id='line_1_14' title="bbox 123 1478 3335 1552; baseline 0.001 -18"><span class='ocrx_word' id='word_1_200' title='bbox 123 1483 505 1548; x_wconf 77' lang='lat' dir='ltr'><strong>ﬁlios.vocarem</strong></span> <span class='ocrx_word' id='word_1_201' title='bbox 527 1484 805 1551; x_wconf 83' lang='lat' dir='ltr'><strong>pessimos,</strong></span> <span class='ocrx_word' id='word_1_202' title='bbox 820 1484 902 1536; x_wconf 89' lang='lat' dir='ltr'><strong>vel</strong></span> <span class='ocrx_word' id='word_1_203' title='bbox 925 1499 1059 1552; x_wconf 91' lang='lat' dir='ltr'><strong>quos</strong></span> <span class='ocrx_word' id='word_1_204' title='bbox 1084 1484 1344 1537; x_wconf 83' lang='lat' dir='ltr'><strong>admoneo</strong></span> <span class='ocrx_word' id='word_1_205' title='bbox 1367 1483 1717 1548; x_wconf 85' lang='lat' dir='ltr'><strong>blandiendo,</strong></span> <span class='ocrx_word' id='word_1_206' title='bbox 1734 1486 1791 1536; x_wconf 87' lang='lat' dir='ltr'><strong>et</strong></span> <span class='ocrx_word' id='word_1_207' title='bbox 1810 1478 2131 1538; x_wconf 90' lang='lat' dir='ltr'><strong>33.mutare</strong></span> <span class='ocrx_word' id='word_1_208' title='bbox 2148 1497 2337 1536; x_wconf 91' lang='lat' dir='ltr'><strong>vocem</strong></span> <span class='ocrx_word' id='word_1_209' title='bbox 2359 1482 2972 1546; x_wconf 84' lang='lat' dir='ltr'><strong>meam,comminarem</strong></span> <span class='ocrx_word' id='word_1_210' title='bbox 2990 1482 3335 1550; x_wconf 85' lang='lat' dir='ltr'><strong>imperando,</strong></span> 
     </span>
    </p>
   </div>
   <div class='ocr_carea' id='block_1_15' title="bbox 126 1569 3345 1643">
    <p class='ocr_par' dir='ltr' id='par_1_15' title="bbox 126 1569 3345 1643">
     <span class='ocr_line' id='line_1_15' title="bbox 126 1569 3345 1643; baseline 0 -19"><span class='ocrx_word' id='word_1_211' title='bbox 126 1569 361 1641; x_wconf 89' lang='lat' dir='ltr'><strong>quoniam</strong></span> <span class='ocrx_word' id='word_1_212' title='bbox 389 1571 701 1625; x_wconf 84' lang='lat' dir='ltr'><strong>confundor</strong></span> <span class='ocrx_word' id='word_1_213' title='bbox 719 1570 778 1625; x_wconf 90' lang='lat' dir='ltr'><strong>in</strong></span> <span class='ocrx_word' id='word_1_214' title='bbox 806 1570 979 1625; x_wconf 82' lang='lat' dir='ltr'><strong>vobis.</strong></span> <span class='ocrx_word' id='word_1_215' title='bbox 1013 1569 1101 1627; x_wconf 74' lang='grc'><strong>34.</strong></span> <span class='ocrx_word' id='word_1_216' title='bbox 1119 1571 1300 1626; x_wconf 90' lang='lat' dir='ltr'><strong>Dicite</strong></span> <span class='ocrx_word' id='word_1_217' title='bbox 1320 1571 1479 1637; x_wconf 88' lang='lat' dir='ltr'><strong>mihi,</strong></span> <span class='ocrx_word' id='word_1_218' title='bbox 1513 1571 1609 1642; x_wconf 90' lang='lat' dir='ltr'><strong>qui</strong></span> <span class='ocrx_word' id='word_1_219' title='bbox 1632 1571 1735 1626; x_wconf 90' lang='lat' dir='ltr'><strong>sub</strong></span> <span class='ocrx_word' id='word_1_220' title='bbox 1771 1573 1896 1643; x_wconf 84' lang='lat' dir='ltr'><strong>lege</strong></span> <span class='ocrx_word' id='word_1_221' title='bbox 1926 1572 2093 1627; x_wconf 82' lang='lat' dir='ltr'><strong>vultis</strong></span> <span class='ocrx_word' id='word_1_222' title='bbox 2121 1587 2262 1638; x_wconf 89' lang='lat' dir='ltr'><strong>esse,</strong></span> <span class='ocrx_word' id='word_1_223' title='bbox 2296 1572 2479 1642; x_wconf 82' lang='lat' dir='ltr'><strong>legem</strong></span> <span class='ocrx_word' id='word_1_224' title='bbox 2509 1586 2623 1625; x_wconf 90' lang='lat' dir='ltr'><strong>non</strong></span> <span class='ocrx_word' id='word_1_225' title='bbox 2660 1570 2920 1640; x_wconf 83' lang='lat' dir='ltr'><strong>legistis?</strong></span> <span class='ocrx_word' id='word_1_226' title='bbox 2947 1569 3230 1640; x_wconf 86' lang='lat' dir='ltr'><strong>Scriptum</strong></span> <span class='ocrx_word' id='word_1_227' title='bbox 3256 1574 3345 1625; x_wconf 90' lang='lat' dir='ltr'><strong>est</strong></span> 
     </span>
    </p>
   </div>
   <div class='ocr_carea' id='block_1_16' title="bbox 121 1658 3354 1728">
    <p class='ocr_par' dir='ltr' id='par_1_16' title="bbox 121 1658 3354 1728">
     <span class='ocr_line' id='line_1_16' title="bbox 121 1658 3354 1728; baseline 0.001 -15"><span class='ocrx_word' id='word_1_228' title='bbox 121 1659 247 1713; x_wconf 87' lang='lat' dir='ltr'><strong>enim</strong></span> <span class='ocrx_word' id='word_1_229' title='bbox 282 1678 293 1713; x_wconf 89' lang='lat'><strong>:</strong></span> <span class='ocrx_word' id='word_1_230' title='bbox 326 1658 411 1716; x_wconf 88' lang='lat'><strong>35.</strong></span> <span class='ocrx_word' id='word_1_231' title='bbox 446 1660 724 1725; x_wconf 86' lang='lat' dir='ltr'><strong>Quoniam</strong></span> <span class='ocrx_word' id='word_1_232' title='bbox 744 1660 1027 1715; x_wconf 84' lang='lat' dir='ltr'><strong>Abraham</strong></span> <span class='ocrx_word' id='word_1_233' title='bbox 1049 1660 1189 1715; x_wconf 91' lang='lat' dir='ltr'><strong>duos</strong></span> <span class='ocrx_word' id='word_1_234' title='bbox 1211 1661 1353 1715; x_wconf 88' lang='lat' dir='ltr'><strong>ﬁlios</strong></span> <span class='ocrx_word' id='word_1_235' title='bbox 1369 1660 1568 1715; x_wconf 85' lang='lat' dir='ltr'><strong>habuit</strong></span> <span class='ocrx_word' id='word_1_236' title='bbox 1599 1679 1610 1713; x_wconf 93' lang='lat'><strong>:</strong></span> <span class='ocrx_word' id='word_1_237' title='bbox 1655 1678 1829 1715; x_wconf 90' lang='lat' dir='ltr'><strong>unum</strong></span> <span class='ocrx_word' id='word_1_238' title='bbox 1849 1662 2047 1716; x_wconf 82' lang='lat' dir='ltr'><strong>Ismael</strong></span> <span class='ocrx_word' id='word_1_239' title='bbox 2066 1661 2137 1715; x_wconf 93' lang='lat' dir='ltr'><strong>de</strong></span> <span class='ocrx_word' id='word_1_240' title='bbox 2166 1661 2370 1715; x_wconf 90' lang='lat' dir='ltr'><strong>ancilla</strong></span> <span class='ocrx_word' id='word_1_241' title='bbox 2396 1661 2567 1728; x_wconf 80' lang='lat' dir='ltr'><strong>Agar,</strong></span> <span class='ocrx_word' id='word_1_242' title='bbox 2598 1664 2656 1714; x_wconf 91' lang='lat' dir='ltr'><strong>et</strong></span> <span class='ocrx_word' id='word_1_243' title='bbox 2676 1675 2851 1715; x_wconf 90' lang='lat' dir='ltr'><strong>unum</strong></span> <span class='ocrx_word' id='word_1_244' title='bbox 2883 1660 3038 1715; x_wconf 88' lang='lat' dir='ltr'><strong>Isaac</strong></span> <span class='ocrx_word' id='word_1_245' title='bbox 3060 1659 3131 1715; x_wconf 92' lang='lat' dir='ltr'><strong>de</strong></span> <span class='ocrx_word' id='word_1_246' title='bbox 3172 1658 3354 1715; x_wconf 89' lang='lat' dir='ltr'><strong>libera</strong></span> 
     </span>
    </p>
   </div>
   <div class='ocr_carea' id='block_1_17' title="bbox 120 1740 3353 1822">
    <p class='ocr_par' dir='ltr' id='par_1_17' title="bbox 120 1740 3353 1822">
     <span class='ocr_line' id='line_1_17' title="bbox 120 1740 3353 1822; baseline -0.002 -14"><span class='ocrx_word' id='word_1_247' title='bbox 120 1747 258 1808; x_wconf 85' lang='lat' dir='ltr'><strong>Sara.</strong></span> <span class='ocrx_word' id='word_1_248' title='bbox 284 1740 389 1804; x_wconf 87' lang='lat' dir='ltr'><strong>Sed</strong></span> <span class='ocrx_word' id='word_1_249' title='bbox 419 1748 517 1821; x_wconf 85' lang='lat' dir='ltr'><strong>qui</strong></span> <span class='ocrx_word' id='word_1_250' title='bbox 539 1749 609 1805; x_wconf 90' lang='lat' dir='ltr'><strong>de</strong></span> <span class='ocrx_word' id='word_1_251' title='bbox 638 1749 860 1816; x_wconf 85' lang='lat' dir='ltr'><strong>ancilla,</strong></span> <span class='ocrx_word' id='word_1_252' title='bbox 878 1750 979 1809; x_wconf 66' lang='lat'><strong>.56.</strong></span> <span class='ocrx_word' id='word_1_253' title='bbox 1014 1750 1325 1806; x_wconf 87' lang='lat' dir='ltr'><strong>secundum</strong></span> <span class='ocrx_word' id='word_1_254' title='bbox 1354 1765 1585 1805; x_wconf 89' lang='lat' dir='ltr'><strong>carnem</strong></span> <span class='ocrx_word' id='word_1_255' title='bbox 1614 1754 1783 1806; x_wconf 83' lang='lat' dir='ltr'><strong>natus</strong></span> <span class='ocrx_word' id='word_1_256' title='bbox 1812 1756 1935 1817; x_wconf 87' lang='lat' dir='ltr'><strong>.est;</strong></span> <span class='ocrx_word' id='word_1_257' title='bbox 1962 1749 2059 1821; x_wconf 89' lang='lat' dir='ltr'><strong>qui</strong></span> <span class='ocrx_word' id='word_1_258' title='bbox 2079 1755 2274 1807; x_wconf 83' lang='lat' dir='ltr'><strong>autem</strong></span> <span class='ocrx_word' id='word_1_259' title='bbox 2301 1749 2373 1805; x_wconf 90' lang='lat' dir='ltr'><strong>de</strong></span> <span class='ocrx_word' id='word_1_260' title='bbox 2391 1748 2570 1807; x_wconf 88' lang='lat' dir='ltr'><strong>libera</strong></span> <span class='ocrx_word' id='word_1_261' title='bbox 2597 1754 2765 1806; x_wconf 79' lang='lat' dir='ltr'><strong>natus</strong></span> <span class='ocrx_word' id='word_1_262' title='bbox 2793 1754 2888 1817; x_wconf 81' lang='lat' dir='ltr'><strong>est,</strong></span> <span class='ocrx_word' id='word_1_263' title='bbox 2917 1764 3021 1821; x_wconf 89' lang='lat' dir='ltr'><strong>per</strong></span> <span class='ocrx_word' id='word_1_264' title='bbox 3047 1747 3353 1822; x_wconf 87' lang='lat' dir='ltr'><strong>repromis-</strong></span> 
     </span>
    </p>
   </div>
   <div class='ocr_carea' id='block_1_18' title="bbox 1427 1908 2022 1969">
    <p class='ocr_par' dir='ltr' id='par_1_18' title="bbox 1427 1908 2022 1969">
     <span class='ocr_line' id='line_1_18' title="bbox 1427 1908 2022 1969; baseline -0.002 -3"><span class='ocrx_word' id='word_1_265' title='bbox 1427 1908 2022 1969; x_wconf 78' lang='lat' dir='ltr'><strong>COMMENTARIUS.</strong></span> 
     </span>
    </p>
   </div>
   <div class='ocr_carea' id='block_1_19' title="bbox 170 2038 3353 2119">
    <p class='ocr_par' dir='ltr' id='par_1_19' title="bbox 170 2038 3353 2119">
     <span class='ocr_line' id='line_1_19' title="bbox 170 2038 3353 2119; baseline -0.002 -20"><span class='ocrx_word' id='word_1_266' title='bbox 170 2044 249 2099; x_wconf 79' lang='lat' dir='ltr'><strong>i9.</strong></span> <span class='ocrx_word' id='word_1_267' title='bbox 278 2045 535 2101; x_wconf 60' lang='lat' dir='ltr'><strong>uanos.</strong></span> <span class='ocrx_word' id='word_1_268' title='bbox 559 2047 734 2101; x_wconf 85' lang='lat' dir='ltr'><strong>Estote</strong></span> <span class='ocrx_word' id='word_1_269' title='bbox 754 2048 895 2101; x_wconf 86' lang='lat' dir='ltr'><strong>sicut</strong></span> <span class='ocrx_word' id='word_1_270' title='bbox 927 2062 1036 2115; x_wconf 83' lang='lat' dir='ltr'><strong>ego.</strong></span> <span class='ocrx_word' id='word_1_271' title='bbox 1068 2043 1242 2099; x_wconf 86' lang='lat' dir='ltr'><strong>Eram</strong></span> <span class='ocrx_word' id='word_1_272' title='bbox 1279 2043 1564 2119; x_wconf 83' lang='lat' dir='ltr'><strong>inquit,et</strong></span> <span class='ocrx_word' id='word_1_273' title='bbox 1583 2047 1739 2119; x_wconf 62' lang='lat' dir='ltr'><strong>egoA</strong></span> <span class='ocrx_word' id='word_1_274' title='bbox 1830 2041 1920 2097; x_wconf 85' lang='lat'><strong>29.</strong></span> <span class='ocrx_word' id='word_1_275' title='bbox 1957 2041 2139 2113; x_wconf 81' lang='lat' dir='ltr'><strong>(ibid.)</strong></span> <span class='ocrx_word' id='word_1_276' title='bbox 2186 2042 2571 2109; x_wconf 60' lang='lat' dir='ltr'><strong>Emulantur,</strong></span> <span class='ocrx_word' id='word_1_277' title='bbox 2617 2040 2675 2095; x_wconf 89' lang='lat' dir='ltr'><strong>id</strong></span> <span class='ocrx_word' id='word_1_278' title='bbox 2716 2044 2821 2108; x_wconf 88' lang='lat' dir='ltr'><strong>est,</strong></span> <span class='ocrx_word' id='word_1_279' title='bbox 2869 2039 3124 2095; x_wconf 82' lang='lat' dir='ltr'><strong>invident</strong></span> <span class='ocrx_word' id='word_1_280' title='bbox 3176 2038 3353 2107; x_wconf 86' lang='lat' dir='ltr'><strong>vobis,</strong></span> 
     </span>
    </p>
   </div>
   <div class='ocr_carea' id='block_1_20' title="bbox 117 2120 3360 2206">
    <p class='ocr_par' dir='ltr' id='par_1_20' title="bbox 117 2120 3360 2206">
     <span class='ocr_line' id='line_1_20' title="bbox 117 2120 3360 2206; baseline -0.001 -20"><span class='ocrx_word' id='word_1_281' title='bbox 117 2133 202 2187; x_wconf 82' lang='lat' dir='ltr'><strong>sub</strong></span> <span class='ocrx_word' id='word_1_282' title='bbox 227 2134 371 2204; x_wconf 86' lang='lat' dir='ltr'><strong>lege;</strong></span> <span class='ocrx_word' id='word_1_283' title='bbox 405 2135 506 2188; x_wconf 89' lang='lat' dir='ltr'><strong>sed</strong></span> <span class='ocrx_word' id='word_1_284' title='bbox 531 2140 658 2206; x_wconf 88' lang='lat' dir='ltr'><strong>post</strong></span> <span class='ocrx_word' id='word_1_285' title='bbox 687 2135 829 2206; x_wconf 91' lang='lat' dir='ltr'><strong>elegi</strong></span> <span class='ocrx_word' id='word_1_286' title='bbox 845 2140 1002 2189; x_wconf 85' lang='lat' dir='ltr'><strong>extra</strong></span> <span class='ocrx_word' id='word_1_287' title='bbox 1037 2135 1217 2205; x_wconf 80' lang='lat' dir='ltr'><strong>legem</strong></span> <span class='ocrx_word' id='word_1_288' title='bbox 1248 2132 1603 2198; x_wconf 90' lang='lat' dir='ltr'><strong>vivere,sicut</strong></span> <span class='ocrx_word' id='word_1_289' title='bbox 1626 2135 1684 2186; x_wconf 91' lang='lat' dir='ltr'><strong>et</strong></span> <span class='ocrx_word' id='word_1_290' title='bbox 1763 2132 1859 2202; x_wconf 88' lang='lat' dir='ltr'><strong>qui</strong></span> <span class='ocrx_word' id='word_1_291' title='bbox 1886 2147 1984 2185; x_wconf 89' lang='lat' dir='ltr'><strong>vos</strong></span> <span class='ocrx_word' id='word_1_292' title='bbox 2009 2120 2264 2185; x_wconf 78' lang='lat' dir='ltr'><strong>carnales</strong></span> <span class='ocrx_word' id='word_1_293' title='bbox 2293 2131 2362 2185; x_wconf 92' lang='lat' dir='ltr'><strong>de</strong></span> <span class='ocrx_word' id='word_1_294' title='bbox 2390 2130 2773 2203; x_wconf 88' lang='lat' dir='ltr'><strong>spiritualibus</strong></span> <span class='ocrx_word' id='word_1_295' title='bbox 2792 2130 2988 2185; x_wconf 86' lang='lat' dir='ltr'><strong>volunt</strong></span> <span class='ocrx_word' id='word_1_296' title='bbox 3013 2130 3196 2184; x_wconf 77' lang='lat' dir='ltr'><strong>facere</strong></span> <span class='ocrx_word' id='word_1_297' title='bbox 3214 2146 3230 2198; x_wconf 87' lang='lat'><strong>;</strong></span> <span class='ocrx_word' id='word_1_298' title='bbox 3251 2129 3360 2184; x_wconf 89' lang='lat' dir='ltr'><strong>hoc</strong></span> 
     </span>
    </p>
   </div>
   <div class='ocr_carea' id='block_1_21' title="bbox 116 2219 2540 2309">
    <p class='ocr_par' dir='ltr' id='par_1_21' title="bbox 116 2219 2540 2309">
     <span class='ocr_line' id='line_1_21' title="bbox 116 2219 2540 2309; baseline 0 -35"><span class='ocrx_word' id='word_1_299' title='bbox 116 2238 195 2305; x_wconf 58' lang='lat' dir='ltr'><strong>vos</strong></span> <span class='ocrx_word' id='word_1_300' title='bbox 222 2238 319 2305; x_wconf 66' lang='lat' dir='ltr'><strong>per</strong></span> <span class='ocrx_word' id='word_1_301' title='bbox 368 2240 497 2297; x_wconf 81' lang='lat' dir='ltr'><strong>eam</strong></span> <span class='ocrx_word' id='word_1_302' title='bbox 529 2240 651 2299; x_wconf 66' lang='lat' dir='ltr'><strong>quae</strong></span> <span class='ocrx_word' id='word_1_303' title='bbox 801 2224 1023 2295; x_wconf 80' lang='lat' dir='ltr'><strong>Christo</strong></span> <span class='ocrx_word' id='word_1_304' title='bbox 1064 2222 1357 2303; x_wconf 37' lang='lat' dir='ltr'><strong>estlﬁdem</strong></span> <span class='ocrx_word' id='word_1_305' title='bbox 1394 2220 1679 2276; x_wconf 90' lang='lat' dir='ltr'><strong>vivebatis.</strong></span> <span class='ocrx_word' id='word_1_306' title='bbox 1765 2227 1852 2276; x_wconf 91' lang='lat' dir='ltr'><strong>est</strong></span> <span class='ocrx_word' id='word_1_307' title='bbox 1877 2220 2218 2303; x_wconf 84' lang='lat' dir='ltr'><strong>aemulantur</strong></span> <span class='ocrx_word' id='word_1_308' title='bbox 2234 2237 2359 2309; x_wconf 79' lang='lat' dir='ltr'><strong>non</strong></span> <span class='ocrx_word' id='word_1_309' title='bbox 2378 2219 2540 2308; x_wconf 67' lang='lat' dir='ltr'><strong>bene.</strong></span> 
     </span>
    </p>
   </div>
   <div class='ocr_carea' id='block_1_22' title="bbox 116 2300 3362 2389">
    <p class='ocr_par' dir='ltr' id='par_1_22' title="bbox 116 2300 3362 2389">
     <span class='ocr_line' id='line_1_22' title="bbox 116 2300 3362 2389; baseline -0.001 -24"><span class='ocrx_word' id='word_1_310' title='bbox 415 2320 634 2389; x_wconf 73' lang='lat' dir='ltr'><strong>ergoet</strong></span> <span class='ocrx_word' id='word_1_311' title='bbox 659 2304 756 2379; x_wconf 69' lang='lat' dir='ltr'><strong>vos</strong></span> <span class='ocrx_word' id='word_1_312' title='bbox 790 2330 893 2389; x_wconf 76' lang='lat' dir='ltr'><strong>_me</strong></span> <span class='ocrx_word' id='word_1_313' title='bbox 939 2329 1065 2367; x_wconf 90' lang='lat' dir='ltr'><strong>cum</strong></span> <span class='ocrx_word' id='word_1_314' title='bbox 1105 2300 1205 2367; x_wconf 88' lang='lat' dir='ltr'><strong>illa</strong></span> <span class='ocrx_word' id='word_1_315' title='bbox 1225 2328 1346 2383; x_wconf 83' lang='lat' dir='ltr'><strong>quae</strong></span> <span class='ocrx_word' id='word_1_316' title='bbox 1375 2311 1435 2365; x_wconf 92' lang='lat' dir='ltr'><strong>in</strong></span> <span class='ocrx_word' id='word_1_317' title='bbox 1464 2309 1685 2381; x_wconf 83' lang='lat' dir='ltr'><strong>Christo</strong></span> <span class='ocrx_word' id='word_1_318' title='bbox 1839 2300 1928 2369; x_wconf 87' lang='grc'><strong>30.</strong></span> <span class='ocrx_word' id='word_1_319' title='bbox 1964 2311 2155 2380; x_wconf 80' lang='lat' dir='ltr'><strong>(ibid.)</strong></span> <span class='ocrx_word' id='word_1_320' title='bbox 2194 2300 2384 2366; x_wconf 81' lang='lat' dir='ltr'><strong>Filioli</strong></span> <span class='ocrx_word' id='word_1_321' title='bbox 2416 2300 2549 2365; x_wconf 53' lang='lat' dir='ltr'><strong>inci.</strong></span> <span class='ocrx_word' id='word_1_322' title='bbox 2603 2307 3039 2365; x_wconf 89' lang='lat' dir='ltr'><strong>Parturitionem</strong></span> <span class='ocrx_word' id='word_1_323' title='bbox 3074 2307 3223 2387; x_wconf 84' lang='lat' dir='ltr'><strong>hanc</strong></span> <span class='ocrx_word' id='word_1_324' title='bbox 3258 2323 3362 2389; x_wconf 68' lang='lat' dir='ltr'><strong>pro</strong></span> 
     </span>
    </p>
   </div>
   <div class='ocr_carea' id='block_1_23' title="bbox 117 2384 3281 2487">
    <p class='ocr_par' dir='ltr' id='par_1_23' title="bbox 117 2384 3281 2487">
     <span class='ocr_line' id='line_1_23' title="bbox 117 2384 3281 2487; baseline -0.018 -33"><span class='ocrx_word' id='word_1_325' title='bbox 117 2405 185 2454; x_wconf 85' lang='lat' dir='ltr'><strong>est</strong></span> <span class='ocrx_word' id='word_1_326' title='bbox 205 2400 370 2483; x_wconf 65' lang='lat' dir='ltr'><strong>ﬁde,,a</strong></span> <span class='ocrx_word' id='word_1_327' title='bbox 393 2384 820 2487; x_wconf 58' lang='lat' dir='ltr'><strong>genversatione</strong></span> <span class='ocrx_word' id='word_1_328' title='bbox 849 2398 1483 2477; x_wconf 85' lang='lat' dir='ltr'><strong>legitimavosmetipsos</strong></span> <span class='ocrx_word' id='word_1_329' title='bbox 1497 2404 1679 2453; x_wconf 85' lang='lat' dir='ltr'><strong>extra-</strong></span> <span class='ocrx_word' id='word_1_330' title='bbox 1758 2417 2023 2457; x_wconf 89' lang='lat' dir='ltr'><strong>curarum</strong></span> <span class='ocrx_word' id='word_1_331' title='bbox 2053 2400 2358 2471; x_wconf 84' lang='lat' dir='ltr'><strong>angoribus</strong></span> <span class='ocrx_word' id='word_1_332' title='bbox 2385 2399 2627 2473; x_wconf 85' lang='lat' dir='ltr'><strong>positam</strong></span> <span class='ocrx_word' id='word_1_333' title='bbox 2654 2392 3073 2469; x_wconf 28' lang='lat' dir='ltr'><strong>intelligamus;</strong></span> <span class='ocrx_word' id='word_1_334' title='bbox 3102 2384 3109 2387; x_wconf 63' lang='grc' dir='ltr'><strong>τ</strong></span> <span class='ocrx_word' id='word_1_335' title='bbox 3162 2396 3167 2401; x_wconf 87' lang='lat'><strong>.</strong></span> 
     </span>
    </p>
   </div>
   <div class='ocr_carea' id='block_1_24' title="bbox 117 2485 3367 2569">
    <p class='ocr_par' dir='ltr' id='par_1_24' title="bbox 117 2485 3367 2569">
     <span class='ocr_line' id='line_1_24' title="bbox 117 2485 3367 2569; baseline -0.001 -26"><span class='ocrx_word' id='word_1_336' title='bbox 117 2504 228 2544; x_wconf 89' lang='lat' dir='ltr'><strong>neos</strong></span> <span class='ocrx_word' id='word_1_337' title='bbox 253 2491 540 2563; x_wconf 75' lang='lat' dir='ltr'><strong>facientes.</strong></span> <span class='ocrx_word' id='word_1_338' title='bbox 1829 2488 1918 2544; x_wconf 89' lang='lat'><strong>3|.</strong></span> <span class='ocrx_word' id='word_1_339' title='bbox 1949 2492 2166 2548; x_wconf 77' lang='lat' dir='ltr'><strong>LANFR.</strong></span> <span class='ocrx_word' id='word_1_340' title='bbox 2200 2492 2486 2546; x_wconf 86' lang='lat' dir='ltr'><strong>Parturio.</strong></span> <span class='ocrx_word' id='word_1_341' title='bbox 2517 2489 2651 2546; x_wconf 90' lang='lat' dir='ltr'><strong>Nati</strong></span> <span class='ocrx_word' id='word_1_342' title='bbox 2692 2494 2767 2569; x_wconf 82' lang='lat' dir='ltr'><strong>et</strong></span> <span class='ocrx_word' id='word_1_343' title='bbox 2778 2488 2925 2563; x_wconf 87' lang='lat' dir='ltr'><strong>parti</strong></span> <span class='ocrx_word' id='word_1_344' title='bbox 2964 2492 3127 2565; x_wconf 84' lang='lat' dir='ltr'><strong>erant</strong></span> <span class='ocrx_word' id='word_1_345' title='bbox 3167 2485 3227 2542; x_wconf 91' lang='lat' dir='ltr'><strong>in</strong></span> <span class='ocrx_word' id='word_1_346' title='bbox 3256 2485 3367 2541; x_wconf 89' lang='lat' dir='ltr'><strong>ﬁde</strong></span> 
     </span>
    </p>
   </div>
   <div class='ocr_carea' id='block_1_25' title="bbox 173 2568 3367 2655">
    <p class='ocr_par' dir='ltr' id='par_1_25' title="bbox 173 2568 3367 2655">
     <span class='ocr_line' id='line_1_25' title="bbox 173 2568 3367 2655; baseline -0.001 -22"><span class='ocrx_word' id='word_1_347' title='bbox 173 2577 249 2634; x_wconf 76' lang='lat'><strong>28.</strong></span> <span class='ocrx_word' id='word_1_348' title='bbox 272 2568 484 2637; x_wconf 58' lang='lat' dir='ltr'><strong>LANan</strong></span> <span class='ocrx_word' id='word_1_349' title='bbox 516 2581 689 2634; x_wconf 85' lang='lat' dir='ltr'><strong>Estote</strong></span> <span class='ocrx_word' id='word_1_350' title='bbox 716 2584 859 2635; x_wconf 81' lang='lat' dir='ltr'><strong>sicut</strong></span> <span class='ocrx_word' id='word_1_351' title='bbox 884 2596 994 2648; x_wconf 86' lang='lat' dir='ltr'><strong>ego,</strong></span> <span class='ocrx_word' id='word_1_352' title='bbox 1033 2579 1090 2633; x_wconf 91' lang='lat' dir='ltr'><strong>id</strong></span> <span class='ocrx_word' id='word_1_353' title='bbox 1115 2583 1218 2646; x_wconf 87' lang='lat' dir='ltr'><strong>est,</strong></span> <span class='ocrx_word' id='word_1_354' title='bbox 1250 2576 1681 2634; x_wconf 87' lang='lat' dir='ltr'><strong>conformamini</strong></span> <span class='ocrx_word' id='word_1_355' title='bbox 1762 2579 1972 2636; x_wconf 89' lang='lat' dir='ltr'><strong>Christi</strong></span> <span class='ocrx_word' id='word_1_356' title='bbox 1999 2598 2013 2647; x_wconf 91' lang='lat'><strong>;</strong></span> <span class='ocrx_word' id='word_1_357' title='bbox 2043 2580 2143 2635; x_wconf 91' lang='lat' dir='ltr'><strong>sed</strong></span> <span class='ocrx_word' id='word_1_358' title='bbox 2169 2580 2303 2653; x_wconf 81' lang='lat' dir='ltr'><strong>quia</strong></span> <span class='ocrx_word' id='word_1_359' title='bbox 2322 2579 2549 2652; x_wconf 91' lang='lat' dir='ltr'><strong>quidam</strong></span> <span class='ocrx_word' id='word_1_360' title='bbox 2579 2568 2808 2635; x_wconf 88' lang='lat' dir='ltr'><strong>illorum</strong></span> <span class='ocrx_word' id='word_1_361' title='bbox 2838 2576 3007 2651; x_wconf 85' lang='lat' dir='ltr'><strong>ﬁdem</strong></span> <span class='ocrx_word' id='word_1_362' title='bbox 3031 2576 3367 2655; x_wconf 80' lang='lat' dir='ltr'><strong>dimiserant</strong></span> 
     </span>
    </p>
   </div>
   <div class='ocr_carea' id='block_1_26' title="bbox 114 2663 3366 2747">
    <p class='ocr_par' dir='ltr' id='par_1_26' title="bbox 114 2663 3366 2747">
     <span class='ocr_line' id='line_1_26' title="bbox 114 2663 3366 2747; baseline -0.001 -26"><span class='ocrx_word' id='word_1_363' title='bbox 114 2666 231 2721; x_wconf 87' lang='lat' dir='ltr'><strong>meis</strong></span> <span class='ocrx_word' id='word_1_364' title='bbox 257 2668 525 2733; x_wconf 87' lang='lat' dir='ltr'><strong>moribus,</strong></span> <span class='ocrx_word' id='word_1_365' title='bbox 550 2668 684 2740; x_wconf 86' lang='lat' dir='ltr'><strong>quia</strong></span> <span class='ocrx_word' id='word_1_366' title='bbox 703 2684 806 2741; x_wconf 86' lang='lat' dir='ltr'><strong>ego</strong></span> <span class='ocrx_word' id='word_1_367' title='bbox 821 2668 1139 2723; x_wconf 82' lang='lat' dir='ltr'><strong>contormor</strong></span> <span class='ocrx_word' id='word_1_368' title='bbox 1157 2667 1486 2723; x_wconf 86' lang='lat' dir='ltr'><strong>vestris.Vel</strong></span> <span class='ocrx_word' id='word_1_369' title='bbox 1504 2669 1682 2720; x_wconf 88' lang='lat' dir='ltr'><strong>estote</strong></span> <span class='ocrx_word' id='word_1_370' title='bbox 1763 2669 2019 2742; x_wconf 87' lang='lat' dir='ltr'><strong>pariendi</strong></span> <span class='ocrx_word' id='word_1_371' title='bbox 2047 2668 2252 2724; x_wconf 90' lang='lat' dir='ltr'><strong>iterum</strong></span> <span class='ocrx_word' id='word_1_372' title='bbox 2284 2668 2354 2724; x_wconf 91' lang='lat' dir='ltr'><strong>ab</strong></span> <span class='ocrx_word' id='word_1_373' title='bbox 2383 2669 2651 2743; x_wconf 86' lang='lat' dir='ltr'><strong>Apostolo</strong></span> <span class='ocrx_word' id='word_1_374' title='bbox 2672 2672 2852 2747; x_wconf 81' lang='lat' dir='ltr'><strong>erant,</strong></span> <span class='ocrx_word' id='word_1_375' title='bbox 2876 2663 3027 2741; x_wconf 88' lang='lat' dir='ltr'><strong>quod</strong></span> <span class='ocrx_word' id='word_1_376' title='bbox 3051 2683 3230 2747; x_wconf 84' lang='lat' dir='ltr'><strong>usque</strong></span> <span class='ocrx_word' id='word_1_377' title='bbox 3248 2663 3366 2720; x_wconf 89' lang='lat' dir='ltr'><strong>for-</strong></span> 
     </span>
    </p>
   </div>
   <div class='ocr_carea' id='block_1_27' title="bbox 116 2742 3329 2829">
    <p class='ocr_par' dir='ltr' id='par_1_27' title="bbox 116 2742 3329 2829">
     <span class='ocr_line' id='line_1_27' title="bbox 116 2742 3329 2829; baseline -0.011 0"><span class='ocrx_word' id='word_1_378' title='bbox 116 2755 295 2827; x_wconf 61' lang='grc' dir='ltr'><strong>θάθιςε,</strong></span> <span class='ocrx_word' id='word_1_379' title='bbox 327 2752 473 2825; x_wconf 73' lang='lat' dir='ltr'><strong>sicut</strong></span> <span class='ocrx_word' id='word_1_380' title='bbox 504 2774 607 2829; x_wconf 84' lang='lat' dir='ltr'><strong>ego</strong></span> <span class='ocrx_word' id='word_1_381' title='bbox 630 2774 776 2825; x_wconf 91' lang='lat' dir='ltr'><strong>sum,</strong></span> <span class='ocrx_word' id='word_1_382' title='bbox 796 2757 927 2829; x_wconf 85' lang='lat' dir='ltr'><strong>quia</strong></span> <span class='ocrx_word' id='word_1_383' title='bbox 956 2774 1059 2829; x_wconf 88' lang='lat' dir='ltr'><strong>ego</strong></span> <span class='ocrx_word' id='word_1_384' title='bbox 1090 2756 1335 2812; x_wconf 87' lang='lat' dir='ltr'><strong>inﬁdelis</strong></span> <span class='ocrx_word' id='word_1_385' title='bbox 1361 2756 1443 2811; x_wconf 88' lang='lat' dir='ltr'><strong>fui</strong></span> <span class='ocrx_word' id='word_1_386' title='bbox 1464 2755 1609 2810; x_wconf 89' lang='lat' dir='ltr'><strong>sicut</strong></span> <span class='ocrx_word' id='word_1_387' title='bbox 1628 2758 1686 2809; x_wconf 93' lang='lat' dir='ltr'><strong>et</strong></span> <span class='ocrx_word' id='word_1_388' title='bbox 1764 2762 2020 2813; x_wconf 88' lang='lat' dir='ltr'><strong>maretur</strong></span> <span class='ocrx_word' id='word_1_389' title='bbox 2043 2756 2302 2813; x_wconf 88' lang='lat' dir='ltr'><strong>Christus</strong></span> <span class='ocrx_word' id='word_1_390' title='bbox 2321 2757 2381 2812; x_wconf 90' lang='lat' dir='ltr'><strong>in</strong></span> <span class='ocrx_word' id='word_1_391' title='bbox 2407 2758 2508 2812; x_wconf 90' lang='lat' dir='ltr'><strong>eis.</strong></span> <span class='ocrx_word' id='word_1_392' title='bbox 2762 2742 2785 2749; x_wconf 25' lang='lat' dir='ltr'>ﬂ</span> <span class='ocrx_word' id='word_1_393' title='bbox 3326 2748 3329 2753; x_wconf 85' lang='lat'>&#39;</span> 
     </span>
    </p>
   </div>
   <div class='ocr_carea' id='block_1_28' title="bbox 114 2834 3368 2922">
    <p class='ocr_par' dir='ltr' id='par_1_28' title="bbox 114 2834 3368 2922">
     <span class='ocr_line' id='line_1_28' title="bbox 114 2834 3368 2922; baseline -0.004 -11"><span class='ocrx_word' id='word_1_394' title='bbox 114 2834 190 2900; x_wconf 27' lang='lat' dir='ltr'><strong>v.06</strong></span> <span class='ocrx_word' id='word_1_395' title='bbox 218 2865 230 2911; x_wconf 86' lang='lat'><strong>;</strong></span> <span class='ocrx_word' id='word_1_396' title='bbox 263 2863 448 2919; x_wconf 79' lang='lat' dir='ltr'><strong>acper</strong></span> <span class='ocrx_word' id='word_1_397' title='bbox 492 2847 598 2902; x_wconf 85' lang='lat' dir='ltr'><strong>hoc</strong></span> <span class='ocrx_word' id='word_1_398' title='bbox 640 2862 730 2901; x_wconf 86' lang='lat' dir='ltr'><strong>me</strong></span> <span class='ocrx_word' id='word_1_399' title='bbox 778 2844 1099 2913; x_wconf 82' lang='lat' dir='ltr'><strong>imitamini,</strong></span> <span class='ocrx_word' id='word_1_400' title='bbox 1146 2845 1279 2917; x_wconf 83' lang='lat' dir='ltr'><strong>quia</strong></span> <span class='ocrx_word' id='word_1_401' title='bbox 1308 2860 1411 2916; x_wconf 81' lang='lat' dir='ltr'><strong>ego</strong></span> <span class='ocrx_word' id='word_1_402' title='bbox 1440 2844 1686 2917; x_wconf 87' lang='lat' dir='ltr'><strong>priorem</strong></span> <span class='ocrx_word' id='word_1_403' title='bbox 1839 2845 1928 2904; x_wconf 82' lang='lat'><strong>32.</strong></span> <span class='ocrx_word' id='word_1_404' title='bbox 1959 2848 2206 2903; x_wconf 75' lang='lat' dir='ltr'><strong>AUGUs&#39;r.</strong></span> <span class='ocrx_word' id='word_1_405' title='bbox 2261 2847 2443 2917; x_wconf 86' lang='lat' dir='ltr'><strong>(ibid.)</strong></span> <span class='ocrx_word' id='word_1_406' title='bbox 2491 2848 2670 2902; x_wconf 86' lang='lat' dir='ltr'><strong>Donec</strong></span> <span class='ocrx_word' id='word_1_407' title='bbox 2713 2847 3014 2921; x_wconf 81' lang='lat' dir='ltr'><strong>formetur.</strong></span> <span class='ocrx_word' id='word_1_408' title='bbox 3064 2843 3368 2922; x_wconf 82' lang='lat' dir='ltr'><strong>Formatur</strong></span> 
     </span>
    </p>
   </div>
   <div class='ocr_carea' id='block_1_29' title="bbox 116 2920 3327 3009">
    <p class='ocr_par' dir='ltr' id='par_1_29' title="bbox 116 2920 3327 3009">
     <span class='ocr_line' id='line_1_29' title="bbox 116 2920 3327 3009; baseline 0.001 -23"><span class='ocrx_word' id='word_1_409' title='bbox 116 2932 256 2989; x_wconf 90' lang='lat' dir='ltr'><strong>ﬁdem</strong></span> <span class='ocrx_word' id='word_1_410' title='bbox 281 2953 390 2991; x_wconf 88' lang='lat' dir='ltr'><strong>non</strong></span> <span class='ocrx_word' id='word_1_411' title='bbox 413 2937 540 2991; x_wconf 89' lang='lat' dir='ltr'><strong>sine</strong></span> <span class='ocrx_word' id='word_1_412' title='bbox 569 2952 738 2990; x_wconf 90' lang='lat' dir='ltr'><strong>causa</strong></span> <span class='ocrx_word' id='word_1_413' title='bbox 765 2934 1009 2989; x_wconf 89' lang='lat' dir='ltr'><strong>deserui.</strong></span> <span class='ocrx_word' id='word_1_414' title='bbox 1768 2936 2025 2991; x_wconf 83' lang='lat' dir='ltr'><strong>Christus</strong></span> <span class='ocrx_word' id='word_1_415' title='bbox 2052 2936 2113 2990; x_wconf 91' lang='lat' dir='ltr'><strong>in</strong></span> <span class='ocrx_word' id='word_1_416' title='bbox 2143 2952 2230 3001; x_wconf 91' lang='lat' dir='ltr'><strong>eo,</strong></span> <span class='ocrx_word' id='word_1_417' title='bbox 2257 2952 2387 2990; x_wconf 92' lang='lat' dir='ltr'><strong>cum</strong></span> <span class='ocrx_word' id='word_1_418' title='bbox 2414 2934 2654 3009; x_wconf 86' lang='lat' dir='ltr'><strong>formam</strong></span> <span class='ocrx_word' id='word_1_419' title='bbox 2686 2926 2897 3009; x_wconf 82' lang='lat' dir='ltr'><strong>Christi</strong></span> <span class='ocrx_word' id='word_1_420' title='bbox 2927 2920 3153 3006; x_wconf 78' lang='lat' dir='ltr'><strong>accipit.</strong></span> <span class='ocrx_word' id='word_1_421' title='bbox 3301 2920 3327 2931; x_wconf 29' lang='grc' dir='ltr'>Ἴ</span> 
     </span>
    </p>
   </div>
   <div class='ocr_carea' id='block_1_30' title="bbox 170 3006 3363 3109">
    <p class='ocr_par' dir='ltr' id='par_1_30' title="bbox 170 3006 3363 3109">
     <span class='ocr_line' id='line_1_30' title="bbox 170 3006 3363 3109; baseline -0.002 -28"><span class='ocrx_word' id='word_1_422' title='bbox 170 3022 249 3081; x_wconf 73' lang='grc'><strong>21.</strong></span> <span class='ocrx_word' id='word_1_423' title='bbox 279 3027 417 3109; x_wconf 75' lang='lat' dir='ltr'><strong>Quia</strong></span> <span class='ocrx_word' id='word_1_424' title='bbox 441 3031 493 3081; x_wconf 87' lang='lat' dir='ltr'><strong>et</strong></span> <span class='ocrx_word' id='word_1_425' title='bbox 524 3042 615 3093; x_wconf 85' lang='lat' dir='ltr'><strong>ego</strong></span> <span class='ocrx_word' id='word_1_426' title='bbox 634 3027 774 3079; x_wconf 81' lang='lat' dir='ltr'><strong>sicut</strong></span> <span class='ocrx_word' id='word_1_427' title='bbox 804 3042 911 3109; x_wconf 88' lang='lat' dir='ltr'><strong>vos.</strong></span> <span class='ocrx_word' id='word_1_428' title='bbox 943 3022 1164 3078; x_wconf 88' lang='lat' dir='ltr'><strong>Diceret</strong></span> <span class='ocrx_word' id='word_1_429' title='bbox 1192 3022 1316 3095; x_wconf 80' lang='lat' dir='ltr'><strong>quis</strong></span> <span class='ocrx_word' id='word_1_430' title='bbox 1345 3040 1357 3075; x_wconf 89' lang='lat'><strong>:</strong></span> <span class='ocrx_word' id='word_1_431' title='bbox 1393 3021 1685 3087; x_wconf 86' lang='lat' dir='ltr'><strong>Quomodo</strong></span> <span class='ocrx_word' id='word_1_432' title='bbox 1836 3024 1922 3082; x_wconf 90' lang='lat'><strong>33.</strong></span> <span class='ocrx_word' id='word_1_433' title='bbox 1954 3026 2137 3093; x_wconf 80' lang='lat' dir='ltr'><strong>(ibid)</strong></span> <span class='ocrx_word' id='word_1_434' title='bbox 2163 3026 2383 3079; x_wconf 78' lang='lat' dir='ltr'><strong>Mutare</strong></span> <span class='ocrx_word' id='word_1_435' title='bbox 2397 3006 2605 3078; x_wconf 29' lang='lat' dir='ltr'><strong>vocem:</strong></span> <span class='ocrx_word' id='word_1_436' title='bbox 2627 3023 2774 3088; x_wconf 86' lang='lat' dir='ltr'><strong>Quid</strong></span> <span class='ocrx_word' id='word_1_437' title='bbox 2805 3006 2960 3078; x_wconf 87' lang='lat' dir='ltr'><strong>aliud</strong></span> <span class='ocrx_word' id='word_1_438' title='bbox 2981 3014 3221 3108; x_wconf 85' lang='lat' dir='ltr'><strong>dicatur,</strong></span> <span class='ocrx_word' id='word_1_439' title='bbox 3244 3020 3363 3109; x_wconf 71' lang='lat' dir='ltr'><strong>nisi</strong></span> 
     </span>
    </p>
   </div>
   <div class='ocr_carea' id='block_1_31' title="bbox 116 3098 3364 3191">
    <p class='ocr_par' dir='ltr' id='par_1_31' title="bbox 116 3098 3364 3191">
     <span class='ocr_line' id='line_1_31' title="bbox 116 3098 3364 3191; baseline -0.004 -14"><span class='ocrx_word' id='word_1_440' title='bbox 116 3098 382 3187; x_wconf 56' lang='lat' dir='ltr'><strong>Posﬁuﬁius</strong></span> <span class='ocrx_word' id='word_1_441' title='bbox 419 3130 546 3183; x_wconf 85' lang='lat' dir='ltr'><strong>esse</strong></span> <span class='ocrx_word' id='word_1_442' title='bbox 590 3119 655 3168; x_wconf 87' lang='lat' dir='ltr'><strong>ut</strong></span> <span class='ocrx_word' id='word_1_443' title='bbox 691 3120 753 3168; x_wconf 90' lang='lat' dir='ltr'><strong>tu</strong></span> <span class='ocrx_word' id='word_1_444' title='bbox 777 3115 800 3166; x_wconf 70' lang='grc' dir='ltr'><strong>’ἶ</strong></span> <span class='ocrx_word' id='word_1_445' title='bbox 836 3106 1175 3184; x_wconf 84' lang='lat' dir='ltr'><strong>Respondet</strong></span> <span class='ocrx_word' id='word_1_446' title='bbox 1202 3130 1214 3165; x_wconf 90' lang='lat'>:</span> <span class='ocrx_word' id='word_1_447' title='bbox 1260 3111 1521 3177; x_wconf 87' lang='lat' dir='ltr'><strong>Potestis,</strong></span> <span class='ocrx_word' id='word_1_448' title='bbox 1555 3110 1689 3182; x_wconf 83' lang='lat' dir='ltr'><strong>quia</strong></span> <span class='ocrx_word' id='word_1_449' title='bbox 1769 3115 1904 3186; x_wconf 89' lang='lat' dir='ltr'><strong>quia</strong></span> <span class='ocrx_word' id='word_1_450' title='bbox 1930 3113 2075 3169; x_wconf 90' lang='lat' dir='ltr'><strong>ﬁlios</strong></span> <span class='ocrx_word' id='word_1_451' title='bbox 2100 3129 2232 3189; x_wconf 82' lang='lat' dir='ltr'><strong>suos</strong></span> <span class='ocrx_word' id='word_1_452' title='bbox 2257 3113 2474 3167; x_wconf 85' lang='lat' dir='ltr'><strong>dixerat</strong></span> <span class='ocrx_word' id='word_1_453' title='bbox 2500 3128 2886 3183; x_wconf 88' lang='lat' dir='ltr'><strong>esse,parcens</strong></span> <span class='ocrx_word' id='word_1_454' title='bbox 2906 3110 2986 3166; x_wconf 91' lang='lat' dir='ltr'><strong>eis</strong></span> <span class='ocrx_word' id='word_1_455' title='bbox 3008 3127 3108 3191; x_wconf 86' lang='lat' dir='ltr'><strong>per</strong></span> <span class='ocrx_word' id='word_1_456' title='bbox 3122 3098 3364 3191; x_wconf 80' lang='lat' dir='ltr'><strong>litteras,</strong></span> 
     </span>
    </p>
   </div>
   <div class='ocr_carea' id='block_1_32' title="bbox 114 3190 3363 3285">
    <p class='ocr_par' dir='ltr' id='par_1_32' title="bbox 114 3190 3363 3285">
     <span class='ocr_line' id='line_1_32' title="bbox 114 3190 3363 3285; baseline -0 -33"><span class='ocrx_word' id='word_1_457' title='bbox 114 3199 236 3265; x_wconf 82' lang='lat' dir='ltr'><strong>sicut</strong></span> <span class='ocrx_word' id='word_1_458' title='bbox 254 3190 442 3265; x_wconf 86' lang='lat' dir='ltr'><strong>sumus</strong></span> <span class='ocrx_word' id='word_1_459' title='bbox 471 3194 627 3257; x_wconf 85' lang='lat' dir='ltr'><strong>idem</strong></span> <span class='ocrx_word' id='word_1_460' title='bbox 645 3202 702 3255; x_wconf 91' lang='lat' dir='ltr'><strong>in</strong></span> <span class='ocrx_word' id='word_1_461' title='bbox 731 3201 1087 3256; x_wconf 87' lang='lat' dir='ltr'><strong>substantiali</strong></span> <span class='ocrx_word' id='word_1_462' title='bbox 1105 3199 1365 3266; x_wconf 85' lang='lat' dir='ltr'><strong>essentia,</strong></span> <span class='ocrx_word' id='word_1_463' title='bbox 1382 3215 1684 3272; x_wconf 86' lang='lat' dir='ltr'><strong>possumus</strong></span> <span class='ocrx_word' id='word_1_464' title='bbox 1766 3221 1854 3267; x_wconf 87' lang='lat' dir='ltr'><strong>ne,</strong></span> <span class='ocrx_word' id='word_1_465' title='bbox 1880 3203 2159 3258; x_wconf 78' lang='lat' dir='ltr'><strong>severiore</strong></span> <span class='ocrx_word' id='word_1_466' title='bbox 2188 3202 2584 3275; x_wconf 77' lang='lat' dir='ltr'><strong>objurgatione</strong></span> <span class='ocrx_word' id='word_1_467' title='bbox 2609 3200 2917 3285; x_wconf 49' lang='grc' dir='ltr'><strong>(ιοιῃιιιςξὶὶ,ι</strong></span> <span class='ocrx_word' id='word_1_468' title='bbox 2940 3198 3104 3255; x_wconf 85' lang='lat' dir='ltr'><strong>facile</strong></span> <span class='ocrx_word' id='word_1_469' title='bbox 3139 3190 3199 3279; x_wconf 78' lang='lat' dir='ltr'><strong>in</strong></span> <span class='ocrx_word' id='word_1_470' title='bbox 3236 3190 3363 3270; x_wconf 85' lang='lat' dir='ltr'><strong>ejus</strong></span> 
     </span>
    </p>
   </div>
   <div class='ocr_carea' id='block_1_33' title="bbox 114 3278 3368 3365">
    <p class='ocr_par' dir='ltr' id='par_1_33' title="bbox 114 3278 3368 3365">
     <span class='ocr_line' id='line_1_33' title="bbox 114 3278 3368 3365; baseline 0 -22"><span class='ocrx_word' id='word_1_471' title='bbox 114 3303 212 3343; x_wconf 84' lang='lat' dir='ltr'><strong>esse</strong></span> <span class='ocrx_word' id='word_1_472' title='bbox 238 3291 291 3345; x_wconf 90' lang='lat' dir='ltr'><strong>in</strong></span> <span class='ocrx_word' id='word_1_473' title='bbox 319 3284 675 3359; x_wconf 74' lang='lat' dir='ltr'><strong>occidentali,</strong></span> <span class='ocrx_word' id='word_1_474' title='bbox 699 3290 759 3344; x_wconf 93' lang='lat' dir='ltr'><strong>id</strong></span> <span class='ocrx_word' id='word_1_475' title='bbox 780 3296 884 3356; x_wconf 91' lang='lat' dir='ltr'><strong>est,</strong></span> <span class='ocrx_word' id='word_1_476' title='bbox 915 3289 974 3344; x_wconf 90' lang='lat' dir='ltr'><strong>in</strong></span> <span class='ocrx_word' id='word_1_477' title='bbox 995 3290 1316 3347; x_wconf 80' lang='lat' dir='ltr'><strong>sanctitate.</strong></span> <span class='ocrx_word' id='word_1_478' title='bbox 1372 3288 1375 3291; x_wconf 76' lang='grc'><em>’</em></span> <span class='ocrx_word' id='word_1_479' title='bbox 1703 3344 1748 3365; x_wconf 53' lang='grc' dir='ltr'>ἢ</span> <span class='ocrx_word' id='word_1_480' title='bbox 1770 3293 1961 3348; x_wconf 89' lang='lat' dir='ltr'><strong>odium</strong></span> <span class='ocrx_word' id='word_1_481' title='bbox 1991 3294 2438 3349; x_wconf 85' lang='lat' dir='ltr'><strong>traducerentur.</strong></span> <span class='ocrx_word' id='word_1_482' title='bbox 2454 3290 2676 3365; x_wconf 74' lang='lat' dir='ltr'><strong>Vellem</strong></span> <span class='ocrx_word' id='word_1_483' title='bbox 2693 3278 2850 3363; x_wconf 85' lang='lat' dir='ltr'><strong>ergo,</strong></span> <span class='ocrx_word' id='word_1_484' title='bbox 2877 3278 3078 3365; x_wconf 82' lang='lat' dir='ltr'><strong>inquit,</strong></span> <span class='ocrx_word' id='word_1_485' title='bbox 3098 3278 3368 3365; x_wconf 28' lang='lat' dir='ltr'><strong>nunc’ad-</strong></span> 
     </span>
    </p>
   </div>
   <div class='ocr_carea' id='block_1_34' title="bbox 144 3344 3371 3459">
    <p class='ocr_par' dir='ltr' id='par_1_34' title="bbox 144 3344 3371 3459">
     <span class='ocr_line' id='line_1_34' title="bbox 144 3344 3371 3459; baseline 0 -25"><span class='ocrx_word' id='word_1_486' title='bbox 144 3364 248 3447; x_wconf 42' lang='lat'><strong>,2&#39;2.</strong></span> <span class='ocrx_word' id='word_1_487' title='bbox 268 3372 431 3455; x_wconf 34' lang='lat' dir='ltr'><strong>,J&#39;Vihil</strong></span> <span class='ocrx_word' id='word_1_488' title='bbox 460 3354 560 3434; x_wconf 33' lang='lat' dir='ltr'><strong>&quot;me</strong></span> <span class='ocrx_word' id='word_1_489' title='bbox 586 3344 815 3434; x_wconf 49' lang='lat' dir='ltr'><strong>minus.</strong></span> <span class='ocrx_word' id='word_1_490' title='bbox 846 3344 929 3434; x_wconf 54' lang='lat' dir='ltr'><strong>l‘ie</strong></span> <span class='ocrx_word' id='word_1_491' title='bbox 970 3378 1093 3450; x_wconf 90' lang='lat' dir='ltr'><strong>quis</strong></span> <span class='ocrx_word' id='word_1_492' title='bbox 1114 3379 1324 3434; x_wconf 85' lang='lat' dir='ltr'><strong>diceret</strong></span> <span class='ocrx_word' id='word_1_493' title='bbox 1351 3378 1683 3450; x_wconf 88' lang='lat' dir='ltr'><strong>Apostolum</strong></span> <span class='ocrx_word' id='word_1_494' title='bbox 1702 3344 1749 3404; x_wconf 83' lang='lat' dir='ltr'><strong>B</strong></span> <span class='ocrx_word' id='word_1_495' title='bbox 1772 3399 1893 3439; x_wconf 89' lang='lat' dir='ltr'><strong>esse</strong></span> <span class='ocrx_word' id='word_1_496' title='bbox 1920 3382 2069 3454; x_wconf 89' lang='lat' dir='ltr'><strong>apud</strong></span> <span class='ocrx_word' id='word_1_497' title='bbox 2090 3399 2185 3436; x_wconf 91' lang='lat' dir='ltr'><strong>vos</strong></span> <span class='ocrx_word' id='word_1_498' title='bbox 2210 3386 2268 3436; x_wconf 91' lang='lat' dir='ltr'><strong>et</strong></span> <span class='ocrx_word' id='word_1_499' title='bbox 2294 3386 2516 3459; x_wconf 78' lang='lat' dir='ltr'><strong>mutare</strong></span> <span class='ocrx_word' id='word_1_500' title='bbox 2536 3344 2975 3447; x_wconf 47' lang='lat' dir='ltr'><strong>vowmmeam:</strong></span> <span class='ocrx_word' id='word_1_501' title='bbox 2987 3362 3044 3434; x_wconf 87' lang='lat' dir='ltr'><strong>id</strong></span> <span class='ocrx_word' id='word_1_502' title='bbox 3066 3344 3181 3445; x_wconf 71' lang='lat' dir='ltr'><strong>est,</strong></span> <span class='ocrx_word' id='word_1_503' title='bbox 3196 3363 3371 3452; x_wconf 80' lang='lat' dir='ltr'><strong>nega-</strong></span> 
     </span>
    </p>
   </div>
   <div class='ocr_carea' id='block_1_35' title="bbox 118 3467 3136 3542">
    <p class='ocr_par' dir='ltr' id='par_1_35' title="bbox 118 3467 3136 3542">
     <span class='ocr_line' id='line_1_35' title="bbox 118 3467 3136 3542; baseline 0.001 -24"><span class='ocrx_word' id='word_1_504' title='bbox 118 3481 168 3519; x_wconf 83' lang='lat' dir='ltr'><strong>ex</strong></span> <span class='ocrx_word' id='word_1_505' title='bbox 188 3467 382 3525; x_wconf 80' lang='lat' dir='ltr'><strong>invidia</strong></span> <span class='ocrx_word' id='word_1_506' title='bbox 404 3487 504 3524; x_wconf 92' lang='lat' dir='ltr'><strong>eos</strong></span> <span class='ocrx_word' id='word_1_507' title='bbox 534 3485 790 3539; x_wconf 88' lang='lat' dir='ltr'><strong>arguere,</strong></span> <span class='ocrx_word' id='word_1_508' title='bbox 814 3475 1065 3523; x_wconf 89' lang='lat' dir='ltr'><strong>removet</strong></span> <span class='ocrx_word' id='word_1_509' title='bbox 1091 3468 1205 3522; x_wconf 88' lang='lat' dir='ltr'><strong>sic:</strong></span> <span class='ocrx_word' id='word_1_510' title='bbox 1242 3469 1367 3522; x_wconf 90' lang='lat' dir='ltr'><strong>Non</strong></span> <span class='ocrx_word' id='word_1_511' title='bbox 1397 3485 1485 3522; x_wconf 89' lang='lat' dir='ltr'><strong>me</strong></span> <span class='ocrx_word' id='word_1_512' title='bbox 1514 3467 1688 3522; x_wconf 64' lang='lat' dir='ltr'><strong>laesis-</strong></span> <span class='ocrx_word' id='word_1_513' title='bbox 1771 3488 1833 3526; x_wconf 91' lang='lat' dir='ltr'><strong>re</strong></span> <span class='ocrx_word' id='word_1_514' title='bbox 1861 3488 1955 3526; x_wconf 91' lang='lat' dir='ltr'><strong>vos</strong></span> <span class='ocrx_word' id='word_1_515' title='bbox 1986 3471 2133 3527; x_wconf 82' lang='lat' dir='ltr'><strong>ﬁlios</strong></span> <span class='ocrx_word' id='word_1_516' title='bbox 2153 3487 2330 3535; x_wconf 91' lang='lat' dir='ltr'><strong>meos,</strong></span> <span class='ocrx_word' id='word_1_517' title='bbox 2363 3470 2498 3542; x_wconf 89' lang='lat' dir='ltr'><strong>quia</strong></span> <span class='ocrx_word' id='word_1_518' title='bbox 2528 3467 2843 3524; x_wconf 86' lang='lat' dir='ltr'><strong>confundor</strong></span> <span class='ocrx_word' id='word_1_519' title='bbox 2869 3469 2929 3524; x_wconf 90' lang='lat' dir='ltr'><strong>in</strong></span> <span class='ocrx_word' id='word_1_520' title='bbox 2962 3467 3136 3523; x_wconf 90' lang='lat' dir='ltr'><strong>vobis.</strong></span> 
     </span>
    </p>
   </div>
   <div class='ocr_carea' id='block_1_36' title="bbox 114 3544 3365 3637">
    <p class='ocr_par' dir='ltr' id='par_1_36' title="bbox 114 3544 3365 3637">
     <span class='ocr_line' id='line_1_36' title="bbox 114 3544 3365 3637; baseline 0.001 -29"><span class='ocrx_word' id='word_1_521' title='bbox 114 3553 191 3621; x_wconf 83' lang='lat' dir='ltr'><strong>tis,</strong></span> <span class='ocrx_word' id='word_1_522' title='bbox 216 3558 355 3628; x_wconf 89' lang='lat' dir='ltr'><strong>quod</strong></span> <span class='ocrx_word' id='word_1_523' title='bbox 390 3557 632 3612; x_wconf 88' lang='lat' dir='ltr'><strong>debeam</strong></span> <span class='ocrx_word' id='word_1_524' title='bbox 661 3557 911 3611; x_wconf 86' lang='lat' dir='ltr'><strong>invidere</strong></span> <span class='ocrx_word' id='word_1_525' title='bbox 956 3557 1111 3611; x_wconf 89' lang='lat' dir='ltr'><strong>vobis</strong></span> <span class='ocrx_word' id='word_1_526' title='bbox 1139 3575 1151 3624; x_wconf 91' lang='lat'><strong>;</strong></span> <span class='ocrx_word' id='word_1_527' title='bbox 1195 3556 1292 3611; x_wconf 90' lang='lat' dir='ltr'><strong>sed</strong></span> <span class='ocrx_word' id='word_1_528' title='bbox 1324 3555 1513 3610; x_wconf 89' lang='lat' dir='ltr'><strong>omnia</strong></span> <span class='ocrx_word' id='word_1_529' title='bbox 1540 3556 1688 3610; x_wconf 88' lang='lat' dir='ltr'><strong>bona</strong></span> <span class='ocrx_word' id='word_1_530' title='bbox 1840 3558 1928 3616; x_wconf 73' lang='grc'><strong>34.</strong></span> <span class='ocrx_word' id='word_1_531' title='bbox 1958 3559 2187 3635; x_wconf 42' lang='grc' dir='ltr'><strong>ΙῙΑΔΝΕΒ.</strong></span> <span class='ocrx_word' id='word_1_532' title='bbox 2229 3561 2404 3614; x_wconf 84' lang='lat' dir='ltr'><strong>Dicite</strong></span> <span class='ocrx_word' id='word_1_533' title='bbox 2438 3560 2603 3626; x_wconf 88' lang='lat' dir='ltr'><strong>mihi,</strong></span> <span class='ocrx_word' id='word_1_534' title='bbox 2647 3561 2747 3629; x_wconf 88' lang='lat' dir='ltr'><strong>qui</strong></span> <span class='ocrx_word' id='word_1_535' title='bbox 2773 3560 2875 3613; x_wconf 86' lang='lat' dir='ltr'><strong>sub</strong></span> <span class='ocrx_word' id='word_1_536' title='bbox 2904 3544 3209 3637; x_wconf 22' lang='lat' dir='ltr'><strong>legef&#39;v‘ultis</strong></span> <span class='ocrx_word' id='word_1_537' title='bbox 3238 3573 3365 3633; x_wconf 75' lang='lat' dir='ltr'><strong>esse.</strong></span> 
     </span>
    </p>
   </div>
   <div class='ocr_carea' id='block_1_37' title="bbox 116 3634 3367 3727">
    <p class='ocr_par' dir='ltr' id='par_1_37' title="bbox 116 3634 3367 3727">
     <span class='ocr_line' id='line_1_37' title="bbox 116 3634 3367 3727; baseline 0.002 -32"><span class='ocrx_word' id='word_1_538' title='bbox 116 3642 227 3698; x_wconf 88' lang='lat' dir='ltr'><strong>mihi</strong></span> <span class='ocrx_word' id='word_1_539' title='bbox 248 3646 469 3714; x_wconf 82' lang='lat' dir='ltr'><strong>fecistis,</strong></span> <span class='ocrx_word' id='word_1_540' title='bbox 507 3646 642 3717; x_wconf 88' lang='lat' dir='ltr'><strong>quia</strong></span> <span class='ocrx_word' id='word_1_541' title='bbox 666 3646 880 3701; x_wconf 90' lang='lat' dir='ltr'><strong>amicus</strong></span> <span class='ocrx_word' id='word_1_542' title='bbox 908 3646 1107 3700; x_wconf 84' lang='lat' dir='ltr'><strong>factus.</strong></span> <span class='ocrx_word' id='word_1_543' title='bbox 1139 3647 1256 3699; x_wconf 90' lang='lat' dir='ltr'><strong>Hoc</strong></span> <span class='ocrx_word' id='word_1_544' title='bbox 1283 3645 1483 3718; x_wconf 89' lang='lat' dir='ltr'><strong>loquor</strong></span> <span class='ocrx_word' id='word_1_545' title='bbox 1505 3644 1680 3711; x_wconf 89' lang='lat' dir='ltr'><strong>vobis,</strong></span> <span class='ocrx_word' id='word_1_546' title='bbox 1767 3650 1894 3705; x_wconf 90' lang='lat' dir='ltr'><strong>Non</strong></span> <span class='ocrx_word' id='word_1_547' title='bbox 1918 3649 2133 3723; x_wconf 89' lang='lat' dir='ltr'><strong>debetis</strong></span> <span class='ocrx_word' id='word_1_548' title='bbox 2159 3649 2299 3704; x_wconf 90' lang='lat' dir='ltr'><strong>velle</strong></span> <span class='ocrx_word' id='word_1_549' title='bbox 2327 3649 2432 3703; x_wconf 90' lang='lat' dir='ltr'><strong>sub</strong></span> <span class='ocrx_word' id='word_1_550' title='bbox 2457 3649 2580 3718; x_wconf 85' lang='lat' dir='ltr'><strong>lege</strong></span> <span class='ocrx_word' id='word_1_551' title='bbox 2596 3647 2844 3711; x_wconf 85' lang='lat' dir='ltr'><strong>esse,sed</strong></span> <span class='ocrx_word' id='word_1_552' title='bbox 2859 3634 2963 3702; x_wconf 81' lang='lat' dir='ltr'><strong>sub</strong></span> <span class='ocrx_word' id='word_1_553' title='bbox 2988 3634 3367 3727; x_wconf 81' lang='lat' dir='ltr'><strong>ecclesiastica</strong></span> 
     </span>
    </p>
   </div>
   <div class='ocr_carea' id='block_1_38' title="bbox 120 3727 3360 3813">
    <p class='ocr_par' dir='ltr' id='par_1_38' title="bbox 120 3727 3360 3813">
     <span class='ocr_line' id='line_1_38' title="bbox 120 3727 3360 3813; baseline 0 -26"><span class='ocrx_word' id='word_1_554' title='bbox 120 3733 230 3802; x_wconf 85' lang='lat' dir='ltr'><strong>quia</strong></span> <span class='ocrx_word' id='word_1_555' title='bbox 253 3736 460 3791; x_wconf 87' lang='lat' dir='ltr'><strong>amicus</strong></span> <span class='ocrx_word' id='word_1_556' title='bbox 490 3752 620 3790; x_wconf 89' lang='lat' dir='ltr'><strong>sum</strong></span> <span class='ocrx_word' id='word_1_557' title='bbox 649 3735 822 3802; x_wconf 90' lang='lat' dir='ltr'><strong>vobis,</strong></span> <span class='ocrx_word' id='word_1_558' title='bbox 846 3741 904 3790; x_wconf 93' lang='lat' dir='ltr'><strong>et</strong></span> <span class='ocrx_word' id='word_1_559' title='bbox 940 3735 1074 3806; x_wconf 86' lang='lat' dir='ltr'><strong>quia</strong></span> <span class='ocrx_word' id='word_1_560' title='bbox 1103 3751 1294 3789; x_wconf 86' lang='lat' dir='ltr'><strong>verum</strong></span> <span class='ocrx_word' id='word_1_561' title='bbox 1327 3741 1437 3792; x_wconf 90' lang='lat' dir='ltr'><strong>est.</strong></span> <span class='ocrx_word' id='word_1_562' title='bbox 1762 3738 1944 3808; x_wconf 87' lang='lat' dir='ltr'><strong>gratia</strong></span> <span class='ocrx_word' id='word_1_563' title='bbox 1971 3757 1984 3805; x_wconf 89' lang='lat'><strong>;</strong></span> <span class='ocrx_word' id='word_1_564' title='bbox 2017 3739 2107 3792; x_wconf 85' lang='lat' dir='ltr'><strong>lex</strong></span> <span class='ocrx_word' id='word_1_565' title='bbox 2143 3738 2295 3792; x_wconf 90' lang='lat' dir='ltr'><strong>enim</strong></span> <span class='ocrx_word' id='word_1_566' title='bbox 2327 3754 2518 3792; x_wconf 87' lang='lat' dir='ltr'><strong>servos</strong></span> <span class='ocrx_word' id='word_1_567' title='bbox 2545 3741 2802 3808; x_wconf 90' lang='lat' dir='ltr'><strong>generat,</strong></span> <span class='ocrx_word' id='word_1_568' title='bbox 2829 3735 3087 3813; x_wconf 40' lang='lat' dir='ltr'><strong>&#39;Ecclesia</strong></span> <span class='ocrx_word' id='word_1_569' title='bbox 3134 3727 3360 3789; x_wconf 81' lang='lat' dir='ltr'><strong>liberos.</strong></span> 
     </span>
    </p>
   </div>
   <div class='ocr_carea' id='block_1_39' title="bbox 168 3820 3367 3899">
    <p class='ocr_par' dir='ltr' id='par_1_39' title="bbox 168 3820 3367 3899">
     <span class='ocr_line' id='line_1_39' title="bbox 168 3820 3367 3899; baseline 0.001 -25"><span class='ocrx_word' id='word_1_570' title='bbox 168 3820 244 3877; x_wconf 77' lang='lat'><strong>&#39;23.</strong></span> <span class='ocrx_word' id='word_1_571' title='bbox 275 3826 372 3877; x_wconf 87' lang='lat' dir='ltr'><strong>Per</strong></span> <span class='ocrx_word' id='word_1_572' title='bbox 400 3826 815 3892; x_wconf 77' lang='lat' dir='ltr'><strong>inﬁrmitatem,</strong></span> <span class='ocrx_word' id='word_1_573' title='bbox 856 3823 913 3877; x_wconf 89' lang='lat' dir='ltr'><strong>id</strong></span> <span class='ocrx_word' id='word_1_574' title='bbox 954 3830 1039 3877; x_wconf 90' lang='lat' dir='ltr'><strong>est</strong></span> <span class='ocrx_word' id='word_1_575' title='bbox 1073 3823 1131 3877; x_wconf 90' lang='lat' dir='ltr'><strong>in</strong></span> <span class='ocrx_word' id='word_1_576' title='bbox 1162 3822 1508 3888; x_wconf 87' lang='lat' dir='ltr'><strong>inﬁrmitate,</strong></span> <span class='ocrx_word' id='word_1_577' title='bbox 1536 3820 1684 3876; x_wconf 90' lang='lat' dir='ltr'><strong>sicut</strong></span> <span class='ocrx_word' id='word_1_578' title='bbox 1764 3826 1924 3891; x_wconf 88' lang='lat' dir='ltr'><strong>Quod</strong></span> <span class='ocrx_word' id='word_1_579' title='bbox 1956 3827 2257 3899; x_wconf 59' lang='lat' dir='ltr'><strong>Scriptura</strong></span> <span class='ocrx_word' id='word_1_580' title='bbox 2276 3826 2612 3881; x_wconf 88' lang='lat' dir='ltr'><strong>auctoritate</strong></span> <span class='ocrx_word' id='word_1_581' title='bbox 2641 3825 2721 3880; x_wconf 90' lang='lat' dir='ltr'><strong>sic</strong></span> <span class='ocrx_word' id='word_1_582' title='bbox 2740 3823 2958 3899; x_wconf 90' lang='lat' dir='ltr'><strong>probat,</strong></span> <span class='ocrx_word' id='word_1_583' title='bbox 2974 3823 3165 3878; x_wconf 89' lang='lat' dir='ltr'><strong>dicens</strong></span> <span class='ocrx_word' id='word_1_584' title='bbox 3194 3823 3367 3877; x_wconf 85' lang='lat' dir='ltr'><strong>ancil-</strong></span> 
     </span>
    </p>
   </div>
   <div class='ocr_carea' id='block_1_40' title="bbox 114 3910 3365 3991">
    <p class='ocr_par' dir='ltr' id='par_1_40' title="bbox 114 3910 3365 3991">
     <span class='ocr_line' id='line_1_40' title="bbox 114 3910 3365 3991; baseline 0 -27"><span class='ocrx_word' id='word_1_585' title='bbox 114 3913 159 3961; x_wconf 79' lang='grc' dir='ltr'><strong>ει</strong></span> <span class='ocrx_word' id='word_1_586' title='bbox 177 3927 265 3980; x_wconf 87' lang='lat' dir='ltr'><strong>per</strong></span> <span class='ocrx_word' id='word_1_587' title='bbox 288 3912 425 3966; x_wconf 91' lang='lat' dir='ltr'><strong>illud</strong></span> <span class='ocrx_word' id='word_1_588' title='bbox 451 3919 700 3984; x_wconf 86' lang='lat' dir='ltr'><strong>tempus,</strong></span> <span class='ocrx_word' id='word_1_589' title='bbox 732 3911 790 3966; x_wconf 92' lang='lat' dir='ltr'><strong>id</strong></span> <span class='ocrx_word' id='word_1_590' title='bbox 811 3918 913 3975; x_wconf 89' lang='lat' dir='ltr'><strong>est,</strong></span> <span class='ocrx_word' id='word_1_591' title='bbox 948 3913 1007 3965; x_wconf 90' lang='lat' dir='ltr'><strong>in</strong></span> <span class='ocrx_word' id='word_1_592' title='bbox 1033 3911 1127 3964; x_wconf 91' lang='lat' dir='ltr'><strong>illo</strong></span> <span class='ocrx_word' id='word_1_593' title='bbox 1157 3917 1430 3982; x_wconf 87' lang='lat' dir='ltr'><strong>tempore.</strong></span> <span class='ocrx_word' id='word_1_594' title='bbox 1766 3916 1879 3971; x_wconf 88' lang='lat' dir='ltr'><strong>lam</strong></span> <span class='ocrx_word' id='word_1_595' title='bbox 1907 3916 2325 3991; x_wconf 37' lang='lat' dir='ltr'><strong>AgarlAbrahm</strong></span> <span class='ocrx_word' id='word_1_596' title='bbox 2356 3931 2578 3970; x_wconf 92' lang='lat' dir='ltr'><strong>servum</strong></span> <span class='ocrx_word' id='word_1_597' title='bbox 2604 3914 2887 3985; x_wconf 89' lang='lat' dir='ltr'><strong>genuisse,</strong></span> <span class='ocrx_word' id='word_1_598' title='bbox 2922 3912 3121 3967; x_wconf 90' lang='lat' dir='ltr'><strong>Saram</strong></span> <span class='ocrx_word' id='word_1_599' title='bbox 3144 3928 3276 3966; x_wconf 92' lang='lat' dir='ltr'><strong>vero</strong></span> <span class='ocrx_word' id='word_1_600' title='bbox 3297 3910 3365 3965; x_wconf 88' lang='lat' dir='ltr'><strong>li-</strong></span> 
     </span>
    </p>
   </div>
   <div class='ocr_carea' id='block_1_41' title="bbox 170 3988 3365 4072">
    <p class='ocr_par' dir='ltr' id='par_1_41' title="bbox 170 3988 3365 4072">
     <span class='ocr_line' id='line_1_41' title="bbox 170 3988 3365 4072; baseline 0.002 -22"><span class='ocrx_word' id='word_1_601' title='bbox 170 3998 246 4056; x_wconf 73' lang='grc'><strong>24.</strong></span> <span class='ocrx_word' id='word_1_602' title='bbox 280 4002 654 4057; x_wconf 84' lang='lat' dir='ltr'><strong>Tentationem</strong></span> <span class='ocrx_word' id='word_1_603' title='bbox 670 4002 873 4058; x_wconf 81' lang='lat' dir='ltr'><strong>.Tanta</strong></span> <span class='ocrx_word' id='word_1_604' title='bbox 922 4002 1033 4055; x_wconf 91' lang='lat' dir='ltr'><strong>fuit</strong></span> <span class='ocrx_word' id='word_1_605' title='bbox 1069 4001 1368 4055; x_wconf 86' lang='lat' dir='ltr'><strong>inﬁrmitas</strong></span> <span class='ocrx_word' id='word_1_606' title='bbox 1414 4000 1598 4055; x_wconf 89' lang='lat' dir='ltr'><strong>carnis</strong></span> <span class='ocrx_word' id='word_1_607' title='bbox 1627 4000 1682 4055; x_wconf 90' lang='lat' dir='ltr'><strong>in</strong></span> <span class='ocrx_word' id='word_1_608' title='bbox 1766 4004 1956 4059; x_wconf 89' lang='lat' dir='ltr'><strong>beram</strong></span> <span class='ocrx_word' id='word_1_609' title='bbox 1977 3988 2218 4058; x_wconf 87' lang='lat' dir='ltr'><strong>liberum</strong></span> <span class='ocrx_word' id='word_1_610' title='bbox 2243 3988 2422 4059; x_wconf 85' lang='lat' dir='ltr'><strong>ﬁlium</strong></span> <span class='ocrx_word' id='word_1_611' title='bbox 2437 4002 2775 4057; x_wconf 91' lang='lat' dir='ltr'><strong>edidisse.Et</strong></span> <span class='ocrx_word' id='word_1_612' title='bbox 2793 4017 2863 4056; x_wconf 91' lang='lat' dir='ltr'><strong>ne</strong></span> <span class='ocrx_word' id='word_1_613' title='bbox 2884 4000 3036 4055; x_wconf 86' lang='lat' dir='ltr'><strong>dicas</strong></span> <span class='ocrx_word' id='word_1_614' title='bbox 3054 3999 3205 4072; x_wconf 88' lang='lat' dir='ltr'><strong>quod</strong></span> <span class='ocrx_word' id='word_1_615' title='bbox 3224 3999 3365 4056; x_wconf 89' lang='lat' dir='ltr'><strong>Sara</strong></span> 
     </span>
    </p>
   </div>
   <div class='ocr_carea' id='block_1_42' title="bbox 111 4074 3365 4164">
    <p class='ocr_par' dir='ltr' id='par_1_42' title="bbox 111 4074 3365 4164">
     <span class='ocr_line' id='line_1_42' title="bbox 111 4074 3365 4164; baseline 0.002 -26"><span class='ocrx_word' id='word_1_616' title='bbox 111 4085 365 4158; x_wconf 86' lang='lat' dir='ltr'><strong>Apostolo,</strong></span> <span class='ocrx_word' id='word_1_617' title='bbox 405 4096 471 4146; x_wconf 92' lang='lat' dir='ltr'><strong>ut</strong></span> <span class='ocrx_word' id='word_1_618' title='bbox 525 4090 809 4144; x_wconf 87' lang='lat' dir='ltr'><strong>auditores</strong></span> <span class='ocrx_word' id='word_1_619' title='bbox 856 4090 1063 4145; x_wconf 86' lang='lat' dir='ltr'><strong>tentari</strong></span> <span class='ocrx_word' id='word_1_620' title='bbox 1111 4095 1357 4162; x_wconf 87' lang='lat' dir='ltr'><strong>possent,</strong></span> <span class='ocrx_word' id='word_1_621' title='bbox 1391 4095 1448 4144; x_wconf 93' lang='lat' dir='ltr'><strong>et</strong></span> <span class='ocrx_word' id='word_1_622' title='bbox 1484 4095 1682 4162; x_wconf 89' lang='lat' dir='ltr'><strong>putare</strong></span> <span class='ocrx_word' id='word_1_623' title='bbox 1765 4098 1823 4147; x_wconf 91' lang='lat' dir='ltr'><strong>et</strong></span> <span class='ocrx_word' id='word_1_624' title='bbox 1854 4096 2008 4164; x_wconf 85' lang='lat' dir='ltr'><strong>Agar</strong></span> <span class='ocrx_word' id='word_1_625' title='bbox 2036 4093 2107 4147; x_wconf 91' lang='lat' dir='ltr'><strong>ad</strong></span> <span class='ocrx_word' id='word_1_626' title='bbox 2135 4093 2316 4164; x_wconf 88' lang='lat' dir='ltr'><strong>legem</strong></span> <span class='ocrx_word' id='word_1_627' title='bbox 2353 4096 2411 4146; x_wconf 89' lang='lat' dir='ltr'><strong>et</strong></span> <span class='ocrx_word' id='word_1_628' title='bbox 2439 4082 2745 4146; x_wconf 86' lang='lat' dir='ltr'><strong>Ecclesiam</strong></span> <span class='ocrx_word' id='word_1_629' title='bbox 2775 4074 2918 4162; x_wconf 78' lang='lat' dir='ltr'><strong>[sup.</strong></span> <span class='ocrx_word' id='word_1_630' title='bbox 2944 4089 3273 4163; x_wconf 89' lang='lat' dir='ltr'><strong>pertinent],</strong></span> <span class='ocrx_word' id='word_1_631' title='bbox 3305 4095 3365 4146; x_wconf 91' lang='lat' dir='ltr'><strong>et</strong></span> 
     </span>
    </p>
   </div>
   <div class='ocr_carea' id='block_1_43' title="bbox 114 4165 3358 4254">
    <p class='ocr_par' dir='ltr' id='par_1_43' title="bbox 114 4165 3358 4254">
     <span class='ocr_line' id='line_1_43' title="bbox 114 4165 3358 4254; baseline 0.002 -25"><span class='ocrx_word' id='word_1_632' title='bbox 114 4177 237 4244; x_wconf 86' lang='lat' dir='ltr'><strong>quod</strong></span> <span class='ocrx_word' id='word_1_633' title='bbox 261 4180 560 4249; x_wconf 84' lang='lat' dir='ltr'><strong>Apostolus</strong></span> <span class='ocrx_word' id='word_1_634' title='bbox 589 4179 797 4234; x_wconf 88' lang='lat' dir='ltr'><strong>Christi</strong></span> <span class='ocrx_word' id='word_1_635' title='bbox 835 4196 947 4233; x_wconf 90' lang='lat' dir='ltr'><strong>non</strong></span> <span class='ocrx_word' id='word_1_636' title='bbox 972 4185 1137 4245; x_wconf 88' lang='lat' dir='ltr'><strong>esset,</strong></span> <span class='ocrx_word' id='word_1_637' title='bbox 1180 4179 1277 4251; x_wconf 89' lang='lat' dir='ltr'><strong>qui</strong></span> <span class='ocrx_word' id='word_1_638' title='bbox 1304 4178 1385 4233; x_wconf 86' lang='lat' dir='ltr'><strong>ita</strong></span> <span class='ocrx_word' id='word_1_639' title='bbox 1408 4184 1681 4250; x_wconf 79' lang='lat' dir='ltr'><strong>aegrotare</strong></span> <span class='ocrx_word' id='word_1_640' title='bbox 1764 4183 1911 4254; x_wconf 89' lang='lat' dir='ltr'><strong>quod</strong></span> <span class='ocrx_word' id='word_1_641' title='bbox 1942 4199 2136 4237; x_wconf 90' lang='lat' dir='ltr'><strong>earum</strong></span> <span class='ocrx_word' id='word_1_642' title='bbox 2164 4182 2286 4248; x_wconf 86' lang='lat' dir='ltr'><strong>ﬁlii,</strong></span> <span class='ocrx_word' id='word_1_643' title='bbox 2312 4165 2380 4237; x_wconf 81' lang='lat' dir='ltr'><strong>ad</strong></span> <span class='ocrx_word' id='word_1_644' title='bbox 2395 4188 2700 4254; x_wconf 83' lang='lat' dir='ltr'><strong>utrumque</strong></span> <span class='ocrx_word' id='word_1_645' title='bbox 2719 4178 3099 4252; x_wconf 88' lang='lat' dir='ltr'><strong>populum.Et</strong></span> <span class='ocrx_word' id='word_1_646' title='bbox 3122 4196 3358 4252; x_wconf 90' lang='lat' dir='ltr'><strong>respon-</strong></span> 
     </span>
    </p>
   </div>
   <div class='ocr_carea' id='block_1_44' title="bbox 114 4265 3359 4343">
    <p class='ocr_par' dir='ltr' id='par_1_44' title="bbox 114 4265 3359 4343">
     <span class='ocr_line' id='line_1_44' title="bbox 114 4265 3359 4343; baseline 0.002 -25"><span class='ocrx_word' id='word_1_647' title='bbox 114 4265 447 4333; x_wconf 83' lang='lat' dir='ltr'><strong>permitteret.</strong></span> <span class='ocrx_word' id='word_1_648' title='bbox 1762 4273 1858 4326; x_wconf 89' lang='lat' dir='ltr'><strong>det</strong></span> <span class='ocrx_word' id='word_1_649' title='bbox 1875 4272 2175 4342; x_wconf 89' lang='lat' dir='ltr'><strong>Apostolus</strong></span> <span class='ocrx_word' id='word_1_650' title='bbox 2206 4271 2356 4343; x_wconf 92' lang='lat' dir='ltr'><strong>quod</strong></span> <span class='ocrx_word' id='word_1_651' title='bbox 2386 4270 2600 4325; x_wconf 89' lang='lat' dir='ltr'><strong>dictum</strong></span> <span class='ocrx_word' id='word_1_652' title='bbox 2629 4274 2716 4324; x_wconf 90' lang='lat' dir='ltr'><strong>est</strong></span> <span class='ocrx_word' id='word_1_653' title='bbox 2743 4268 2813 4323; x_wconf 88' lang='lat' dir='ltr'><strong>de</strong></span> <span class='ocrx_word' id='word_1_654' title='bbox 2840 4267 3058 4324; x_wconf 89' lang='lat' dir='ltr'><strong>duabus</strong></span> <span class='ocrx_word' id='word_1_655' title='bbox 3084 4267 3359 4341; x_wconf 87' lang='lat' dir='ltr'><strong>matribus</strong></span> 
     </span>
    </p>
   </div>
   <div class='ocr_carea' id='block_1_45' title="bbox 168 4350 3359 4432">
    <p class='ocr_par' dir='ltr' id='par_1_45' title="bbox 168 4350 3359 4432">
     <span class='ocr_line' id='line_1_45' title="bbox 168 4350 3359 4432; baseline 0.002 -23"><span class='ocrx_word' id='word_1_656' title='bbox 168 4350 244 4409; x_wconf 72' lang='grc'><strong>25.</strong></span> <span class='ocrx_word' id='word_1_657' title='bbox 275 4357 528 4413; x_wconf 77' lang='lat' dir='ltr'><strong>Anaus&#39;r.</strong></span> <span class='ocrx_word' id='word_1_658' title='bbox 555 4359 635 4426; x_wconf 89' lang='lat' dir='ltr'><strong>(in</strong></span> <span class='ocrx_word' id='word_1_659' title='bbox 653 4356 824 4426; x_wconf 82' lang='lat' dir='ltr'><strong>Epist.</strong></span> <span class='ocrx_word' id='word_1_660' title='bbox 848 4358 921 4410; x_wconf 87' lang='lat' dir='ltr'><strong>ad</strong></span> <span class='ocrx_word' id='word_1_661' title='bbox 947 4356 1086 4428; x_wconf 84' lang='lat' dir='ltr'><strong>Gal.)</strong></span> <span class='ocrx_word' id='word_1_662' title='bbox 1123 4358 1517 4412; x_wconf 87' lang='lat' dir='ltr'><strong>Tentationem.</strong></span> <span class='ocrx_word' id='word_1_663' title='bbox 1539 4355 1680 4411; x_wconf 89' lang='lat' dir='ltr'><strong>Ten-</strong></span> <span class='ocrx_word' id='word_1_664' title='bbox 1763 4367 1819 4415; x_wconf 92' lang='lat' dir='ltr'><strong>et</strong></span> <span class='ocrx_word' id='word_1_665' title='bbox 1837 4377 2032 4415; x_wconf 87' lang='lat' dir='ltr'><strong>earum</strong></span> <span class='ocrx_word' id='word_1_666' title='bbox 2063 4361 2212 4425; x_wconf 88' lang='lat' dir='ltr'><strong>ﬁliis,</strong></span> <span class='ocrx_word' id='word_1_667' title='bbox 2243 4376 2345 4432; x_wconf 92' lang='lat' dir='ltr'><strong>per</strong></span> <span class='ocrx_word' id='word_1_668' title='bbox 2366 4358 2714 4431; x_wconf 89' lang='lat' dir='ltr'><strong>allegoriam,</strong></span> <span class='ocrx_word' id='word_1_669' title='bbox 2737 4357 2807 4413; x_wconf 92' lang='lat' dir='ltr'><strong>de</strong></span> <span class='ocrx_word' id='word_1_670' title='bbox 2827 4358 2955 4429; x_wconf 89' lang='lat' dir='ltr'><strong>lege</strong></span> <span class='ocrx_word' id='word_1_671' title='bbox 2975 4363 3033 4413; x_wconf 90' lang='lat' dir='ltr'><strong>et</strong></span> <span class='ocrx_word' id='word_1_672' title='bbox 3043 4358 3232 4430; x_wconf 85' lang='lat' dir='ltr'><strong>gratia</strong></span> <span class='ocrx_word' id='word_1_673' title='bbox 3259 4358 3359 4414; x_wconf 86' lang='lat' dir='ltr'><strong>de-</strong></span> 
     </span>
    </p>
   </div>
   <div class='ocr_carea' id='block_1_46' title="bbox 118 4440 3356 4520">
    <p class='ocr_par' dir='ltr' id='par_1_46' title="bbox 118 4440 3356 4520">
     <span class='ocr_line' id='line_1_46' title="bbox 118 4440 3356 4520; baseline 0.002 -25"><span class='ocrx_word' id='word_1_674' title='bbox 118 4440 201 4495; x_wconf 85' lang='lat' dir='ltr'><strong>tati</strong></span> <span class='ocrx_word' id='word_1_675' title='bbox 223 4451 363 4511; x_wconf 77' lang='lat' dir='ltr'><strong>sunt,</strong></span> <span class='ocrx_word' id='word_1_676' title='bbox 396 4462 525 4501; x_wconf 90' lang='lat' dir='ltr'><strong>cum</strong></span> <span class='ocrx_word' id='word_1_677' title='bbox 553 4446 996 4517; x_wconf 71' lang='lat' dir='ltr'><strong>persecutionem</strong></span> <span class='ocrx_word' id='word_1_678' title='bbox 1029 4452 1318 4517; x_wconf 89' lang='lat' dir='ltr'><strong>pateretur</strong></span> <span class='ocrx_word' id='word_1_679' title='bbox 1333 4446 1672 4518; x_wconf 87' lang='lat' dir='ltr'><strong>Apostolus;</strong></span> <span class='ocrx_word' id='word_1_680' title='bbox 1763 4449 1891 4504; x_wconf 89' lang='lat' dir='ltr'><strong>bere</strong></span> <span class='ocrx_word' id='word_1_681' title='bbox 1920 4449 2180 4520; x_wconf 86' lang='lat' dir='ltr'><strong>intelligi.</strong></span> <span class='ocrx_word' id='word_1_682' title='bbox 2221 4449 2382 4515; x_wconf 91' lang='lat' dir='ltr'><strong>Quod</strong></span> <span class='ocrx_word' id='word_1_683' title='bbox 2422 4447 2642 4520; x_wconf 90' lang='lat' dir='ltr'><strong>plenius</strong></span> <span class='ocrx_word' id='word_1_684' title='bbox 2673 4446 2923 4503; x_wconf 89' lang='lat' dir='ltr'><strong>invenies</strong></span> <span class='ocrx_word' id='word_1_685' title='bbox 2961 4446 3039 4503; x_wconf 91' lang='lat' dir='ltr'><strong>ibi</strong></span> <span class='ocrx_word' id='word_1_686' title='bbox 3068 4465 3081 4502; x_wconf 88' lang='lat'><strong>:</strong></span> <span class='ocrx_word' id='word_1_687' title='bbox 3115 4447 3221 4506; x_wconf 81' lang='lat' dir='ltr'><strong>Sed</strong></span> <span class='ocrx_word' id='word_1_688' title='bbox 3255 4451 3356 4519; x_wconf 85' lang='lat' dir='ltr'><strong>qui</strong></span> 
     </span>
    </p>
   </div>
   <div class='ocr_carea' id='block_1_47' title="bbox 112 4534 2217 4608">
    <p class='ocr_par' dir='ltr' id='par_1_47' title="bbox 112 4534 2217 4608">
     <span class='ocr_line' id='line_1_47' title="bbox 112 4534 2217 4608; baseline 0.004 -27"><span class='ocrx_word' id='word_1_689' title='bbox 112 4536 270 4587; x_wconf 85' lang='lat' dir='ltr'><strong>utrum</strong></span> <span class='ocrx_word' id='word_1_690' title='bbox 289 4534 491 4590; x_wconf 89' lang='lat' dir='ltr'><strong>timore</strong></span> <span class='ocrx_word' id='word_1_691' title='bbox 518 4535 844 4589; x_wconf 87' lang='lat' dir='ltr'><strong>desererent</strong></span> <span class='ocrx_word' id='word_1_692' title='bbox 865 4552 1014 4601; x_wconf 90' lang='lat' dir='ltr'><strong>eum,</strong></span> <span class='ocrx_word' id='word_1_693' title='bbox 1032 4552 1105 4590; x_wconf 90' lang='lat' dir='ltr'><strong>an</strong></span> <span class='ocrx_word' id='word_1_694' title='bbox 1126 4535 1400 4590; x_wconf 89' lang='lat' dir='ltr'><strong>charitate</strong></span> <span class='ocrx_word' id='word_1_695' title='bbox 1434 4534 1676 4608; x_wconf 88' lang='lat' dir='ltr'><strong>amplec-</strong></span> <span class='ocrx_word' id='word_1_696' title='bbox 1757 4540 1821 4593; x_wconf 87' lang='lat' dir='ltr'><strong>de</strong></span> <span class='ocrx_word' id='word_1_697' title='bbox 1848 4541 2080 4603; x_wconf 85' lang='lat' dir='ltr'><strong>ancilla,</strong></span> <span class='ocrx_word' id='word_1_698' title='bbox 2113 4544 2217 4592; x_wconf 91' lang='lat' dir='ltr'><strong>etc.</strong></span> 
     </span>
    </p>
   </div>
   <div class='ocr_carea' id='block_1_48' title="bbox 114 4622 3350 4695">
    <p class='ocr_par' dir='ltr' id='par_1_48' title="bbox 114 4622 3350 4695">
     <span class='ocr_line' id='line_1_48' title="bbox 114 4622 3350 4695; baseline 0.002 -22"><span class='ocrx_word' id='word_1_699' title='bbox 114 4622 353 4677; x_wconf 79' lang='lat' dir='ltr'><strong>terentur.</strong></span> <span class='ocrx_word' id='word_1_700' title='bbox 1828 4626 1913 4684; x_wconf 88' lang='grc'><strong>35.</strong></span> <span class='ocrx_word' id='word_1_701' title='bbox 1941 4628 2217 4695; x_wconf 82' lang='lat' dir='ltr'><strong>Quoniam</strong></span> <span class='ocrx_word' id='word_1_702' title='bbox 2245 4628 2549 4682; x_wconf 84' lang='lat' dir='ltr'><strong>Abraham.</strong></span> <span class='ocrx_word' id='word_1_703' title='bbox 2574 4626 2884 4682; x_wconf 87' lang='lat' dir='ltr'><strong>Ostendere</strong></span> <span class='ocrx_word' id='word_1_704' title='bbox 2912 4626 3032 4682; x_wconf 89' lang='lat' dir='ltr'><strong>vult</strong></span> <span class='ocrx_word' id='word_1_705' title='bbox 3059 4625 3350 4682; x_wconf 90' lang='lat' dir='ltr'><strong>honestius</strong></span> 
     </span>
    </p>
   </div>
   <div class='ocr_carea' id='block_1_49' title="bbox 164 4706 3349 4793">
    <p class='ocr_par' dir='ltr' id='par_1_49' title="bbox 164 4706 3349 4793">
     <span class='ocr_line' id='line_1_49' title="bbox 164 4706 3349 4793; baseline 0.001 -25"><span class='ocrx_word' id='word_1_706' title='bbox 164 4706 248 4793; x_wconf 66' lang='grc'><strong>26.</strong></span> <span class='ocrx_word' id='word_1_707' title='bbox 268 4711 470 4769; x_wconf 73' lang='lat' dir='ltr'><strong>LANFR.</strong></span> <span class='ocrx_word' id='word_1_708' title='bbox 501 4711 624 4765; x_wconf 85' lang='lat' dir='ltr'><strong>Non</strong></span> <span class='ocrx_word' id='word_1_709' title='bbox 649 4713 951 4781; x_wconf 57' lang='lat' dir='ltr'><strong>sprevisti-9,</strong></span> <span class='ocrx_word' id='word_1_710' title='bbox 966 4717 1078 4769; x_wconf 77' lang='lat' dir='ltr'><strong>etC.</strong></span> <span class='ocrx_word' id='word_1_711' title='bbox 1117 4712 1440 4768; x_wconf 73' lang='lat' dir='ltr'><strong>Potnissent</strong></span> <span class='ocrx_word' id='word_1_712' title='bbox 1467 4713 1568 4776; x_wconf 83' lang='lat' dir='ltr'><strong>illi.</strong></span> <span class='ocrx_word' id='word_1_713' title='bbox 1601 4714 1676 4768; x_wconf 79' lang='lat' dir='ltr'><strong>Vi-</strong></span> <span class='ocrx_word' id='word_1_714' title='bbox 1697 4706 1858 4774; x_wconf 85' lang='lat' dir='ltr'><strong>Csub</strong></span> <span class='ocrx_word' id='word_1_715' title='bbox 1884 4718 2071 4788; x_wconf 89' lang='lat' dir='ltr'><strong>gratia</strong></span> <span class='ocrx_word' id='word_1_716' title='bbox 2098 4717 2240 4772; x_wconf 91' lang='lat' dir='ltr'><strong>Novi</strong></span> <span class='ocrx_word' id='word_1_717' title='bbox 2257 4715 2605 4773; x_wconf 86' lang='lat' dir='ltr'><strong>Testamenti</strong></span> <span class='ocrx_word' id='word_1_718' title='bbox 2635 4732 2757 4771; x_wconf 88' lang='lat' dir='ltr'><strong>esse</strong></span> <span class='ocrx_word' id='word_1_719' title='bbox 2772 4732 2943 4789; x_wconf 89' lang='lat' dir='ltr'><strong>quam</strong></span> <span class='ocrx_word' id='word_1_720' title='bbox 2972 4716 3076 4772; x_wconf 90' lang='lat' dir='ltr'><strong>sub</strong></span> <span class='ocrx_word' id='word_1_721' title='bbox 3105 4717 3227 4788; x_wconf 88' lang='lat' dir='ltr'><strong>lege</strong></span> <span class='ocrx_word' id='word_1_722' title='bbox 3246 4717 3349 4772; x_wconf 89' lang='lat' dir='ltr'><strong>Ju-</strong></span> 
     </span>
    </p>
   </div>
   <div class='ocr_carea' id='block_1_50' title="bbox 114 4792 3351 4877">
    <p class='ocr_par' dir='ltr' id='par_1_50' title="bbox 114 4792 3351 4877">
     <span class='ocr_line' id='line_1_50' title="bbox 114 4792 3351 4877; baseline 0.004 -28"><span class='ocrx_word' id='word_1_723' title='bbox 114 4792 277 4854; x_wconf 84' lang='lat' dir='ltr'><strong>dentes</strong></span> <span class='ocrx_word' id='word_1_724' title='bbox 303 4800 631 4872; x_wconf 87' lang='lat' dir='ltr'><strong>Apostolum</strong></span> <span class='ocrx_word' id='word_1_725' title='bbox 677 4799 876 4873; x_wconf 83' lang='lat' dir='ltr'><strong>afﬂigi,</strong></span> <span class='ocrx_word' id='word_1_726' title='bbox 909 4818 1173 4873; x_wconf 84' lang='lat' dir='ltr'><strong>spernere</strong></span> <span class='ocrx_word' id='word_1_727' title='bbox 1216 4802 1671 4874; x_wconf 82' lang='lat' dir='ltr'><strong>praedicationem</strong></span> <span class='ocrx_word' id='word_1_728' title='bbox 1756 4807 2024 4861; x_wconf 83' lang='lat' dir='ltr'><strong>daeorum.</strong></span> <span class='ocrx_word' id='word_1_729' title='bbox 2074 4805 2380 4870; x_wconf 85' lang='lat' dir='ltr'><strong>Abraham,</strong></span> <span class='ocrx_word' id='word_1_730' title='bbox 2428 4805 2578 4861; x_wconf 89' lang='lat' dir='ltr'><strong>Deus</strong></span> <span class='ocrx_word' id='word_1_731' title='bbox 2617 4805 2787 4860; x_wconf 90' lang='lat' dir='ltr'><strong>Pater</strong></span> <span class='ocrx_word' id='word_1_732' title='bbox 2817 4806 3189 4877; x_wconf 85' lang='lat' dir='ltr'><strong>intelligitur;</strong></span> <span class='ocrx_word' id='word_1_733' title='bbox 3239 4807 3351 4861; x_wconf 91' lang='lat' dir='ltr'><strong>duo</strong></span> 
     </span>
    </p>
   </div>
   <div class='ocr_carea' id='block_1_51' title="bbox 114 4884 3346 4967">
    <p class='ocr_par' dir='ltr' id='par_1_51' title="bbox 114 4884 3346 4967">
     <span class='ocr_line' id='line_1_51' title="bbox 114 4884 3346 4967; baseline 0.002 -26"><span class='ocrx_word' id='word_1_734' title='bbox 114 4884 225 4952; x_wconf 83' lang='lat' dir='ltr'><strong>ejus,</strong></span> <span class='ocrx_word' id='word_1_735' title='bbox 255 4889 346 4944; x_wconf 86' lang='lat' dir='ltr'><strong>sed</strong></span> <span class='ocrx_word' id='word_1_736' title='bbox 373 4907 486 4945; x_wconf 90' lang='lat' dir='ltr'><strong>non</strong></span> <span class='ocrx_word' id='word_1_737' title='bbox 525 4896 872 4960; x_wconf 87' lang='lat' dir='ltr'><strong>spreverunt,</strong></span> <span class='ocrx_word' id='word_1_738' title='bbox 907 4897 962 4944; x_wconf 92' lang='lat' dir='ltr'><strong>et</strong></span> <span class='ocrx_word' id='word_1_739' title='bbox 1007 4896 1205 4962; x_wconf 88' lang='lat' dir='ltr'><strong>putare</strong></span> <span class='ocrx_word' id='word_1_740' title='bbox 1235 4892 1411 4947; x_wconf 91' lang='lat' dir='ltr'><strong>Deum</strong></span> <span class='ocrx_word' id='word_1_741' title='bbox 1440 4908 1549 4946; x_wconf 84' lang='lat' dir='ltr'><strong>non</strong></span> <span class='ocrx_word' id='word_1_742' title='bbox 1581 4908 1675 4946; x_wconf 87' lang='lat' dir='ltr'><strong>cu-</strong></span> <span class='ocrx_word' id='word_1_743' title='bbox 1755 4896 1875 4961; x_wconf 86' lang='lat' dir='ltr'><strong>ﬁlii,</strong></span> <span class='ocrx_word' id='word_1_744' title='bbox 1906 4896 2061 4967; x_wconf 90' lang='lat' dir='ltr'><strong>plebs</strong></span> <span class='ocrx_word' id='word_1_745' title='bbox 2087 4897 2411 4952; x_wconf 72' lang='lat' dir='ltr'><strong>Judaeorum</strong></span> <span class='ocrx_word' id='word_1_746' title='bbox 2436 4900 2494 4950; x_wconf 92' lang='lat' dir='ltr'><strong>et</strong></span> <span class='ocrx_word' id='word_1_747' title='bbox 2520 4894 2761 4967; x_wconf 87' lang='lat' dir='ltr'><strong>populus</strong></span> <span class='ocrx_word' id='word_1_748' title='bbox 2796 4895 3091 4966; x_wconf 89' lang='lat' dir='ltr'><strong>gentium;</strong></span> <span class='ocrx_word' id='word_1_749' title='bbox 3123 4893 3346 4961; x_wconf 90' lang='lat' dir='ltr'><strong>ancilla,</strong></span> 
     </span>
    </p>
   </div>
   <div class='ocr_carea' id='block_1_52' title="bbox 116 4976 3341 5056">
    <p class='ocr_par' dir='ltr' id='par_1_52' title="bbox 116 4976 3341 5056">
     <span class='ocr_line' id='line_1_52' title="bbox 116 4976 3341 5056; baseline 0.002 -27"><span class='ocrx_word' id='word_1_750' title='bbox 116 4987 216 5029; x_wconf 81' lang='lat' dir='ltr'><strong>rare</strong></span> <span class='ocrx_word' id='word_1_751' title='bbox 249 4976 399 5033; x_wconf 88' lang='lat' dir='ltr'><strong>illum</strong></span> <span class='ocrx_word' id='word_1_752' title='bbox 424 4978 521 5050; x_wconf 90' lang='lat' dir='ltr'><strong>qui</strong></span> <span class='ocrx_word' id='word_1_753' title='bbox 550 4977 629 5033; x_wconf 89' lang='lat' dir='ltr'><strong>sic</strong></span> <span class='ocrx_word' id='word_1_754' title='bbox 658 4977 1033 5048; x_wconf 81' lang='lat' dir='ltr'><strong>affligebatur.</strong></span> <span class='ocrx_word' id='word_1_755' title='bbox 1755 4984 1846 5038; x_wconf 78' lang='lat' dir='ltr'><strong>lex</strong></span> <span class='ocrx_word' id='word_1_756' title='bbox 1866 5002 1987 5056; x_wconf 88' lang='lat' dir='ltr'><strong>quae</strong></span> <span class='ocrx_word' id='word_1_757' title='bbox 2016 5002 2202 5039; x_wconf 89' lang='lat' dir='ltr'><strong>servos</strong></span> <span class='ocrx_word' id='word_1_758' title='bbox 2223 4983 2721 5056; x_wconf 89' lang='lat' dir='ltr'><strong>gignebat,timore</strong></span> <span class='ocrx_word' id='word_1_759' title='bbox 2751 5000 2956 5055; x_wconf 91' lang='lat' dir='ltr'><strong>cogens</strong></span> <span class='ocrx_word' id='word_1_760' title='bbox 2971 5000 3086 5052; x_wconf 90' lang='lat' dir='ltr'><strong>eos,</strong></span> <span class='ocrx_word' id='word_1_761' title='bbox 3111 4984 3302 5039; x_wconf 91' lang='lat' dir='ltr'><strong>dicens</strong></span> <span class='ocrx_word' id='word_1_762' title='bbox 3328 5000 3341 5036; x_wconf 85' lang='lat'><strong>:</strong></span> 
     </span>
    </p>
   </div>
   <div class='ocr_carea' id='block_1_53' title="bbox 168 5064 3345 5145">
    <p class='ocr_par' dir='ltr' id='par_1_53' title="bbox 168 5064 3345 5145">
     <span class='ocr_line' id='line_1_53' title="bbox 168 5064 3345 5145; baseline 0.003 -25"><span class='ocrx_word' id='word_1_763' title='bbox 168 5064 243 5120; x_wconf 82' lang='lat'><strong>27.</strong></span> <span class='ocrx_word' id='word_1_764' title='bbox 276 5067 424 5136; x_wconf 75' lang='lat' dir='ltr'><strong>Ergo</strong></span> <span class='ocrx_word' id='word_1_765' title='bbox 477 5070 751 5122; x_wconf 84' lang='lat' dir='ltr'><strong>beatitudo</strong></span> <span class='ocrx_word' id='word_1_766' title='bbox 796 5073 994 5122; x_wconf 82' lang='lat' dir='ltr'><strong>vestra.</strong></span> <span class='ocrx_word' id='word_1_767' title='bbox 1044 5069 1341 5124; x_wconf 91' lang='lat' dir='ltr'><strong>Beatitudo</strong></span> <span class='ocrx_word' id='word_1_768' title='bbox 1383 5069 1497 5124; x_wconf 90' lang='lat' dir='ltr'><strong>illis</strong></span> <span class='ocrx_word' id='word_1_769' title='bbox 1550 5076 1674 5124; x_wconf 86' lang='lat' dir='ltr'><strong>erat</strong></span> <span class='ocrx_word' id='word_1_770' title='bbox 1757 5075 1816 5129; x_wconf 89' lang='lat' dir='ltr'><strong>Si</strong></span> <span class='ocrx_word' id='word_1_771' title='bbox 1845 5074 1970 5145; x_wconf 90' lang='lat' dir='ltr'><strong>quis</strong></span> <span class='ocrx_word' id='word_1_772' title='bbox 1999 5076 2103 5129; x_wconf 90' lang='lat' dir='ltr'><strong>hoc</strong></span> <span class='ocrx_word' id='word_1_773' title='bbox 2129 5075 2214 5129; x_wconf 90' lang='lat' dir='ltr'><strong>vel</strong></span> <span class='ocrx_word' id='word_1_774' title='bbox 2235 5075 2373 5129; x_wconf 91' lang='lat' dir='ltr'><strong>illud</strong></span> <span class='ocrx_word' id='word_1_775' title='bbox 2399 5073 2811 5140; x_wconf 87' lang='lat' dir='ltr'><strong>fecerit,morte</strong></span> <span class='ocrx_word' id='word_1_776' title='bbox 2839 5073 3134 5140; x_wconf 90' lang='lat' dir='ltr'><strong>moriatur;</strong></span> <span class='ocrx_word' id='word_1_777' title='bbox 3150 5072 3345 5140; x_wconf 83' lang='lat' dir='ltr'><strong>libera,</strong></span> 
     </span>
    </p>
   </div>
   <div class='ocr_carea' id='block_1_54' title="bbox 116 5150 3347 5237">
    <p class='ocr_par' dir='ltr' id='par_1_54' title="bbox 116 5150 3347 5237">
     <span class='ocr_line' id='line_1_54' title="bbox 116 5150 3347 5237; baseline 0.003 -32"><span class='ocrx_word' id='word_1_778' title='bbox 116 5150 402 5222; x_wconf 80' lang='lat' dir='ltr'><strong>Apostolum</strong></span> <span class='ocrx_word' id='word_1_779' title='bbox 449 5157 706 5237; x_wconf 83' lang='lat' dir='ltr'><strong>diligere,</strong></span> <span class='ocrx_word' id='word_1_780' title='bbox 743 5164 801 5212; x_wconf 91' lang='lat' dir='ltr'><strong>et</strong></span> <span class='ocrx_word' id='word_1_781' title='bbox 840 5158 1129 5231; x_wconf 81' lang='lat' dir='ltr'><strong>praeceptis</strong></span> <span class='ocrx_word' id='word_1_782' title='bbox 1157 5159 1280 5229; x_wconf 89' lang='lat' dir='ltr'><strong>ejus</strong></span> <span class='ocrx_word' id='word_1_783' title='bbox 1322 5159 1381 5213; x_wconf 90' lang='lat' dir='ltr'><strong>in</strong></span> <span class='ocrx_word' id='word_1_784' title='bbox 1415 5158 1674 5214; x_wconf 84' lang='lat' dir='ltr'><strong>omnibus</strong></span> <span class='ocrx_word' id='word_1_785' title='bbox 1756 5163 2076 5235; x_wconf 69' lang='lat' dir='ltr'><strong>praedicatio</strong></span> <span class='ocrx_word' id='word_1_786' title='bbox 2118 5164 2259 5219; x_wconf 89' lang='lat' dir='ltr'><strong>Novi</strong></span> <span class='ocrx_word' id='word_1_787' title='bbox 2299 5163 2664 5230; x_wconf 89' lang='lat' dir='ltr'><strong>Testamenti,</strong></span> <span class='ocrx_word' id='word_1_788' title='bbox 2694 5180 2819 5234; x_wconf 85' lang='lat' dir='ltr'><strong>quae</strong></span> <span class='ocrx_word' id='word_1_789' title='bbox 2860 5162 3064 5217; x_wconf 89' lang='lat' dir='ltr'><strong>liberos</strong></span> <span class='ocrx_word' id='word_1_790' title='bbox 3090 5166 3347 5233; x_wconf 88' lang='lat' dir='ltr'><strong>generat,</strong></span> 
     </span>
    </p>
   </div>
   <div class='ocr_carea' id='block_1_55' title="bbox 116 5238 3347 5326">
    <p class='ocr_par' dir='ltr' id='par_1_55' title="bbox 116 5238 3347 5326">
     <span class='ocr_line' id='line_1_55' title="bbox 116 5238 3347 5326; baseline 0.003 -33"><span class='ocrx_word' id='word_1_791' title='bbox 116 5238 305 5299; x_wconf 84' lang='lat' dir='ltr'><strong>obedire</strong></span> <span class='ocrx_word' id='word_1_792' title='bbox 324 5288 341 5316; x_wconf 92' lang='lat'><strong>,</strong></span> <span class='ocrx_word' id='word_1_793' title='bbox 392 5246 493 5302; x_wconf 85' lang='lat' dir='ltr'><strong>sed</strong></span> <span class='ocrx_word' id='word_1_794' title='bbox 541 5246 684 5300; x_wconf 91' lang='lat' dir='ltr'><strong>hanc</strong></span> <span class='ocrx_word' id='word_1_795' title='bbox 724 5247 1131 5302; x_wconf 88' lang='lat' dir='ltr'><strong>beatitudinem</strong></span> <span class='ocrx_word' id='word_1_796' title='bbox 1167 5247 1395 5320; x_wconf 90' lang='lat' dir='ltr'><strong>quidam</strong></span> <span class='ocrx_word' id='word_1_797' title='bbox 1441 5248 1665 5303; x_wconf 84' lang='lat' dir='ltr'><strong>illorum</strong></span> <span class='ocrx_word' id='word_1_798' title='bbox 1751 5258 1989 5326; x_wconf 87' lang='lat' dir='ltr'><strong>paterna</strong></span> <span class='ocrx_word' id='word_1_799' title='bbox 2016 5253 2316 5309; x_wconf 89' lang='lat' dir='ltr'><strong>dilectione</strong></span> <span class='ocrx_word' id='word_1_800' title='bbox 2338 5253 2647 5309; x_wconf 81' lang='lat' dir='ltr'><strong>admonens</strong></span> <span class='ocrx_word' id='word_1_801' title='bbox 2668 5268 2763 5306; x_wconf 89' lang='lat' dir='ltr'><strong>eos</strong></span> <span class='ocrx_word' id='word_1_802' title='bbox 2792 5251 2984 5305; x_wconf 89' lang='lat' dir='ltr'><strong>dicens</strong></span> <span class='ocrx_word' id='word_1_803' title='bbox 3012 5269 3023 5304; x_wconf 93' lang='lat'><strong>:</strong></span> <span class='ocrx_word' id='word_1_804' title='bbox 3069 5252 3245 5305; x_wconf 84' lang='lat' dir='ltr'><strong>Venite</strong></span> <span class='ocrx_word' id='word_1_805' title='bbox 3272 5252 3347 5304; x_wconf 87' lang='lat' dir='ltr'><strong>ad</strong></span> 
     </span>
    </p>
   </div>
   <div class='ocr_carea' id='block_1_56' title="bbox 116 5335 3348 5413">
    <p class='ocr_par' dir='ltr' id='par_1_56' title="bbox 116 5335 3348 5413">
     <span class='ocr_line' id='line_1_56' title="bbox 116 5335 3348 5413; baseline 0.001 -23"><span class='ocrx_word' id='word_1_806' title='bbox 116 5335 456 5411; x_wconf 82' lang='lat' dir='ltr'><strong>perdiderant,</strong></span> <span class='ocrx_word' id='word_1_807' title='bbox 494 5339 590 5409; x_wconf 90' lang='lat' dir='ltr'><strong>qui</strong></span> <span class='ocrx_word' id='word_1_808' title='bbox 627 5339 699 5394; x_wconf 90' lang='lat' dir='ltr'><strong>ad</strong></span> <span class='ocrx_word' id='word_1_809' title='bbox 734 5340 1011 5394; x_wconf 79' lang='lat' dir='ltr'><strong>culturam</strong></span> <span class='ocrx_word' id='word_1_810' title='bbox 1055 5339 1370 5394; x_wconf 86' lang='lat' dir='ltr'><strong>daemonum</strong></span> <span class='ocrx_word' id='word_1_811' title='bbox 1401 5341 1584 5395; x_wconf 85' lang='lat' dir='ltr'><strong>redire</strong></span> <span class='ocrx_word' id='word_1_812' title='bbox 1612 5345 1670 5395; x_wconf 89' lang='lat' dir='ltr'><strong>ct</strong></span> <span class='ocrx_word' id='word_1_813' title='bbox 1751 5360 1853 5409; x_wconf 81' lang='lat' dir='ltr'><strong>me,</strong></span> <span class='ocrx_word' id='word_1_814' title='bbox 1886 5360 2069 5398; x_wconf 85' lang='lat' dir='ltr'><strong>omnes</strong></span> <span class='ocrx_word' id='word_1_815' title='bbox 2103 5347 2202 5413; x_wconf 87' lang='lat' dir='ltr'><strong>qui</strong></span> <span class='ocrx_word' id='word_1_816' title='bbox 2249 5344 2533 5409; x_wconf 82' lang='lat' dir='ltr'><strong>laboratis,</strong></span> <span class='ocrx_word' id='word_1_817' title='bbox 2565 5347 2613 5396; x_wconf 90' lang='lat' dir='ltr'><strong>et</strong></span> <span class='ocrx_word' id='word_1_818' title='bbox 2642 5342 2861 5395; x_wconf 87' lang='lat' dir='ltr'><strong>onerati</strong></span> <span class='ocrx_word' id='word_1_819' title='bbox 2888 5343 3031 5405; x_wconf 87' lang='lat' dir='ltr'><strong>estis,</strong></span> <span class='ocrx_word' id='word_1_820' title='bbox 3064 5343 3114 5394; x_wconf 87' lang='lat' dir='ltr'><strong>et</strong></span> <span class='ocrx_word' id='word_1_821' title='bbox 3142 5354 3233 5406; x_wconf 89' lang='lat' dir='ltr'><strong>ego</strong></span> <span class='ocrx_word' id='word_1_822' title='bbox 3258 5355 3348 5394; x_wconf 85' lang='lat' dir='ltr'><strong>vos</strong></span> 
     </span>
    </p>
   </div>
   <div class='ocr_carea' id='block_1_57' title="bbox 116 5420 3347 5501">
    <p class='ocr_par' dir='ltr' id='par_1_57' title="bbox 116 5420 3347 5501">
     <span class='ocr_line' id='line_1_57' title="bbox 116 5420 3347 5501; baseline 0.004 -29"><span class='ocrx_word' id='word_1_823' title='bbox 116 5420 179 5477; x_wconf 84' lang='lat' dir='ltr'><strong>eis</strong></span> <span class='ocrx_word' id='word_1_824' title='bbox 200 5428 393 5483; x_wconf 88' lang='lat' dir='ltr'><strong>servire</strong></span> <span class='ocrx_word' id='word_1_825' title='bbox 420 5428 697 5483; x_wconf 86' lang='lat' dir='ltr'><strong>volebant.</strong></span> <span class='ocrx_word' id='word_1_826' title='bbox 1754 5436 2081 5501; x_wconf 62' lang='lat' dir='ltr'><strong>requinscere</strong></span> <span class='ocrx_word' id='word_1_827' title='bbox 2104 5435 2347 5501; x_wconf 76' lang='lat' dir='ltr'><strong>faciam;</strong></span> <span class='ocrx_word' id='word_1_828' title='bbox 2362 5436 2569 5501; x_wconf 84' lang='lat' dir='ltr'><strong>jugum</strong></span> <span class='ocrx_word' id='word_1_829' title='bbox 2602 5432 2751 5483; x_wconf 87' lang='lat' dir='ltr'><strong>enim</strong></span> <span class='ocrx_word' id='word_1_830' title='bbox 2775 5444 2959 5482; x_wconf 88' lang='lat' dir='ltr'><strong>meum</strong></span> <span class='ocrx_word' id='word_1_831' title='bbox 2989 5444 3153 5483; x_wconf 88' lang='lat' dir='ltr'><strong>suave</strong></span> <span class='ocrx_word' id='word_1_832' title='bbox 3175 5433 3270 5495; x_wconf 79' lang='lat' dir='ltr'><strong>est,</strong></span> <span class='ocrx_word' id='word_1_833' title='bbox 3293 5434 3347 5484; x_wconf 81' lang='lat' dir='ltr'><strong>et</strong></span> 
     </span>
    </p>
   </div>
   <div class='ocr_carea' id='block_1_58' title="bbox 169 5510 1714 5595">
    <p class='ocr_par' dir='ltr' id='par_1_58' title="bbox 169 5510 1668 5595">
     <span class='ocr_line' id='line_1_58' title="bbox 169 5510 1668 5595; baseline 0.003 -24"><span class='ocrx_word' id='word_1_834' title='bbox 169 5510 243 5571; x_wconf 73' lang='grc'><strong>28.</strong></span> <span class='ocrx_word' id='word_1_835' title='bbox 280 5519 528 5589; x_wconf 68' lang='grc' dir='ltr'><strong>Αυαβετ.</strong></span> <span class='ocrx_word' id='word_1_836' title='bbox 574 5519 737 5595; x_wconf 71' lang='lat' dir='ltr'><strong>(ibid.</strong></span> <span class='ocrx_word' id='word_1_837' title='bbox 783 5519 866 5578; x_wconf 57' lang='grc' dir='ltr'><strong>ΒΛ</strong></span> <span class='ocrx_word' id='word_1_838' title='bbox 930 5521 1123 5573; x_wconf 83' lang='lat' dir='ltr'><strong>Verum</strong></span> <span class='ocrx_word' id='word_1_839' title='bbox 1170 5521 1370 5574; x_wconf 67' lang='lat' dir='ltr'><strong>dicens.</strong></span> <span class='ocrx_word' id='word_1_840' title='bbox 1403 5520 1510 5573; x_wconf 78' lang='lat' dir='ltr'><strong>Sed</strong></span> <span class='ocrx_word' id='word_1_841' title='bbox 1535 5520 1668 5591; x_wconf 87' lang='lat' dir='ltr'><strong>quid</strong></span> 
     </span>
    </p>
   </div>
   <div class='ocr_carea' id='block_1_59' title="bbox 1164 5510 2709 5595">
    <p class='ocr_par' dir='ltr' id='par_1_59' title="bbox 1170 5519 2709 5591">
     <span class='ocr_line' id='line_1_59' title="bbox 1170 5519 2709 5591; baseline -0.001 -19"><span class='ocrx_word' id='word_1_842' title='bbox 1170 5521 1370 5574; x_wconf 67' lang='lat' dir='ltr'><strong>dicem.</strong></span> <span class='ocrx_word' id='word_1_843' title='bbox 1403 5520 1510 5573; x_wconf 78' lang='lat' dir='ltr'><strong>Sed</strong></span> <span class='ocrx_word' id='word_1_844' title='bbox 1535 5520 1668 5591; x_wconf 87' lang='lat' dir='ltr'><strong>quid</strong></span> <span class='ocrx_word' id='word_1_845' title='bbox 1752 5538 1891 5575; x_wconf 87' lang='lat' dir='ltr'><strong>onus</strong></span> <span class='ocrx_word' id='word_1_846' title='bbox 1917 5538 2097 5574; x_wconf 85' lang='lat' dir='ltr'><strong>meum</strong></span> <span class='ocrx_word' id='word_1_847' title='bbox 2128 5526 2235 5576; x_wconf 83' lang='lat' dir='ltr'><strong>leve</strong></span> <span class='ocrx_word' id='word_1_848' title='bbox 2268 5520 2582 5588; x_wconf 75' lang='lat' dir='ltr'><strong>cst&#39;(.l[atlll.</strong></span> <span class='ocrx_word' id='word_1_849' title='bbox 2616 5519 2709 5585; x_wconf 72' lang='grc' dir='ltr'><strong>χι).</strong></span> 
     </span>
    </p>
   </div>
   <div class='ocr_carea' id='block_1_60' title="bbox 117 5606 3344 5678">
    <p class='ocr_par' dir='ltr' id='par_1_60' title="bbox 117 5606 3344 5678">
     <span class='ocr_line' id='line_1_60' title="bbox 117 5606 3344 5678; baseline 0.001 -23"><span class='ocrx_word' id='word_1_850' title='bbox 117 5614 273 5659; x_wconf 66' lang='lat' dir='ltr'><strong>verum</strong></span> <span class='ocrx_word' id='word_1_851' title='bbox 304 5609 629 5678; x_wconf 66' lang='lat' dir='ltr'><strong>pmdicans,</strong></span> <span class='ocrx_word' id='word_1_852' title='bbox 658 5609 767 5665; x_wconf 88' lang='lat' dir='ltr'><strong>nisi</strong></span> <span class='ocrx_word' id='word_1_853' title='bbox 798 5616 860 5664; x_wconf 87' lang='lat' dir='ltr'><strong>ut</strong></span> <span class='ocrx_word' id='word_1_854' title='bbox 886 5626 995 5665; x_wconf 85' lang='lat' dir='ltr'><strong>non</strong></span> <span class='ocrx_word' id='word_1_855' title='bbox 1027 5609 1600 5665; x_wconf 74' lang='lat' dir='ltr'><strong>circumcideientur?</strong></span> <span class='ocrx_word' id='word_1_856' title='bbox 1826 5610 1910 5664; x_wconf 61' lang='grc' dir='ltr'><strong>δῦ.</strong></span> <span class='ocrx_word' id='word_1_857' title='bbox 1946 5612 1981 5665; x_wconf 81' lang='lat' dir='ltr'><strong>S</strong></span> <span class='ocrx_word' id='word_1_858' title='bbox 2013 5613 2256 5666; x_wconf 64' lang='lat' dir='ltr'><strong>cun&#39;lum</strong></span> <span class='ocrx_word' id='word_1_859' title='bbox 2277 5625 2521 5675; x_wconf 60' lang='lat' dir='ltr'><strong>carnem,</strong></span> <span class='ocrx_word' id='word_1_860' title='bbox 2546 5608 2600 5663; x_wconf 90' lang='lat' dir='ltr'><strong>id</strong></span> <span class='ocrx_word' id='word_1_861' title='bbox 2614 5612 2715 5671; x_wconf 82' lang='lat' dir='ltr'><strong>est,</strong></span> <span class='ocrx_word' id='word_1_862' title='bbox 2737 5606 3020 5662; x_wconf 85' lang='lat' dir='ltr'><strong>carnalem</strong></span> <span class='ocrx_word' id='word_1_863' title='bbox 3044 5609 3344 5661; x_wconf 84' lang='lat' dir='ltr'><strong>consuetu-</strong></span> 
     </span>
    </p>
   </div>
  </div>
