3912 6374
482 350 590 410 279
1466 343 1529 401 B.
1572 348 1987 406 LANFRANCI
2026 348 2382 404 CANTUAR.
2423 345 2758 401 ARCHIEP.
3650 339 3767 398 280

497 474 714 533 sionem
748 490 761 526 :
793 486 918 543 quae
932 470 1192 539 praedicto
1216 470 1375 524 modo
1403 476 1537 526 sunt
1561 488 1662 543 per
1679 473 2005 544 allegoriam
2019 470 2339 538 dicta.0uid
2351 470 2459 524 haec
2475 471 2548 523 ad
2559 473 2756 537 legem?
2776 468 2907 523 Haec
2927 467 3075 523 enim
3097 474 3231 522 sunt
3246 469 3359 522 duo
3380 472 3761 532 testamenta,

499 577 633 619 nam
647 561 810 614 aliud
825 561 1040 621 dicunt,
1063 562 1112 612 et
1126 558 1289 611 aliud
1304 560 1532 626 signant
1548 576 1570 629 ;
1597 564 1732 629 quia
1749 563 1944 615 dicunt
1972 563 2136 627 ﬁlios,
2162 561 2452 625 etsignant
2471 560 2579 611 duo
2599 562 2944 611 testamenta.
2970 554 3057 612 37'.
3087 557 3274 612 Unum
3305 557 3531 626 quidem
3558 557 3767 610 datum

499 651 767 704 inmonte
793 647 944 709 Sina,
977 646 1037 700 in
1067 645 1393 700 servitutem
1421 664 1721 718 generans,
1749 650 1839 705 38.
1875 667 1998 720 quae
2018 654 2103 702 est
2131 649 2300 718 Agar.
2334 663 2451 714 quae
2467 649 2655 715 signat
2684 648 2862 713 Agar;
2889 646 3274 713 (parenthesis)
3299 651 3336 709 ι
3354 651 3477 710 3:3
3508 641 3597 699 39.
3624 644 3772 697 Sina

501 737 672 803 enim,
715 739 951 805 (exponit
978 735 1117 803 quid
1137 734 1299 798 Sina)
1330 752 1491 790 mons
1521 743 1607 791 est
1624 738 1681 792 in
1713 738 1940 798 Arabia,
1975 736 2060 792 40.
2094 736 2189 807 qui
2220 737 2552 804 conjunctus
2581 740 2666 788 est
2693 734 2742 787 ei
2764 750 2888 804 quae
2908 750 3056 789 nunc
3076 739 3162 788 est
3187 734 3560 797 Hierusalem,
3587 739 3647 786 et
3666 731 3765 796 41,

501 824 674 880 servit
695 840 821 879 cum
852 823 1003 886 ﬁliis,
1024 825 1239 890 incolis,
1263 823 1397 877 suis.
1426 824 1641 883 42.111a
1665 831 1875 891 autem,
1911 843 2033 897 quae
2062 841 2283 879 sursum
2319 830 2404 879 est
2428 822 2803 883 Hierusalem,
2826 821 2914 877 44.
2957 822 3133 876 libera
3157 827 3261 888 est,
3295 839 3418 893 quae
3456 827 3543 876 est
3567 825 3760 875 mater

501 918 713 970 nostra.
750 913 837 966 44.
868 912 1149 982 Scriptum
1182 916 1268 965 est
1287 912 1434 966 enim
1470 930 1480 965 :
1520 915 1850 977 4.».Laetare,
1876 914 2084 968 sterilis
2108 914 2119 966 l
2144 929 2265 983 quae
2294 928 2405 965 non
2434 911 2586 982 paris
2611 930 2623 971 ;
2655 927 2886 981 erumpe
2903 914 2960 964 et
2986 911 3318 981 clama,quze
3344 927 3454 965 non
3485 909 3767 981 parturis,

504 1002 634 1073 quia
662 999 751 1055 46.
786 1001 951 1055 multi
975 1000 1076 1054 lilii
1095 1000 1329 1055 desertae
1354 1001 1597 1056 Ecclesia
1618 1004 1693 1055 ad
1722 1008 1953 1070 tempus,
1982 1005 2115 1055 dum
2144 1004 2256 1068 fuit
2285 1004 2371 1054 lem
2399 1000 2577 1071 magis
2594 1016 2762 1071 quam
2789 1000 2928 1069 ejus,
2962 1000 3291 1068 Synagoga,
3315 998 3401 1056 47.
3429 1015 3552 1070 quae
3584 998 3763 1052 habet

506 1090 929 1146 virumﬂiceret
953 1092 1109 1159 quis:
1134 1090 1278 1156 Quid
1303 1091 1377 1143 ad
1396 1104 1621 1157 nosque
1640 1092 1796 1143 modo
1811 1092 2010 1143 dimisli
2031 1096 2053 1142 ?
2081 1091 2193 1143 Nos
2219 1094 2430 1155 autem,
2458 1089 2682 1153 fratres,
2711 1089 3018 1142 secundum
3052 1091 3209 1143 Isaac
3241 1088 3632 1159 promissionis
3658 1088 3771 1141 ﬁlii

507 1196 722 1245 sumus.
754 1181 897 1246 Ergo
925 1180 1108 1232 liberi.
1143 1180 1353 1232 Diceret
1374 1182 1497 1247 quis
1530 1180 1677 1232 :Nos
1696 1181 1834 1233 dicis
1858 1181 2072 1246 liberos,
2097 1182 2196 1248 qui
2218 1180 2458 1248 quotidie
2483 1179 2821 1247 affligimur.
2858 1177 2964 1230 Sed
2996 1177 3275 1248 quomodo
3301 1183 3436 1231 tunc
3465 1177 3514 1230 is
3545 1177 3643 1248 qui
3673 1192 3772 1230 se-

506 1268 751 1323 cundum
782 1266 1044 1339 spiritum
1073 1264 1280 1337 (Isaac),
1312 1265 1393 1320 ita
1416 1272 1474 1320 et
1498 1282 1664 1320 nunc.
1701 1266 1809 1321 Sed
1841 1266 1975 1337 quid
2004 1266 2142 1321 dicit
2171 1265 2491 1336 Scriptura?
2523 1265 2667 1335 Ejice
2698 1265 2979 1330 ancillam,
3010 1271 3067 1320 et
3088 1266 3267 1319 filium
3299 1266 3451 1336 ejus;
3476 1281 3588 1319 non
3609 1265 3774 1320 enim

508 1360 689 1413 haeres
715 1356 824 1410 erit
850 1355 1001 1410 filius
1037 1354 1257 1408 ancillas
1280 1370 1407 1408 cum
1437 1353 1552 1407 ﬁlio
1581 1353 1785 1408 libera}.
1822 1355 2037 1425 Itaque,
2070 1354 2292 1419 fratres,
2324 1371 2435 1409 non
2467 1371 2663 1409 sumus
2701 1355 2920 1410 ancillis
2964 1355 3083 1421 ﬁlii,
3126 1356 3224 1409 sed
3262 1355 3489 1421 liberae;
3524 1357 3633 1422 ipsi
3669 1358 3777 1424 eji-

508 1449 747 1510 cientur,
782 1460 878 1498 nos
896 1447 1084 1497 autem
1108 1442 1712 1511 hareditabimus,quia
1734 1458 1847 1497 non
1866 1459 2057 1496 sumus
2077 1446 2242 1508 servi,
2273 1446 2362 1498 sed
2391 1446 2552 1499 liberi
2558 1442 2646 1509 ,48
2674 1461 2785 1515 qua
2800 1444 3059 1500 libertate
3083 1444 3338 1499 Christus
3359 1460 3459 1498 nos
3479 1442 3768 1498 liberavit.

1880 1605 2055 1667 .34
2099 1602 2333 1658 CAPUT
2371 1601 2431 1654 ν.

579 1745 725 1811 Ergo
752 1744 888 1811 quia
905 1743 1068 1797 liberi
1092 1741 1268 1808 State,
1292 1745 1350 1796 et
1373 1739 1481 1808 1,2.
1498 1741 1672 1796 nolite
1700 1742 1906 1797 iterum
1926 1743 2064 1812 jugo
2090 1743 2848 1810 servitutis,circumcidendo
2870 1743 3279 1811 vos,contineri,
3300 1744 3641 1811 supradictis
3658 1749 3777 1797 ter-

509 1834 650 1898 ruit,
684 1847 834 1886 nunc
845 1846 1014 1900 perse
1031 1832 1323 1895 dissuadet,
1351 1847 1416 1884 ne
1439 1832 2086 1885 circumcidantur.Ecce
2109 1849 2210 1903 ego
2238 1833 2463 1898 Paulus,
2483 1837 2582 1902 qui
2593 1835 2685 1900 fui
2706 1835 3089 1895 circumcisus,
3114 1832 3236 1886 dico
3259 1832 3413 1885 vobis
3429 1832 3701 1902 quoniam
3723 1833 3777 1886 si

508 1920 1007 1988 circumcidamini,
1032 1918 1287 1976 Christus
1315 1935 1464 1974 mors
1496 1919 1878 1986 0hristi,vobis
1906 1920 1985 1978 nil
2015 1920 2285 1996 proderit,
2297 1924 2437 1991 quin
2449 1924 2570 1974 sitis
2590 1923 2751 1977 servi.
2773 1923 2916 1993 (alia
2934 1922 3248 1991 dissuasio.)
3269 1920 3560 1979 Testiﬁcor
3575 1926 3777 1977 autem

1817 2092 2406 2151 COMMENTARIUS.

500 2248 711 2313 dinem,
743 2247 877 2318 quia
897 2245 1120 2318 juvenis
1149 2245 1352 2301 mulier
1398 2261 1465 2300 ex
1508 2261 1641 2300 sene
1676 2244 1903 2299 homine
1950 2244 2092 2298 solet
2111 2247 2354 2305 Amater
2383 2250 2576 2300 nostra
2598 2247 2906 2303 secundum
2937 2252 3175 2318 partem,
3224 2245 3280 2298 id
3315 2247 3418 2307 est,
3457 2243 3780 2298 secundum

499 2335 810 2405 concipere.
2171 2335 2316 2387 hanc
2344 2342 2679 2406 praesentem
2722 2337 3044 2400 Ecclesiam,
3073 2351 3196 2408 quae
3222 2337 3457 2404 generat
3486 2331 3652 2397 nobis
3673 2333 3782 2387 Dei

573 2423 1000 2494 37.AUGUST.(in
1017 2426 1187 2494 Epist.
1212 2427 1285 2479 ad
1304 2425 1448 2492 Gal.)
1472 2425 1649 2477 Unum
1673 2424 1912 2492 quidem.
1939 2424 2091 2491 Agar

500 2512 771 2586 populum
800 2513 1018 2568 Veteris
1053 2513 1399 2568 Testamenti
1435 2518 1664 2583 propter
1681 2513 1879 2581 jugum
1898 2511 2088 2565 obser-

500 2602 788 2656 vationum
811 2599 971 2655 Isaac
1000 2608 1166 2656 natus
1185 2602 1254 2654 de
1283 2601 1462 2654 libera
1475 2616 1573 2670 per
1600 2600 2088 2670 repromissionem

499 2690 769 2762 populum
784 2690 923 2744 Novi
934 2690 1278 2745 Testamenti
1291 2688 1589 2759 signiﬁcat.
1605 2689 1873 2742 Senectus
1901 2694 2089 2741 autem

501 2784 801 2851 parentum
834 2778 991 2832 Isaac
1034 2778 1102 2832 ad
1145 2778 1398 2830 eamdem
1426 2775 1893 2846 signiﬁcationem
1925 2776 2091 2843 valet,

501 2867 770 2939 quoniam
798 2868 1037 2939 pOpulus
1061 2866 1204 2921 Novi
1226 2866 1590 2931 Testamenti,
1624 2865 1875 2936 quamvis
1904 2864 1977 2918 sit
1999 2881 2095 2918 no-

498 2972 621 3024 vus,
653 2955 1067 3028 praedestinatio
1106 2960 1298 3008 tamen
1327 2955 1451 3024 ejus
1478 2953 1626 3025 apud
1657 2955 1854 3020 Deum,
1888 2958 1946 3006 et
1974 2952 2095 3024 ipsa

499 3046 811 3101 Jerusalem
834 3043 1076 3099 caelestis
1106 3043 1340 3115 antiqua
1364 3048 1470 3097 est.

572 3133 659 3191 38.
682 3135 938 3189 Ausnos.
966 3134 1092 3200 Qua
1118 3137 1193 3185 est
1221 3135 1396 3200 Agar.
1433 3133 1587 3202 Agar
1613 3131 1835 3198 ancilla,
1868 3130 2092 3201 pariens

500 3224 809 3284 secundum
840 3237 1006 3277 usum
1035 3226 1271 3285 naturae,
1302 3220 1582 3291 signiﬁcat
1600 3222 1986 3292 legem,quam
2014 3227 2093 3274 te-

502 3328 639 3366 nere
667 3310 878 3365 habent
903 3310 998 3380 qui
1017 3309 1076 3363 in
1093 3310 1198 3364 hac
1220 3309 1335 3363 vita
1357 3316 1663 3363 nascuntur
1684 3310 1989 3364 secundum
2013 3326 2095 3363 se-

503 3400 789 3473 quentiam
823 3404 1056 3465 natum,
1086 3399 1182 3469 qui
1202 3398 1369 3452 etiam
1392 3398 1494 3452 sub
1507 3400 1630 3470 lege
1651 3398 2018 3453 versabantur
2036 3400 2096 3453 in

505 3490 702 3546 ordine
731 3505 1048 3555 servorum;
1082 3488 1222 3543 Sara
1250 3494 1463 3557 autem,
1486 3505 1609 3559 quae
1623 3505 1723 3559 per
1746 3489 1986 3558 gratiam
2005 3504 2097 3559 pe-

2171 2423 2334 2477 ﬁlios.
2370 2423 2439 2477 Et
2457 2424 2659 2494 probat
2681 2426 2813 2494 quia
2839 2425 3015 2478 libera
3038 2429 3141 2480 est.
3173 2439 3301 2477 nam
3332 2423 3576 2487 laetatur;
3615 2414 3782 2488 (effe-

2171 2517 2281 2579 tus)
2315 2512 2516 2584 probat
2539 2514 2672 2584 quia
2701 2519 2883 2569 mater
2912 2520 3014 2580 est,
3038 2529 3167 2567 nam
3190 2512 3339 2583 parit
3361 2510 3504 2564 ﬁlios
3540 2527 3552 2564 :
3586 2504 3782 2579 Scrip-

2176 2607 2294 2654 tum
2325 2606 2399 2654 est
2428 2606 2597 2667 enim,
2631 2608 2738 2657 etc.

2243 2689 2332 2747 43.
2366 2693 2557 2746 Libera
2586 2698 2677 2746 est.
2702 2691 2901 2747 Libera
2925 2697 3010 2746 est
3040 2693 3171 2764 quia
3192 2692 3379 2746 liberae
3405 2690 3555 2750 ﬁliae,
3582 2690 3643 2744 id
3667 2697 3778 2755 est,

2173 2781 2368 2851 gratiae
2405 2781 2544 2834 Novi
2587 2782 2952 2843 Testamenti,
2993 2788 3041 2837 et
3086 2780 3493 2853 praedicationis
3540 2780 3780 2848 Christi,

2177 2886 2299 2937 quae
2345 2876 2430 2923 est
2475 2877 2655 2924 mater
2697 2876 2908 2935 nostra,
2940 2871 3072 2942 quia
3102 2871 3495 2942 praedicatores
3516 2868 3593 2923 ibi
3617 2875 3781 2937 sunt,

2177 2958 2272 3028 qui
2302 2975 2403 3012 nos
2424 2975 2526 3030 per
2555 2960 2913 3030 Evangelium
2950 2966 3286 3030 genuerunt.

2247 3044 2336 3102 44.
2371 3049 2651 3115 Scriptum
2683 3055 2757 3103 est
2793 3053 2961 3102 enim.
2998 3050 3111 3105 Hoc
3142 3048 3338 3120 probat
3370 3047 3502 3119 quia
3550 3046 3738 3102 libera
3768 3067 3782 3114 ;

2174 3134 2475 3190 liberorum
2507 3138 2657 3191 enim
2684 3143 2770 3192 est
2797 3137 2992 3203 laetari,
3027 3154 3314 3191 servorum
3344 3153 3472 3192 vero
3500 3137 3730 3193 timere.

2245 3225 2331 3279 45.
2364 3227 2604 3281 Auens'r.
2635 3228 2777 3297 (ibid
2802 3228 2823 3297 )
2848 3229 3069 3290 Laetare,
3094 3229 3319 3280 sterilis.
3353 3225 3650 3280 Coelestem
3681 3226 3788 3280 Je-

2178 3314 2417 3368 rusalem
2448 3316 2698 3369 sterilem
2737 3322 2897 3370 vocat
2926 3316 3232 3386 Scriptura,
3263 3315 3510 3385 quandiu
3542 3313 3690 3368 ﬁlios
3704 3315 3790 3370 in

2176 3408 2329 3457 terra
2350 3421 2461 3458 non
2489 3406 2704 3474 genuit,
2737 3422 2859 3475 qua;
2889 3406 3109 3459 deserta
3142 3404 3311 3458 etiam
3342 3403 3491 3457 dicta
3530 3408 3634 3467 est,
3664 3419 3787 3458 coe-

2178 3492 2372 3546 lestem
2414 3493 2695 3561 justitiam
2746 3493 3133 3549 deserentibus
3163 3491 3504 3557 hominibus,
3547 3497 3789 3549 terrena

503 3577 670 3650 perit,
694 3578 818 3632 illos
852 3575 946 3647 qui
978 3575 1035 3629 in
1060 3575 1281 3630 Christo
1321 3576 1691 3630 resurrexisse
1714 3575 1974 3628 videntur
2002 3592 2099 3645 per
2120 3576 2164 3633 Β
2180 3581 2542 3636 sectantibus.

499 3665 763 3737 gratiam,
799 3664 895 3737 qui
925 3665 1093 3718 etiam
1121 3670 1326 3735 praeter
1362 3680 1517 3734 spem
1547 3671 1763 3718 naturae
1793 3664 2093 3733 secundam

502 3759 826 3826 exspectant
855 3753 1224 3817 nativitatem,
1260 3750 1462 3822 quibus
1490 3754 1611 3822 jam
1640 3752 2009 3817 circumcisio,
2042 3758 2099 3806 et

502 3844 709 3900 oblatio
733 3845 1137 3900 sacriﬁciorum
1166 3859 1513 3915 supervacua
1532 3849 1637 3897 est.

577 3932 666 3991 39.
697 3936 839 3991 Sina
868 3939 1019 3989 enim
1046 3950 1204 3987 mons
1233 3937 1328 3987 est.
1378 3932 1579 3986 Arabia
1609 3931 1854 4003 antiquis
1883 3939 2095 4004 tempo-

498 4023 676 4090 ribus,
696 4040 808 4079 non
832 4024 931 4079 illa
959 4040 1083 4096 quae
1112 4038 1261 4077 nunc
1289 4022 1630 4085 nominatur,
1664 4023 1784 4077 sola
1812 4029 1969 4090 erat;
1997 4023 2095 4077 sed

502 4118 562 4169 et
591 4113 833 4168 solitudo
875 4119 934 4168 et
972 4130 1102 4185 pars
1153 4128 1265 4167 non
1305 4111 1527 4165 modica
1574 4110 1825 4182 Egypti,
1876 4111 1971 4166 ubi
2011 4117 2096 4167 est

502 4218 666 4258 mons
714 4203 865 4269 Sina,
926 4204 985 4257 in
1041 4219 1151 4274 quo
1192 4203 1326 4256 data
1357 4206 1442 4255 est
1470 4202 1555 4256 lex
1608 4202 1768 4256 Unde
1807 4208 1865 4256 et
1914 4202 2100 4256 fuerat

501 4293 674 4363 Agar,
693 4308 815 4364 quae
845 4291 1124 4361 signiﬁcat
1142 4291 1317 4344 Vetus
1330 4291 1747 4344 Testamentum
1759 4330 1771 4353 ,
1793 4307 1918 4361 quae
1934 4308 2100 4361 gene-

501 4386 596 4436 rat
620 4380 676 4435 in
706 4380 1053 4445 servitutem,
1077 4396 1200 4450 quae
1229 4379 1396 4433 etiam
1418 4379 1776 4450 conjungitur
1806 4396 1905 4451 per
1931 4381 2099 4451 signi-

502 4470 822 4526 ﬁcationem
864 4468 914 4523 ei
942 4469 1251 4524 Jerusalem
1292 4485 1413 4539 quae
1450 4475 1536 4523 est
1562 4469 1622 4523 in
1654 4469 1756 4524 hoc
1785 4470 2006 4535 saeculo,
2039 4470 2095 4523 in

505 4575 615 4632 quo
645 4558 965 4614 testamenti
996 4557 1247 4628 legitima
1266 4557 1549 4629 impletur.

576 4646 663 4705 40.
685 4648 890 4702 Larum.
927 4647 1034 4713 Qui
1058 4651 1382 4716 conjunctus
1410 4653 1485 4701 est
1513 4650 1581 4714 ei,
1609 4647 1665 4701 id
1696 4652 1799 4711 est,
1832 4663 1899 4700 ex
1931 4647 2100 4700 hono-

504 4753 568 4791 re
616 4738 736 4807 ejus
776 4742 879 4791 est.
920 4736 1022 4789 Vel
1056 4752 1178 4805 quae
1217 4737 1370 4806 Agar
1414 4738 1715 4806 conjuncta
1748 4741 1852 4800 est,
1885 4735 1941 4788 id
1990 4741 2103 4800 est,

501 4827 677 4881 Vetus
730 4827 1148 4881 Testamentum
1201 4826 1563 4896 conjungitur
1607 4827 1780 4889 Novo,
1812 4831 1869 4878 et
1923 4824 2096 4878 servit

2249 3668 2337 3725 46.
2367 3672 2622 3726 AMBROS.
2647 3673 2814 3724 Multi
2842 3672 2969 3738 ﬁlii.
3003 3671 3120 3724 Hoc.
3149 3669 3218 3723 de
3247 3669 3659 3725 resurrectione
3690 3670 3788 3724 di-

2179 3762 2330 3811 ctum
2360 3763 2461 3811 est.
2493 3759 2606 3812 Nos
2618 3764 2703 3813 est
2723 3758 2872 3812 enim
2893 3758 2988 3829 qui
3009 3757 3472 3811 resurrectionem
3507 3759 3784 3826 assecuti,

2178 3862 2243 3901 ex
2271 3847 2431 3900 omni
2475 3853 2643 3917 gente
2673 3864 2884 3914 sumus,
2930 3846 3013 3900 illi
3042 3863 3170 3901 vero
3201 3846 3297 3918 qui
3327 3846 3430 3900 sub
3460 3847 3580 3917 lege
3619 3853 3784 3916 sunt,

2175 3951 2291 3990 una
2308 3952 2447 4005 gens
2478 3941 2581 3990 est.

2247 4025 2334 4079 47.
2368 4028 2610 4080 AUGUST.
2647 4026 2823 4092 (ibid)
2857 4026 2981 4093 Quae
3010 4026 3166 4079 habet
3195 4027 3402 4090 virum,
3439 4023 3493 4076 id
3523 4027 3626 4086 est,
3660 4026 3787 4077 ter—

2179 4130 2317 4167 rena
2344 4114 2652 4168 Jerusalem
2677 4131 2799 4185 quae
2828 4115 3011 4184 legem
3036 4117 3357 4185 acceperat;
3404 4116 3462 4165 et
3504 4111 3628 4165 ideo
3672 4128 3789 4165 cce-

2179 4203 2375 4256 lestem
2406 4203 2717 4257 Jerusalem
2756 4204 2895 4258 Sara
2935 4204 3232 4273 signiﬁcat,
3266 4218 3388 4272 quae
3417 4201 3513 4254 diu
3551 4200 3791 4255 deserta

2180 4297 2267 4346 est
2295 4308 2329 4345 a
2353 4292 2651 4346 concubitu
2676 4293 2798 4359 viri,
2825 4298 3054 4364 propter
3079 4291 3367 4363 cognitam
3396 4289 3782 4344 sterilitatem.

2251 4380 2338 4434 48.
2371 4381 2579 4434 LANFR.
2616 4382 2734 4447 Qua
2772 4384 3021 4435 libertate
3061 4382 3310 4436 Christus
3359 4396 3454 4433 nos
3498 4379 3781 4434 liberavit.

2180 4470 2263 4523 Ne
2288 4475 2612 4540 putaremus
2629 4486 2728 4523 nos
2754 4471 3090 4525 naturaliter
3116 4471 3321 4525 liberos
3342 4485 3481 4534 esse,
3514 4468 3788 4524 determi-

2179 4563 2279 4612 nat
2302 4558 2481 4628 ipsam
2509 4558 2827 4612 libertatem
2871 4578 2881 4612 :
2913 4576 3021 4628 qua
3052 4562 3319 4627 libertate,
3354 4566 3457 4614 etc.

2254 4646 2410 4700 CAP.
2445 4647 2640 4703 V.—l.
2674 4648 2875 4701 LANFR-
2907 4650 3086 4702 Nolite
3106 4652 3311 4703 iterum
3330 4654 3468 4719 jugo
3491 4651 3785 4705 servitutis

2181 4739 2479 4792 contineri.
2519 4735 2663 4798 Quia
2690 4736 3129 4803 continebimini,
3165 4738 3210 4792 si
3257 4736 3780 4805 circumcidamini;

2179 4824 2387 4879 dictum
2419 4830 2507 4878 est
2532 4824 2702 4878 enim.
2739 4826 2881 4890 Quia
2908 4827 3088 4881 omnis
3117 4827 3214 4898 qui
3241 4826 3344 4881 sub
3375 4827 3497 4896 lege
3526 4832 3630 4890 est,
3661 4843 3787 4881 ser-

505 4916 638 4988 quia
658 4916 713 4996 in
742 4916 845 4970 hac
867 4914 1130 4987 praesenti
1154 4914 1266 4968 vita
1303 4914 1473 4969 servit
1504 4913 1875 4968 Ecclesia.Vel
1900 4914 2088 4979 servit,
2114 4892 2156 4950 Ο
2179 4932 2305 4978 vus;
2340 4914 2433 4984 qui
2462 4919 2652 4968 autem
2679 4914 3172 4979 circumciduntur,
3197 4916 3300 4971 sub
3327 4918 3450 4987 lege
3478 4921 3627 4970 sunt.

504 5007 803 5076 conjuncta
834 5004 883 5058 ei
907 5020 1027 5074 quae
1056 5020 1205 5057 nunc
1247 5009 1332 5057 est
1359 5004 1691 5066 Jerusalem,
1731 5002 1786 5055 id
1820 5008 1925 5065 est,
1958 5003 2095 5073 legis

505 5095 753 5151 carnalia
775 5099 973 5148 tenens
1004 5093 1061 5147 in
1107 5094 1437 5148 Jerusalem.
1490 5092 1588 5145 Vel
1636 5091 1800 5144 modo
1839 5096 1924 5144 est
1962 5108 2097 5145 con-

497 5186 695 5254 juncta
725 5180 999 5248 Ecclesize,
1024 5188 1081 5235 et
1107 5182 1263 5252 prius
1291 5179 1482 5234 serviit
1501 5179 1604 5233 sub
1634 5180 1780 5250 lege.

571 5271 600 5329 4
620 5272 632 5327 |
651 5273 850 5328 .Sert‘it
879 5287 1002 5325 cum
1033 5274 1189 5339 ﬁliis.
1218 5269 1437 5325 Servire
1463 5268 1600 5321 dicit
1627 5275 1910 5322 terrenam
1941 5269 2096 5322 Jeru-

503 5360 697 5428 salem,
736 5361 822 5413 vel
854 5360 957 5415 sub
987 5359 1197 5414 carnali
1229 5360 1368 5427 lege,
1401 5374 1522 5427 quze
1552 5357 1753 5410 timore
1785 5357 1981 5411 mortis
2003 5374 2094 5411 co-

498 5449 667 5521 gebat
687 5449 773 5503 vel
793 5448 894 5504 sub
916 5451 1053 5521 jugo
1084 5445 1322 5502 Romani
1352 5445 1593 5516 imperii.

2246 5002 2300 5055 2.
2333 5006 2578 5057 AUGUST.
2608 5007 2693 5069 (In
2719 5020 2815 5072 cap
2860 5022 2890 5057 v
2912 5007 2984 5058 ad
3003 5006 3146 5073 Gal.)
3179 5007 3356 5060 Nolite
3380 5010 3604 5058 iterum.
3630 5004 3785 5068 Quo-

2178 5092 2343 5145 modo
2373 5092 2655 5162 accepturi
2683 5110 2877 5147 sumus
2908 5095 3055 5164 quod
3091 5095 3256 5161 dicit;
3289 5111 3359 5147 ne
3402 5094 3605 5147 iterum
3631 5094 3778 5164 jugo

2178 5180 2464 5233 servitutis
2493 5181 2867 5243 attineamini,
2893 5198 3017 5234 cum
3039 5183 3105 5235 ad
3126 5198 3219 5236 eos
3245 5182 3451 5236 scribat
3474 5182 3570 5251 qui
3589 5182 3779 5236 Judaei

2178 5284 2465 5339 nunquam
2492 5270 2754 5323 fuerant?
2783 5271 2923 5334 Quid
2957 5271 3106 5324 aliud
3137 5271 3241 5325 hoc
3269 5272 3389 5323 loco
3420 5270 3568 5324 dicat
3592 5272 3782 5340 genti-

2179 5357 2280 5412 bus
2312 5374 2422 5411 non
2453 5359 2815 5424 invenio,nisi
2836 5365 2899 5413 ut
2927 5360 3103 5430 prosit
3126 5360 3257 5413 illis.
3281 5359 3427 5428 quod
3450 5375 3481 5411 a
3503 5359 3779 5415 servitute

2174 5447 2590 5518 superstitionis
2619 5465 2752 5514 suae,
2788 5466 2887 5520 per
2916 5450 3078 5502 ﬁdem
3127 5448 3335 5502 Christi
3368 5447 3589 5502 liberati
3615 5454 3774 5514 sunt,

570 5536 659 5594 42.
708 5539 815 5594 Illa
859 5546 1046 5595 autem
1091 5554 1208 5604 qua:
1235 5552 1459 5589 sursum
1484 5540 1559 5589 est
1585 5536 1887 5590 Jerusalem
1917 5536 2088 5589 libera
2170 5552 2241 5589 ne
2269 5536 2473 5590 iterum
2502 5536 2644 5590 servi
2673 5554 2792 5591 esse
2821 5537 2995 5591 velint
3023 5537 3125 5591 sub
3155 5535 3540 5592 observatione
3575 5552 3778 5591 carna-

497 5631 590 5694 est,
618 5627 673 5682 id
705 5635 807 5696 est,
839 5630 980 5684 Sara
999 5625 1185 5696 signat
1201 5624 1510 5680 Jerusalem
1531 5624 1830 5691 caelestem,
1852 5639 1975 5695 quae
2005 5629 2089 5678 est
2168 5624 2305 5678 lium
2339 5624 2809 5681 Observationum.
