3912 6362
144 323 232 381 281
786 325 863 379 IN
901 325 966 379 D.
1009 322 1223 385 PAULI
1266 321 1495 411 EPIST.
1538 290 1908 376 COMMENT.
1954 353 2018 364 ——
2060 320 2281 377 EPIST.
2322 319 2419 373 AD
2459 316 2714 374 GALAT.
3286 313 3391 371 ‘28‘2

136 463 321 503 rursus
339 449 494 503 omni
510 446 746 513 homini,
763 446 814 504 3.
831 446 1254 502 circumcidenti
1275 434 1355 515 se,
1379 426 1646 519 qubn'iam
1665 443 1886 501 debitor
1907 448 1994 500 est
2020 445 2295 500 universae
2312 441 2453 513 legis
2486 439 2769 495 faciendae.
2790 439 2853 495 Si
2870 440 3019 493 debet
3039 441 3387 506 circumcidi,

135 539 388 590 similiter
416 543 490 590 est
509 538 772 591 obnoxius
797 537 1069 590 universis
1087 538 1374 604 legalibus.
1400 535 1665 590 Evacuati
1695 534 1835 589 estis
1864 552 1897 589 a
1922 535 2165 598 Christo,
2198 536 2316 587 sine
2331 533 2549 588 Christo
2573 532 2719 594 estis,
2754 529 2848 600 qui
2879 528 2937 582 in
2966 528 3090 598 lege
3113 529 3389 599 justiﬁes.-

134 623 280 688 mini,
303 626 614 691 justiﬁcari
639 626 894 685 creditis;
927 624 973 676 si
994 629 1179 677 autem
1199 628 1319 681 sine
1352 624 1585 686 Christo,
1619 640 1653 678 ει
1674 624 1861 694 gratia
1891 623 2192 677 excidistis.
2231 630 2346 689 (per
2386 621 2779 684 contrarium.)
2828 618 2941 672 Nos
2986 618 3133 671 enim
3172 623 3388 671 tantum

134 712 343 782 spiritu,
370 718 605 781 sumpto,
628 730 695 766 ex
718 712 846 777 ﬁde,
871 729 1027 782 spem
1052 713 1302 786 justitiae,
1327 710 1499 781 vitam
1519 720 1801 778 aeternam,
1835 729 2003 782 quam
2022 712 2219 765 habent
2231 702 2395 778 justi,
2422 713 2812 778 exspectamus
2840 707 2959 777 (per
2990 709 3388 775 contrarium.)

132 800 176 854 4.
207 801 347 854 Nam
372 802 431 854 in
459 801 681 855 Christo
710 802 861 863 Jesu,
893 818 1075 872 neque
1097 802 1444 858 circumcisio
1459 801 1670 872 aliquid
1692 802 1857 866 valet,
1876 818 2057 872 neque
2072 800 2439 872 praeputium;
2467 798 2563 852 sed
2594 798 2643 852 5.
2684 797 2842 859 ﬁdes,
2868 811 2990 867 quae
3028 808 3127 866 per
3145 794 3391 849 Charita-

128 895 252 946 tem.
276 906 389 944 non
410 893 474 943 in
489 891 784 958 hypocrisi,
808 889 1422 963 operatur,Currebatis
1443 891 1608 946 bene.
1624 890 1758 953 Quis
1783 905 1875 943 vos
1892 890 2183 959 impedivit
2205 886 2424 941 veritati
2445 902 2557 939 non
2577 882 2802 938 obedire
2818 884 2843 936 ?
2863 883 3156 937 Persuasio
3168 884 3286 937 haec
3306 900 3391 937 vo-

132 978 201 1030 bis
226 979 377 1045 facta
405 995 519 1032 non
549 985 633 1033 est
661 995 725 1032 ex
754 996 838 1043 eo,
862 982 983 1047 Deo,
1014 980 1108 1046 qui
1140 986 1295 1034 vocat
1322 996 1439 1045 vos,
1473 996 1507 1033 a
1537 995 1704 1032 causa
1723 982 1771 1031 et
1800 980 2048 1031 asimili.
2083 977 2133 1039 6,
2167 977 2220 1030 7.
2255 976 2531 1029 Modicum
2561 973 2898 1027 fermentum
2932 978 3110 1026 totam
3141 989 3386 1026 massam

129 1067 449 1137 corrumpit.
482 1068 595 1137 Ego
627 1073 809 1122 tamen
831 1069 1048 1124 conﬁdo
1067 1069 1425 1140 (consolatur)
1459 1068 1536 1133 in,
1567 1070 1649 1132 de,
1683 1066 1839 1120 vobis
1866 1067 1927 1120 in
1956 1066 2211 1130 Domino,
2254 1065 2400 1137 quod
2431 1063 2569 1117 nihil
2603 1062 2777 1127 aliud,
2811 1078 2981 1129 quam
3012 1063 3172 1127 decet,
3205 1062 3389 1133 sapie-

129 1155 222 1222 tis;
256 1155 355 1225 qui
386 1160 577 1208 autem
604 1158 879 1210 suadendo
909 1159 1381 1212 circumcisionem
1413 1154 1711 1210 conturbat
1737 1171 1852 1220 vos,
1876 1153 2124 1225 portabit
2146 1154 2440 1225 judicium,
2471 1151 2788 1223 quicunque
2809 1153 2896 1202 est
2915 1149 3030 1214 ille,
3062 1152 3172 1202 sive
3200 1155 3388 1218 potens

128 1240 178 1297 8.
203 1239 252 1297 9.
282 1243 401 1313 Ego
432 1250 642 1309 autem,
680 1244 903 1308 fratres,
937 1246 984 1300 si
1013 1245 1493 1299 circumcisionem
1528 1245 1687 1314 (quod
1716 1243 2027 1312 dicebatur)
2064 1244 2245 1297 adhuc
2276 1243 2532 1313 praedico,
2566 1241 2695 1312 quid
2733 1240 2914 1293 adhuc
2941 1238 3387 1309 persecutionem

126 1331 341 1401 patior?
364 1328 446 1387 10.
482 1332 651 1402 Ergo,
687 1337 737 1387 si
762 1334 1831 1403 eireumcisionempraedico,utdicitur,
1853 1338 2181 1386 evacuatum
2211 1338 2315 1396 est,
2348 1348 2459 1384 esse
2487 1332 2652 1394 debet,
2693 1327 2778 1385 11.
2819 1327 3143 1381 scandalum
3180 1327 3384 1391 crucis,

119 1427 341 1488 propter
361 1437 578 1474 crucem
604 1427 784 1488 I35
804 1425 1051 1477 illatum.
1069 1422 1155 1480 12.
1186 1422 1415 1478 Utinam
1447 1427 1505 1476 et
1531 1439 1566 1476 a
1597 1426 1770 1476 vestro
1792 1423 2065 1475 consortio
2096 1419 2174 1476 13.
2195 1419 2595 1474 abscindantur
2610 1417 2705 1488 qui
2730 1433 2764 1471 a
2788 1418 3037 1470 libertate
3069 1420 3131 1469 in
3151 1418 3386 1469 circum-

124 1509 380 1562 cisionem
411 1525 506 1562 vos
535 1509 871 1565 conturbant
898 1511 910 1563 Ξ
948 1510 1026 1566 14.
1052 1511 1166 1565 Vos
1196 1511 1344 1565 enim
1373 1511 1629 1581 [ostendit
1671 1527 1707 1564 a
1753 1526 1858 1578 quo
1904 1512 2075 1563 velint
2104 1526 2186 1562 eos
2214 1505 2568 1579 conturbari]
2596 1506 2652 1560 in
2675 1504 2992 1559 libertatem
3018 1503 3200 1557 vocati
3229 1502 3381 1567 estis,

122 1595 341 1663 fratres,
372 1602 595 1651 tantum
611 1599 753 1668 (nisi
763 1603 968 1668 putetis
989 1617 1109 1655 eam
1133 1603 1440 1654 libertatem
1468 1617 1504 1654 a
1526 1603 1635 1668 lege
1655 1599 1866 1667 haberi)
1896 1597 1981 1654 14.
2010 1613 2081 1651 ne
2094 1596 2414 1651 libertatem
2434 1595 2491 1649 in
2517 1594 2863 1649 occasionem
2887 1592 3029 1647 detis
3046 1591 3250 1655 carnis,
3270 1607 3390 1645 car-

124 1688 264 1739 nalis
290 1687 666 1754 observantiae,
693 1688 792 1743 sed
809 1686 902 1743 16.
918 1706 1020 1760 per
1043 1689 1378 1745 charitatem
1406 1688 1636 1759 spiritus
1669 1687 1874 1741 servite
1906 1685 2164 1752 invicem,
2189 1688 2332 1755 quod
2363 1688 2522 1739 decet.
2555 1685 2642 1739 17.
2678 1683 2875 1738 Omnis
2907 1683 3053 1736 enim
3076 1683 3165 1735 lex
3188 1681 3245 1736 in
3275 1696 3387 1763 uno

122 1774 409 1828 eharitatis
422 1792 681 1847 sermone
706 1777 991 1849 impletur,
1010 1782 1111 1832 isto
1132 1781 1336 1833 scilicet
1356 1797 1370 1831 :
1390 1777 1601 1848 Diliges
1622 1775 1936 1847 proximum
1968 1780 2130 1829 tuum
2149 1775 2293 1828 sicut
2305 1775 2573 1845 teipsum.
2600 1773 2759 1837 Quod
2780 1770 2822 1826 Si
2840 1772 3075 1826 invicem
3098 1769 3386 1835 mordetis,

120 1864 469 1930 detrahendo,
490 1869 547 1917 et
569 1865 879 1933 comeditis,
917 1868 1085 1922 nolite
1112 1858 1361 1921 mordere
1390 1868 1753 1930 alterutrum,
1777 1868 1912 1934 quia
1940 1867 1991 1917 si
2019 1864 2117 1917 hoc
2145 1866 2352 1931 facitis,
2376 1857 2746 1916 destruemini
2761 1881 2776 1915 :
2797 1863 2941 1929 quod
2961 1878 3026 1915 ne
3053 1862 3170 1926 ﬁat,
3202 1858 3385 1913 videte

118 1939 285 2006 neiab
315 1950 553 2006 invicem
585 1954 1013 2021 consumamini,
1034 1940 1432 2008 'destruamini.
1463 1954 1598 2008 Dico
1637 1957 1827 2007 autem
1858 1956 1919 2006 in
1956 1954 2201 2009 Christo:
2239 1954 2326 2009 18.
2345 1953 2555 2025 Spiritu
2576 1951 2951 2010 ambulate.et
2970 1949 3251 2004 desideria
3270 1954 3407 2003 car-V

120 2039 203 2095 nis
215 2056 328 2095 non
344 2041 772 2113 perﬁcietis.‘l9.
794 2042 882 2101 20.
911 2044 1054 2099 Caro
1079 2044 1229 2099 enim
1242 2043 1583 2115 concupiscit
1601 2042 1867 2096 adversus
1886 2042 2144 2113 spiritum
2170 2062 2183 2111 ;
2216 2043 2448 2115 spiritus
2475 2048 2665 2098 autem
2696 2042 2961 2095 adversus
2986 2056 3235 2113 carnem.
3255 2040 3385 2094 Haec

1465 2139 2050 2196 COMMENTARIUS.

188 2225 240 2284 3.
291 2230 388 2297 (In
432 2246 551 2298 cap.
582 2247 614 2282 v
650 2231 725 2285 ad
767 2229 918 2301 Gal.)
977 2233 1409 2287 Circumcidenti
1466 2248 1537 2293 se,
1591 2234 1701 2291 etc,
1728 2229 2013 2295 Actionis,
2055 2231 2256 2301 adjecit
2275 2231 2739 2286 benedictionem.
2775 2230 2901 2283 Non
2921 2225 3379 2297 tantum,inquit,

116 2317 273 2381 Quod
298 2317 425 2372 ideo
455 2318 607 2383 dicit,
642 2324 704 2372 ut
722 2319 807 2373 vel
822 2326 1038 2375 terrore
1067 2325 1183 2374 tam
1214 2317 1706 2374 innumerabilium
1793 2318 2283 2385 circumciduntur,
2317 2320 2413 2375 sed
2454 2318 2884 2385 abscinduntur;
2917 2317 2996 2371 sic
3044 2316 3195 2371 enim
3240 2315 3387 2369 ﬁunt

117 2402 564 2461 Observationum
597 2407 946 2464 abstinerent
973 2426 1032 2463 se
1056 2409 1126 2464 ab
1156 2409 1243 2462 his
1265 2409 1467 2479 quibus
1497 2425 1590 2462 eos
1615 2391 1709 2460 isti
1792 2408 2066 2479 spadones
2088 2415 2316 2480 propter
2345 2424 2584 2480 regnum
2615 2409 2900 2472 caelorum,
2935 2411 2994 2460 et
3019 2404 3271 2459 carnalia
3302 2419 3386 2457 se-

114 2494 416 2566 subjugare
436 2496 754 2567 cupiebant.

182 2583 245 2641 4.
285 2585 491 2639 Larum.
524 2586 668 2661 Nam
680 2589 744 2639 in
766 2586 977 2640 Christo
994 2589 1121 2641 Jesu
1146 2603 1317 2655 neque
1339 2588 1704 2640 circumcisio.

117 2672 195 2726 Ex
226 2672 335 2727 ﬁde
363 2679 584 2727 tantum
596 2674 956 2743 justiﬁcatur,
981 2676 1113 2747 quia
1126 2692 1237 2730 non
1262 2692 1364 2747 per
1387 2674 1560 2738 aliud;
1576 2690 1706 2728 nam

114 2775 297 2832 neque
324 2778 425 2832 per
472 2762 973 2827 circumcisionem,
1007 2780 1189 2834 neque
1219 2780 1319 2835 per
1347 2763 1704 2834 praeputium.

182 2848 235 2904 5.
260 2851 411 2904 Fides
429 2866 550 2919 quae
584 2867 686 2920 per
732 2853 1098 2906 dilectionem.
1132 2853 1201 2906 Et
1219 2853 1309 2906 hic
1332 2852 1471 2906 illud
1497 2851 1704 2922 tetigit,

113 2938 208 3009 qui
231 2938 353 3009 [at.,
388 2937 548 3012 quia]
570 2939 675 2994 sub
706 2940 830 3011 lege
857 2940 1140 2996 servitutis
1170 2942 1276 3011 [at.
1293 2982 1307 3009 ,
1328 2941 1586 3010 servitus]
1609 2956 1710 3011 per

115 3026 378 3081 timorem
411 3034 679 3099 operatur
691 3073 704 3086 .

178 3115 233 3173 6.
264 3118 541 3171 Modicum
558 3119 1027 3185 fermentum,etc.
1052 3120 1136 3174 Ne
1152 3118 1403 3173 dicerent
1423 3138 1434 3172 :
1461 3119 1708 3173 Circum-

108 3204 217 3259 cidi
248 3210 472 3260 tantum
497 3223 796 3277 possumus
824 3224 944 3261 nos.
981 3208 1082 3262 Vel
1109 3208 1337 3279 quidam
1361 3207 1589 3262 illorum
1611 3224 1706 3261 vo-

107 3292 301 3347 lebant
321 3293 662 3361 circumcidi,
695 3295 753 3350 id
779 3301 881 3361 est,
916 3296 1217 3350 modicum.

176 3381 230 3435 7.
252 3385 501 3439 Ausus'r.
521 3384 705 3454 (ibid)
719 3386 993 3438 Modicum
1011 3386 1371 3454 fermentum.
1390 3387 1496 3440 Eos
1516 3390 1705 3440 autem

1792 2496 2009 2550 minare
2037 2498 2349 2553 cessabunt.

1864 2586 1949 2639 13.
1974 2586 2177 2641 Lmen.
2211 2589 2645 2651 Abscindantur,
2677 2586 2733 2640 id
2764 2590 2866 2649 est,
2893 2583 3388 2639 eunuchizentura

1789 2674 1953 2728 malis
1975 2675 2331 2735 moribus.ne
2343 2676 2588 2746 amplius
2605 2680 2879 2746 generent
2898 2674 2955 2727 in
2987 2674 3197 2727 malum
3224 2691 3236 2739 ;
3271 2689 3385 2727 non

1790 2762 1940 2816 enim
1973 2770 2169 2817 vocant
2198 2781 2295 2818 vos
2327 2765 2399 2819 ad
2426 2765 2484 2819 id
2524 2765 2594 2818 ad
2632 2764 2780 2835 quod
2810 2763 2988 2817 vocati
3011 2761 3165 2828 estis,
3190 2762 3247 2815 id
3276 2766 3384 2830 est,

1790 2851 1857 2904 ad
1887 2852 2225 2918 libertatem,
2258 2855 2356 2907 sed
2374 2854 2445 2907 ad
2483 2852 2830 2907 servitutem.

1864 2938 1955 2997 14.
2005 2942 2095 2994 Vos
2124 2945 2271 2995 enim
2305 2944 2633 3006 libertatem,
2684 2940 2815 3011 quia
2859 2956 2962 2994 nec
3009 2939 3378 3005 circumcisio,

1787 3046 1890 3084 nec
1915 3030 2038 3085 alim
2069 3031 2278 3101 legales
2316 3030 2730 3085 observationes
2755 3033 3041 3084 curantur.

1860 3120 1882 3170 -i
1896 3117 1946 3174 5.
1974 3119 2229 3173 AucUs'r.
2251 3121 2430 3187 (ibid)
2456 3121 2531 3174 Ne
2556 3121 2881 3180 libertatem,
2903 3117 2959 3171 id
2977 3122 3082 3181 est,
3105 3132 3177 3171 ne
3190 3114 3383 3170 audito

1788 3207 2015 3263 nomine
2035 3207 2309 3262 libertatis
2342 3207 2495 3261 vobis
2513 3207 2745 3279 impune
2767 3207 3113 3277 peccandum
3135 3221 3258 3259 esse
3286 3221 3395 3258 αι’-η

1789 3297 2090 3351 bitremini.

1860 3389 1946 3440 46.
1989 3387 2200 3442 Lmen.
2261 3388 2358 3440 Per
2384 3388 2730 3441 eharitatem.
2766 3384 2961 3468 Quasi.
2978 3384 3190 3438 diceret
3222 3402 3232 3435 ι
3266 3382 3386 3437 sola

106 3486 335 3541 paucos,
376 3471 474 3542 qui
497 3472 567 3525 ad
589 3472 716 3527 illos
739 3473 1056 3539 veniebant,
1087 3479 1145 3528 et
1168 3474 1261 3528 isti
1313 3475 1435 3545 [al.,
1475 3480 1536 3529 ut
1575 3474 1702 3545 ista]
1724 3540 1763 3547 __
1790 3476 2032 3530 charitas
2059 3480 2245 3547 potest
2266 3493 2368 3530 nos
2396 3476 2628 3542 salvare,
2674 3479 2859 3547 spreta
2888 3472 3103 3529 carnali
3131 3472 3386 3527 observaé

108 3560 431 3625 suaderent,
467 3561 601 3632 quia
636 3562 1027 3632 cooperatione
1057 3564 1177 3633 [al.,
1210 3563 1267 3617 in
1288 3540 1943 3634 comparationeBtione
1976 3585 1988 3632 ;
2031 3571 2088 3619 et
2115 3566 2301 3620 reddit
2345 3583 2572 3620 causam
2634 3565 2823 3619 dicens
2854 3583 2866 3617 :
2901 3564 3033 3635 quia
3071 3562 3252 3617 omnis
3298 3561 3401 3616 lett-

109 3648 514 3722 multitudinis]
575 3650 902 3705 Galatarum
948 3651 1297 3706 credentium
1345 3652 1529 3723 exigui
1574 3651 1704 3725 [al.,

108 3739 331 3809 exiguo]
363 3754 602 3793 numero
640 3746 820 3801 erant,
843 3739 1183 3794 fermentum
1211 3741 1474 3810 appellat.

176 3825 230 3885 8.
297 3829 478 3897 (ibid)
536 3829 647 3896 Ego
698 3834 902 3882 autem.
962 3829 1394 3900 Intelligendum
1425 3835 1510 3884 est
1538 3830 1707 3885 fuisse

112 3916 386 3987 quosdam
416 3916 514 3988 qui
540 3916 793 3971 dicerent
810 3918 984 3972 etiam
1013 3917 1198 3989 ipsum
1224 3919 1462 3974 Paulum
1492 3920 1549 3973 id
1577 3937 1707 3974 sen-

108 4006 235 4061 tire.

175 4093 228 4147 9.
251 4096 462 4150 LANFR.
497 4097 604 4163 Ego
634 4102 845 4153 autem.
885 4096 1187 4151 Dicebatur
1217 4097 1431 4153 Galatis
1475 4115 1508 4151 a
1549 4097 1705 4152 falsis

108 4183 588 4253 praedicatoribus,
644 4186 792 4256 quod
833 4185 1042 4239 Paulus
1066 4186 1234 4240 etiam
1273 4187 1575 4257 Apostolus
1604 4186 1706 4241 cir-

107 4273 507 4327 cumcisionem
528 4274 874 4344 praedicaret,
909 4280 967 4329 et
1000 4275 1145 4328 hanc
1177 4275 1548 4346 suspicionem
1581 4293 1615 4329 a
1645 4292 1704 4329 se

108 4367 384 4427 removet;
423 4361 551 4416 ideo
578 4363 725 4415 enim
754 4379 787 4417 a
813 4364 1021 4417 Judaeis
1060 4364 1504 4434 persecutionem
1534 4366 1704 4419 susti-

107 4451 287 4513 nebat,
318 4451 454 4522 quia
469 4452 1324 4523 circumcisionemimprobabat,
1352 4460 1409 4507 et
1417 4470 1519 4524 per
1537 4455 1703 4509 ﬁdem

108 4541 284 4595 crucis
300 4540 604 4611 justiﬁcari
628 4541 907 4595 hominem
930 4542 1232 4596 asserebat.
1272 4543 1432 4597 Unde
1453 4547 1511 4597 et
1528 4543 1704 4598 Judaei

108 4629 373 4684 adversus
411 4646 541 4683 eum
587 4630 1145 4698 scandalizabantur;
1196 4631 1343 4702 quod
1376 4632 1702 4687 scandalum

109 4725 438 4773 evacuatum
478 4724 645 4784 esset,
678 4719 725 4773 si
754 4719 1076 4774 circumcidi
1105 4719 1312 4775 debere
1337 4721 1530 4775 ﬁdeles
1559 4738 1702 4794 prae-

109 4806 334 4862 dicaret.

1790 3654 2088 3709 dilectione
2114 3655 2408 3726 impletur;
2443 3661 2500 3708 et
2529 3655 2633 3708 hac
2661 3653 2950 3708 occasione
2969 3652 3208 3707 breviter
3223 3667 3388 3722 expo-

1791 3744 1877 3798 nit
1905 3761 2027 3814 qute
2058 3744 2233 3799 vitare
2276 3750 2333 3799 et
2379 3760 2502 3815 quae
2539 3759 2760 3798 servare
2794 3742 3039 3797 debeant
3077 3739 3385 3795 Christiani

1788 3850 1890 3904 pro
1914 3833 2186 3887 servanda
2216 3833 2510 3887 charitate.
2556 3831 2770 3896 Quibus
2818 3829 3069 3901 expletis,
3103 3829 3175 3882 ad
3217 3844 3384 3898 supe-

1788 3923 1994 3977 riorem
2022 3921 2457 3975 circumcisionis
2473 3922 2618 3975 redit
2638 3925 2962 3975 tractatum.

1856 4012 1943 4066 17.
1968 4012 2195 4065 Ausus'r
2235 4012 2376 4076 (ibid
2404 4008 2416 4079 )
2438 4010 2630 4064 Omnis
2647 4013 2750 4064 teat.
2773 4009 3011 4063 Omnem
3030 4006 3213 4077 legem
3234 4021 3385 4060 nunc

1789 4100 1927 4154 dicit
1955 4117 2020 4154 ex
2048 4100 2137 4154 his
2166 4099 2427 4171 operibus
2445 4115 2567 4169 quae
2593 4099 2662 4151 ad
2680 4097 2855 4151 bonos
2871 4112 3057 4150 mores
3077 4094 3381 4168 pertinent.

1863 4188 1946 4245 18.
1971 4190 2156 4243 LANFR
2196 4189 2415 4257 Spiritu
2437 4189 2737 4241 ambulate.
2774 4186 2843 4240 Et
2862 4184 2995 4256 quia
3028 4201 3142 4239 non
3177 4184 3386 4239 sufﬁcit

1788 4277 2072 4332 abstinere
2101 4294 2133 4331 a
2166 4278 2333 4341 malo,
2367 4275 2474 4330 nisi
2505 4275 2603 4329 ﬁat
2633 4275 2863 4340 bonum,
2891 4274 3149 4345 sequitur
3174 4276 3381 4342 spiritu

1786 4369 2083 4432 ambulate,
2118 4372 2176 4420 et
2198 4364 2472 4419 habebitis
2487 4366 2592 4419 hoc
2603 4364 3094 4435 proﬁcuum,quod
3106 4362 3386 4417 desideria

1786 4456 1969 4511 carnis
1999 4472 2113 4509 non
2150 4454 2469 4526 perticietis.
2514 4455 2581 4508 Et
2610 4453 2800 4508 subdit
2824 4471 2925 4508 cur
2951 4452 3232 4507 contraria
3269 4469 3384 4509 non

1787 4552 1938 4611 sunt,
1971 4550 2028 4599 et
2045 4543 2206 4616 ponit
2226 4542 2673 4614 designationem
2693 4543 2753 4597 in
2777 4543 2921 4597 libro
2947 4561 2959 4601 ε
2990 4542 3096 4597 hoc
3107 4542 3255 4597 enim
3277 4542 3382 4596 sibi

1786 4634 2060 4688 invicem:
2094 4639 2150 4687 et
2181 4633 2397 4704 probat,
2447 4632 2578 4703 quia
2630 4632 3033 4703 concupiscunt
3085 4632 3381 4686 adversum

1784 4741 1863 4791 se,
1889 4740 1921 4777 a
1947 4723 2129 4793 specie

1860 4810 1943 4869 19.
1970 4814 2218 4868 Αυαυετ.
2235 4812 2323 4883 (De
2339 4811 2531 4866 Genesi
2545 4812 2618 4865 ad
2640 4813 2909 4876 litteram,
2936 4827 3065 4882 cap.
3104 4808 3209 4878 η.)
3242 4811 3379 4865 Caro

181 4897 265 4952 10.
295 4898 545 4951 Auovsr.
583 4899 770 4968 (ibid)
820 4901 963 4968 Ergo
1009 4904 1335 4954 evacuatum
1383 4906 1477 4967 est,
1511 4901 1567 4955 id
1599 4906 1702 4965 est,
1727 4895 1771 4956 Ο
1792 4904 2139 4971 concupiscit.
2164 4900 2400 4954 Carnem
2431 4900 2622 4971 itaque
2656 4899 3140 4971 concupiscentem
3187 4899 3377 4953 adver-

109 4984 221 5040 sine
249 5002 423 5040 causa
452 4984 759 5053 Christum,
792 5003 918 5042 cum
964 4988 1075 5042 ista
1111 4993 1512 5055 contemneret,
1537 5006 1698 5045 scan-

108 5073 322 5128 dalizati
353 5074 536 5129 Judaei
566 5075 963 5131 cruciﬁxerunt
992 5078 1039 5131 si
1069 5078 1251 5132 adhuc
1306 5078 1404 5144 eis,
1445 5095 1546 5149 pro
1572 5079 1698 5150 qui-

109 5159 204 5217 bus
228 5163 527 5218 cruciﬁxus
548 5170 650 5230 est,
676 5165 813 5219 talia
839 5167 1166 5226 suadentur.

1783 5009 1878 5047 sus
1906 4991 2168 5061 spiritum
2204 4990 2339 5043 dicit
2361 4990 2697 5060 Apostolus;
2740 4993 3023 5045 carnalem
3054 4990 3248 5061 procul
3280 4989 3381 5043 du-
3420 4990 3426 4995 ’

1782 5080 1873 5134 bio
1892 5080 2338 5144 delectationem,
2359 5095 2527 5149 quam
2548 5079 2617 5134 de
2637 5096 2804 5135 carne
2820 5085 3016 5135 etcum
3039 5094 3205 5133 carne
3221 5076 3395 5147 spiri-‘

1779 5176 1873 5224 tus
1893 5168 2064 5223 habet
2082 5169 2349 5223 adversus
2360 5168 2811 5233 delectationem,
2832 5185 2997 5240 quam
3015 5168 3166 5221 solus
3179 5164 3377 5231 habet;

168 5252 253 5306 11.
297 5253 506 5307 Lamia.
541 5253 882 5309 Seandalum
918 5259 1116 5323 crucis.
1153 5258 1313 5322 Quod
1351 5266 1580 5330 propter
1602 5276 1697 5314 vos
1777 5259 1929 5313 solus
1958 5258 2163 5330 quippe
2182 5257 2373 5322 habet,
2407 5256 2463 5311 ni
2492 5258 2677 5323 fallor,
2723 5257 2862 5311 illud
2895 5254 3235 5309 desiderium
3265 5266 3395 5307 non-

107 5343 329 5409 peitulit
356 5341 637 5410 Christus,
662 5342 802 5398 nihil
825 5345 1055 5415 prodest
1084 5346 1257 5413 vobis,
1294 5346 1341 5402 si
1372 5348 1694 5403 circumcidi
1776 5365 1904 5404 cum
1933 5348 2119 5403 carnis
2159 5348 2463 5419 voluptate,
2496 5348 2581 5400 vel
2612 5346 2920 5401 carnalium
2953 5358 3140 5396 rerum
3170 5341 3383 5413 cupidi-

107 5430 295 5486 Velitis.

1774 5444 1891 5494 tate
1918 5437 2272 5492 commistum
2298 5456 2310 5504 ;
2351 5437 2500 5508 quod
2527 5435 2809 5490 desiderat
2834 5433 3041 5497 anima,
3082 5436 3141 5486 et
3168 5430 3383 5487 deside-

169 5520 260 5579 12.
287 5522 539 5579 Anaus'r.
576 5523 758 5592 (ibid)
780 5527 1003 5579 utinam
1028 5531 1078 5580 et
1106 5528 1529 5582 abscindantur.
1564 5529 1694 5584 Ele-
1774 5534 1865 5583 rat
1890 5528 1949 5583 in
1978 5529 2125 5583 atria
2152 5526 2396 5582 Domini.

106 5610 429 5676 gantissima
455 5609 841 5681 ambiguitate,
898 5612 1058 5685 quasi
1112 5615 1216 5670 sub
1244 5615 1426 5687 specie
1464 5617 1693 5673 maledi-

1842 5617 1939 5676 20.
1975 5618 2181 5674 Laure.
2205 5617 2343 5672 Caro
2370 5614 2721 5681 concupiscit.
2746 5611 2917 5677 Quasi
2948 5610 3161 5667 diceret
3188 5631 3203 5666 :
3243 5612 3378 5667 Ideo
