3912 6356
515 247 623 319 283
1500 255 1564 329 Β-
1608 253 2087 327 LANraANcu

2203 254 2422 333 Tum
2462 255 2799 337 ARCHIEP-
3677 250 3782 323 28*

514 372 667 463 enim
700 372 805 439 sibi
828 374 1066 445 inuicem
1092 378 1462 449 adversantur
1480 378 1571 449 2|.
1602 385 1670 439 ut
1698 396 1810 445 non
1836 394 2199 457 quaecumque
2227 378 2413 449 vultis,
2449 379 2547 453 illa
2584 380 2802 459 faciatis
2836 380 2930 461 22.
2993 383 3152 463 Quod
3178 382 3227 437 si
3256 381 3461 457 spiritu
3487 378 3781 443 ducimini,

515 462 668 531 (item
696 466 858 521 aliud
882 469 1214 534 proﬁcuum,
1243 471 1296 529 si
1323 472 1527 537 spiritu
1560 471 1864 532 ambulent)
1898 485 2041 536 ergo,
2068 466 2159 524 23.
2191 483 2300 521 non
2334 467 2468 523 estis
2496 468 2600 531 sub
2621 470 2761 541 lege,
2789 474 2951 525 servi.
2974 462 3061 528 24’.
3086 462 3394 527 Manifesta
3419 462 3555 524 sunt
3590 474 3784 523 autem

514 565 708 621 opera,
729 554 1459 624 desideria,carnis(probat)
1493 573 1615 627 quae
1643 561 1792 610 sunt.
1820 555 2113 627 fornicatio
2143 562 2336 611 contra
2367 564 2654 625 naturam,
2689 558 3068 626 immunditia,
3101 564 3164 615 in
3186 561 3637 627 consanguineos,
3672 556 3784 613 im-

515 639 802 710 pudicitia,
836 643 1077 699 luxuria.
1097 647 1159 709 in
1175 647 1521 713 quibuslibet,
1550 646 1825 701 idolorum
1851 647 2109 710 servitus,
2138 646 2422 710 veneficia,
2445 647 2775 714 inimicitia,
2807 651 3211 718 contentiones,
3252 655 3338 706 25.
3367 648 3780 711 aemulationes,

515 726 636 791 irae.
657 729 806 795 rixae,
843 732 1431 799 laﬁdissentiones,
1457 738 1520 788 in
1550 736 1673 803 ﬁde,
1698 741 1883 802 sectae,
1910 731 1999 791 26.
2030 734 2270 800 invidiae,
2300 737 2639 811 homicidia,
2661 738 2979 805 ebrietates,
3024 738 3476 802 comessationes,
3515 741 3568 791 et
3597 735 3690 789 his
3714 734 3789 788 si.

514 816 688 883 milia,
710 835 837 890 quae
862 821 1099 890 praedico
1129 822 1283 877 vobis
1313 840 1425 879 non
1454 840 1561 878 esse
1597 826 1874 891 facienda,
1908 825 2053 879 sicut
2084 825 2332 895 praedixi,
2383 827 2651 898 quoniam
2707 828 2802 900 qui
2854 828 2988 882 talia
3040 833 3234 899 agunt,
3270 843 3506 898 regnum
3533 823 3637 879 Dei
3667 836 3784 877 non

514 915 944 978 consequentur.
972 910 1062 963 27.
1090 911 1350 977 Fructus,
1387 929 1567 982 opera,
1606 918 1795 967 autem
1826 914 2057 985 spiritus
2086 916 2190 981 est,
2218 915 2483 982 charitas,
2513 916 2802 991 gaudium,
2838 934 2963 991 pax,
2994 917 3282 989 patientia,
3315 915 3655 985 benignitas,
3688 911 3787 965 bo-

517 994 684 1063 nitas,
717 996 1137 1067 longanimitas,
1170 1002 1560 1065 mansuetudo,
1594 1003 1752 1069 ﬁdes,
1788 1004 2081 1069 modestia,
2116 1005 2479 1068 continentia,
2509 1007 2753 1071 castitas,
2775 1007 2874 1060 hoc
2901 1007 3097 1060 debetis
3121 1009 3317 1075 facere,
3345 1007 3479 1074 quia
3509 1003 3785 1057 adversus

512 1083 832 1154 hujusmodi
851 1104 965 1142 non
992 1095 1078 1153 est
1098 1090 1205 1145 lex.
1242 1095 1597 1163 (assumptio)
1632 1093 1739 1159 Qui
1762 1098 1955 1151 autem
1986 1099 2119 1148 sunt
2145 1094 2371 1159 Christi,
2398 1092 2485 1148 28.
2519 1110 2743 1149 carnem
2772 1112 2931 1149 suam
2948 1098 3224 1159 vitiosam,
3246 1101 3294 1148 et
3316 1095 3785 1162 concupiscentem

512 1174 908 1239 cruciﬁxerunt
928 1194 1055 1233 cum
1079 1179 1226 1236 vitiis
1256 1185 1313 1235 et
1341 1182 1825 1253 concupiscentiis.
1856 1184 2120 1236 Debemus
2147 1187 2355 1253 spiritu
2386 1185 2696 1247 ambulare,
2736 1182 2825 1247 29,
2873 1182 2957 1240 30.
2992 1184 3050 1239 Si
3075 1188 3225 1239 enim
3266 1182 3466 1256 spiritu
3515 1180 3783 1244 vivimIIS.

512 1262 713 1345 spiritu
740 1271 955 1335 sumpto
974 1269 1038 1321 in
1061 1269 1326 1336 baptismo
1349 1274 1408 1323 et
1434 1269 1808 1336 ambulemus,
1840 1273 2132 1325 ambularc
2161 1274 2431 1326 debemus.
2465 1272 2592 1328 Non
2622 1272 2932 1328 efficiamur
2969 1271 3152 1326 inanis
3180 1271 3375 1343 gloriae
3399 1269 3609 1342 cupidi,
3641 1268 3788 1323 invi-

510 1366 630 1405 cem
660 1358 1045 1424 provocantes,
1074 1355 1315 1421 inviwm
1344 1356 1676 1427 invidentes.

1963 1529 2196 1597 CAPUT
2223 1530 2316 1586 VI.

574 1704 829 1769 Fratres,
859 1708 917 1771 et
938 1703 993 1767 1,.
1026 1705 1075 1769 si
1100 1711 1525 1789 praeoccupatus
1558 1708 1733 1765 fuerit
1764 1709 1940 1779 homo
1968 1710 2155 1781 (aliud
2178 1714 2513 1781 praceptum
2544 1711 2773 1778 morale)
2801 1711 2859 1766 in
2897 1711 3086 1784 aliquo
3114 1711 3334 1777 delicto,
3359 1728 3457 1783 vos
3485 1710 3584 1782 qui
3610 1709 3787 1784 spiri—

511 1793 693 1859 tuales
723 1793 880 1859 estis,
907 1795 1230 1866 hujusmodi
1248 1796 1516 1859 instruite
1536 1799 1593 1852 in
1610 1798 1811 1870 spiritu
1830 1799 2097 1864 lenitatis,
2134 1814 2244 1852 non
2262 1801 2486 1864 acriter,
2507 1798 2888 1865 considerans,
2914 1806 2973 1854 tu
2991 1803 3292 1865 instruens,
3319 1804 3376 1854 te
3393 1800 3600 1874 ipsum,
3630 1816 3707 1855 ne
3727 1806 3790 1855 et

508 1883 833 1952 quandoque
885 1887 1151 1947 similiter
1180 1890 1249 1951 tu
1294 1886 1546 1955 tenteris.
1577 1887 1631 1953 2,
1656 1886 1707 1943 3.
1744 1888 1908 1942 Alter
1930 1889 2165 1959 alterius
2194 1903 2367 1947 onera
2392 1893 2634 1963 portate,
2668 1894 2724 1943 et
2751 1888 2830 1943 sic
2858 1888 3233 1961 adimplebitis
3258 1887 3312 1944 4.
3342 1889 3524 1963 legem
3544 1888 3780 1963 Christi.

508 1972 593 2025 Ad
612 1972 866 2055 hocquod
885 1975 1028 2028 dixit
1056 1977 1412 2035 considerans
1443 1981 1490 2031 te
1520 1979 1722 2045 ipsum.
1759 1978 1899 2031 Nam
1917 1977 1963 2030 si
1985 1958 2417 2049 quisrexistima’t
2436 1995 2495 2032 se
2525 1978 2735 2055 aliquid
2760 1996 2900 2045 esse,
2936 1982 2995 2034 id
3013 1958 3108 2047 est,
3122 1982 3174 2033 si
3184 1982 3309 2047 quis
3320 1958 3627 2057 extollit'se,
3652 1995 3782 2057 cum

506 2072 622 2128 ipse
648 2059 789 2114 nihil
816 2054 908 2124 sit,
940 2061 991 2128 5,
1038 2063 1093 2128 6,
1123 2063 1243 2134 ipse.
1282 2082 1342 2119 se
1371 2065 1604 2120 seducit.
1639 2067 1691 2120 7.
1722 2066 1877 2137 Opus
1912 2072 2101 2121 autem
2145 2082 2309 2137 suum
2353 2066 2567 2137 probet,
2598 2054 2909 2136 probatum
2934 2070 3128 2136 faciat,
3159 2054 3564 2140 unusquisque,
3594 2054 3779 2122 etsi’c,

508 2151 662 2202 nulli
685 2153 814 2218 plus
841 2154 1061 2206 credens
1082 2155 1146 2208 de
1174 2170 1227 2207 se
1253 2171 1421 2224 quam
1442 2157 1568 2221 sibi,
1598 2154 1657 2209 in
1682 2155 1984 2227 semetipso
2007 2160 2225 2210 tantum
2246 2156 2483 2226 gloriam
2513 2156 2758 2219 habebit.
2784 2164 2842 2212 et
2868 2175 2980 2213 non
2999 2158 3055 2213 in
3079 2158 3277 2225 altero,
3298 2161 3361 2211 in
3380 2160 3617 2218 alterius
3632 2158 3783 2225 falsa

506 2232 671 2291 laude
682 2257 697 2301 ;
712 2255 844 2308 opus
851 2243 1459 2315 probet.Unusquisque
1478 2243 1627 2297 enim
1658 2251 1692 2311 |
1709 2248 1827 2317 θα
1847 2258 2008 2311 onus,
2027 2248 2309 2307 meritum,
2323 2261 2487 2319 suum
2503 2245 3045 2317 portabit,quidquid
3054 2249 3199 2303 dicat
3216 2248 3477 2302 adulator
3531 2248 3583 2301 8.
3617 2234 3787 2300 Com-

507 2327 758 2395 municet
801 2336 992 2385 autem
1038 2331 1087 2385 is
1116 2331 1212 2419 qui
1234 2318 1616 2397 catechlzatur
1643 2332 1829 2401 verbo,
1855 2336 2247 2402 praedicatione
2269 2324 2660 2401 conﬁrmatur,
2685 2338 2735 2388 ei
2745 2337 3118 2407 pradieatori,
3145 2334 3241 2415 qui
3269 2351 3329 2405 se
3359 2335 3689 2413 catechizat,
3722 2334 3785 2390 in

1833 2528 2422 2589 COMMENTARIUS.

2259 2704 2349 2764 30.
2375 2707 2616 2765 AUGUST.
2644 2707 2708 2763 Si
2726 2711 2932 2781 spiritu
2961 2710 3220 2773 vivimus,
3254 2707 3314 2764 id
3336 2712 3438 2771 est
3469 2707 3788 2780 siSpiritu

2179 2802 2372 2857 sancto
2393 2797 3112 2871 serviamus,spiritualiter
3134 2797 3459 2852 serviamus.

2252 2888 2509 2961 CAP.VI.
2552 2920 2590 2927 -κ
2622 2888 2968 2945 l.Lmrn.Si
2978 2894 3384 2957 praeoccupatus
3401 2889 3557 2955 homo
3576 2888 3785 2955 fuerit.

511 2706 807 2778 utriusque
825 2707 1105 2769 desideria
1119 2724 1232 2773 non
1254 2707 1499 2781 potestis
1524 2708 1794 2779 perficere
1814 2707 1946 2779 quia
1973 2723 2100 2763 con—
2115 2709 2166 2769 A

507 2795 685 2850 traria
702 2796 853 2851 inter
880 2814 939 2851 se
958 2804 1110 2852 sunt.
1142 2798 1213 2853 Et
1229 2798 1334 2853 hoc
1349 2804 1481 2870 apte
1497 2798 1701 2869 repetit
1719 2797 2065 2868 subsequens
2080 2816 2091 2850 :

506 2886 617 2949 haec
639 2889 791 2943 enim
808 2888 913 2945 sibi
934 2890 1586 2955 invicemmdversantur,
1615 2894 1719 2942 etc.

576 2973 665 3031 21.
698 2978 942 3032 Λυουετ.
964 2982 1166 3045 (utsup
1216 2978 1291 3037 ad
1309 2977 1509 3041 Galat.)
1537 2977 1599 3032 Ut
1621 2992 1732 3030 non
1748 2993 2098 3047 quiscumque

505 3065 808 3131 vultisDe
834 3064 926 3134 his
954 3065 1166 3120 dictum
1203 3071 1292 3119 est
1316 3066 1415 3136 qui
1436 3064 1680 3136 gratiam
1709 3066 1840 3121 ﬁdei
1878 3084 2100 3138 suscep-

504 3156 623 3215 tam
655 3158 849 3213 tenere
878 3154 1096 3219 nolunt.
1132 3154 1347 3217 .Volunt
1361 3157 1509 3219 enim
1537 3173 1707 3226 opera
1723 3156 1954 3225 justitiae
1974 3173 2102 3228 ope-

506 3240 641 3306 rari,
673 3242 771 3295 sed
803 3242 1098 3297 vincuntur
1127 3243 1577 3315 concupiscentia
1606 3245 1808 3298 carnis.

569 3326 665 3393 22.
700 3330 884 3393 Lmen
941 3332 1092 3398 Quod
1134 3335 1184 3387 si
1237 3335 1445 3401 spiritu
1491 3336 1790 3399 ducimini,
1829 3333 1886 3387 id
1916 3340 2019 3400 est,
2048 3337 2095 3389 si

508 3416 757 3488 Spiritus
774 3419 1013 3483 sanctus
1042 3422 1367 3491 moderatur
1390 3422 1565 3483 vobis,
1588 3422 1770 3493 legem
1798 3424 2099 3486 carnaliter

505 3521 620 3569 non
675 3505 997 3565 observatis.
1030 3509 1132 3571 Vel
1186 3511 1457 3581 legem...
1513 3511 1622 3565 nisi
1677 3513 1802 3583 plus
1833 3513 2098 3569 facientes

509 3610 678 3666 quam
706 3596 795 3657 lex
823 3595 1037 3666 jubeat.
1980 3666 1985 3671 _

552 3682 665 3750 ὁ23ο
689 3685 939 3749 AUGUST.
962 3688 1134 3757 (ibid)
1152 3688 1278 3745 Non
1291 3691 1417 3742 estis
1433 3690 1534 3742 sub
1556 3690 1685 3756 lege.
1708 3690 2097 3763 Intelligamus

504 3788 750 3840 seseese
795 3773 900 3829 sub
924 3820 925 3825 η
951 3776 1075 3847 lege
1098 3793 1336 3847 quorum
1362 3777 1594 3848 spiritus
1640 3778 1718 3832 ita
1756 3781 2098 3852 concupiscit

504 3862 771 3918 adversus
801 3880 1035 3927 carnem.
1054 3871 1119 3920 ut
1136 3882 1263 3929 non,
1280 3882 1346 3921 ea
1365 3883 1489 3937 quae
1506 3868 1702 3935 volunt
1727 3869 1950 3925 faciant.

544 3954 665 4021 ,,24.
698 3953 914 4022 Latum.
942 3957 1246 4022 Manifesta
1273 3961 1457 4010 autem
1508 3962 1640 4011 sunt
1687 3975 1849 4026 opera
1886 3961 2094 4013 carnis.

2180 2977 2265 3031 Ita
2310 2976 2529 3030 instrue
2558 2992 2629 3030 ne
2675 2982 2905 3048 propter
2933 2977 3362 3057 instructionem
3383 2962 3791 3057 extollarishet

2180 3065 2347 3120 cadas
2374 3064 2434 3118 in
2446 3065 2669 3123 ,vitium.
2690 3066 2810 3132 Vel,
2833 3065 3035 3125 leniter
3050 3067 3295 3143 instrue,
3306 3052 3438 3137 quia
3454 3072 3518 3133 tu
3532 3052 3790 3145 fortasse

2181 3155 2346 3209 cades
2374 3154 2431 3208 in
2459 3153 2675 3209 vitium.
3292 3142 3295 3143 ν
3624 3142 3643 3147 ”
3688 3142 3691 3145 ’

2252 3241 2305 3299 2.
2330 3246 2485 3297 Alter
2512 3246 2745 3297 alterius
2770 3259 2939 3297 onera
2955 3249 3186 3317 portate.
3222 3244 3281 3299 Si
3312 3243 3790 3323 videriszfratt‘em

2179 3332 2237 3386 in
2259 3331 2447 3403 aliquo
2475 3331 2696 3397 delicto,
2739 3332 2945 3386 leniter
2968 3333 3186 3405 corripe
3214 3333 3395 3402 illum,
3428 3334 3512 3391 vel
3541 3350 3643 3401 ora
3673 3351 3784 3407 pro

2179 3421 2293 3478 illo.
2326 3425 2386 3473 et
2403 3418 2481 3473 sic
2509 3419 2715 3474 levabis
2748 3437 2887 3475 onus
2906 3422 3049 3493 ejus.

2250 3509 2300 3567 3.
2314 3512 2561 3579 AUGUST.
2581 3512 2788 3576 (Tract.
2821 3509 2874 3566 3.
2893 3512 2952 3563 in
2973 3514 3114 3579 psal.
3130 3509 3786 3589 cxun.)4lter'alterius.

2180 3599 2288 3664 Qui
2310 3605 2537 3673 portant
2564 3599 2794 3653 invicem
2822 3615 2995 3654 onera
3014 3616 3134 3663 sua,
3170 3598 3275 3654 nisi
3302 3597 3623 3683 quihabept
3640 3599 3787 3671 cha-

2179 3689 2444 3743 ritatem?
2483 3688 2587 3753 Qui
2619 3705 2730 3742 non
2778 3687 2988 3743 habent
3015 3688 3350 3745 charitatem
3405 3704 3604 3757 graves
3643 3695 3790 3745 sunt

2179 3777 2305 3833 sibi.
2334 3778 2442 3845 Qui
2463 3784 2653 3851 autem
2676 3777 2889 3849 habent
2908 3778 3245 3853 charitatem
3267 3782 3495 3848 portant
3514 3777 3790 3833 se.Laasit.

2179 3871 2236 3921 te
2269 3867 2495 3940 aliquis,
2516 3867 2659 3939 petit
2681 3867 2935 3934 veniam;
2967 3867 3153 3943 sinon
3169 3864 3431 3943 dimittis,
3451 3881 3560 3920 non
3584 3870 3786 3941 portas

2181 3973 2322 4011 onus
2348 3956 2536 4010 fratris
2565 3956 2667 4010 tui.
2699 3957 2756 4010 Si
2777 3956 3034 4021 dimittis,
3070 3961 3260 4027 portas
3287 3942 3592 4007 infirmum.
3623 3953 3696 4006 Et
3719 3959 3788 4015 tu

504 4042 867 4113 Probattquia
896 4060 1009 4113 non
1036 4044 1325 4115 perﬁcient
1355 4062 1525 4117 opera
1562 4047 1940 4120 carnis,_quia
1968 4048 2097 4115 ista,
2122 4045 2400 4124 Bsiforte
2441 4046 2500 4100 in
2549 4045 2793 4119 aliquam
2841 4045 3230 4109 inﬁrmitatem
3274 4042 3560 4106 cecideris,
3615 4044 3787 4125 quasi

507 4136 564 4187 et
591 4131 704 4197 ista
731 4137 870 4189 sunt
890 4148 1060 4203 opera
1080 4134 1298 4201 carnis;
1335 4134 1431 4189 sed
1446 4134 1551 4190 hoc
1572 4153 1683 4191 non
1700 4136 1988 4207 perﬁcient
2031 4138 2099 4192 Et

507 4219 612 4275 hoc
641 4226 727 4276 est
754 4221 903 4291 quod
933 4222 1104 4279 dicit:
1134 4226 1446 4291 quiautem
1473 4232 1604 4279 sunt
1633 4226 1860 4290 Christi,
1893 4231 1996 4279 etc.

566 4307 931 4375 .25-Auot‘s'r.
964 4311 1144 4377 (ibid)
1190 4313 1609 4373 «Emulationes.
1653 4313 1957 4368 IEmulatio
2014 4318 2100 4369 est

506 4397 667 4463 dolor
695 4397 870 4463 animi
899 4414 1046 4464 cum
1066 4398 1210 4467 alius
1238 4402 1491 4472 pervenit
1535 4402 1606 4456 ad
1637 4418 1755 4456 rem
1788 4419 1959 4474 quam
1987 4402 2097 4457 duo

506 4487 765 4557 pluresve
793 4487 1165 4559 appetebant,
1184 4495 1241 4546 et
1278 4491 1389 4546 nisi
1410 4490 1483 4545 ab
1508 4508 1621 4559 uno
1638 4490 1833 4545 haberi
1861 4506 1971 4549 non
2000 4508 2097 4562 po-

504 4580 643 4637 test.

575 4662 670 4723 26.
712 4665 891 4736 (ibid.)
932 4668 1177 4724 Invidia.
1220 4669 1437 4724 Invidia
1466 4674 1554 4723 est
1580 4668 1742 4722 dolor
1761 4666 1939 4725 animi
1966 4683 2095 4727 cum

502 4754 768 4826 indignus
792 4755 1008 4828 aliquid
1026 4758 1249 4827 videtur
1269 4758 1513 4830 assequi,
1541 4757 1710 4817 etiam
1734 4756 1881 4827 quod
1902 4762 1962 4809 tu
1982 4771 2094 4810 non

503 4844 824 4917 appetebas.

554 4934 662 5001 .27.
682 4935 896 5001 Lauta.
914 4936 1146 4999 Fructus
1160 4943 1347 5005 autem
1356 4940 1610 5007 spiritus.
1630 4934 1970 5007 Etsispiritu
1980 4952 2097 4992 am-

498 5023 712 5092 bulent,
741 5042 915 5099 opera
936 5027 1168 5099 spiritus
1190 5027 1426 5093 facient,
1449 5025 1579 5097 quia
1601 5024 1955 5092 charitatem,
1986 5031 2093 5080 etc.

566 5112 661 5173 ~28.
683 5115 924 5179 Carnem
940 5133 1103 5172 suam
1121 5120 1452 5184 cruciﬁaeru
1462 5120 1542 5168 nt.
1562 5115 1662 5169 Ille
1682 5114 1958 5187 cruciﬁgit
1969 5132 2093 5170 car-

2180 4134 2371 4201 homo,
2402 4139 2626 4207 oportet
2652 4140 2717 4188 ut
2743 4133 2823 4188 sic
2850 4139 2906 4188 te
2937 4138 3121 4207 portet
3154 4133 3268 4199 ille,
3301 4131 3783 4214 quemadmodum

2181 4228 2239 4278 et
2265 4228 2346 4278 tu.

2250 4310 2302 4367 4.
2333 4312 2538 4371 LANFB.
2576 4312 2757 4380 Legem
2783 4311 3010 4377 Christi,
3040 4310 3099 4365 id
3127 4308 3618 4389 estdilectionem.
3651 4308 3785 4381 Ipse

2180 4401 2527 4457 cnim:dixit:
2555 4402 2883 4473 Mandatum
2915 4416 3119 4475 novum
3149 4386 3406 4466 do'vobis,
3432 4404 3501 4455 ut,
3524 4386 3783 4477 diligatis

2177 4494 2434 4553 invicem,
2464 4494 2606 4545 sicut
2635 4491 2809 4544 dilexi
2838 4506 2947 4544 vos.

2250 4582 2298 4635 5-
2334 4582 2586 4641 Auevsr.
2623 4583 2886 4655 (Ezposit.
2918 4578 3298 4655 inllEpist..ad
3337 4577 3539 4643 Galat.)
3574 4577 3691 4649 Ipse
3722 4594 3779 4631 se

2176 4673 2401 4741 seducit.
2444 4673 2577 4733 ,Non
2624 4671 2795 4741 enim.
2823 4687 2954 4747 eum
2980 4669 3257 4745 seducunt
3279 4668 3603 4731 laudatores
3630 4669 3778 4747 ejus,

2177 4760 2275 4815 sed
2318 4760 2437 4832 ipse
2466 4760 2671 4833 potius,
2709 4760 2842 4831 quia
2869 4776 2994 4814 cum
3027 4758 3131 4812 sibi
3182 4758 3255 4811 sit
3293 4757 3412 4828 ipse
3449 4757 3782 4838 praesentior

2178 4866 2347 4922 quam
2364 4850 2469 4913 illi,
2493 4850 2708 4906 mavult
2723 4865 2783 4907 se
2802 4848 2861 4904 in
2881 4848 2993 4903 illis
3023 4863 3272 4920 querere
3290 4863 3457 4918 quam
3481 4847 3543 4901 in
3567 4845 3775 4923 seipse.

2248 4935 2301 4994 6.
2325 4939 2542 4996 Lmen.
2579 4940 2697 5010 Ipse
2718 4954 2773 4993 se
2799 4939 3027 5011 seducit.
3060 4935 3235 5015 Ratio
3255 4952 3359 5015 cur.
3382 4951 3522 5006 opus
3547 4933 3780 5017 probari

2178 5033 2454 5103 oporteat.

2247 5117 2299 5172 7.
2336 5118 2480 5186 Opus
2497 5122 2683 5171 autem
2694 5132 2861 5171 suum
2878 5116 3064 5185 probet
3077 5159 3089 5172 .
3103 5114 3563 5186 Pseudoapostoli
3579 5114 3779 5171 lauda-

500 5220 631 5269 ηοω
660 5222 821 5265 suam
856 5223 1003 5271 cum
1046 5207 1218 5273 vitiis,
1251 5183 1348 5278 qui
1377 5204 1693 5275 immobilis.
1710 5210 1771 5258 et
1796 5183 2151 5277 ericio}:qu
2175 5206 2314 5262 bant
2333 5183 2447 5273 eos,
2477 5205 2604 5263 ideo
2625 5205 2800 5261 dicit:
2831 5183 2985 5276 opus
3014 5221 3180 5258 suum
3210 5183 3426 5275 probet,
3458 5220 3530 5259 ne
3561 5210 3782 5275 quierat

501 5294 675 5360 nullis
700 5296 1016 5353 declinatur
1044 5297 1214 5364 vitiis.

570 5382 659 5447 29.
685 5386 929 5449 Alanos.
987 5386 1051 5449 Si
1081 5387 1288 5454 spiritu
1310 5385 1566 5447 vivimus.
1611 5385 1884 5441 Convenit
1904 5402 2005 5441 nos
2031 5386 2093 5442 in

498 5470 600 5528 illa
625 5472 758 5541 vita,
781 5473 841 5530 in
867 5491 981 5547 qua
1004 5490 1107 5547 per
1127 5472 1389 5546 spiritum
1413 5489 1608 5531 sumus
1624 5475 1961 5547 regenerati,
1992 5476 2093 5531 illa

501 5577 631 5637 qua
652 5568 1030 5627 consentanea
1054 5569 1188 5629 sunt
1215 5562 1369 5619 illius
1398 5562 1524 5621 vita
1555 5579 1740 5634 agere.

2174 5295 2413 5369 gloriam
2442 5295 2500 5350 in
2522 5296 2720 5362 altero,
2753 5294 2809 5348 id
2832 5299 2942 5363 est,
2972 5293 3031 5349 in
3051 5294 3285 5348 alterius
3306 5294 3473 5360 dicto,
3492 5293 3590 5348 sed
3609 5292 3671 5349 in
3691 5310 3775 5348 se.

2247 5383 2297 5442 8.
2334 5385 2727 5440 Communicet.
2754 5383 2881 5448 Qui,
2910 5382 3112 5453 inquit,
3139 5382 3305 5436 verbo
3322 5383 3421 5437 Dei
3449 5382 3773 5449 instruitur,

2174 5478 2232 5529 et
2260 5474 2355 5546 qui
2412 5490 2473 5528 se
2523 5472 2754 5528 instruit
2808 5471 3186 5527 communicet
3214 5471 3297 5526 in.
3321 5470 3583 5526 omnibus
3612 5471 3777 5527 bonis

2174 5564 2308 5620 suis.
2341 5561 2542 5639 arguit
2588 5578 2682 5617 eos
2731 5561 3049 5617 tenacitatis
3096 5559 3155 5618 in
3194 5560 3583 5632 praedicatores
3616 5548 3767 5631 suos.
