3912 6380
548 301 655 361 987
1524 314 1588 368 13.
1631 290 2043 368 turnum
2081 310 2453 367 cmmm.~
2482 310 2816 366 ARCHIEP.
3711 307 3807 366 ‘288

543 459 3789 490 mw

802 602 1389 698 EPISTOLA
1473 604 1571 696 B.
1611 606 2006 701 PAULI
2080 602 2650 700 APOSTOLI
2723 603 2892 696 AD
2967 600 3565 699 EPHESIOS

1179 779 1363 844 CUM
1398 779 1974 849 INTERJECTIS
2015 783 2092 854 B.
2144 782 2661 849 LANFIIANCI
2702 781 3209 883 GLOSSULIS,

2016 928 2376 947 ﬁ

622 1022 1033 1077 ARGUMENTUM.
1061 1024 1366 1095 --Ephesii
1386 1030 1520 1079 sunt
1537 1026 1747 1080 Asiani.
1789 1027 1878 1091 Hi,
1921 1032 2146 1099 accepto
2228 1029 2550 1098 Apostolus,
2603 1027 2852 1081 scribens
2891 1027 2973 1081 eis
3019 1043 3050 1081 a
3093 1027 3289 1091 Roma,
3332 1027 3403 1081 de
3440 1042 3684 1092 carcere,
3723 1041 3815 1099 per

551 1107 717 1163 verbo
736 1110 1007 1177 veritatis,
1041 1112 1409 1182 perstiterunt
1446 1113 1506 1168 in
1544 1114 1673 1169 ﬁde.
1708 1114 1823 1171 Hos
1866 1115 2149 1172 collaudat
2228 1117 2533 1190 Tychicum
2564 1117 2877 1175 diaconum.

1885 1235 2117 1289 CAPUT
2164 1234 2451 1292 PRIMUM
2463 1281 2478 1297 .

623 1341 671 1398 1.
691 1342 900 1397 Paulus
920 1345 1221 1415 Apostolus
1242 1347 1271 1400 J
1276 1362 1375 1400 esu
1388 1347 1618 1413 Christi,
1645 1364 1757 1403 non
1772 1350 2028 1415 Ananiae,
2053 1369 2152 1422 per
2166 1352 2508 1405 voluntatem
2522 1351 2644 1417 Dei,
2664 1366 2776 1405 non
2796 1353 3008 1405 meritis
3023 1354 3155 1416 suis,
3178 1355 3258 1405 vel
3270 1352 3609 1418 hominibus,
3635 1353 3807 1407 omni-

553 1430 657 1485 bus
678 1432 907 1499 sanctis,
933 1435 1245 1501 baptizatis,
1272 1435 1367 1507 qui
1390 1442 1521 1490 sunt
1535 1436 1757 1508 Ephesi,
1785 1445 1841 1491 et
1855 1439 2129 1505 ﬁdelibus,
2149 1441 2572 1504 catechumenis,
2597 1440 2655 1495 in
2678 1439 2898 1495 Christo
2913 1441 2941 1494 ,Ι
2946 1456 3065 1506 esu,
3080 1443 3143 1494 in
3172 1441 3292 1507 ﬁde.
3326 1440 3542 1506 Gratia,
3568 1445 3813 1495 remissio

554 1526 924 1589 peccatorum,
944 1522 1099 1576 vobis
1118 1529 1176 1577 et
1194 1540 1318 1594 pax,
1339 1541 1449 1594 qua
1472 1530 1901 1581 reconciliamur
1920 1530 2023 1582 Deo
2040 1532 2216 1597 Patri,
2236 1531 2319 1583 vel
2343 1532 2689 1597 observantia
2721 1530 2990 1583 bonorum
3012 1546 3260 1598 operum,
3290 1546 3407 1598 quae
3432 1545 3544 1597 pas:
3575 1536 3652 1584 est
3672 1533 3813 1584 inter

553 1610 728 1665 Deum
751 1615 801 1663 et
828 1610 1096 1676 homines,
1122 1628 1156 1665 a
1179 1613 1293 1669 Deo
1315 1615 1481 1668 Patre
1501 1621 1691 1669 nostro
1706 1622 1763 1669 et
1774 1617 2013 1671 Domino
2043 1623 2081 1682 ι
2101 1623 2232 1684 39
2250 1620 2278 1672 J
2284 1635 2385 1673 esu
2408 1618 2649 1673 Christo.
2670 1617 2701 1674 2
2719 1618 3074 1679 Benedictus.
3108 1619 3389 1682 laudetur,
3408 1618 3560 1672 Deus
3582 1623 3641 1672 et
3657 1619 3814 1672 Pater

556 1697 783 1752 Domini
797 1699 976 1753 nostri
993 1701 1022 1754 J
1028 1717 1127 1755 esu
1148 1702 1376 1769 Christi,
1394 1705 1489 1773 qui
1505 1703 1807 1770 benedixit,
1826 1710 2007 1770 auxit,
2021 1710 2101 1760 vel
2126 1710 2340 1770 ditavit,
2360 1724 2461 1761 nos
2474 1707 2531 1760 in
2555 1707 3105 1762 omnibenedictione
3126 1707 3423 1778 spirituali,
3444 1724 3553 1759 non
3574 1709 3809 1770 carnali,

551 1789 701 1840 sicut
733 1790 981 1855 priorem
1002 1794 1291 1858 populum,
1313 1794 1402 1845 sed
1420 1796 1734 1861 spirituati,
1760 1797 1818 1847 id
1840 1800 1934 1858 est,
1959 1798 2175 1860 ccetesti,
2201 1799 2482 1861 existente,
2506 1800 2561 1863 3,
2582 1797 2636 1860 4,
2657 1797 2709 1849 5.
2736 1796 2796 1850 in
2825 1795 3164 1863 coelestibus,
3197 1797 3256 1848 id
3276 1803 3370 1853 est,
3400 1812 3572 1865 quam
3603 1798 3669 1850 in
3693 1797 3808 1850 calo

550 1879 982 1944 participamus,
1010 1878 1068 1932 in
1097 1880 1337 1945 Christo,
1366 1881 1512 1935 sicut
1535 1882 1704 1952 elegit
1734 1899 1854 1942 nos,
1880 1887 1960 1936 ita
1980 1880 2278 1946 benedixit,
2304 1890 2365 1938 ut
2393 1887 2821 1953 praedestinavit.
2848 1883 2901 1940 6.
2934 1885 2993 1939 in
3017 1885 3156 1956 ipso.
3195 1885 3427 1950 Christo,
3457 1889 3591 1939 ante
3622 1886 3809 1940 mundi

551 1966 1031 2030 constitutionem,
1066 1970 1139 2021 ad
1165 1968 1260 2022 hoc
1288 1973 1465 2037 elegit,
1491 1976 1555 2024 ut
1574 1988 1825 2026 essemus
1846 1973 2024 2024 sancti
2048 1980 2104 2025 et
2128 1973 2478 2027 immaculati
2504 1974 2563 2027 in
2593 1979 2891 2044 conspectu
2916 1975 3058 2043 ejus,
3092 1989 3204 2027 non
3236 1977 3452 2027 meritis
3482 1977 3708 2037 nostris,
3730 1975 3813 2028 sed

559 2054 611 2108 7.
643 2053 702 2107 in
731 2055 1003 2110 charitate
1031 2074 1152 2110 sua.
1176 2060 1298 2113 Ecce
1319 2061 1462 2127 quod
1484 2063 1650 2125 dixit,
1685 2064 1861 2129 elegit.
1887 2063 1937 2116 8.
1973 2062 2079 2126 Qui
2110 2061 2530 2131 praedestinavit
2560 2077 2665 2116 nos
2694 2062 2753 2116 in
2784 2062 3144 2133 adoptionem
3185 2062 3448 2128 ﬁliorum,
3487 2067 3552 2115 ut
3584 2077 3811 2118 essemus

557 2147 757 2206 sancti,
792 2161 893 2215 per
920 2146 1109 2199 Jesum
1140 2147 1422 2201 Christum
1454 2148 1506 2203 9.
1529 2149 1587 2203 in
1610 2150 1823 2219 ipsum;
1860 2153 2005 2204 idem
2036 2152 2181 2218 quod
2200 2154 2264 2204 in
2281 2154 2416 2218 ipso,
2448 2153 2653 2205 scilicet
2671 2152 2994 2212 credituros,
3023 2150 3099 2204 10.
3127 2148 3438 2203 secundum
3459 2148 3804 2218 propositum

557 2231 861 2285 voluntatis
878 2249 1010 2291 suae,
1030 2236 1174 2288 idem
1189 2237 1333 2303 quod
1346 2239 1410 2289 in
1427 2238 1523 2290 cha
1533 2240 1714 2302 ritate,
1740 2238 1799 2291 in
1828 2238 2057 2292 laudem
2075 2239 2269 2307 gloria
2292 2239 2491 2309 gratiae
2508 2256 2641 2303 suae,
2654 2243 2718 2291 ut
2735 2239 2997 2293 laudetur
3015 2241 3257 2305 gloriosa
3288 2239 3475 2304 gratia
3488 2252 3614 2302 sua,
3632 2236 3691 2290 in
3709 2251 3812 2307 qua

556 2320 893 2390 gratiﬁcavit
925 2339 1027 2376 nos
1055 2325 1163 2376 sibi
1178 2324 1235 2376 in
1255 2325 1457 2378 dilecto
1471 2326 1610 2380 Filio
1627 2343 1748 2393 suo,
1784 2330 1845 2380 in
1874 2327 1981 2396 ﬁde
2017 2329 2205 2380 dilecti
2232 2330 2365 2382 Filii
2386 2331 2496 2382 sui.
2526 2329 2592 2382 In
2612 2345 2743 2398 quo,
2774 2329 2834 2381 id
2854 2332 2948 2393 est,
2975 2343 3073 2395 per
3094 2343 3274 2395 quem,
3298 2325 3575 2381 habemus
3598 2325 3804 2382 redem-

558 2408 804 2479 ptionem
821 2410 934 2477 (hoc
948 2414 1194 2478 eﬂ‘ectum
1219 2418 1513 2481 posterius)
1536 2431 1636 2485 per
1660 2415 1991 2485 sanguinem
2013 2417 2083 2483 (et
2105 2419 2286 2484 prius)
2313 2418 2434 2486 ejus
2467 2418 2590 2484 (hac
2618 2423 2690 2470 est
2723 2433 2891 2471 causa
2921 2414 3177 2486 prioris),
3208 2415 3604 2470 remissionem
3626 2430 3806 2486 pecoa-

555 2501 764 2561 torum,
789 2499 1092 2553 secundum
1124 2501 1200 2555 li.
1229 2501 1452 2555 divitias
1467 2504 1665 2573 gratiae
1683 2506 1826 2573 ejus,
1850 2521 1974 2574 quae
1992 2504 2473 2575 superabundavit
2490 2505 2547 2559 in
2574 2505 2758 2570 nobis,
2779 2504 2859 2560 η.
2893 2504 2953 2559 in
2981 2504 3135 2559 omni
3163 2504 3460 2575 sapientia,
3479 2509 3536 2560 et
3568 2503 3800 2574 pruden-

548 2585 648 2650 tia,
686 2592 748 2641 ut
777 2593 969 2641 notum
1001 2589 1213 2642 faceret
1228 2589 1389 2643 nobis
1404 2597 1822 2646 sacramentum
1836 2592 2140 2647 voluntatis
2169 2610 2303 2657 suae,
2335 2597 2480 2663 quod
2496 2612 2667 2662 genus
2693 2596 3008 2649 humanum
3035 2594 3247 2648 salvare
3279 2597 3471 2658 voluit,
3493 2593 3801 2649 secundum

552 2672 962 2745 beneplacitum
986 2679 1126 2747 ejus,
1163 2694 1274 2731 non
1303 2682 1521 2733 meritis
1553 2682 1837 2746 humanis,
1869 2680 1947 2734 l3.
1985 2682 2133 2752 quod
2152 2689 2566 2737 sacramentum
2588 2683 2952 2755 proposuitin
2967 2700 3053 2748 eo,
3072 2686 3134 2737 in
3148 2685 3308 2749 Filio,
3332 2682 3421 2737 l4.
3438 2683 3500 2737 in
3515 2683 3803 2754 dispensa-

550 2762 704 2817 tione
718 2764 748 2818 1
760 2770 807 2819 ὃ.
827 2765 1197 2836 plenitudinis
1214 2771 1555 2839 temporum,
1578 2785 1688 2822 ecce
1705 2772 1849 2838 quod
1854 2773 2153 2839 proposuit,
2176 2769 2495 2825 instaurare
2507 2771 2763 2827 omniain
2781 2771 3155 2842 Christoque;
3170 2771 3230 2826 in
3249 2772 3425 2838 caelis,
3440 2775 3809 2826 imminutum

1902 2886 2489 2943 COMMENTARIUS.

620 2999 777 3054 CAP.
812 2998 865 3057 Ι.
906 3030 962 3042 -
1006 2998 1061 3057 1.
1098 3000 1428 3055 Amsaosws.
1464 3000 1637 3054 Docet
1682 2999 1779 3054 illa
1824 2999 1971 3055 bona
2018 3016 2140 3070 quae
2152 3006 2197 3062 Α
2218 3017 2344 3053 rum
2374 3000 2753 3071 adoptionem,
2804 3000 2874 3055 ab
2924 3018 2990 3055 eo
3042 3001 3191 3072 quod
3239 3001 3458 3055 dixerat
3503 3006 3730 3055 sanctos
3761 3002 3811 3050 et

545 3089 802 3143 Christus
821 3087 980 3141 nobis
1007 3105 1109 3143 suo
1134 3089 1376 3142 adventu
1397 3089 1655 3159 praestitit
1681 3106 1806 3143 cum
1826 3089 2140 3160 gratiarum
2223 3088 2631 3143 immaculatos.

544 3177 783 3231 actione.
822 3177 1024 3230 Postea
1052 3176 1257 3230 transit
1293 3178 1365 3230 ad
1403 3178 1642 3231 ethicam
1673 3178 2137 3240 exhortationem,
2294 3178 2350 3231 9.
2383 3179 2446 3231 In
2485 3182 2685 3246 ipsum.
2729 3178 3007 3241 Quoniam
3055 3177 3193 3232 dixit
3238 3197 3249 3230 :
3295 3176 3714 3248 praedestinavit
3758 3174 3809 3227 in

543 3263 625 3317 sic
649 3265 921 3318 inchoans
956 3283 966 3318 :
1013 3266 1232 3319 Obsecro
1270 3282 1377 3331 vos,
1419 3284 1510 3333 ego
1556 3271 1773 3342 cinctus
1802 3270 1866 3322 in
1911 3268 2140 3321 Domino
2222 3266 2579 3337 adoptionem
2620 3267 2884 3333 ﬁliorum,
2926 3267 3201 3321 incertum
3249 3272 3372 3320 erat
3410 3266 3572 3336 cujus
3610 3264 3810 3319 dioeret

548 3352 749 3420 (ίηίναο
779 3362 871 3413 IVl-
2221 3355 2364 3408 ﬁlios
2393 3372 2514 3408 esse
2544 3356 2852 3426 adoptivos,
2896 3355 3105 3426 adjecit
3131 3374 3142 3408 ε
3176 3355 3233 3409 in
3272 3355 3479 3425 ipsum,
3512 3355 3619 3409 hoc
3647 3358 3731 3407 est
3755 3352 3807 3405 in

612 3439 665 3499 2.
710 3442 1027 3496 Benedictus
1067 3445 1226 3497 Deus.
1272 3444 1590 3498 Benedictio
1629 3462 1751 3515 quae
1791 3446 1854 3499 fit
1894 3444 1951 3498 in
1998 3445 2132 3509 Deo,
2217 3442 2305 3497 sui
2334 3443 2527 3514 ipsius,
2561 3450 2624 3498 ut
2645 3444 2796 3498 illius
2824 3445 2924 3498 filii
2956 3461 3360 3515 nuncupemur.

540 3530 816 3584 confessio
846 3531 965 3585 sola
993 3537 1078 3585 est
1106 3531 1375 3588 bonorum
1393 3551 1515 3605 quae
1542 3534 1795 3605 praestita
1815 3541 1946 3588 sunt
1963 3534 2031 3587 ab
2047 3551 2133 3591 eo.
2294 3530 2377 3588 10.
2404 3532 2717 3587 Secundum
2748 3536 3104 3603 propositum.
3137 3533 3342 3586 Volens
3372 3549 3437 3586 ex
3465 3533 3621 3587 omni
3660 3536 3807 3602 parte

543 3618 866 3673 Benedictio
908 3637 1030 3691 quae
1064 3622 1127 3675 tit
1151 3638 1183 3674 a
1209 3625 1345 3689 Deo,
1378 3623 1437 3677 in
1474 3622 1633 3677 nobis
1667 3623 1955 3693 impletur,
1999 3624 2133 3677 dum

541 3707 663 3777 ejus
691 3708 974 3764 beneﬁciis
1002 3710 1317 3781 implemur.

2217 3620 2326 3674 ista
2384 3622 2646 3675 extollere
2693 3622 2840 3692 quod
2895 3622 3073 3676 multa
3123 3621 3295 3691 digna
3349 3621 3463 3675 sint
3505 3621 3803 3691 gratiarum

2215 3709 2451 3776 actione,
2486 3711 2812 3781 frequenter
2838 3710 2975 3764 dicit
3018 3727 3120 3782 per
3160 3709 3594 3776 ordinationem,
3630 3714 3688 3762 et
3715 3706 3806 3759 bo-

612 3795 662 3854 3.
697 3800 766 3852 In
791 3801 1103 3854 cmleslibus.
1140 3801 1257 3855 Hoc
1287 3806 1374 3855 est
1410 3817 1576 3871 quam
1621 3800 1678 3853 in
1724 3799 1862 3853 coelo
1903 3800 2132 3871 partici-

538 3884 798 3955 pabimus
826 3905 839 3953 ;
872 3887 1007 3941 dicit
1033 3888 1181 3942 enim
1216 3890 1681 3943 resurrectionem
1705 3905 1827 3959 quae
1856 3906 1957 3959 per
1976 3889 2134 3959 spiri-

537 3980 658 4031 tum
688 3975 850 4030 nobis
879 3977 1077 4042 aderit,
1110 3982 1168 4031 et
1204 3994 1274 4031 ne
1311 3978 1435 4048 ipsa
1474 3978 1689 4032 novitas
1742 3983 1986 4030 mentem
2015 3984 2133 4031 tur-

538 4062 733 4131 baret;
769 4066 1059 4135 quoniam.
1086 4083 1197 4119 non
1244 4072 1375 4120 ante
1412 4073 1570 4120 tanta
1626 4067 1907 4131 donasset,
1950 4083 2131 4136 neque

538 4159 730 4223 aperte
762 4153 1030 4221 dixisset;
1079 4172 1200 4225 quae
1241 4155 1355 4209 sint
1392 4155 1499 4209 illae
1542 4155 1863 4226 spirituales
1911 4154 2134 4209 benedi-

536 4242 767 4307 ctiones,
801 4243 1026 4313 utrique
1070 4243 1371 4315 respondet
1414 4243 1645 4297 dicens:
1682 4242 1772 4296 Sic
1815 4242 1985 4312 elegit
2031 4259 2133 4297 nos

2215 3814 2349 3852 num
2376 3798 2662 3869 placitum,
2697 3804 2754 3853 et
2774 3799 3136 3853 voluntatem.

2290 3885 2375 3942 11.
2405 3888 2612 3942 LANFR.
2657 3889 2857 3941 Divitis
2904 3891 3101 3954 gratiae
3151 3904 3278 3941 suae.
3333 3886 3441 3940 Per
3488 3901 3659 3956 quam
3688 3896 3803 3953 gra-

2214 3975 2351 4029 tiam
2387 3991 2497 4029 non
2524 3976 2704 4029 solum
2735 3975 2988 4030 remissio
3008 3982 3065 4030 et
3079 3975 3411 4047 redemptio,
3428 3974 3523 4028 sed
3540 3971 3805 4053 sapientia

2214 4074 2348 4135 (qua
2375 4064 2600 4131 dicitur,
2628 4065 2861 4136 sapitur)
2896 4070 2953 4118 et
2981 4064 3280 4135 prudentia
3304 4079 3544 4117 morum.

2292 4154 2380 4210 l2.
2417 4155 2485 4207 In
2506 4157 2661 4207 omni
2689 4156 2982 4222 sapientia,
3006 4153 3064 4207 id
3095 4158 3199 4217 est,
3233 4152 3372 4206 dans
3398 4150 3558 4205 nobis
3589 4162 3801 4205 omnem

2216 4242 2568 4327 sapientiam,
2603 4244 2659 4296 in
2686 4242 2969 4313 agnitione
2994 4242 3103 4306 sui,
3132 4245 3189 4297 et
3217 4241 3575 4313 prudentiam
3592 4251 3799 4293 morum

540 4346 606 4383 ex
657 4330 780 4401 ipso
826 4337 957 4384 ante
1008 4332 1203 4386 mundi
1242 4332 1697 4386 constitutionem
1738 4348 1860 4386 esse
1909 4335 2552 4394 sanctoanostrorum.

539 4433 729 4472 coram
761 4435 826 4471 eo
835 4458 846 4469 .

610 4506 662 4559 4.
695 4508 939 4564 AUGUST.
977 4509 1043 4561 In
1064 4510 1376 4563 ccelestibus.
1413 4510 1476 4562 In
1506 4507 1841 4573 coelestibus,
1875 4508 2033 4580 quasi
2062 4509 2131 4562 de

538 4594 855 4649 coelestibus
917 4596 1059 4660 Quia
1089 4614 1255 4651 omne
1301 4597 1494 4651 datum
1539 4598 1832 4667 Optimum,
1874 4602 1929 4651 et
1967 4613 2132 4651 omne

538 4683 749 4739 donum
777 4685 1081 4757 perfectum
1108 4687 1403 4742 desursum
1427 4693 1530 4740 est.

613 4771 665 4828 5.
706 4775 913 4830 Lmen.
947 4777 1015 4830 In
1043 4779 1356 4832 cwtestibus.
1399 4775 1659 4829 Ccelestia
1687 4782 1847 4830 vocat
1874 4774 2124 4836 virtutes,

536 4879 640 4935 per
667 4880 904 4935 quarum
935 4864 1344 4921 observantiam
1374 4864 1490 4918 itur
1517 4865 1582 4918 ad
1619 4865 1839 4929 coelum,
1858 4865 1913 4918 in
1930 4864 2129 4935 quibus

536 4951 674 5008 dicit
700 4970 759 5007 se
788 4954 993 5009 habere
1024 4971 1250 5009 omnem
1281 4952 1631 5024 spiritualem
1680 4954 1895 5025 copiam
1928 4955 1987 5008 in
2019 4955 2129 5008 fide

539 5042 771 5098 Christi.

605 5129 658 5188 6.
692 5134 760 5187 In
780 5136 912 5202 ipso.
943 5133 1008 5187 In
1038 5132 1177 5202 ipso,
1217 5130 1668 5185 subaudiendum
1697 5135 1785 5184 est
1806 5147 2132 5201 permansu-

2291 4418 2372 4474 13.
2408 4420 2558 4487 Quod
2608 4422 2908 4488 proposuit.
2965 4420 3182 4474 Bonum
3227 4418 3495 4490 placitum
3539 4431 3704 4472 suum
3748 4413 3801 4465 in

2214 4508 2435 4562 Christo
2462 4509 2611 4562 Dens
2643 4508 2807 4562 Pater
2839 4508 3146 4580 proposuit,
3178 4506 3235 4561 id
3256 4512 3359 4573 est,
3384 4507 3570 4578 palam
3602 4501 3801 4559 mundo

2214 4597 2477 4662 ostendit,
2508 4597 2740 4651 dicens:
2778 4599 2877 4651 Hic
2923 4603 2998 4650 est
3043 4598 3220 4650 Filius
3274 4613 3425 4650 meus
3470 4598 3698 4649 dilectus
3744 4592 3801 4641 in

2215 4702 2320 4755 quo
2350 4688 2492 4740 mihi
2527 4689 2652 4741 bene
2682 4688 3012 4754 complacui.

2294 4775 2371 4830 ll.
2404 4778 2472 4830 In
2499 4776 2904 4844 dispensatione
2933 4775 3325 4843 plenitudinis.
3351 4771 3450 4825 Vel
3507 4774 3640 4825 tunc
3682 4781 3797 4822 cum

2212 4862 2545 4935 disponebat
2570 4864 2761 4918 omnia
2785 4869 3043 4934 tempora
3069 4863 3155 4917 vel
3184 4862 3241 4916 in
3262 4861 3383 4933 ipso
3415 4859 3676 4914 milliario
3699 4871 3800 4928 quo

2212 4959 2378 5007 natus
2406 4958 2493 5007 est
2515 4953 2789 5018 Christus,
2824 4953 2971 5024 quod
3018 4952 3126 5007 fuit
3174 4950 3560 5024 plenitudinis,
3594 4947 3722 5019 quia
3747 4945 3800 4998 in

2212 5058 2277 5096 eo
2306 5043 2585 5114 completa
2625 5047 2756 5096 sunt
2790 5041 3081 5112 promissa.
3114 5041 3217 5095 Vel
3246 5040 3377 5112 quia
3407 5039 3518 5093 alia
3555 5043 3799 5107 tempora

2211 5147 2385 5185 vacua
2403 5131 2632 5185 fuerunt
2659 5147 2693 5184 a
2722 5130 2924 5185 salute.

535 5237 629 5276 ros
655 5240 667 5290 ;
692 5223 775 5276 vel
802 5222 861 5276 in
889 5222 1012 5292 ipso
1042 5219 1229 5289 elegit,
1246 5218 1378 5289 quia
1396 5220 1585 5273 omnia
1604 5220 1662 5273 in
1682 5220 1959 5290 sapientia
1978 5221 2126 5286 fecit,
2151 5212 2195 5272 Ο
2246 5252 2253 5255 ι
2278 5219 2367 5275 15.
2392 5222 2794 5274 Plenitudinis.
2820 5221 2886 5274 In
2906 5219 3342 5290 dispensatione,
3376 5217 3433 5270 id
3465 5221 3568 5283 est,
3600 5216 3657 5269 in
3683 5227 3801 5267 con-

535 5326 655 5380 quae
682 5316 768 5366 est
795 5311 1071 5366 Christus.

606 5402 659 5454 7.
691 5402 938 5456 Aunsos.
961 5400 1029 5453 In
1043 5398 1330 5453 charitate.
1354 5399 1433 5453 Ex
1461 5400 1565 5453 hoc
1596 5399 1923 5469 magnitudo
1951 5406 2132 5455 osten-

537 5488 691 5544 ditur
716 5485 1091 5544 liberalitatis.

604 5579 656 5634 8.
686 5580 793 5647 Qui
814 5578 1243 5646 praedestinavit.
1295 5577 1472 5648 Majus
1513 5584 1599 5632 est
1644 5577 1791 5649 quod
1820 5576 1955 5631 dicit
1996 5577 2134 5631 ﬁlio-

2216 5308 2608 5364 summatione.
2636 5307 2874 5379 Exponit
2892 5308 3025 5377 quid
3046 5307 3265 5361 sitillud
3296 5306 3503 5360 bonum
3543 5302 3795 5376 placitum

2215 5398 2337 5461 Dei,
2367 5397 2619 5452 videlicet
2641 5397 2872 5468 impleto
2904 5402 3159 5467 tempore
3185 5394 3553 5450 ordinationis
3582 5408 3692 5447 sua:
3716 5390 3797 5442 in-

2214 5495 2470 5543 staurare
2497 5488 2555 5542 in
2586 5488 2755 5542 fidem
2786 5486 3000 5540 Christi
3026 5486 3121 5558 qui
3147 5486 3207 5539 in
3250 5485 3401 5539 caelis
3431 5489 3579 5549 sunt,
3614 5482 3669 5537 id
3699 5483 3793 5539 est,

2215 5593 2514 5633 numerum
2560 5576 2891 5646 angelorum
2922 5575 3017 5647 qui
3047 5574 3358 5628 diminutus
3393 5578 3532 5639 erat,
3583 5576 3639 5626 et
3683 5581 3795 5639 qua?
