3912 6392
119 342 222 395 289
797 339 870 391 IN
914 338 976 391 D.
1020 338 1231 392 PAULI
1272 339 1494 395 EPIST.
1537 338 1909 395 COMMENT.
1954 369 2016 381 --
2061 337 2283 391 EPIST.
2325 337 2419 390 AD
2461 334 2712 389 EPHES.
3289 332 3394 391 290

115 465 368 517 ordinem
393 464 741 530 angelorum,
775 466 832 513 et
861 476 983 530 quae
1011 460 1072 515 in
1099 466 1252 516 terra
1274 468 1425 528 sunt,
1458 466 1785 530 corruptum
1813 476 1986 529 genus
2015 461 2351 521 humanum,
2369 459 2427 512 in
2449 459 2587 530 ipso,
2612 461 2674 511 in
2696 459 2930 514 Christo.
2969 457 3052 523 16,
3084 457 3164 515 l7.
3198 460 3262 515 In
3285 476 3395 532 quo

116 556 192 607 vet
237 568 367 621 qua,
407 551 577 606 etiam
618 555 676 605 et
710 566 814 604 nos
857 554 1027 613 sorte,
1074 567 1185 605 non
1228 555 1442 612 merito,
1486 551 1664 605 vocati
1716 567 1931 614 sumus,
1977 547 2355 620 praedestinati
2399 547 2702 602 secundum
2754 547 3099 617 propositum
3143 549 3261 618 ejus
3299 549 3396 620 qui

114 647 380 712 operatur
397 639 587 694 omnia
606 639 912 694 secundum
931 639 1223 694 consilium
1246 641 1547 696 voluntatis
1590 656 1728 704 suae,
1744 645 1807 693 ut
1826 639 2003 692 simus
2023 638 2078 691 in
2101 638 2324 691 laudem
2344 636 2537 707 gloriae
2558 636 2696 705 ejus,
2712 637 3001 689 laudemus
3017 638 3258 704 gloriam
3282 642 3397 705 ejus

116 746 231 794 nos,
265 731 360 800 qui
394 734 527 783 ante
555 728 902 799 speravimus
929 729 985 782 in
1017 728 1271 797 Christo;
1304 730 1363 783 in
1395 747 1504 801 quo
1527 738 1583 784 et
1610 745 1724 793 vos,
1758 731 1934 782 vocati
1960 730 2105 791 estis,
2143 744 2206 779 ea:
2236 743 2360 794 quo,
2400 722 2481 780 18.
2524 741 2649 778 cum
2683 724 2983 778 audissetis
3012 724 3238 780 verbum
3261 726 3401 782 veri-

118 819 268 883 tatis,
303 822 510 872 scilicet
534 817 914 888 (Evangelium
948 818 1149 872 salutis
1171 825 1366 873 vestrae
1401 820 1460 873 in
1492 835 1601 890 quo
1635 819 1867 879 Christo,
1898 821 1954 868 et
1978 814 2267 868 credentes
2300 812 2382 868 19.
2417 813 2624 883 signati
2652 812 2787 866 estis
2814 810 2902 869 20.
2931 814 3140 884 Spiritu
3167 816 3401 886 promis-

117 907 291 963 sionis
322 912 538 970 sancto,
558 908 654 978 qui
670 913 756 961 est
782 907 872 961 21.
903 906 1104 977 pignus
1129 913 1396 977 perpetuae
1423 907 1765 963 haereditatis
1794 910 2018 967 nostrae,
2037 902 2127 960 22.
2151 903 2207 957 in
2230 902 2672 972 redemptionem
2699 902 3101 972 acquisitionis,
3131 904 3398 973 redempti

115 1001 173 1048 ut
195 998 301 1051 Deo
330 998 734 1064 acquiramini,
758 994 817 1049 in
850 996 1070 1049 laudem
1100 996 1291 1065 gloriae
1322 997 1517 1068 ipsius.
1543 998 1848 1068 Propterea
1879 999 2028 1066 (quia
2056 996 2386 1055 credidistis,
2418 1000 2465 1048 et
2497 996 2724 1061 signati,
2760 999 2809 1046 et
2838 997 3015 1048 vocati
3042 997 3183 1059 estis)
3211 1001 3268 1049 et
3293 1013 3395 1068 ego

117 1084 348 1157 audiens
379 1084 547 1138 ﬁdem
576 1089 841 1150 vestram,
869 1101 991 1155 quae
1019 1092 1107 1138 est
1134 1085 1192 1139 in
1212 1086 1448 1140 Domino
1478 1088 1505 1141 J
1513 1104 1630 1151 esu,
1656 1094 1713 1140 et
1731 1085 2089 1141 dilectionem
2118 1083 2177 1136 in
2206 1099 2401 1136 omnes
2422 1087 2663 1142 sanctos,
2684 1098 2796 1135 non
2815 1074 2969 1136 cesso
2989 1083 3202 1153 gratias
3225 1102 3398 1155 agens

118 1190 213 1244 pro
240 1171 427 1238 vobis,
467 1173 798 1226 memoriam
830 1171 999 1226 vestri
1037 1173 1246 1228 faciens
1283 1175 1341 1228 in
1379 1175 1725 1230 orationibus
1761 1174 1919 1238 meis,
1948 1172 2039 1229 ‘23.
2085 1177 2149 1225 ut
2179 1172 2327 1226 Deus
2369 1170 2589 1224 Domini
2620 1170 2797 1224 nostri
2826 1172 2957 1226 Jesu
2988 1171 3195 1227 Christi
3226 1173 3397 1230 Pater

117 1262 328 1332 gloriae,
353 1261 451 1315 det
477 1261 631 1315 vobis
662 1261 925 1331 spiritum
953 1261 1245 1333 sapientiae
1268 1269 1325 1317 et
1346 1264 1718 1331 revelationis,
1744 1264 1801 1318 in
1827 1262 2113 1332 agnitione
2134 1261 2273 1329 ejus,
2294 1265 2342 1312 et
2363 1261 2447 1312 det
2468 1259 2612 1312 vobis
2634 1258 2978 1313 illuminatos
2999 1262 3189 1315 oculos
3209 1263 3393 1318 cordis

120 1351 304 1415 vestri,
334 1355 400 1404 ut
428 1348 618 1404 sciatis
649 1366 771 1421 qum
801 1350 873 1404 sit
911 1367 1037 1420 spes
1064 1352 1367 1406 vocationis
1396 1353 1538 1422 ejus,
1570 1370 1689 1421 quae
1724 1358 1771 1406 et
1791 1358 2070 1420 quantum
2095 1351 2320 1417 speretis
2347 1351 2542 1408 vocati,
2574 1353 2631 1401 et
2660 1364 2782 1419 quae
2811 1348 3014 1403 divitiae
3034 1351 3245 1420 gloriae,
3277 1356 3396 1420 glo-

122 1441 273 1493 riosa
300 1438 646 1493 hereditatis
668 1439 787 1508 ejus
814 1438 872 1492 in
897 1441 1124 1504 sanctis,
1149 1445 1206 1493 et
1232 1440 1321 1496 2i.
1351 1457 1473 1511 quae
1502 1441 1579 1495 sit
1604 1439 2036 1512 supereminens
2059 1436 2386 1511 magnitudo
2417 1435 2639 1489 virtutis
2668 1438 2788 1504 ejus
2817 1435 2874 1490 in
2902 1454 3143 1506 nos,quo
3159 1440 3397 1495 daturus

124 1535 197 1605 est
223 1529 378 1582 nobis
410 1530 902 1595 incorruptionem,
935 1528 1155 1605 25..qui
1175 1529 1455 1584 credimus
1484 1513 1794 1584 secundum
1823 1527 2209 1599 operationem
2239 1523 2500 1596 potentia
2524 1525 2747 1579 virtutis
2769 1525 2912 1595 ejus,
2943 1543 3109 1596 quam
3134 1533 3397 1598 Operatus

128 1602 284 1672 estin
319 1616 565 1680 Christo,
598 1616 874 1671 suscitans
908 1602 1066 1670 illum
1098 1634 1129 1671 a
1161 1618 1416 1685 mortuis,
1445 1625 1505 1672 et
1530 1618 1618 1676 26.
1654 1617 2002 1673 constituens
2028 1615 2098 1668 ad
2129 1614 2416 1667 dexteram
2447 1630 2608 1685 suam
2657 1613 2715 1666 in
2748 1613 3065 1668 ccelestibus
3100 1613 3190 1668 27.
3224 1632 3397 1687 supra

128 1721 346 1759 omnem
375 1704 773 1775 principatum,
805 1711 862 1759 et
891 1710 1248 1775 potestatem,
1293 1712 1351 1760 et
1382 1705 1671 1769 virtutem,
1718 1712 1775 1760 et
1802 1702 2266 1765 dominationem,
2311 1697 2400 1758 28.
2443 1705 2500 1754 et
2531 1717 2700 1754 omne
2740 1707 2934 1768 [40-
2964 1707 3127 1769 ιιι.
3169 1719 3395 1772 nomen,

129 1793 272 1863 quod
295 1791 623 1847 nominatur
650 1809 763 1846 non
789 1792 968 1847 solum
999 1793 1056 1847 in
1097 1794 1202 1847 hoc
1229 1795 1451 1861 saeculo,
1483 1796 1581 1849 sed
1620 1794 1790 1848 etiam
1819 1792 1878 1846 in
1914 1792 2123 1845 futuro.
2158 1790 2226 1843 Et
2260 1788 2449 1842 omnia
2486 1789 2724 1859 subjecit
2754 1789 2858 1845 sub
2890 1789 3124 1861 pedibus
3155 1792 3309 1863 ejus;
3343 1798 3401 1847 et

129 1881 304 1954 ipsum
321 1881 480 1936 dedit
497 1886 664 1952 caput
688 1898 857 1952 supra
877 1898 1102 1937 omnem
1126 1883 1451 1950 Ecclesium,
1476 1881 1565 1940 29.
1591 1900 1713 1954 quae
1736 1887 1822 1936 est
1850 1866 2051 1951 corpus
2073 1878 2266 1950 ipsius,
2286 1883 2344 1931 et
2363 1873 2450 1934 30.
2483 1878 2772 1949 plenitudo
2803 1881 2850 1949 ej
2862 1896 2942 1944 us,
2971 1879 3066 1950 qui
3093 1880 3285 1935 omnia
3306 1878 3393 1937 31.

131 1970 186 2024 in
210 1968 471 2024 omnibus
509 1967 868 2039 adimpletur.

1566 2044 1571 2049 ’
1592 2041 1829 2098 CAPUT
1852 2041 1924 2097 II.

146 2108 153 2115 '
197 2140 266 2194 Et
295 2155 390 2194 vos
412 2155 542 2193 cum
563 2138 757 2195 essetis
777 2142 941 2209 prius
966 2139 1173 2194 mortui
1201 2137 1418 2194 delictis
1437 2141 1770 2206 actualibus,
1797 2146 1855 2194 et
1880 2138 2121 2210 peccatis
2146 2139 2517 2207 originalibus
2544 2136 2761 2198 vestris,
2786 2135 2845 2191 in
2870 2136 3071 2207 quibus
3095 2136 3398 2208 aliquando

1468 2265 2062 2321 COMMENTARIUS.

134 2363 218 2432 υἱ,
250 2361 433 2433 quiin
452 2359 635 2433 terra]
659 2366 809 2428 sunt,
835 2361 1096 2416 homines
1118 2362 1378 2416 videlicet
1398 2362 1497 2433 qui
1516 2377 1721 2432 magna
1738 2370 1786 2424 Α
1804 2378 2007 2434 magna
2036 2378 2170 2432 erga
2186 2378 2289 2417 nos
2306 2363 2401 2433 qui
2433 2362 2490 2417 in
2522 2378 2651 2416 eum
2671 2362 2955 2417 credimus
2979 2361 3050 2416 ab
3074 2379 3143 2417 eo
3158 2362 3404 2421 efﬁcien-

133 2465 197 2504 ex
222 2457 382 2521 parte
406 2448 713 2522 perierant.

204 2538 561 2607 16.(Auous'r.
579 2540 758 2593 Tract.
768 2555 888 2608 psa.
903 2578 914 2592 .
931 2556 1053 2606 xxx,
1071 2543 1316 2594 concion.
1332 2543 1382 2605 ‘2,
1397 2545 1535 2594 tom.
1550 2541 1723 2604 VIII).

133 2629 199 2681 In
230 2643 333 2696 quo
361 2633 412 2681 et
442 2643 541 2681 nos
566 2633 732 2681 sorte.
780 2626 942 2681 Sorte
971 2628 1114 2682 dixit
1138 2629 1405 2698 gratiam,
1451 2645 1558 2699 qua
1589 2629 1727 2683 salvi

136 2714 265 2769 facti
302 2731 551 2769 sumus.:
581 2715 768 2778 Quare
825 2717 994 2770 sortis
1050 2716 1277 2770 nomine
1315 2718 1560 2788 appellat
1603 2734 1721 2788 gra-

133 2804 309 2858 tiam?
340 2803 482 2868 Quia
519 2803 578 2858 in
606 2809 757 2858 sorte
787 2820 899 2859 non
931 2812 1016 2859 est
1065 2806 1280 2871 electio,
1323 2806 1419 2859 sed
1467 2807 1729 2861 voluntas

136 2894 254 2949 Dei.
305 2894 449 2947 Nam
483 2892 581 2947 ubi
615 2892 821 2948 dicitur
852 2913 863 2947 :
913 2894 1021 2948 iste
1076 2894 1229 2955 facit,
1262 2894 1370 2948 iste
1420 2911 1535 2949 non
1573 2894 1724 2960 facit,

136 2982 334 3037 merito
364 2981 811 3048 considerantur,
843 2991 902 3036 et
923 2981 1018 3037 ubi
1046 2983 1250 3037 merita
1277 2983 1722 3050 considerantur,

135 3071 330 3126 electio
351 3086 463 3125 non
480 3076 569 3124 est
594 3088 734 3124 sors.
764 3071 999 3135 Quando
1023 3077 1211 3125 autem
1235 3072 1391 3125 nulla
1414 3073 1617 3126 merita
1633 3089 1730 3127 no-

134 3166 251 3215 stra
290 3160 520 3224 invenit,
561 3165 713 3214 sorte
743 3160 1045 3214 voluntatis
1082 3177 1196 3214 suae
1226 3176 1328 3214 nos
1365 3161 1546 3215 salvos
1571 3158 1723 3226 facit,

134 3248 271 3318 quia
300 3249 494 3312 voluit,
518 3264 629 3302 non
669 3249 801 3319 quia
830 3249 985 3319 digni
1028 3249 1273 3315 fuimus;
1318 3249 1431 3303 haec
1461 3256 1547 3304 est
1585 3266 1725 3306 sors.

202 3336 290 3393 17.
312 3337 516 3391 Laure.
544 3338 613 3390 In
640 3354 745 3405 quo
768 3344 817 3391 et
875 3354 990 3392 nos.
1011 3338 1337 3393 Immutatio
1358 3354 1588 3393 casuum
1621 3345 1725 3405 est,

133 3426 294 3497 quasi
319 3425 532 3481 diceret
566 3443 576 3478 :
612 3425 670 3479 in
698 3442 884 3496 quem,
909 3427 966 3481 id
999 3428 1181 3494 est,in
1209 3428 1369 3497 cujus
1394 3428 1601 3499 fidem;
1644 3429 1728 3482 vel

128 3515 188 3569 in
217 3530 351 3585 quo,
376 3514 435 3567 id
474 3520 577 3577 est,
603 3530 704 3584 per
733 3530 918 3585 quem.

196 3599 290 3656 18.
320 3603 569 3656 Αυθιιοε.
599 3604 739 3658 Cum
765 3605 1074 3669 audissetis,
1105 3604 1162 3658 in
1189 3605 1309 3675 ipso
1335 3610 1392 3660 et
1420 3623 1515 3660 vos
1557 3605 1724 3660 verba

1809 2458 1940 2519 tur;
1976 2458 2035 2507 et
2064 2452 2167 2505 hoc
2203 2451 2466 2523 explanat
2518 2451 2885 2505 memoranda
2930 2467 3052 2522 quae
3079 2451 3139 2505 in

1808 2542 1957 2595 facta
1972 2546 2120 2595 sunt.
2147 2531 2512 2595 Etconsidera
2532 2540 2665 2611 quia
2686 2556 2795 2593 non
2815 2540 2953 2594 dicit
2969 2540 3207 2610 gloriam
3228 2541 3406 2595 haere-

1809 2630 2001 2684 ditatis
2013 2629 2301 2691 absolutae,
2314 2629 2413 2684 sed
2428 2628 2651 2683 divitias
2675 2629 2869 2699 gloriae
2889 2648 2901 2696 ;
2926 2638 3107 2700 neque
3136 2629 3403 2685 virtutem

1810 2719 1952 2788 ejus,
1986 2718 2083 2772 sed
2116 2735 2297 2789 neque
2347 2717 2793 2789 magnitudinem
2840 2717 3066 2771 virtutis
3094 2719 3219 2787 ejus
3250 2736 3263 2784 ;
3306 2719 3404 2775 sed
3464 2764 3472 2770 .

1808 2808 2224 2861 vehementius:
2247 2824 2369 2877 quae
2388 2807 2464 2860 sit
2490 2806 2916 2878 supereminens
2942 2806 3271 2876 magnitudo
3300 2807 3406 2861 vir-

1811 2896 1948 2951 tutis
1977 2897 2118 2966 ejus.

1880 2983 1976 3041 25.
2016 2985 2221 3039 Lmen.
2256 2987 2363 3052 Qui
2395 2984 2689 3047 credimus,
2722 2989 2808 3037 etc
2836 3021 2852 3044 ,
2883 2982 2941 3036 id
2969 2988 3074 3047 est,
3105 2983 3202 3054 qui
3229 2984 3405 3038 credi-

1812 3088 1936 3126 mus
1955 3072 2145 3126 omnia
2160 3088 2282 3142 qua:
2298 3076 2560 3142 operatus
2576 3076 2660 3124 est
2673 3071 2733 3124 in
2745 3071 2967 3126 Christo
2972 3071 3404 3143 ,possitoperari

1812 3161 1871 3214 in
1892 3159 2075 3223 nobis,
2095 3161 2152 3214 id
2179 3166 2282 3225 est,
2308 3159 2793 3214 resurrectionem.

1880 3247 1970 3305 29.
1990 3251 2233 3303 AMBROS.
2258 3250 2629 3315 Gonstituens,
2652 3248 2758 3302 hoc
2777 3254 2865 3303 est
2890 3249 3218 3320 participem
3244 3249 3403 3305 illum

1810 3337 2038 3392 honoris
2055 3338 2288 3409 accepit,
2317 3337 2387 3391 de
2409 3343 2668 3408 suscepto
2696 3337 2923 3392 homine
2946 3338 3000 3391 id
3033 3338 3242 3406 dicens,
3276 3354 3405 3409 pro-

1811 3431 1936 3496 pter
1955 3425 2364 3480 inhabitantem
2387 3441 2602 3478 mecum
2624 3424 2712 3494 [f.,
2737 3426 2948 3496 secum]
2972 3431 3233 3481 naturam
3254 3426 3406 3481 verbi

1812 3514 1934 3569 Dei.
2128 3560 2131 3563 .
2218 3558 2223 3563 .

1875 3602 1970 3660 27.
1997 3602 2199 3657 Laure.
2225 3602 2411 3671 Supra
2422 3619 2641 3657 omnem
2654 3606 3063 3672 principatum,
3083 3603 3276 3665 etc.,id
3297 3610 3402 3671 est,

133 3690 417 3762 Evangelii
448 3691 705 3756 audistis,
738 3697 795 3745 et
821 3693 890 3746 ad
923 3692 1090 3746 ﬁdem
1119 3695 1451 3760 accessistis,
1476 3699 1534 3749 et
1559 3682 1789 3765 sptri-B
1809 3708 1979 3761 super
2026 3691 2355 3760 angelorum
2399 3696 2456 3745 et
2500 3690 2965 3761 archangelorum
3001 3693 3250 3758 nomina,
3284 3709 3409 3763 quas

131 3786 221 3835 tus
267 3778 667 3850 paticipatione
713 3781 1198 3835 conﬁrmationem
1252 3783 1562 3854 accepistis,
1625 3783 1730 3837 hoc

134 3869 279 3923 enim
308 3868 444 3922 dicit
481 3888 491 3921 :
524 3868 748 3936 Signati
775 3873 919 3924 estis.

206 3956 300 4014 19.
339 3957 549 4013 LANFn.
585 3955 811 4025 Signati
835 3962 981 4013 estis.
1016 3958 1167 4014 Ordo
1196 3964 1283 4014 est
1316 3977 1327 4013 :
1362 3958 1568 4029 signati
1596 3958 1729 4013 estis

133 4046 190 4101 in
217 4045 667 4117 redemptionem
698 4045 1082 4117 acquisitionis
1114 4067 1127 4114 ;
1160 4048 1390 4119 spiritus
1420 4048 1569 4117 enim
1609 4064 1729 4103 cre-

135 4135 331 4191 dentes
362 4135 567 4206 signat,
598 4134 654 4189 id
695 4141 801 4201 est,
834 4136 903 4191 ab
932 4136 1058 4191 aliis
1095 4137 1415 4191 hominibus
1444 4136 1726 4202 discernit,

138 4230 191 4279 et
218 4229 475 4296 separat;
508 4225 640 4295 quia
660 4241 693 4280 a
720 4225 962 4296 peccatis
992 4240 1086 4280 eos
1109 4232 1314 4298 purgat
1339 4233 1393 4281 et
1423 4226 1733 4297 spirituali-

136 4312 241 4368 bus
267 4313 471 4383 gratiis
494 4318 677 4368 ornat.

204 4399 296 4458 20.
328 4404 582 4457 Ακκειοε.
623 4402 901 4472 Spiritum
922 4405 1327 4472 promissionis.
1360 4400 1512 4457 Bene
1541 4408 1733 4458 autem

140 4490 401 4564 spiritum
433 4491 818 4562 promissionis
859 4492 1090 4556 vocavit,
1123 4491 1387 4562 quoniam
1425 4490 1574 4546 bona
1613 4508 1736 4563 quae

143 4586 463 4653 exspectant
483 4580 539 4634 in
565 4581 773 4650 futuro,
795 4582 976 4637 sancti
989 4581 1231 4653 Spiritus
1248 4580 1736 4653 participationem

143 4676 489 4744 exspectant.

207 4759 305 4816 21.
362 4761 573 4828 Pignus
628 4761 980 4817 hareditatis.
1045 4757 1507 4831 Redemptionem
1558 4758 1734 4823 illam,

144 4848 489 4915 finitionem,
525 4866 648 4920 quae
674 4854 810 4904 tunc
833 4849 959 4917 erit,
981 4854 1156 4917 vocat,
1185 4849 1334 4920 quod
1362 4848 1556 4904 formae
1587 4847 1737 4903 illius

145 4936 375 4992 dabitur
388 4976 400 4988 .

208 5026 303 5084 22.
357 5028 424 5082 In
452 5027 898 5095 redemptionem.
930 5025 1398 5097 Redemptionem
1439 5029 1601 5081 vocat
1628 5024 1737 5078 im-

148 5115 570 5180 mortalitatem,
605 5131 727 5185 quw
764 5115 873 5169 erit
899 5131 1000 5186 per
1023 5117 1510 5178 resurrectionem,
1544 5112 1737 5183 acqui-

150 5204 410 5261 sitionem
453 5219 587 5258 vero
636 5202 1080 5258 familiaritatem
1117 5220 1279 5259 suam
1308 5220 1433 5275 quas
1456 5202 1532 5258 ad
1561 5203 1739 5256 Deum

153 5294 274 5350 erit.

217 5382 309 5440 23.
347 5381 411 5437 Ut
438 5381 580 5437 Deus
609 5381 836 5437 Domini
862 5385 1059 5438 nostri.
1086 5381 1287 5437 Dicens
1319 5380 1526 5437 Christi
1556 5398 1740 5438 susce-

1812 3780 1977 3834 modo
2018 3781 2289 3840 sciuntur,
2324 3785 2381 3832 et
2426 3796 2595 3850 super
2643 3779 2833 3833 omnia
2872 3796 2997 3850 qua:
3055 3781 3125 3834 ad
3164 3798 3409 3850 praesens

1810 3868 2173 3939 ignorantur;
2206 3868 2292 3921 vel
2330 3884 2500 3938 super
2547 3868 2769 3922 cceleste
2800 3874 2856 3922 et
2883 3874 3150 3922 terrestre
3177 3883 3402 3926 nomen.

1881 3954 1971 4013 28.
1999 3957 2067 4011 Et
2097 3973 2256 4010 omne
2292 3973 2510 4010 nomen.
2540 3957 2669 4010 Hoc
2696 3961 2783 4011 est
2825 3956 2942 4010 sive
2968 3956 3183 4027 aliquid
3211 3973 3407 4033 secun-

1813 4045 1947 4100 dum
1978 4050 2311 4117 praesentem
2344 4045 2516 4098 vitam
2566 4045 2909 4111 nominatur,
2954 4050 3014 4099 et
3056 4046 3411 4116 cognoscitur

1814 4149 1936 4188 esse
1962 4150 2233 4204 magnum
2256 4133 2405 4203 quod
2431 4150 2535 4188 nos
2557 4133 2612 4187 in
2636 4133 2828 4189 futuro
2848 4150 3182 4204 cognoscere
3208 4135 3414 4206 poteri-

1816 4239 1960 4291 mus,
1994 4224 2142 4294 quod
2166 4239 2316 4277 nunc
2335 4223 2525 4278 forsan
2568 4223 2869 4289 nescimus,
2899 4223 3153 4280 omnium
3181 4223 3410 4281 illorum

1816 4312 2162 4383 superiorem
2185 4310 2331 4365 fecit.

1885 4399 1971 4456 27.
2004 4402 2129 4467 Quas
2156 4405 2233 4454 est
2253 4414 2447 4468 corpus
2476 4402 2671 4469 ipsius.
2697 4399 2913 4472 Corpus
2940 4402 3063 4472 ejus
3084 4416 3299 4471 sumus,
3332 4401 3411 4459 si-

1816 4489 2194 4544 militudinem
2223 4493 2459 4554 naturae,
2492 4495 2550 4543 et
2593 4489 2925 4561 participem
2961 4490 3193 4562 spiritus
3244 4493 3416 4548 susci-

1816 4577 2052 4648 pientes,
2085 4581 2143 4630 et
2169 4592 2371 4647 corpus
2400 4592 2578 4631 unum
2618 4577 2830 4631 erimus
2855 4593 3068 4644 omnes,
3111 4578 3246 4649 quia
3267 4594 3418 4636 com«

1818 4682 2048 4721 munem
2072 4665 2421 4736 suscepimus
2445 4665 2915 4721 resurrectionem
2936 4666 2996 4722 in
3015 4666 3413 4725 immortalita-

1818 4760 1953 4810 tem.
1983 4755 2048 4810 In
2074 4754 2269 4809 ordine
2305 4771 2432 4809 vero
2462 4755 2822 4826 mputhobis
2870 4754 3126 4811 Christus
3154 4758 3265 4812 erit
3289 4780 3303 4825 -,
3349 4774 3415 4814 ex

1822 4863 1931 4917 quo
1974 4845 2156 4900 omnis
2205 4861 2375 4899 causa
2427 4845 2686 4900 secundae
2716 4846 3163 4917 regenerationis
3200 4849 3273 4903 in
3314 4864 3418 4904 nos

1755 4959 1797 5020 ο
1821 4935 2102 4990 derivasse
2133 4933 2376 4992 videtur.
2402 4958 2405 4961 ·

1893 5020 1979 5079 30.
2021 5022 2234 5077 Lmae.
2269 5022 2568 5077 Plenitudo
2598 5026 2734 5090 eius.
2773 5023 3067 5078 Plenitudo
3097 5024 3305 5079 Christi
3331 5032 3419 5081 est

1822 5110 2083 5175 Ecclesia,
2107 5110 2240 5181 quia
2267 5110 2326 5164 in
2354 5116 2505 5165 eaet
2540 5127 2643 5182 per
2689 5128 2818 5167 eam
2849 5112 3135 5168 adduntur
3164 5113 3420 5170 membra

1821 5200 2064 5265 Christo,
2096 5199 2153 5253 id
2178 5205 2285 5266 est,
2316 5199 2530 5255 ﬁdeles.

1893 5288 1980 5343 31.
2011 5290 2254 5344 AMBROS.
2292 5291 2360 5344 In
2403 5293 2660 5345 omnibus
2688 5292 3045 5359 adimpletur.
3093 5291 3210 5346 Hoc
3235 5298 3323 5347 est
3360 5292 3421 5350 in

1822 5378 2082 5436 omnibus
2103 5379 2298 5450 plenus
2319 5384 2422 5434 est.
2442 5379 2766 5434 Necessario
2785 5384 2973 5432 autem
2989 5379 3196 5450 adjecit
3206 5383 3418 5451 omnia,

154 5476 309 5542 ptum
346 5472 563 5526 indicat
591 5472 910 5541 hominem;
941 5479 1105 5544 pater
1134 5472 1330 5544 gloriae
1367 5472 1614 5543 gloriosa
1656 5477 1745 5527 est
1824 5470 2125 5525 Ostendens
2153 5471 2337 5524 totum
2385 5468 2624 5523 existere
2673 5468 2733 5522 in
2765 5467 3044 5533 omnibus,
3097 5477 3263 5541 prout
3294 5474 3420 5545 quis

157 5563 303 5617 enim
326 5562 519 5617 divina
543 5567 767 5617 natura.

1781 5626 1787 5635 ε
1827 5560 2074 5632 cogitare
2097 5556 2335 5613 voluerit
2378 5557 2493 5613 sive
2520 5557 2781 5628 essentia,
2835 5558 2950 5613 sive
2980 5558 3040 5614 in
3071 5562 3419 5639 operatione,

158 5688 178 5696 η
219 5649 311 5710 24.
344 5653 475 5721 Qua
499 5654 573 5705 sit
598 5653 1030 5721 supereminens,
1052 5650 1113 5706 id
1130 5656 1233 5718 est,
1267 5650 1472 5721 qualia,
1492 5655 1562 5707 et
1577 5665 1746 5723 quam
1829 5649 1942 5705 sive
1972 5649 2030 5705 in
2056 5648 2281 5703 virtute.
