3878 6344
465 349 562 408 291
1445 337 1507 390 Β.
1551 330 1964 388 LANF‘RANCI
2001 323 2357 384 CANTUAR.
2403 319 2744 375 ARCHIEP.
3626 306 3732 367 292

466 471 798 532 ambulastis
823 468 870 527 1.
897 465 1203 524 secundum
1219 462 1504 524 saeculum,
1542 460 1847 523 saeculares,
1883 454 2078 510 mundi
2101 452 2290 521 hujus,
2313 447 2366 503 2.
2393 443 2700 500 secundum
2717 439 3336 532 principemidiabolum
3361 437 3414 493 3.
3439 437 3740 510 potestatis

741 517 1101 629 us,‘spiritu—sj
1115 555 1230 625 qui,
1263 517 1424 618 ordo;
1455 517 1553 619 qui
1570 551 1800 616 spiritus
1838 517 1988 598 nunc
2019 517 2283 612 operatur
2311 537 2361 590 4.
2386 535 2445 588 in
2470 534 2614 587 ﬁlios
2638 517 2987 595 difﬁdentiae,
3010 531 3072 582 de
3087 530 3372 596 promissis
3399 528 3732 593 difﬁdentes,

464 655 519 711 5.
553 655 613 708 in
635 615 836 724 quibus
862 615 1088 715 peccatis
1119 648 1177 696 et
1199 657 1302 695 nos
1330 654 1524 692 omnes
1541 634 1840 706 aliquando
1869 629 2178 686 conversati
2209 641 2404 681 sumus
2423 624 2479 677 in
2501 621 2790 676 desideriis
2807 620 2990 674 carnis
3017 623 3242 682 nostrae,
3265 616 3660 685 eecequomodo
3677 615 3746 667 in.

1834 722 1842 724 ς
1939 722 1948 724 -
2223 721 2230 724 .
2593 717 2600 724 .
2820 712 2829 722 .
2877 710 2887 721 .
2977 711 3014 724 ..
3064 723 3067 724 ν
3148 723 3152 724 ί
3203 712 3217 724 ,
3268 704 3470 724 μυρίῳ
3529 704 3746 724 Δωμι

464 704 772 805 desideriis,
804 712 1072 791 faeientes
1099 731 1443 784 voluntatem
1465 724 1647 779 carnis
1662 722 2148 793 etcogitationum,
2184 721 2240 770 et
2268 729 2493 768 eramus
2513 717 2715 764 natura
2741 710 3014 778 originali
3036 712 3247 777 peccato
3267 704 3367 759 ﬁlii
3381 705 3501 771 iraa,
3524 704 3750 758 sicutet

465 826 1030 893 caeteri,interpositio
1078 819 1127 873 6.
1152 817 1300 871 Deus
1331 820 1542 877 autem,
1577 812 1672 882 qui
1702 811 1856 865 dives
1884 815 1971 864 est
1997 811 2054 863 in
2083 803 2480 868 misericordia,
2527 805 2755 871 propter
2784 799 3014 852 nimiam
3047 796 3378 850 charitatem
3411 811 3592 860 suam,
3630 808 3750 863 qua

465 919 661 973 dilexit
686 933 806 980 nos,
861 917 920 966 et
957 926 1082 964 cum
1112 922 1359 961 essemus
1387 904 1594 957 mortui
1625 901 1882 972 peccatis,
1915 894 2316 953 conviviﬁcavit
2340 909 2441 946 nos
2465 891 2523 944 in
2545 890 2788 956 Christo,
2823 889 3002 957 (cujus
3029 886 3215 956 gratia
3245 886 3384 939 estis
3413 883 3657 948 salvatil,
3688 886 3751 935 et

465 974 940 1066 conresuscitavit,
973 999 1026 1052 7.
1053 1003 1108 1051 et
1137 994 1437 1050 consedere
1467 991 1594 1044 fecit
1624 988 1681 1042 in
1712 987 2030 1042 coelestibus
2057 987 2116 1040 in
2137 983 2359 1039 Christo
2389 983 2540 1047 Jesu,
2577 979 2631 1035 8.
2664 985 2726 1034 ut
2769 979 3091 1032 ostenderet
3119 976 3173 1029 9.
3208 976 3265 1029 in
3294 974 3512 1030 saeculis
3543 989 3750 1042 super-

463 1092 832 1155 venientibus,
851 1091 909 1142 id
924 1092 995 1141 est
1014 1085 1327 1140 hominibus
1344 1082 1576 1148 ﬁzturis,
1606 1082 1670 1130 ut
1700 1079 1838 1129 idem
1865 1081 2077 1144 sperent
2099 1077 2160 1127 de
2180 1089 2250 1137 se,
2280 1076 2361 1126 vet
2390 1075 2454 1126 in
2474 1076 2673 1124 sterno
2702 1065 3280 1133 saeculo,abundantes
3293 1063 3516 1117 divitias
3541 1059 3748 1132 gratiae

464 1185 739 1252 suae,quia
753 1186 789 1246 I
807 1181 931 1244 ιιιι
945 1176 1180 1229 salvavit
1201 1169 1780 1236 nos,inbonitate,non
1802 1167 2018 1217 meritis
2032 1166 2432 1232 nostris,super
2445 1159 2616 1214 nosin
2637 1158 2859 1213 Christo
2876 1157 2903 1210 J
2910 1173 3028 1218 esu,
3048 1158 3111 1208 in
3122 1156 3225 1223 ﬁde
3242 1155 3466 1208 Christi.
3497 1153 3750 1205 Ostensio

465 1243 976 1328 bonitiztisiGratia
1003 1262 1154 1318 enim
1185 1259 1318 1313 estis
1349 1255 1548 1310 salvati
1580 1270 1680 1325 per
1707 1252 1898 1318 ﬁdem,
1912 1251 2106 1314 ethoc,
2125 1253 2275 1303 salus
2291 1255 2502 1312 nostra,
2525 1263 2636 1301 non
2650 1264 2716 1301 ex
2735 1244 3018 1311 vobis,Dei
3031 1243 3178 1298 enim
3191 1243 3400 1296 donum
3421 1245 3529 1308 est,
3545 1255 3663 1292 non
3681 1255 3752 1292 ex

463 1359 742 1434 operibus,
774 1360 840 1410 ut
874 1370 946 1406 ne
975 1351 1100 1422 quis
1130 1352 1194 1401 in
1216 1365 1267 1400 se
1287 1346 1456 1416 (quod
1487 1360 1598 1396 non
1628 1343 1794 1408 decet)
1819 1339 2115 1410 glorietur,
2147 1339 2290 1405 quod
2322 1339 2543 1405 faceret,
2595 1338 2645 1388 si
2680 1353 2748 1389 ea:
2775 1337 3025 1404 operibus
3055 1337 3388 1387 salvaretur.
3423 1327 3509 1385 10.
3546 1327 3738 1399 Ipsius

465 1419 616 1506 enim
648 1462 844 1501 sumus
862 1419 1098 1498 factura,
1131 1435 1304 1491 creati
1331 1435 1389 1487 in
1409 1432 1630 1488 Christo
1660 1431 1790 1483 Jesu
1822 1429 1878 1482 in
1907 1426 2169 1499 cperibus
2188 1425 2381 1490 bonis;
2418 1428 2482 1478 in
2506 1427 2602 1478 hoc
2619 1427 2784 1477 etiam.
2807 1425 2949 1492 quod
2978 1425 3104 1475 bene
3132 1434 3447 1490 operemur,
3473 1419 3618 1484 facti
3656 1433 3754 1469 su-

465 1555 591 1592 mus
628 1537 753 1600 Deo,
785 1549 896 1603 qua
913 1525 1246 1602 praeparavit
1262 1524 1532 1586 Deus,nec
1553 1521 1647 1572 hoc
1665 1534 1699 1571 α-
1724 1520 1967 1581 nobis,ut
1984 1515 2044 1568 in
2064 1514 2174 1568 illis
2203 1514 2573 1567 ambulemus.
2597 1514 2654 1565 11
2676 1553 2686 1564 .
2710 1513 2945 1582 Propter
2959 1510 3126 1581 quod,
3151 1513 3283 1577 quia
3301 1510 3503 1562 salvati
3529 1508 3748 1573 gratia,

467 1642 747 1685 memores
775 1595 954 1676 estote
983 1595 1129 1696 quod
1157 1610 1457 1683 aliquando
1483 1625 1578 1662 vos
1597 1606 1861 1677 gentesin
1877 1620 2063 1668 carne,
2093 1601 2176 1658 1‘2.
2200 1601 2295 1672 qui
2320 1601 2567 1656 dicimini
2592 1601 2926 1672 praeputium
2959 1599 3029 1653 ab
3057 1614 3124 1652 ea
3143 1614 3266 1668 quae
3288 1595 3494 1650 dicitur
3511 1595 3758 1647 circum-

467 1717 603 1774 cisio
635 1716 690 1768 in
715 1723 900 1776 carne,
934 1685 1105 1762 manu
1134 1705 1310 1769 facta;
1358 1705 1407 1754 et
1453 1712 1716 1752 memores
1746 1699 1903 1748 estote
1933 1692 2068 1763 quia
2087 1691 2257 1744 eratis
2287 1691 2381 1744 illo
2410 1691 2468 1744 in
2496 1696 2750 1760 tempore
2775 1690 2896 1743 sine
2923 1689 3169 1751 Christo,
3195 1685 3422 1740 alienati
3451 1701 3484 1738 a
3510 1697 3755 1737 conver-

468 1773 684 1862 satione
716 1773 909 1863 Israel,
936 1798 1273 1856 Judeeorum,
1310 1787 1391 1845 13.
1427 1792 1483 1842 et
1504 1785 1753 1857 hospites
1767 1787 2254 1846 testamentorum,
2272 1783 2522 1834 extranei
2541 1797 2575 1833 a
2594 1785 2721 1846 tege,
2737 1778 3124 1849 promissionis
3146 1793 3302 1847 spem
3316 1791 3425 1828 non
3446 1773 3759 1836 habentes,

469 1861 534 1950 ut
563 1895 761 1957 Judzi,
824 1893 881 1943 et
901 1861 906 1863 1
926 1886 1045 1940 sine
1075 1883 1190 1938 Deo
1217 1880 1272 1933 in
1295 1880 1400 1932 hoc
1422 1875 1651 1930 mundo.
1684 1875 1845 1928 Nunc
1873 1876 2065 1925 autem
2095 1870 2154 1923 in
2181 1870 2404 1924 Christo
2434 1872 2586 1937 Jesu,
2623 1875 2685 1924 in
2714 1871 2815 1936 ﬁde
2847 1870 3071 1931 Christi,
3115 1883 3228 1931 vos,
3285 1864 3383 1934 qui
3440 1861 3761 1932 aliquando

467 1947 640 2040 eratis
669 1947 836 2050 longe
855 1996 888 2032 a
916 1979 1019 2031 Deo
1042 1989 1138 2043 per
1164 1975 1398 2040 peccata,
1431 1966 1562 2020 facti
1617 1965 1750 2018 estis
1780 1978 1952 2034 prope
1979 1961 2040 2016 in
2063 1958 2338 2029 sanguine
2369 1959 2595 2013 Christi.
2629 1960 2756 2028 Ipse
2784 1956 2932 2009 enim
2966 1960 3049 2008 est
3082 1970 3186 2024 pax
3229 1957 3441 2014 nostra,
3480 1949 3578 2018 qui
3617 1947 3764 2002 fecit

465 2080 705 2144 utraque
722 2039 898 2124 unum
919 2039 1263 2134 (angelicam,
1282 2063 1330 2111 et
1349 2058 1656 2110 humanam.
1677 2059 2014 2110 creaturam,
2037 2055 2116 2104 vel
2139 2049 2347 2103 Judaeos
2368 2053 2416 2100 et
2442 2052 2644 2115 gentes)
2673 2045 2754 2102 14.
2791 2050 2847 2098 et
2873 2043 3118 2097 medium
3141 2043 3413 2116 parietem
3435 2039 3623 2110 (quasi
3636 2039 3766 2104 for-

468 2171 573 2218 tem
605 2127 860 2215 maceriae
884 2154 1122 2214 solvens,
1154 2145 1477 2202 inimicitias
1493 2144 1618 2210 (ecce
1629 2137 2024 2210 parietem)‘15.
2053 2137 2111 2190 in
2133 2153 2300 2190 carne
2322 2152 2443 2201 sua,
2475 2135 3000 2206 legem'Judaicam,
3028 2136 3108 2184 vel
3127 2133 3412 2199 parietem,
3446 2127 3760 2180 mandato-

466 2266 594 2304 rum
647 2244 885 2301 decretis
938 2241 1264 2307 evangelicis
1294 2250 1590 2297 evacuans,
1646 2235 1712 2284 ut
1739 2229 1880 2282 duos
1919 2229 2143 2295 populos
2172 2225 2378 2280 condat
2399 2231 2661 2279 evacuata
2689 2228 2799 2291 lege
2829 2223 2887 2276 in
2914 2220 3214 2290 semetipso
3246 2218 3304 2271 in
3330 2233 3505 2271 unum
3537 2221 3762 2268 novum

465 2337 755 2391 hominem
780 2337 844 2387 in
872 2347 944 2396 se,
977 2331 1056 2383 vel
1079 2304 1172 2400 ⁷μζ,
1205 2325 1288 2395 ut]
1321 2326 1438 2377 sint
1466 2337 1617 2375 unus
1649 2335 1820 2373 novus
1851 2317 2028 2378 homo,
2059 2314 2269 2370 faciens
2285 2331 2499 2385 pacem,
2519 2314 2840 2388 (inculcatio
2857 2311 3225 2379 superiorum)
3251 2306 3408 2364 16..et
3426 2304 3765 2362 reconciliet

468 2423 664 2479 ambos
688 2427 749 2474 ut
769 2423 883 2474 sint
905 2419 962 2471 in
982 2394 1358 2485 unocorpore,
1374 2415 1437 2464 in
1450 2410 1645 2476 se,Deo
1663 2422 1762 2477 per
1773 2404 2363 2470 crucem,interﬁciens
2383 2403 2710 2458 inimicitias
2722 2403 2782 2456 in
2797 2399 3121 2469 semetipso.
3143 2399 3211 2453 Et
3223 2397 3450 2452 veniens
3470 2394 3764 2464 evangeli-

466 2513 615 2568 zavit
643 2526 840 2582 pacem
869 2506 1046 2571 vobis,
1075 2505 1346 2573 gentibus.
1369 2500 1464 2571 qui
1489 2499 1653 2567 longe
1673 2495 1887 2562 fuistis;
1920 2500 1978 2548 et
1999 2509 2192 2564 pacem
2216 2493 2285 2546 iis
2306 2493 2402 2562 qui
2429 2509 2603 2563 prope
2624 2509 2638 2557 ;
2664 2490 2931 2562 quoniam
2951 2505 3051 2558 per
3076 2488 3260 2558 ipsum
3273 2485 3549 2542 habemus
3566 2499 3764 2540 acces-

468 2617 593 2656 sum
626 2571 790 2654 ambo
817 2598 876 2651 in
904 2612 1017 2650 uno
1049 2571 1263 2668 spiritu
1303 2593 1399 2644 hoc
1427 2591 1683 2656 operante
1711 2584 1782 2638 ad
1805 2585 2047 2660 Patrem.
2080 2582 2409 2650 Ergo,‘quia
2446 2583 2722 2634 destructa
2752 2580 3076 2640 inimicitia,
3105 2577 3223 2647 jam
3253 2591 3368 2630 non
3393 2573 3530 2628 estis
3557 2571 3736 2641 hospi

468 2697 553 2746 tes
578 2697 636 2745 et
654 2689 896 2752 adventa,
927 2685 1026 2740 sed
1057 2658 1192 2738 estis
1216 2663 1368 2736 cives
1403 2681 1726 2732 sanctorum
1776 2679 1832 2727 et
1873 2658 2164 2725 domestici
2215 2669 2320 2724 Dei
2364 2671 2603 2738 (seponit
2648 2668 2913 2736 quomodo
2958 2668 3073 2719 sint
3119 2665 3274 2734 cives)
3314 2660 3743 2734 superuadiﬁcat

1817 2761 1973 2815 COM
1985 2758 2146 2813 ΜΕΝ
2152 2757 2434 2812 TARIUS.

539 2868 693 2923 CAP.
729 2867 799 2920 II.
834 2891 905 2906 -ς
939 2863 986 2919 'l.
1009 2862 1264 2916 AMBROS.
1297 2856 1613 2911 Secundum
1642 2854 1920 2906 saeculum.
1955 2849 2126 2907 εδδ-Α

466 2959 655 3014 culum
681 2971 796 3010 non
824 2957 1142 3008 creaturam
1183 2947 1337 3012 dicit,
1380 2944 1476 2998 sed
1497 2941 1862 3012 temporalem
1897 2938 2063 3006 hujus

467 3046 657 3102 smuli
685 3040 1190 3098 conversationem.

536 3135 590 3190 2.
623 3135 828 3188 LANFR.
858 3130 1172 3185 Secundum
1191 3126 1523 3194 principem,
1544 3119 1601 3173 id
1625 3123 1727 3183 est,
1758 3115 2065 3172 secundum

467 3222 613 3295 quod
648 3218 1025 3292 persuadebat
1050 3232 1146 3269 vos
1172 3214 1431 3285 princeps
1463 3210 1557 3280 qui
1587 3208 1644 3262 in
1676 3209 1780 3261 hoc
1803 3222 1934 3260 aere
1962 3221 2064 3276 po-

465 3317 732 3367 testatem
757 3307 934 3361 habet
954 3305 1040 3357 vel
1057 3303 1260 3356 ﬁdeles
1289 3299 1564 3364 tentandi,
1601 3297 1688 3350 vel
1707 3297 1889 3367 ipsum
1915 3311 2064 3349 com-

469 3396 748 3453 movendi.

536 3485 591 3540 3.
625 3486 875 3538 AMBROS.
899 3482 1178 3535 Poteslatis
1224 3482 1387 3533 aeris.
1443 3475 1708 3532 Diabolus
1733 3473 2062 3528 mandatum

467 3572 684 3645 accepit
727 3577 792 3626 ut
821 3569 1167 3643 principetur
1217 3568 1334 3622 aeri
1371 3571 1440 3620 et
1488 3569 1820 3637 potestatem
1855 3561 2065 3616 habeat

467 3675 817 3720 commovere
845 3675 996 3714 eum.

522 3751 589 3808 4.
639 3753 841 3806 LANPR.
877 3752 947 3804 In
975 3746 1134 3817 gﬁlios
1164 3747 1521 3814 difﬁdentia.
1579 3743 1704 3797 Filii
1741 3739 2062 3795 difﬁdenti-ie

463 3842 744 3906 dicuntur,
776 3839 862 3893 vel
890 3837 1037 3908 quia
1062 3837 1131 3890 de
1157 3833 1620 3907 promissionibus
1650 3831 1750 3887 Dei
1777 3830 2059 3895 difﬁdunt,

461 3926 1148 4004 vel‘quia‘deconversione
1165 3939 1358 3980 eorum
1373 3924 1530 3978 nulla
1539 3924 1763 3993 spesest
1779 3918 2055 3973 ﬁdelibus.

534 4021 847 4077 5.‘AMBBOS.
875 4020 940 4072 In
957 4018 1154 4085 quibus
1172 4021 1221 4069 et
1239 4031 1356 4068 nos.
1389 4011 1670 4077 Quoniam
1693 4010 1913 4063 dixerat
1939 4023 2054 4074 vos,

461 4125 534 4164 ne
553 4124 615 4163 se
644 4107 978 4162 subtrahere
1003 4102 1424 4157 existimaretur
1455 4100 1524 4154 ab
1552 4100 1664 4153 illis
1693 4098 1790 4168 qui
1810 4111 2062 4150 necessa-
2079 4122 2125 4181 Β

461 4199 606 4254 riam
635 4196 972 4251 videbantur
1003 4193 1210 4247 habere
1233 4191 1496 4262 gratiam,
1539 4187 1758 4253 adiecit,
1779 4189 1845 4240 in
1865 4187 2062 4255 quibus

463 4293 512 4342 et
540 4302 658 4342 nos.

522 4369 587 4428 6.
619 4373 759 4425 Deus
810 4371 997 4422 autem
1037 4368 1138 4434 qui
1165 4367 1309 4419 dives
1349 4368 1442 4417 est.
1471 4360 1562 4416 Sic
1575 4364 1838 4431 cmperat.
1874 4360 1941 4414 Et
1963 4377 2059 4414 vos

462 4478 589 4517 cum
618 4458 815 4514 essetis
843 4455 1072 4516 mortui,
1103 4460 1305 4509 cetera
1323 4450 1620 4521 interjecit,
1650 4449 1826 4503 donec
1851 4449 2059 4504 iterum

463 4551 602 4607 illud
637 4546 958 4618 resumpsit,
978 4545 1273 4601 ultraxnen
1299 4541 1488 4596 dicens
1511 4555 1632 4601 vos,
1659 4539 1757 4592 sed
1780 4555 1903 4594 nos.

533 4640 586 4696 7.
617 4643 683 4696 Et
705 4639 1003 4695 consedere.
1027 4637 1154 4691 Illis
1180 4650 1303 4694 nos,
1347 4631 1430 4685 ait
1462 4628 1906 4684 communicasse
1930 4644 2054 4699 quae

461 4729 532 4786 de
560 4728 783 4785 Christo
819 4725 979 4792 dixit,
1033 4740 1134 4795 per
1171 4721 1360 4786 illam,
1407 4734 1536 4790 quae
1561 4717 1710 4788 apud
1757 4716 1917 4772 illum
1947 4722 2050 4783 est,

462 4818 936 4890 conjunctionem.

531 4907 586 4965 8.
621 4909 685 4963 Ut
705 4907 1020 4961 ostenderet.
1045 4901 1194 4954 Bene
1210 4897 1269 4950 in
1299 4893 1516 4950 saeculis
1532 4894 2055 4967 supervenientibus

460 4997 620 5064 dixit,
655 4993 1159 5068 quandoipsarum
1205 5001 1395 5040 rerum
1416 4986 1770 5039 manifestam
1787 5003 1927 5056 erga
1953 5003 2055 5040 nos

460 5088 718 5144 ostendet
748 5085 847 5140 Dei
878 5081 1209 5140 bonitatem,
1238 5082 1295 5128 et
1309 5075 1550 5144 gratiam
1571 5075 1725 5128 illam
1742 5091 1910 5146 quam
1931 5093 2056 5147 per-

460 5179 626 5232 ﬁcere
646 5176 909 5246 dignatus
941 5174 1028 5224 est
1055 5182 1154 5238 per
1171 5165 1270 5218 illa
1290 5181 1414 5235 quae
1442 5165 1750 5219 secundum
1767 5164 2053 5220 Christum

532 5273 611 5321 nt.

461 5282 611 5323 sunt.

511 5357 582 5412 :9.
619 5357 828 5410 LAN'I'R.
854 5353 923 5405 In
935 5369 937 5372 ·
950 5345 1755 5413 εεοιιηάἑωτιρθνυεηίεηίίὺιιε.
1772 5345 1837 5400 In
1867 5344 2046 5411 nobis,

456 5445 660 5519 inquit,
688 5444 788 5514 qui
815 5447 1031 5492 tantam
1063 5433 1502 5488 misericordiam
1550 5451 1584 5486 a
1613 5434 1743 5488 Deo
1772 5436 2054 5489 consecuti

2215 2846 2304 2900 10.
2333 2848 2506 2914 Ipsius
2525 2847 2677 2898 enim
2701 2858 2917 2897 sumus.
2951 2839 3116 2896 Ratio
3135 2855 3245 2894 cur
3260 2855 3325 2893 ex
3346 2835 3610 2909 operibus
3626 2837 3763 2894 sui8

2146 2934 2360 2990 nemini
2382 2935 2453 2988 sit
2473 2933 2852 3002 gloriandum.
2874 2929 3045 2994 Quasi
3073 2929 3285 2984 dicenet
3315 2945 3326 2980 :
3361 2927 3486 2997 ipse
3517 2926 3651 2980 fecit
3696 2932 3763 2980 et

2143 3023 2355 3078 ereavit
2408 3039 2511 3077 nos
2539 3021 2597 3075 in
2623 3021 2736 3075 ﬁde
2761 3021 2896 3074 Jesu
2926 3018 3154 3081 Christi,
3199 3022 3258 3070 et
3276 3016 3333 3069 in
3358 3014 3623 3086 operibus
3648 3014 3762 3072 rbo-

2146 3110 2233 3165 nis
2274 3128 2395 3181 quae
2425 3127 2524 3181 per
2549 3109 2793 3178 gratiam
2813 3124 2973 3162 suam
2989 3104 3325 3178 praeparavit
3344 3103 3520 3158 nobis-
3545 3103 3758 3159 Potest

2147 3205 2203 3256 et
2230 3201 2446 3255 factura
2475 3198 2749 3252 ablativus
2787 3214 2924 3262 esse,
2975 3202 3037 3252 ut
3085 3195 3160 3249 sit
3195 3210 3394 3249 sensus
3429 3211 3439 3245 :
3488 3192 3761 3262 nperatio

2146 3290 2323 3360 ipsius
2347 3288 2606 3358 est,quod
2621 3287 2794 3342 creati
2811 3303 3003 3341 sumus
3020 3285 3077 3338 in
3099 3285 3209 3338 ﬁde
3225 3284 3256 3338 J
3262 3299 3361 3336 esu
3377 3281 3612 3344 .Christi,
3628 3287 3748 3336 etc.

2213 3395 2304 3450 11.
2336 3398 2564 3462 Propter
2591 3395 2746 3462 .quod
2797 3409 3078 3446 memores.
3113 3390 3275 3454 Quia,
3312 3388 3511 3458 inquit,
3543 3387 3752 3454 ﬁdem,

2146 3488 2202 3537 et
2238 3483 2385 3537 bona
2401 3499 2572 3553 opera
2588 3483 2738 3536 Deus
2762 3480 2916 3535 dedit
2934 3479 3108 3544 vobis,
3128 3493 3406 3532 memores
3424 3481 3604 3530 estote
3623 3492 3759 3531 .ver-

2145 3572 2345 3626 borum
2377 3572 2506 3636 Dei;
2535 3573 2832 3637 malorum,
2857 3571 2914 3623 in
2939 3569 3140 3640 quibus
3183 3567 3386 3631 fuistis,
3411 3572 3475 3620 ut
3502 3582 3604 3635 pro
3627 3566 3754 3620 col-

2143 3660 2272 3714 latis
2298 3659 2583 3714 beneﬁciis
2597 3661 2867 3731 majorem
2893 3660 3008 3713 Deo
3022 3658 3264 3728 gratiam
3292 3654 3635 3726 rependatis.

2220 3765 2304 3823 12.
2333 3768 2579 3824 AMBROS.
2616 3768 2723 3834 Qui
2753 3767 3105 3820 dicebamini.
3136 3762 3295 3828 Quod
3327 3761 3462 3816 dicit
3483 3761 3540 3814 in
3571 3776 3754 3815 carne
3800 3810 3806 3816 .

2145 3855 2313 3926 adjici
2341 3856 2424 3909 illi
2453 3856 2637 3922 debet,
2671 3855 2764 3926 qui
2788 3853 3039 3908 dicimini
3062 3869 3172 3906 non
3201 3853 3260 3906 in
3287 3852 3383 3904 illo
3427 3850 3594 3915 dicto,
3628 3866 3752 3932 quo

2139 3949 2337 4014 gentes
2361 3944 2520 4012 dixit,
2551 3949 2615 3999 ut
2642 3944 2716 3998 sit
2741 3960 2936 3998 sensus
2962 3943 3020 3996 in
3041 3958 3207 3996 carne
3237 3939 3602 4012 praeputiatos
3630 3937 3738 3991 de-

2142 4033 2274 4087 bere
2302 4031 2429 4088 dici.

2217 4140 2301 4197 13.
2355 4140 2563 4194 LANFE.
2646 4138 2886 4208 Hospites
2951 4141 3422 4191 testamentorum.
3460 4133 3750 4204 Hospites

2143 4236 2307 4284 erant
2352 4235 2548 4300 gentes
2578 4227 2636 4281 in
2688 4245 2782 4282 eos
2828 4227 2924 4298 qui
2954 4230 3293 4280 testamenta
3321 4221 3618 4279 habebant.
3657 4223 3750 4277 vel

2142 4320 2274 4391 quia
2303 4319 2374 4371 ad
2403 4323 2625 4388 tempus
2663 4333 2819 4370 more
2875 4316 3160 4386 hospitum
3187 4312 3482 4367 veniebant
3505 4316 3561 4364 et
3593 4328 3750 4366 rece-

2140 4408 2383 4473 debant;
2413 4407 2496 4460 vel
2519 4407 2651 4476 quia
2697 4406 2743 4459 si
2783 4405 2878 4476 qui
2906 4421 3100 4459 eorum
3130 4403 3202 4457 ad
3226 4400 3522 4457 Iudaicum
3561 4400 3745 4455 ritum

2141 4495 2610 4552 convertebantur
2645 4495 2870 4549 advenae
2894 4500 2951 4548 et
2985 4492 3252 4565 proselyti
3283 4490 3643 4545 vocabantur.

2206 4603 2298 4658 11.
2330 4605 2568 4658 AMBROS.
2598 4604 2841 4657 Medium
2869 4604 3157 4670 parietem.
3183 4597 3542 4654 Inimicitiam
3570 4603 3629 4651 et
3647 4612 3742 4651 se-

2137 4693 2487 4765 parationem
2517 4708 2638 4763 quae
2669 4708 2734 4747 ex
2758 4688 3395 4754 circumcisioneﬁebat,
3423 4703 3551 4742 cum
3582 4687 3744 4740 omni

2137 4782 2262 4852 lege
2293 4781 2422 4836 fecit
2452 4797 2688 4836 cessare.
2737 4781 2880 4836 Nam
2932 4785 3060 4851 post
3105 4776 3592 4840 resurrectionem,
3626 4775 3743 4837 im-

2139 4871 2543 4926 mortalitatem
2574 4870 2733 4924 nobis
2766 4875 3035 4940 praestans
3066 4866 3343 4922 destruxit
3370 4866 3504 4918 haec.
3544 4865 3611 4918 In
3633 4864 3743 4920 im-

2139 4960 2363 5015 mortali
2401 4959 2610 5014 etenim
2635 4965 2840 5014 natura
2867 4957 3602 5026 circumcisionequaquam
3633 4969 3743 5024 po-

2137 5049 2271 5105 terit
2293 5049 2584 5104 celebrari.

2202 5157 2292 5211 15.
2327 5155 2539 5211 LANFR.
2592 5157 2659 5209 In
2700 5169 2866 5209 carne
2904 5168 3032 5207 sua.
3073 5147 3612 5207 iIn-carnemuavel
3643 5165 3741 5204 as-

2133 5251 2376 5316 sumpta,
2409 5245 2492 5298 vel
2516 5245 2799 5308 cruciﬁxa,
2827 5242 2991 5297 solvit
3012 5242 3270 5296 Christus
3297 5239 3506 5309 legales
3536 5236 3738 5294 obser-

2133 5334 2404 5399 vationes,
2437 5349 2576 5402 quas
2607 5331 2880 5403 parietem
2915 5337 2973 5385 et
3027 5330 3314 5384 inimicam
3371 5328 3460 5396 [f..
3493 5324 3737 5380 inimici-

2134 5420 2302 5494 tiam]
2335 5428 2494 5476 vocat
2522 5422 2670 5475 inter
2695 5420 2933 5476 .Judaeos
2976 5424 3033 5472 et
3053 5422 3285 5488 gentes;
3319 5415 3406 5470 lex
3435 5413 3588 5470 enim
3617 5429 3735 5468 non

459 5503 674 5600 sumus,
697 5503 943 5586 ostendit
975 5528 1422 5596 Deus-qnantam
1443 5522 1728 5578 homines
1753 5524 1811 5578 in
1849 5524 2114 5585 futurisC
2136 5517 2259 5566 erat
2276 5511 2428 5574 data»
2455 5510 2562 5564 niSi
2591 5525 2769 5579 υεειυιθ
2790 5508 2861 5562 ad
2891 5507 3194 5561 adventum
3225 5503 3453 5562 ﬁbris“-

462 5619 814 5694 temporibus
838 5634 1063 5689 sperare
1087 5614 1323 5686 possint.

2207 5616 2292 5673 16.
2322 5619 2642 5672 Reconciliet
2669 5617 2873 5682 ambos,
2915 5620 3021 5670 etc.
3060 5611 3341 5684 Reprimit
3373 5609 3612 5677 Judteos,
3643 5606 3735 5662 di-
