3878 6404
104 371 188 428 293
733 369 808 421 1N
847 368 911 421 D.
956 365 1167 419 PAULI
1213 341 1430 420 EPIST.
1475 345 1845 420 COMMENT.
1889 397 1956 406 —
1996 357 2216 420 EPIST.
2260 367 2356 420 AD
2395 365 2646 421 EPHES.
3209 367 3314 429 994

110 496 174 551 17.
194 492 348 566 super
370 475 815 558 fundamentum,
853 485 1227 554 intransitivc,
1263 496 1343 545 uel
1364 493 1544 559 ﬁdem,
1581 493 1959 563 apostolorum
1992 497 2048 545 et
2075 491 2494 562 prophetarum,
2544 489 2623 546 18.
2665 491 2785 562 ipso
2815 497 3036 548 summo
3062 497 3319 566 angulari

102 585 257 655 lapide
285 585 500 639 Christo
521 584 672 648 Jesu,
704 582 761 636 in
789 599 898 653 quo
931 581 1113 634 omnis
1153 579 1447 634 aedificatio
1478 584 1796 634 constructa
1817 580 2015 634 crescit
2041 581 2099 633 in
2127 580 2401 650 templum
2433 578 2688 633 sanetum
2716 579 2775 633 in
2804 579 3064 662 Domino,
3093 583 3151 637 in
3183 601 3312 655 quo,

101 679 146 727 et
167 675 251 727 vos
281 671 691 728 coaediﬁcamini
716 671 776 725 in
797 669 1200 735 habitaculum,
1231 675 1290 722 ut
1316 673 1440 723 sitis
1460 671 1862 736 habitaculum,
1887 669 1985 724 Dei
2018 670 2076 723 in
2105 664 2338 740 Spiritu.

1491 793 1727 868 CAPUT
1758 793 1859 848 ΠΙ.

153 895 312 964 Hujus
325 893 405 947 rei
426 893 632 964 gratia,
649 896 711 946 ut
729 892 1113 946 habitaculum
1133 891 1232 944 Dei
1248 892 1394 952 sitis,
1418 905 1521 959 ego
1541 890 1749 944 Paulus
1770 889 1987 943 vinctus
2016 889 2222 942 Christi
2248 889 2277 942 J
2282 905 2380 944 esu
2404 895 2468 946 in
2497 908 2730 957 carcere,
2758 909 2859 963 pro
2874 893 3028 948 vobis
3053 888 3317 964 gentibus

92 985 442 1052 pra-dicundis,
477 985 530 1038 1.
561 983 606 1036 si
639 987 827 1035 tamen
858 979 1095 1033 audistis
1113 978 1586 1049 dispensationem
1600 980 1890 1046 Evangelii
1901 981 2097 1050 gratiae
2114 982 2363 1051 Dei,quae
2375 983 2507 1036 data
2523 988 2608 1036 est
2627 983 2766 1036 mihi
2786 984 2843 1038 in
2870 984 3318 1056 vobis,quoniam

96 1073 366 1127 secundum
395 1072 796 1126 revelationem
843 1071 942 1124 Dei
988 1085 1100 1123 non
1127 1085 1226 1137 per
1266 1069 1566 1134 hominem,
1600 1073 1792 1122 notum
1828 1069 1966 1121 mihi
2005 1067 2056 1124 2.
2087 1069 2291 1123 factum
2314 1076 2397 1124 est
2426 1076 2861 1136 sacramentum,
2888 1071 3033 1126 sicut
3061 1071 3112 1129 3.
3145 1090 3317 1146 supra

94 1162 254 1232 scripsi
274 1162 327 1216 in
355 1161 526 1223 brevi,
556 1165 726 1230 pr'out
747 1157 984 1230 potestis
1011 1157 1261 1226 legentes
1306 1156 1618 1224 intelligere
1647 1157 2002 1227 prudentiam
2052 1175 2233 1211 meam
2277 1159 2335 1211 in
2371 1159 2635 1230 mysterio
2671 1160 2898 1226 Christi,
2930 1162 3075 1231 quod
3101 1162 3230 1217 aliis
3256 1163 3310 1217 4.

93 1249 509 1320 generationibus
537 1265 650 1302 non
676 1252 761 1302 est
785 1247 1064 1316 agnitum,
1097 1248 1318 1308 scilicet,
1346 1243 1476 1296 filiis
1504 1245 1816 1303 hominum.
1848 1246 1992 1299 sicut
2021 1263 2168 1300 nunc
2193 1249 2498 1302 revelatum
2541 1254 2631 1302 est.
2651 1249 2856 1303 sanctis
2881 1251 3150 1319 apostolis
3169 1253 3310 1322 ejus,

93 1346 135 1393 et
153 1340 417 1411 prophetis
437 1341 578 1394 Neri
597 1339 946 1402 Testamenti,
972 1341 1033 1389 ut
1048 1336 1248 1402 Agabo,
1281 1335 1339 1388 in
1372 1333 1591 1404 spiritu.
1614 1333 1768 1400 (Ecce
1788 1338 2114 1401 mysterium
2145 1336 2375 1406 Christi)
2393 1343 2588 1406 gentes
2607 1354 2728 1391 esse
2743 1338 3060 1392 coheredes
3087 1342 3309 1408 Judzis,

90 1430 153 1480 rel
175 1433 388 1497 angelis,
423 1434 483 1482 et
502 1427 945 1498 concorporales,
979 1431 1036 1478 et
1061 1423 1488 1494 comparticipes
1519 1421 1903 1492 promissionis
1932 1425 2051 1492 ejus
2082 1425 2138 1477 in
2171 1426 2393 1479 Christo
2425 1427 2558 1479 Jesu
2598 1443 2695 1496 per
2721 1427 3100 1496 Evangelium,
3130 1431 3310 1496 ﬁdem,

87 1517 216 1585 cujus
244 1507 414 1571 factus
445 1534 571 1572 sum
595 1516 852 1570 minister
881 1513 1188 1568 secundum
1217 1512 1425 1565 donum
1455 1510 1650 1580 gratiae
1669 1509 1788 1568 Dei.
1813 1529 1935 1582 qua:
1952 1513 2084 1567 data
2099 1520 2183 1567 est
2204 1515 2341 1568 mihi
2359 1515 2664 1568 secundum
2691 1515 3071 1585 operationem
3093 1516 3314 1573 virtutis

87 1605 198 1673 ejus.
224 1606 513 1660 Mihienim
528 1605 779 1659 omnium
793 1609 1114 1657 sanctorum
1130 1601 1382 1667 minimo,
1413 1600 1547 1655 data
1575 1604 1662 1653 est
1687 1600 1870 1669 gratia
1899 1602 2034 1667 haec,
2079 1607 2301 1667 scilicet,
2327 1603 2382 1657 in
2405 1603 2667 1674 gentibus
2688 1605 3070 1674 eva'ngelizare
3090 1605 3312 1662 investi-

83 1694 262 1762 gabiles
282 1695 505 1749 divitias
522 1694 749 1760 Christi,
776 1700 833 1748 et
857 1692 1198 1754 illuminare,
1222 1692 1424 1755 docere,
1450 1706 1664 1753 omnes,
1699 1707 1822 1760 quae
1851 1690 1925 1743 sit
1951 1691 2294 1762 dispensatio
2317 1693 2654 1748 sacramenti
2678 1693 2990 1748 absconditi
3011 1711 3043 1748 a
3072 1696 3308 1765 saeculis,

85 1800 110 1835 α
128 1788 498 1838 constitutione
526 1786 747 1850 mundi,
779 1787 856 1837 vel
887 1800 923 1836 a
943 1780 1308 1844 secularibus,
1339 1778 1398 1832 in
1427 1778 1561 1843 Deo,
1587 1778 1681 1848 qui
1712 1778 1899 1832 omnia
1915 1779 2139 1842 creavit,
2176 1782 2226 1846 5,
2259 1780 2312 1846 ti,
2343 1783 2392 1832 7.
2419 1780 2815 1835 utinnotescat
2835 1783 3240 1854 principatibus
3259 1790 3318 1840 et

87 1873 436 1942 potestatibus,
474 1873 534 1926 in
562 1871 878 1926 caelestibus
903 1871 1238 1938 degentibus,
1273 1885 1374 1938 per
1398 1866 1701 1922 Ecclesiam
1723 1866 1776 1920 8.
1811 1868 2169 1924 multiformis
2189 1870 2464 1942 sapientia
2488 1872 2611 1936 Dei,
2642 1872 2947 1925 secundum
2990 1874 3314 1942 praeﬁnitio;

85 1978 184 2015 nem
198 1964 717 2032 saeculorum.quam
742 1961 941 2015 fecitin
960 1960 1180 2014 Christo
1202 1959 1230 2012 J
1236 1975 1334 2011 esu
1354 1956 1592 2010 Domino
1622 1959 1844 2020 nostro;
1877 1955 1936 2009 in
1968 1973 2076 2026 quo
2097 1957 2367 2011 habemus
2389 1959 2652 2012 ﬁduciam
2685 1964 2742 2013 et
2769 1965 3051 2015 accessum
3068 1962 3124 2015 in
3147 1963 3314 2016 co‘nfi-

84 2051 236 2106 (lentia
267 2059 298 2118 |
316 2058 468 2118 43-
486 2055 661 2117 I44
692 2067 792 2121 per
819 2051 986 2103 fidem
1011 2049 1153 2118 ejus.
1182 2044 1233 2102 9.
1273 2045 1356 2102 10.
1391 2047 1629 2114 Propter
1647 2043 1815 2113 quod,
1840 2046 1973 2113 quia
2011 2048 2274 2112 ﬁduciam.
2316 2049 2595 2112 habemus,
2625 2047 2706 2102 11.
2732 2054 2862 2118 peto
2893 2065 2962 2102 ne
2984 2050 3258 2104 deficiatis
3276 2068 3312 2105 a

85 2144 160 2207 ﬁde
177 2142 225 2194 in
243 2139 699 2195 tribulationibus
715 2139 858 2193 meis
874 2155 975 2209 pro
997 2137 1171 2200 vobis,
1195 2151 1317 2206 qua
1338 2139 1424 2188 est
1442 2132 1625 2202 gloria
1634 2137 1836 2184 vestra.
1854 2134 1942 2186 12.
1956 2135 2137 2204 Hujus
2156 2136 2236 2189 rei
2254 2136 2442 2205 gratia
2459 2137 2548 2204 (ne
2563 2139 2849 2202 deﬁciatis,
2873 2142 2954 2191 vel
2976 2143 3312 2208 repetitque

83 2245 216 2298 supra
226 2232 530 2300 dixit;un
544 2234 719 2284 multa
732 2228 1084 2295 interposuit)
1097 2226 1258 2279 ﬂecto
1273 2239 1459 2294 genua
1469 2237 1594 2274 mea
1607 2219 1678 2273 ad
1688 2221 1912 2275 Patrem
1925 2223 2148 2278 Domini
2163 2226 2341 2280 nostri
2351 2226 2486 2279 Jesu
2499 2225 2796 2292 Christi,ex
2808 2243 2918 2297 quo
2933 2227 3117 2282 omnis
3128 2225 3310 2300 [Βαρθ-

1378 2343 1964 2402 COMMENTARIUS.

83 2425 182 2506 cens
213 2470 298 2508 eos
328 2459 556 2525 quoque
597 2450 1070 2516 reconciliatione,
1113 2452 1178 2502 ut
1219 2449 1435 2517 gentes,
1483 2441 1632 2497 indi-
1782 2446 1835 2500 7.
1865 2444 2068 2498 LANFR.
2107 2445 2166 2500 Ut
2198 2449 2521 2502 innotescat.
2541 2448 2607 2502 In
2631 2449 3073 2518 cognoscendam
3096 2448 3314 2521 “sapien-

80 2558 246 2608 guisse.

139 2628 204 2686 l7.
257 2632 430 2699 Super
470 2631 926 2698 fundamentum.
976 2625 1426 2681 Fundamentum
1479 2626 1638 2674 vocat

82 2717 230 2776 ﬁdem.
259 2719 535 2783 eamdem,
568 2717 770 2788 inquit,
801 2716 968 2770 ﬁdem
999 2713 1166 2786 quam
1219 2712 1538 2766 habuerunt
1581 2714 1637 2763 et

82 2807 337 2876 pr0phette.

130 2895 202 2950 18.
231 2897 338 2965 Ipso
358 2912 580 2950 summo
604 2897 893 2962 angulari.
923 2892 1073 2948 Ordo
1107 2905 1117 2940 ε
1141 2906 1360 2945 summo
1376 2887 1634 2958 angulari

79 2980 224 3053 lapide
247 2984 514 3039 existente
538 2983 758 3037 Christo
787 2983 814 3037 J
820 2999 937 3036 esu.

133 3073 264 3126 CAP.
291 3073 390 3127 III.
425 3102 492 3113 —
540 3071 582 3128 ι.
617 3072 826 3126 ΒΑΜ-Ἣ.
867 3070 930 3125 Si
960 3076 1146 3124 tamen
1171 3071 1423 3122 audistis.
1458 3067 1634 3121 Inten-

81 3161 229 3229 ruptio
266 3167 346 3216 est
371 3161 668 3216 sententiae
688 3177 866 3230 usque
919 3159 986 3212 ad
1045 3159 1213 3211 aliam
1271 3155 1628 3222 sententiam,

81 3265 173 3316 qua:
193 3250 264 3305 sic
285 3251 484 3322 incipit
514 3268 526 3302 :
562 3251 740 3317 Hujus
760 3252 946 3316 gratia
975 3251 1142 3318 ﬂecto,
1169 3252 1272 3300 etc.

131 3336 174 3392 2.
194 3340 402 3393 Factum
427 3345 505 3393 est
531 3343 962 3392 sacramentum.
991 3337 1414 3390 Sacramentum
1436 3334 1541 3388 hoc
1565 3333 1634 3386 de

82 3415 352 3495 equalitate
397 3417 658 3498 gentium
688 3431 792 3492 est,
843 3443 968 3479 cum
997 3430 1165 3495 gente
1189 3424 1530 3489 Judaeorum,
1563 3422 1633 3476 de

83 3531 165 3584 quo
211 3533 371 3588 supra
401 3516 648 3571 breviter
693 3515 914 3586 scripsit
944 3514 1131 3568 dicens
1179 3531 1190 3588 ;
1245 3514 1359 3582 Ipse
1379 3517 1452 3566 est
1485 3514 1634 3565 enim

79 3619 162 3668 pas
187 3593 378 3672 nostra,
411 3609 514 3675 qui
532 3608 660 3673 fecit
681 3598 916 3673 utraque
933 3599 1132 3669 unum,
1158 3589 1288 3670 etc.,
1312 3618 1490 3673 usque
1508 3605 1634 3670 jam

85 3707 167 3746 non
183 3699 294 3748 estis
312 3697 543 3764 hospites
569 3699 616 3748 et
651 3695 886 3747 advenae.

1718 2533 1856 2587 tiam
1909 2528 2008 2584 Dei
2054 2531 2306 2586 caelestes
2351 2533 2581 2604 spiritus
2612 2533 2783 2587 etiam
2828 2534 3186 2604 profecerunt
3209 2551 3316 2606 per

1719 2622 2041 2685 Ecclesiam,
2075 2621 2227 2692 quia,
2259 2621 2392 2676 dum
2425 2639 2549 2675 eam
2581 2622 2838 2676 Christus
2861 2637 2962 2677 seu
2984 2641 3085 2694 per
3113 2640 3191 2692 se,
3215 2639 3316 2678 seu

1717 2729 1817 2783 per
1845 2711 2124 2782 apostolos
2154 2728 2285 2765 suos
2302 2711 2628 2778 instrueret,
2659 2710 3148 2782 pltirima'secreta
3176 2712 3317 2767 didi“-

1716 2803 1914 2853 cerunt
1945 2815 2066 2870 quae
2095 2805 2263 2853 antea
2290 2799 2645 2868 ignorabant.

1785 2885 1836 2944 8.
1863 2889 2247 2955 Multiformis.
2277 2889 2426 2942 Ordo
2461 2906 2472 2941 :
2507 2887 2785 2958 sapientia
2813 2889 2914 2944 Dei
2955 2888 3315 2944 multiformis

1715 2977 2020 3030 secundum
2052 2976 2380 3046 sapientiam
2426 2977 2544 3041 Dei,
2578 2993 2700 3047 quas
2748 2979 2807 3032 in
2858 2979 3086 3048 propria
3102 2981 3315 3032 natura

1714 3065 1948 3140 simplex
1997 3071 2100 3130 est,
2134 3065 2438 3119 secundum
2469 3065 2723 3120 ordinem
2758 3068 3084 3121 saeculorum
3127 3067 3316 3121 multi-

1714 3155 1906 3208 formis
1937 3155 2157 3218 dicitur,
2186 3171 2252 3208 eo
2279 3151 2427 3225 quod
2455 3154 2578 3225 ipsa
2597 3157 2800 3210 saecula
2843 3157 2902 3209 in
2936 3155 3057 3226 ipso
3085 3155 3193 3210 'D'e'i
3218 3159 3312 3210 or-

1716 3244 1846 3298 dine
1873 3242 2293 3297 multiformiter
2317 3243 2623 3297 variantur.

1786 3332 1838 3390 9.
1869 3336 2095 3402 Propter
2139 3334 2281 3400 quod
2306 3337 2444 3401 pcto.
2482 3331 2632 3387 Petit
2679 3349 2749 3387 ne
2788 3334 3087 3404 desperent
3114 3332 3183 3388 de
3213 3334 3315 3389 mi-

1715 3422 2016 3478 sericordia
2062 3421 2160 3476 Dei
2216 3422 2361 3475 circa
2415 3422 2649 3492 seipsos,
2707 3423 2958 3477 videntes
2996 3440 3128 3478 eum
3157 3425 3316 3478 tanta

1715 3512 1852 3584 pati.

1739 3669 1741 3672 ι
1787 3598 1875 3656 10.
1910 3597 2160 3654 AMBnos.
2191 3597 2599 3668 ‘Pi‘bpter'qucid
2639 3601 2777 3668 peto.
2802 3594 3319 3672 Omnia'inte'rjecit

1717 3688 1786 3743 ab
1816 3707 1901 3757 eo,
1923 3691 2148 3744 Paulus
2174 3691 2409 3755 vinctus,
2445 3690 2623 3759 usque
2648 3688 2719 3742 ad
2750 3690 2872 3756 hoc,
2903 3703 2907 3708 '
2918 3696 3143 3759 propter
3176 3682 3320 3760 quoii

82 3851 84 3854 ι
135 3779 160 3836 3
185 3771 369 3859 Supra
400 3783 600 3852 scripsi
627 3785 689 3836 in
727 3783 892 3835 brevi.
927 3781 1195 3835 Breviter.
1239 3780 1522 3851 Scriptum
1546 3784 1632 3834 est
1651 3796 1697 3855 Β
1714 3785 1854 3849 peto.

83 3861 311 3939 superius,
355 3879 417 3926 ut
472 3877 667 3926 notum
693 3871 896 3939 faceret
932 3865 1344 3924 sacramentum
1384 3886 1494 3924 suae
1535 3876 1628 3922 υο-

87 3957 294 4028 luntatis,
329 3963 653 4016 instaurare
683 3962 874 4013 omnia
903 3975 1020 4028 qua
1051 3949 1115 4013 in
1143 3951 1305 4026 caelis,
1342 3963 1392 4012 et
1425 3974 1541 4027 qua
1567 3960 1630 4011 in

87 4048 218 4100 terra.
832 4118 834 4124 Ι

136 4133 180 4190 4.
207 4132 666 4194 Generationibus.
699 4123 1027 4192 Revelatum
1086 4135 1310 4208 quidem
1362 4133 1470 4190 fuit
1511 4151 1634 4206 pro-

86 4222 232 4291 phetis
259 4228 472 4283 Veteris
505 4228 850 4282 Testamenti
899 4243 999 4298 per
1033 4227 1275 4297 gratiam
1306 4226 1403 4280 Dei
1434 4231 1631 4296 gentes

88 4326 180 4367 esse
203 4317 503 4386 salvandas,
536 4317 635 4372 sed
656 4317 803 4388 quod
816 4317 886 4370 ad
904 4315 1278 4387 aequalitatem
1310 4315 1630 4370 Judaaorum

89 4412 238 4459 essent
262 4415 501 4463 venturae
529 4412 595 4461 ut
620 4405 934 4461 cohaeredes
972 4412 1028 4459 et
1053 4405 1476 4476 concorporales
1504 4401 1631 4458 cum

91 4490 150 4544 eis
168 4494 365 4564 ﬁerent,
394 4515 569 4553 unam
599 4502 656 4550 et
682 4495 955 4566 aequalem
986 4512 1114 4549 cum
1143 4496 1222 4548 eis
1247 4489 1632 4549 haereditatem

90 4578 336 4652 habiturae,
358 4585 652 4658 spirituale
679 4602 900 4658 corpus,
929 4584 986 4638 id
1007 4589 1110 4650 est,
1134 4601 1305 4638 unam
1326 4581 1632 4638 Ecélesiam

91 4684 186 4725 cum
214 4681 370 4746 gente
391 4676 710 4732 Judaeorum
740 4669 967 4729 facturae
996 4673 1286 4746 aequaliter
1308 4673 1634 4745 promissio-

92 4760 156 4814 nis
175 4763 264 4819 Dei
284 4767 599 4840 participes,
629 4765 768 4820 nulli
788 4765 898 4820 nisi
924 4761 983 4818 in
1001 4764 1156 4820 Novo
1170 4763 1528 4818 Testamento
1551 4780 1636 4817 re-

92 4849 290 4908 velatum
318 4855 442 4910 fuit.

143 4936 192 4994 5.
215 4940 268 4992 Ut
290 4944 606 4996 innotescat.
635 4938 958 4995 Absconditi
975 4938 1047 4992 ad
1075 4937 1188 4992 hoc
1203 4939 1268 4992 'ut
1287 4943 1482 5009 postea
1501 4935 1640 4990 mul-

94 5015 290 5082 tiformis
332 5029 606 5102 sapientia
633 5029 711 5098 (in
749 5029 854 5083 hoc
904 5028 1052 5100 quod
1101 5023 1372 5099 praemisit
1401 5027 1638 5098 patriar-

1777 3869 1868 3922 Ἠ.
1901 3866 2108 3922 Lmen.
2144 3867 2266 3919 Peto
2310 3880 2376 3918 ne
2402 3866 2687 3931 deficiatis.
2717 3859 3032 3937 Utrumque
3069 3855 3314 3923 noverat

1712 3959 1984 4015 alterutro
2041 3955 2314 4025 indigere,
2349 3960 2408 4007 et
2445 3954 2684 4023 gloriam
2715 3953 2889 4008 libero
2928 3955 3182 4026 arbitrio,
3215 3955 3317 4012 ubi

1715 4055 1880 4120 rogat
1909 4064 1977 4101 ne
2006 4044 2292 4132 deﬁciant;
2328 4048 2385 4096 et
2409 4042 2644 4097 liberum
2675 4041 2970 4098 arbitrium
2999 4044 3145 4099 dono
3192 4061 3319 4118 gra-

1715 4141 1825 4203 tiae,
1858 4136 1954 4192 ubi
1987 4136 2164 4189 Deum
2189 4139 2366 4204 rogat,
2391 4137 2455 4186 ut
2478 4132 2678 4186 det'eis
2709 4133 3242 4189 corrobora‘tione'm.

1789 4220 1855 4280 i2
1923 4227 2166 4278 Aueusr.
2204 4219 2404 4281 (Serm.
2441 4218 2474 4276 7
2504 4221 2576 4275 De
2627 4223 2772 4276 rer‘b.
2820 4225 3188 4291 Apost.,tom.

1717 4313 1894 4385 Hujus
1933 4316 2017 4367 rei
2045 4315 2252 4380 gratia.
2291 4311 2464 4380 Cujus
2497 4311 2576 4364 rei
2604 4301 2808 4380 gratia,
2857 4311 2964 4366 nisi
2997 4319 3320 4386 quae’Supt‘a

1715 4401 1950 4469 dixerat,
1987 4406 2135 4474 peto,
2169 4416 2280 4454 non
2309 4399 2586 4453 infirmari
2617 4400 2676 4454 in
2699 4401 3156 4457 tribulationibus
3178 4403 3320 4459 meis

1713 4492 1813 4568 pro
1832 4494 2006 4557 vobis,
2039 4510 2163 4563 quae
2193 4497 2276 4545 est
2295 4491 2475 4561 gloria
2504 4487 2706 4545 vestra.
2731 4492 2875 4556 Quia
2902 4504 3038 4564 ergo
3066 4491 3323 4550 volunta-

1712 4587 1789 4640 tis
1826 4583 2045 4638 habetis
2083 4581 2399 4646 arbitrium,
2427 4585 2576 4652 peto.
2613 4571 2757 4646 Quia
2787 4580 3096 4638 vero'vobis
3117 4583 3320 4639 volum-

1714 4674 1849 4730 tatis
1875 4672 2169 4728 arbitrium
2199 4687 2312 4726 non
2351 4664 2643 4724 sufﬁcitad
2673 4671 3024 4743 implendum
3054 4673 3201 4745 quod
3221 4685 3322 4746 pe-

1714 4769 1774 4818 to
1809 4782 1819 4816 :
1857 4764 2034 4831 Hujus
2065 4762 2149 4814 rei
2193 4761 2383 4827 gratia
2411 4760 2562 4829 ﬂecto
2598 4773 2779 4828 genua
2811 4773 2930 4815 mea
2975 4763 3048 4815 ad
3080 4765 3318 4817 Patrem.

1786 4851 1874 4907 13.
1908 4847 2112 4905 Lm’ra.
2138 4851 2450 4903 Paternitas
2477 4850 2540 4902 in
2565 4852 2728 4904 catis.
2754 4848 3124 4905 Ccelos'vocat
3151 4852 3320 4924 spiri-

1722 4941 1900 4996 tuales
1947 4939 2220 4993 homines.
2274 4937 2505 4992 Terram
2549 4937 2827 4992 carnales.
2858 4941 2943 4994 Ad
2969 4941 3209 5006 Patrem,
3238 4942 3322 4995 in-

1721 5032 1860 5104 quit,
1891 5027 2045 5098 ﬂecto
2073 5045 2272 5097 genua.
2293 5019 2523 5096 Ex"quo,
2548 5028 2735 5092 idest,
2764 5042 2864 5100 per
2893 5030 3323 5101 quem‘nomini-

96 5111 211 5178 Chas,
241 5117 626 5192 prophetaset
652 5119 953 5191 apostolos)
983 5115 1373 5172 natiﬁcaret'ur'
1395 5111 1928 5188 c'celesti-Cnantdr
1948 5117 2134 5172 caeteri
2165 5117 2357 5188 patres"
2375 5131 2472 5171 seu
2503 5117 2843 5188 spirituales,
2895 5131 2995 5174 seu
3042 5119 3316 5175 carnales.

97 5196 176 5255 bus
199 5223 286 5275 per
311 5209 624 5277 Ecclesiam,
656 5209 714 5264 id
753 5215 857 5275 est,
880 5225 980 5280 per
1008 5224 1074 5262 ea
1121 5209 1242 5279 quae
1272 5211 1556 5278 geruntur
1580 5207 1639 5262 in

100 5287 318 5351 Ecclesia.
497 5364 500 5372 Ι
1505 5305 1509 5310 ”

151 5378 194 5435 ὃ.
212 5387 442 5443 Alanos.
471 5388 531 5443 Ut
557 5377 876 5443 z'n‘notesbdt.
893 5386 1061 5443 'Sicut
1089 5387 1192 5441 hoc
1219 5392 1342 5442 erat
1361 5382 1639 5441 oecultum

104 5475 150 5521 ut
170 5487 256 5528 nec
279 5475 575 5531 invisibiles
597 5478 830 5532 virtutes
851 5477 1164 5549 potuissent
1179 5477 1288 5531 'h'oc
1301 5461 1644 5531 scire.vNunc

99 5570 201 5613 vero
225 5564 568 5621 manifestum
595 5567 808 5638 e's't‘per
834 5563 901 5621 ea
929 5562 1060 5638 quae”
1081 5583 1216 5638 erga
1241 5563 1644 5622 Ecclesiam'fa-

102 5652 172 5701 cta
189 5659 323 5708 sunt.

1721 5211 1827 5275 Qui
1861 5209 2010 5264 enim
2035 5206 2165 5261 fecit
2184 5223 2303 5261 esse
2329 5223 2417 5261 res
2439 5207 2587 5278 quod
2611 5213 2762 5274 sunt,
2792 5209 2912 5280 ipse
2941 5224 3110 5262 causa
3135 5213 3322 5265 'eéttut

1721 5301 2084 5355 nominentur
2122 5297 2270 5368 quod
2290 5302 2440 5351 sunt.
2479 5296 2682 5350 Aliter:
2705 5314 2767 5350 ea:
2787 5314 2909 5366 quo.
2933 5296 2989 5350 id
3017 5295 3120 5364 est,
3163 5299 3320 5369 cujus

1712 5386 2091 5444 'similitudi'ne
2120 5387 2487 5441 neminantur
2507 5392 2694 5456 patres
2716 5385 3055 5456 spirituales,
3072 5387 3170 5441 "vel
3186 5399 3321 5444 ‘car-

1724 5478 1896 5534 nales.
1927 5478 2071 5542 Quia
2095 5471 2249 5531 enim
2280 5476 2632 5546 Omnipotens
2660 5475 2806 5528 Deus
2835 5491 2943 5545 pro
2967 5491 3030 5529 eo
3054 5475 3324 5534 Pater‘di-

1725 5569 1889 5634 citur,
1928 5568 2015 5621 vel
2057 5567 2206 5638 quod
2243 5566 2447 5620 Filium
2496 5581 2562 5618 ex
2608 5579 2667 5618 se
2705 5563 3010 5635 generavit,
3039 5565 3323 5648 ‘vel'lquod

1709 5652 2161 5728 creata’proprio
2191 5653 2573 5709 moderamine
2590 5653 2870 5726 gubernat
2893 5658 2950 5710 et
2969 5654 3146 5727 regit;
3159 5655 3236 5712 Ex
3256 5674 3323 5716 ea
