3878 6420
562 326 666 384 295
761 403 770 412 .
1566 330 1627 383 Β.
1671 326 2081 382 LANFRANCI
2123 325 2477 381 CANTUAR.
2520 326 2858 381 ARCHIEP.
3734 330 3829 386 296

559 456 797 511 ternitas
825 456 884 510 in
905 455 1080 521 coelis,
1114 459 1170 508 et
1201 454 1260 508 in
1280 460 1436 508 terra
1467 454 1808 517 nominatur,
1833 458 1897 507 ut
1923 453 2015 506 det
2044 451 2219 509 vobis.
2251 451 2558 505 secundum
2589 450 3050 522 divitias-gloriae
3091 469 3224 519 suas,
3253 455 3459 511 virtute
3486 456 3831 513 corroborari

564 562 667 616 per
689 544 962 615 Spiritum
993 545 1115 613 ejus
1146 542 1203 596 in
1226 542 1550 596 interiorem
1572 542 1874 597 hominem.
1912 545 1960 593 ct
1991 540 2272 595 Christum
2320 540 2575 594 habitare
2605 555 2705 611 per
2732 539 2901 592 ﬁdem
2923 539 2979 591 in
3004 541 3264 596 cordibus
3309 545 3530 607 vestris,
3562 546 3621 599 in
3665 547 3832 601 chari-

562 638 685 688 tate
715 633 797 689 14.
832 632 1090 697 radicati,
1125 638 1182 685 et
1200 631 1437 692 fundati,
1486 629 1559 685 15.
1588 636 1651 684 ut
1668 630 1896 701 possitis
1925 628 2397 696 comprehendere
2428 645 2550 681 cum
2584 627 2845 681 omnibus
2863 629 3088 694 sanctis,
3110 629 3199 683 16.
3229 647 3350 700 quae
3371 634 3553 687 sit‘l7.
3574 635 3829 701 latitudo,

564 738 697 776 vera
727 723 995 783 charitas,
1026 726 1083 774 et
1103 718 1196 778 18.
1236 719 1548 788 longitudo,
1577 722 1893 786 exspectatio
1939 720 2213 771 donorum
2259 716 2370 781 Dei,
2404 722 2457 770 et
2496 716 2574 772 ‘l9.
2610 717 2926 770 sublimitas
2956 734 3106 784 vera,
3136 721 3196 773 id
3221 726 3314 786 est,
3350 723 3523 775 Deum
3554 726 3761 778 videre.
3786 732 3833 777 et

564 808 655 868 20.
682 809 1045 881 profundum,
1081 811 1318 876 cognitio
1338 813 1666 861 secretorum
1693 809 1823 873 Dei;
1850 807 1991 861 scire
2017 808 2184 860 etiam
2226 807 2734 878 supereminentem
2789 806 3037 861 scientiae
3092 808 3421 864 charitatem
3472 812 3710 876 Christi,
3750 812 3832 879 21,

550 898 641 957 "22
665 904 728 954 ut
755 898 1105 970 impleamini
1136 898 1440 950 uirtutibus
1477 896 1534 948 in
1566 911 1789 949 omnem
1835 896 2241 966 plenitudinem
2285 901 2462 960 I45
2486 896 2586 949 Dei
2617 894 2707 950 23.
2738 895 2802 948 Ei
2824 901 3034 957 autem,
3077 896 3172 967 qui
3200 904 3399 967 potens
3425 906 3513 954 est
3530 901 3733 955 omnia
3758 901 3835 954 fa-
3864 930 3867 937 ·

563 1000 690 1043 cere
714 988 1241 1059 superabundanter
1271 1000 1438 1055 quam
1465 984 1725 1054 petimus,
1751 993 1844 1038 aut
1874 985 2264 1054 intelligimus,
2297 984 2605 1038 secundum
2628 984 2913 1045 virtutem,
2947 1000 3069 1054 quae
3098 993 3366 1055 operatur
3386 989 3445 1042 in
3474 988 3661 1055 nobis,
3697 994 3837 1058 quod

554 1084 848 1147 possumus
875 1079 1015 1130 scire
1043 1093 1111 1128 eu.-
1141 1076 1238 1128 hoc
1275 1075 1416 1142 quod
1437 1075 1533 1126 dat
1562 1075 1717 1126 nobis
1746 1077 2008 1128 rirtutem
2049 1078 2479 1133 miraculorum,
2510 1073 2617 1143 ipsi
2645 1074 2826 1143 gloria
2880 1074 2938 1127 in
2985 1074 3249 1139 Ecclesia,
3276 1079 3337 1130 in
3367 1092 3610 1147 corpore,
3665 1086 3728 1134 et
3782 1080 3834 1134 in

552 1166 787 1222 Christo
807 1166 836 1219 J
841 1181 940 1219 esu
962 1169 1011 1218 et
1041 1168 1102 1217 in
1134 1166 1326 1231 capite,
1360 1162 1418 1215 in
1451 1178 1645 1215 omnes
1671 1163 2063 1232 generationes
2090 1161 2179 1217 24.
2212 1161 2400 1217 saeculi
2423 1163 2612 1232 (hujus
2631 1178 2696 1215 eae
2723 1165 2919 1216 multis
2938 1165 3149 1217 suculis
3179 1164 3248 1217 ab
3265 1167 3430 1220 initio
3453 1169 3834 1222 constantibus

558 1253 644 1323 [f.,
685 1252 1036 1320 constantisl)
1066 1250 1420 1305 saeculorum.
1454 1250 1656 1303 Amen.

1976 1346 2219 1401 CAPUT
2257 1347 2351 1402 IV.

627 1466 874 1523 Obsecro
914 1468 1108 1537 itaque
1130 1482 1226 1519 vos
1254 1465 1446 1532 (ethica
1472 1465 1802 1527 admonitio)
1830 1462 1877 1518 1.
1910 1479 2012 1533 ego
2032 1464 2269 1529 vinctus,
2303 1467 2700 1530 incarceratus,
2722 1464 2801 1529 in,
2814 1480 2938 1533 pro,
2962 1463 3219 1531 Domino,
3255 1470 3318 1518 ut
3333 1464 3503 1535 digne
3525 1466 3833 1522 ambuletis

554 1558 841 1611 vocatione
866 1573 979 1626 qua
1010 1555 1191 1608 vocati
1224 1554 1379 1618 estis,
1416 1568 1542 1606 cum
1566 1552 1718 1605 omni
1746 1551 2086 1615 humilitate,
2113 1554 2295 1619 dictis,
2312 1558 2359 1606 et
2376 1554 2557 1620 factis,
2578 1560 2636 1607 et
2650 1552 3101 1616 mansuetudine,
3126 1568 3251 1606 cum
3275 1554 3569 1624 patientia,
3604 1572 3837 1628 suppor-

561 1648 748 1715 tantes
777 1644 1092 1715 invicemAin
1117 1643 1411 1707 charitate,
1445 1641 1665 1695 solliciti
1694 1657 1915 1694 servare
1943 1640 2239 1706 unitatem,
2277 1642 2644 1706 cbncordiam,
2671 1642 2903 1712 spiritus
2932 1640 2990 1694 in
3020 1641 3236 1695 vinculo
3266 1643 3418 1713 pacis
3447 1647 3501 1708 (α
3521 1648 3754 1712 simili),
3783 1643 3833 1709 ‘2,

558 1731 609 1790 3.
637 1732 823 1787 Unum
847 1710 1065 1803 corpus,
1093 1729 1143 1785 4.
1173 1736 1230 1783 et
1262 1746 1406 1783 unus
1437 1727 1671 1799 spiritus
1698 1731 1853 1791 sitis;
1886 1728 2031 1782 sicut
2060 1734 2117 1782 et
2148 1729 2325 1783 vocati
2345 1730 2478 1783 estis
2498 1731 2555 1784 in
2586 1747 2699 1785 una
2718 1748 2816 1801 spe
2840 1730 3140 1784 vocationis
3158 1738 3374 1784 vestrae.
3412 1732 3573 1787 Sicut
3593 1739 3675 1786 est
3694 1735 3838 1786 vobis

554 1837 703 1875 unus
731 1821 1025 1884 Dominus,
1053 1835 1165 1873 una
1183 1818 1340 1883 ﬁdes,
1374 1835 1550 1872 unum
1581 1816 1878 1888 baptisma,
1906 1821 1986 1869 ita
2016 1818 2213 1871 debetis
2238 1834 2420 1871 unum
2435 1821 2699 1887 spiritum
2716 1820 2926 1873 habere.
2957 1818 3114 1873 Unus
3131 1819 3297 1882 Deus,
3320 1825 3376 1873 et
3394 1821 3567 1874 Pater
3579 1823 3838 1875 omnium

553 1907 605 1966 5.
636 1909 731 1981 qui
753 1917 838 1964 est
863 1925 1032 1980 super
1061 1923 1271 1974 omnes,
1308 1912 1371 1961 ut
1400 1908 1671 1960 Dominus
1725 1910 1782 1959 et
1816 1922 1916 1976 per
1942 1905 2148 1970 omnia,
2200 1911 2259 1959 ut
2304 1908 2641 1974 gubernans,
2671 1912 2728 1961 et
2756 1907 2814 1960 in
2846 1906 3107 1961 omnibus
3154 1906 3333 1974 nobis,
3375 1912 3439 1961 ut
3478 1911 3833 1964 inhabitans.

1881 2019 2470 2075 COMMENTARIUS.

549 2139 918 2195 similitudine
948 2144 1177 2209 propter
1193 2137 1449 2191 eamdem
1481 2152 1708 2191 causam
1739 2140 1927 2207 patres
1955 2135 2147 2189 dicun-
2170 2132 2376 2194 Aalias
2401 2135 2607 2190 dicitur
2639 2155 2652 2191 :
2693 2138 2880 2205 Supra
2927 2139 3154 2192 modum
3203 2141 3267 2192 in
3302 2138 3653 2193 sublimitate
3687 2146 3837 2195 aeter-

546 2235 661 2296 tur,
714 2229 801 2282 vel
832 2228 965 2298 quia
1013 2244 1074 2281 ex
1116 2244 1177 2281 se
1210 2226 1349 2297 ipsis
1395 2226 1538 2279 ﬁlios
1567 2230 1873 2295 generant;
1900 2225 1984 2277 vel
2012 2225 2147 2294 quia

548 2316 826 2386 subjectos
872 2316 964 2385 pio
994 2314 1179 2368 studio
1206 2313 1524 2383 gubernant
1581 2320 1637 2366 et
1681 2319 1902 2382 regunt.
1940 2313 1995 2365 Si
2018 2328 2144 2365 vero

547 2422 649 2477 per
687 2405 856 2459 coelos
901 2403 1128 2472 angelos
1160 2401 1403 2470 intelligi
1441 2401 1636 2469 voluit,
1679 2400 2017 2454 credendum
2063 2406 2148 2453 est

548 2494 795 2548 minores
825 2493 1072 2561 angelos.
1097 2498 1283 2561 patres
1308 2490 1599 2543 nominare
1628 2490 1898 2558 majores;
1923 2505 2145 2559 quoquo

544 2587 739 2636 tamen
769 2581 935 2634 modo
964 2580 1245 2634 sententia
1274 2579 1626 2648 intelligitur,
1656 2578 1804 2631 bona
1838 2577 2146 2647 paternitas

544 2670 783 2740 intelligi
808 2670 1002 2735 debet;
1045 2685 1227 2741 neque
1252 2668 1404 2723 enim
1425 2684 1490 2720 ex
1519 2667 1635 2721 Deo
1664 2666 1762 2719 illa
1782 2673 1921 2731 erat,
1946 2666 2015 2719 dc
2035 2682 2144 2736 qua

546 2760 606 2814 in
644 2759 942 2828 Evangelio
982 2758 1118 2811 dicit
1154 2776 1165 2810 :
1211 2758 1297 2810 Vos
1327 2773 1394 2810 ea:
1420 2761 1575 2824 patre
1628 2755 1844 2808 diabolo
1881 2758 2023 2807 estis.
2077 2754 2146 2808 Et

545 2847 680 2903 alibi
715 2867 726 2900 :
756 2836 826 2900 ab
854 2849 1021 2900 initio
1052 2847 1291 2921 mendas;
1321 2850 1415 2907 est,
1466 2847 1524 2897 et
1578 2848 1739 2913 pater
1776 2843 1896 2912 ejus
1924 2849 2140 2913 patrem

542 2936 843 3002 mendacii,
876 2920 1395 2999 diabolunjldicens.

622 3026 707 3081 l4.
755 3026 1000 3080 AUGUST.
1047 3001 1243 3094 (Epist.
1284 3021 1382 3077 120
1413 3022 1485 3075 De
1510 3022 1698 3087 gratia
1726 3021 1866 3073 Novi
1902 3020 2055 3086 Tesl.,
2088 3036 2134 3075 c.

539 3112 629 3181 26,
664 3120 807 3179 tom.
851 3114 944 3181 II.)
993 3114 1247 3175 Radicati
1266 3116 1313 3163 et
1333 3111 1581 3178 fundati.
1628 3108 1881 3163 Radicati
1912 3115 2141 3180 propter

541 3203 947 3273 agriculturam
979 3221 990 3268 ;
1049 3199 1269 3255 fundati
1299 3204 1529 3268 propter
1548 3197 1971 3251 mdiﬁcationem
1997 3217 2009 3265 ;
2060 3198 2139 3251 di-

541 3291 619 3345 cit
664 3291 815 3346 enim
847 3291 957 3347 alio
989 3290 1110 3344 loco
1138 3307 1148 3341 :
1181 3291 1275 3342 Dei
1297 3290 1674 3354 agricultura,
1718 3286 1816 3339 Dei
1855 3288 2140 3354 aediﬁcatio

538 3384 683 3436 estis.
1246 3446 1251 3454 .

614 3468 699 3526 15.
745 3470 988 3524 AMBBOS.
1058 3468 1119 3521 Ut
1164 3468 1399 3535 possitis.
1433 3463 1551 3518 Hoc
1589 3469 1675 3518 est
1701 3470 1767 3518 ut
1794 3464 1853 3518 in
1878 3462 2141 3518 fruitione

536 3560 666 3614 vita:
687 3557 1025 3622 consistatis,
1052 3555 1199 3626 quod
1231 3553 1475 3607 ostendit
1497 3553 1730 3607 dicendo
1751 3570 1878 3607 cum
1908 3553 2134 3619 sanctis,

537 3665 670 3702 nam
700 3632 1078 3710 latitudinem,
1132 3643 1563 3714 longitudinem,
1597 3642 1959 3712 prolundum.
1995 3642 2138 3695 Alti-

535 3737 791 3792 tudinem
814 3735 947 3790 dicit
963 3733 1161 3804 gratiae
1184 3731 1651 3802 magnitudinem,
1685 3747 1748 3785 ex
1778 3730 1865 3785 his
1895 3730 2135 3784 nomini-

532 3828 638 3884 bus
668 3844 790 3898 quze
811 3824 958 3897 apud
980 3840 1081 3877 nos
1110 3838 1316 3891 magna
1340 3835 1458 3874 esse
1483 3819 1760 3885 videntur,
1790 3836 1907 3884 oro,
1928 3819 2130 3891 inquit,

2158 3367 2210 3427 B

2226 2246 2367 2284 num
2396 2235 2584 2299 gloriae
2609 2234 2827 2301 pondus
2840 2275 2854 2291 .

2296 2316 2385 2374 20.
2411 2322 2780 2387 Profundum.
2805 2321 3151 2376 Profundum
3175 2322 3452 2377 infernum
3486 2330 3675 2378 vocat.
3698 2325 3765 2379 Oi
3781 2331 3837 2378 at

2228 2424 2361 2477 ergo
2416 2409 2714 2479 Apostolus
2754 2415 3031 2480 quatenus
3085 2411 3202 2464 haec
3229 2416 3469 2481 quatuor
3496 2414 3730 2483 possint
3759 2414 3839 2467 in-

2226 2496 2497 2566 telligere,
2558 2503 2615 2551 et
2661 2498 2964 2563 intellecta,
3019 2499 3131 2553 tria
3187 2505 3469 2571 appetere,
3513 2517 3703 2556 unum
3759 2503 3835 2555 vi-

2225 2589 2348 2639 tare
2362 2630 2374 2642 .

2295 2673 2358 2729 2i
2386 2677 2637 2730 AUGUST.
2670 2675 2859 2747 (Epist.
2914 2674 3012 2730 H2
3052 2680 3126 2732 ad
3166 2680 3468 2732 Paulinam
3489 2679 3565 2731 De
3596 2682 3837 2733 videndo

2224 2764 2347 2827 Deo,
2380 2780 2496 2833 cap.
2553 2761 2642 2827 23,
2692 2771 2829 2818 tom.
2877 2766 2973 2833 II.)
3006 2766 3067 2820 Ut
3087 2769 3457 2834 impleamini.
3510 2766 3605 2820 Sic
3637 2768 3838 2839 imple-

2224 2849 2434 2905 buntur
2478 2851 2535 2905 in
2564 2868 2785 2906 omnem
2814 2853 3218 2923 plenitudinem
3257 2853 3377 2914 Dei.
3410 2870 3523 2907 non
3551 2871 3690 2910 cum
3723 2857 3840 2909 fue-

2221 2939 2337 2992 rint
2362 2945 2417 2993 et
2445 2940 2553 3010 ipsi
2581 2941 2780 3011 plenus
2809 2941 2976 3009 Deus,
3021 2942 3118 2995 sed
3157 2958 3285 2996 cum
3330 2942 3541 2996 fuerint
3578 2945 3838 3014 perfecte

2222 3028 2372 3098 pleni
2402 3029 2536 3082 Deo.

2291 3114 2380 3173 2'2.
2409 3119 2654 3175 AMBROS.
2681 3120 2741 3174 Ut
2763 3121 3131 3187 impleamini,
3167 3119 3221 3172 id
3248 3125 3353 3185 est,
3386 3123 3449 3173 ut
3476 3118 3677 3199 ipsum
3698 3140 3834 3193 pro-

2220 3205 2478 3276 portione
2502 3207 2812 3261 communis
2840 3208 3087 3279 corporis
3111 3207 3429 3275 videamini,
3452 3208 3509 3261 in
3533 3226 3651 3279 quo
3681 3212 3835 3265 Deus

2222 3293 2520 3352 inhabitat.
3428 3310 3433 3318 ’

2291 3379 2380 3437 23.
2414 3382 2482 3436 Ei
2508 3387 2691 3437 autem
2716 3386 2817 3452 qui
2838 3389 3045 3452 potens.
3066 3384 3201 3437 Post
3217 3383 3412 3455 gratiae
3432 3386 3838 3441 narrationem

2223 3476 2348 3524 orat
2379 3487 2478 3542 pro
2507 3470 2635 3537 illis,
2686 3477 2743 3526 et
2797 3471 2900 3525 sub
2950 3488 3104 3542 spem
3137 3472 3223 3542 [f.,
3265 3473 3469 3543 specie]
3501 3476 3836 3543 gratiarum

2222 3560 2457 3614 actionis
2509 3558 2845 3615 concludens
2894 3561 3239 3631 dogmaticos
3298 3577 3585 3616 sermones
3628 3564 3839 3636 incipit

2222 3651 2434 3705 ethicos
2448 3697 2459 3709 .
2814 3724 2817 3727 ν

2292 3738 2381 3796 24.
2425 3739 2636 3793 LANFR.
2689 3737 2886 3792 δειδυιί
2933 3743 3278 3794 saeculorum.
3324 3740 3603 3794 Saeculum
3661 3761 3841 3799 saecu-

2219 3829 2402 3883 lorum
2424 3833 2508 3881 est
2532 3822 2816 3881 aeternitas
2837 3828 2995 3897 cujus
3031 3833 3220 3898 partes
3275 3834 3408 3882 sunt
3461 3834 3734 3901 tempora
3777 3840 3837 3888 et

537 3935 664 3981 cum
696 3915 906 3972 sanctis
934 3914 1031 3967 illa
1065 3916 1181 3964 tam
1227 3926 1433 3981 magna
1483 3908 1783 3962 donatione
1819 3909 1920 3963 Dei
1963 3927 2133 3980 quam
2217 3914 2408 3971 omnia
2434 3916 2656 3970 saecula.
2687 3917 2880 3970 Potest
2910 3916 3078 3970 etiam
3100 3917 3336 3987 intelligi
3366 3916 3567 3970 saecula
3589 3922 3834 3975 saeculo-

528 4006 796 4081 pmstitit
819 4002 979 4059 nobis
1001 3999 1244 4052 Charitas
1264 3997 1490 4051 Christi.

2214 4022 2360 4071 rum,
2405 4006 2508 4059 hoc
2541 4022 2785 4077 praesens
2813 4006 3077 4060 saeculum
3113 4005 3182 4059 ab
3211 4005 3372 4060 initio
3410 4006 3610 4060 mundi
3643 4025 3835 4081 usque

608 4095 693 4151 16.
714 4098 969 4149 AUGUST.
1005 4089 1189 4157 (Ibid)
1234 4087 1360 4153 Quae
1395 4089 1467 4140 sit
1493 4089 1747 4142 latitudo.
1768 4088 2044 4143 ‘Latitudo
2070 4088 2130 4143 in
2212 4094 2283 4148 ad
2312 4096 2482 4148 ﬁnem
2525 4094 2692 4148 simul
2722 4094 3089 4163 intellectum,
3119 4095 3267 4167 quod
3314 4095 3375 4149 in
3403 4095 3584 4150 multa
3613 4100 3835 4154 saecula

530 4185 691 4243 bonis
709 4180 989 4254 operibus,
1015 4176 1216 4247 quibus
1230 4175 1617 4229 benevolentia
1635 4175 1941 4247 porrigitur
1953 4195 2130 4249 usque
2210 4182 2496 4239 dividitur.

531 4277 606 4332 ad
633 4269 944 4342 diligendos
972 4264 1253 4333 inimicos;
1287 4270 1344 4319 et
1372 4262 1684 4334 longitudo,
1706 4272 1769 4320 ut
1792 4265 2128 4336 longanimi-

527 4372 618 4421 ter
646 4378 747 4434 pro
777 4361 883 4413 hac
909 4355 1206 4411 latitudine
1233 4354 1503 4409 molestiae
1531 4355 1873 4424 tolerantur;
1906 4364 1963 4411 et
1991 4355 2123 4411 lati-

2283 4271 2550 4326 CAP.IV.
2582 4303 2645 4313 —
2664 4272 2710 4328 l.
2741 4274 2990 4327 AMBROS.
3032 4274 3141 4341 Ego
3164 4276 3399 4328 vinctus.
3444 4272 3529 4326 Ad
3551 4274 3834 4331 reveren-

2209 4361 2347 4415 tiam
2368 4365 2568 4426 mutat,
2611 4359 2744 4431 quia
2771 4361 2974 4431 adjecit
3001 4380 3012 4414 :
3047 4362 3154 4430 Ego
3180 4365 3396 4416 vinctus
3428 4364 3489 4415 in
3526 4363 3777 4419 Domino
3810 4387 3829 4431 ,-

529 4452 687 4516 tudo,
736 4454 804 4502 ut
838 4463 939 4518 pro
986 4445 1073 4499 his
1126 4448 1416 4502 aeternum.
1451 4445 1599 4515 quod
1629 4442 1690 4499 in
1719 4446 1975 4517 supernis
2015 4452 2118 4513 est,
2205 4450 2253 4505 si
2279 4448 2504 4520 quidem
2547 4449 2670 4520 ipsa
2700 4449 2921 4505 vincula
2956 4455 3188 4522 propter
3222 4450 3685 4521 praedicationem
3713 4454 3829 4508 ha-

528 4539 842 4615 praemium.
875 4551 988 4590 non
1018 4549 1220 4587 vanum
1241 4533 1451 4604 aliquid
1481 4534 1790 4606 temporale
1818 4541 2074 4606 speretur
2105 4555 2118 4603 ;

528 4636 586 4687 et
599 4623 1244 4700 profundum,significat
1253 4623 1694 4694 profunditatem
1712 4624 1972 4694 gratuitae
1982 4640 2086 4694 gra
2103 4656 2117 4663 -

2204 4536 2337 4593 bere
2367 4537 2607 4595 videtur.

2274 4627 2329 4681 2.
2366 4628 2547 4682 Unum
2582 4644 2797 4698 corpus,
2846 4624 2949 4681 hoc
2994 4634 3099 4690 est,
3129 4629 3275 4681 hanc
3317 4627 3595 4682 unitatem
3630 4628 3832 4687 illiba-

526 4718 641 4783 tim,
672 4719 731 4772 in
763 4733 876 4788 qua
905 4713 1208 4769 multorum
1232 4711 1459 4783 ingenia
1483 4720 1871 4782 conteruntur,
1904 4711 2320 4787 investi-Ctam
2377 4717 2671 4781 custodite,
2710 4732 2811 4787 per
2856 4733 3050 4787 pacem
3101 4722 3158 4771 et
3194 4716 3522 4771 charitatem
3556 4736 3568 4783 ;
3612 4724 3675 4772 et
3714 4720 3831 4776 hoc

520 4788 663 4883 gare
716 4810 1010 4871 conantur,
1062 4808 1126 4857 ut
1169 4803 1241 4857 ad
1287 4808 1601 4857 extremum
1650 4803 1730 4857 eis
1776 4802 1995 4857 dicatur
2029 4821 2040 4857 :
2079 4803 2119 4858 0
2200 4823 2322 4861 esse
2347 4805 2725 4860 necessarium
2745 4804 2936 4859 multis
2963 4805 3142 4859 modis
3164 4806 3458 4860 ostendere
3484 4805 3692 4860 nititur
3713 4824 3831 4880 per

528 4898 704 4964 homo,
739 4900 800 4949 tu
830 4898 953 4964 quis
972 4910 1043 4961 es,
1076 4896 1175 4962 qui
1203 4896 1523 4962 respondeas
1545 4894 1645 4946 Deo
1671 4898 1694 4945 Ρ

603 4986 688 5043 17.
720 4986 923 5040 LANFR.
956 4984 1229 5037 Latitudo.
1274 4983 1536 5037 Latitudo
1563 4980 2008 5036 Christianorum
2039 4988 2124 5036 est

2200 4912 2267 4950 ea
2294 4912 2416 4966 quae
2432 4900 2772 4965 sequuntur.

2277 4982 2326 5042 3.
2356 4985 2559 5039 LANFR.
2627 4982 2806 5039 Unum
2829 5000 3022 5052 corpus
3051 4989 3101 5037 et
3133 4999 3281 5037 unus
3310 4985 3566 5052 spiritus.
3614 4983 3827 5043 Unum

526 5076 709 5139 cordis
729 5074 1055 5147 amplitudo,
1091 5072 1162 5127 ad
1191 5072 1437 5126 dandum
1469 5077 1527 5125 et
1553 5070 1992 5125 subveniendum
2021 5088 2122 5142 pro
2204 5074 2422 5129 habetis
2452 5072 2732 5145 spiritum,
2780 5073 2925 5128 sicut
2953 5072 3086 5129 estis
3132 5089 3308 5128 unum
3344 5090 3565 5146 corpus,
3597 5081 3667 5130 ut
3696 5094 3825 5134 non

524 5170 642 5226 Deo
684 5167 738 5220 in
784 5169 1056 5236 quantum
1089 5167 1274 5234 potest
1314 5179 1326 5214 :
1355 5160 1505 5215 unde
1533 5159 1673 5214 alias
1702 5159 1907 5215 dicitur
1934 5179 1945 5215 :
1970 5162 2122 5215 Dila-
2203 5163 2326 5219 sitis
2343 5161 2699 5218 schismatici.

525 5260 734 5315 tamini
759 5261 807 5310 et
832 5272 919 5309 vos
933 5300 945 5313 .

2273 5251 2328 5310 4.
2351 5253 2601 5309 AMBROS.
2627 5252 2693 5307 Et
2718 5270 2867 5308 unus
2886 5254 3137 5321 spiritus.
3172 5253 3412 5324 Spiritus
3446 5253 3542 5324 qui
3578 5268 3686 5309 nos
3724 5273 3824 5312 re-

602 5347 687 5405 18.
719 5346 1041 5415 Longitudo.
1072 5339 1408 5412 Longitudo,
1436 5356 1559 5411 quae
1600 5347 1656 5395 et
1697 5338 1836 5396 alias
1865 5340 2119 5412 longani-
2199 5344 2520 5415 generavit;
2550 5359 2772 5413 corpus,
2802 5342 3004 5413 inquit,
3040 5359 3140 5413 per
3166 5343 3655 5413 regenerationem
3677 5361 3822 5425 con-

525 5437 695 5494 mitas
721 5435 944 5500 dicitur,
980 5432 1039 5486 id
1072 5438 1174 5495 est,
1203 5430 1539 5501 exspectatio
1559 5430 1992 5502 promissionum
2015 5432 2118 5487 Dei
2198 5436 2395 5489 sistere
2414 5432 2696 5488 videmini.

526 5543 655 5585 cum
676 5524 964 5581 alacritate
992 5514 1214 5576 mentis.

2271 5520 2322 5578 5.
2348 5525 2453 5590 Qui
2473 5538 2637 5591 super
2665 5538 2867 5576 omnes.
2927 5518 3034 5585 Qui
3088 5518 3349 5576 omnibus
3393 5524 3812 5592 supereminet.

604 5614 687 5681 19.
710 5614 1056 5696 Sublimitas.
1095 5609 1524 5669 Sublimitasest
1545 5611 1656 5670 vita
1673 5612 1930 5671 caelestis.
1960 5608 2118 5670 Unde
2200 5613 2319 5670 Hoc
2348 5612 2501 5668 enim
2532 5598 2671 5667 dicit
2723 5624 2890 5685 super
2936 5627 3150 5681 omnes,
3210 5611 3306 5682 qui
3356 5616 3412 5665 et
3456 5628 3558 5685 per
3609 5616 3818 5670 omnia
