3878 6400
534 287 642 345 299
1529 291 1595 345 B:
1635 292 2053 365 LANFRANCI
2093 292 2452 354 CANTUAR.
2494 291 2830 352 ARCHIEP.
2873 346 2876 348 _
3706 295 3810 354 300

531 428 847 469 connexum
876 430 979 486 per
1000 431 1224 470 omnem
1244 417 1571 486 juncturam
1603 416 1690 472 20.
1720 416 2277 479 subministrationis,
2305 418 2364 469 id
2392 423 2485 482 est,
2511 421 2863 472 accessionem
2891 420 3453 472 subministrant-ium
3481 435 3532 472 se
3563 421 3689 483 Deo,
3719 417 3806 474 21.

532 504 846 558 secundum
872 505 1256 576 operationem
1285 504 1342 558 in
1376 517 1695 559 mensuram
1725 507 2164 576 uniuscujusque
2189 505 2445 572 membri,
2476 509 2536 560 id
2558 510 2633 559 est
2654 508 2955 559 secundum
2986 509 3355 574 operationem
3377 511 3811 577 uniuscujusque

532 593 790 656 membri,
824 597 1191 662 augmentum
1223 593 1470 663 corporis
1501 593 1801 653 facit22,in
1824 594 2246 648 aedificationem
2273 593 2360 646 sui
2383 597 2555 661 ipsius
2575 594 2663 646 2L5.
2685 594 3029 647 incharitate
3052 594 3262 648 Christi
3291 612 3402 650 non
3433 598 3674 649 mer-itis.
3703 597 3810 649 Hoc

533 679 711 749 igitur
731 680 874 745 dico,
911 685 968 735 et
996 681 1270 735 testiﬁcor
1299 682 1358 735 in
1379 679 1636 746 Domino,
1661 688 1724 735 ut
1748 683 1865 752 jam
1897 688 2112 750 accepta
2137 684 2388 736 doctrina
2432 699 2543 736 non
2595 683 2894 737 ambuletis
2942 682 3087 735 sicut
3115 688 3171 735 et
3206 687 3402 752 gentes
3434 682 3729 737 ambulant
3755 684 3809 736 in

533 769 784 823 vanitate
806 779 1005 824 sensus
1034 771 1141 836 sui,
1171 766 1416 824 tenebris
1445 769 1800 824 obscuratum
1823 764 2095 824 habentes
2115 770 2480 836 intellectum,
2502 773 2729 827 alienati
2755 772 2842 826 24.
2864 789 2898 825 a
2916 772 3031 825 vita
3059 773 3179 835 Dei,
3203 778 3428 832 eterna,
3462 775 3544 825 vel
3566 789 3601 826 a
3626 789 3808 826 resur-

535 859 774 911 ratione
799 859 901 912 illa
932 873 1050 927 quae
1078 861 1202 926 ﬁeri
1228 856 1582 926 exspectatur,
1617 875 1718 929 per
1756 859 2155 930 ignorantiam,
2200 878 2324 931 quae
2369 868 2454 915 est
2488 861 2545 914 in
2576 862 2703 922 illis,
2743 867 2972 931 propter
3000 861 3308 914 caecitatem
3339 860 3520 914 cordis
3548 860 3806 930 ipsorum

533 939 754 999 ostendo
785 940 953 1012 idola,
979 947 1073 1017 qui
1095 945 1474 1017 desperantes,
1498 948 1830 1018 semetipsos
1852 949 2211 1002 tradiderunt
2238 950 2685 1021 impudicitimﬁn
2710 951 3094 1021 operationem
3122 950 3495 1004 immunditiis
3521 951 3729 1007 omnis.
3750 953 3805 1006 in

531 1033 827 1087 avaritiam
857 1036 1290 1103 inexplebiliter.
1329 1030 1441 1088 Vos
1470 1041 1659 1088 autem
1696 1052 1808 1089 non
1838 1037 1918 1089 ita
1945 1035 2221 1091 didicistis
2253 1040 2540 1094 Christum
2572 1044 2704 1093 velle
2729 1057 2818 1093 vos
2846 1042 3044 1106 facere.
3079 1039 3124 1092 si
3147 1046 3338 1092 tamen
3359 1037 3517 1092 illum
3544 1039 3802 1108 audistis,

528 1120 586 1177 ot
604 1122 663 1175 in
683 1122 804 1192 ipso
827 1123 1008 1176 edocti
1025 1123 1177 1188 estis,
1204 1123 1348 1178 sicut
1374 1129 1459 1178 est
1487 1125 1690 1178 veritas
1721 1143 1831 1179 non
1853 1128 2157 1197 hypocrisis
2189 1129 2246 1180 in
2272 1129 2299 1181 J
2306 1144 2425 1194 esu,
2455 1128 2733 1198 deponere
2763 1145 2857 1181 vos
2885 1127 3192 1182 secundum
3228 1127 3521 1197 pristinam
3576 1144 3804 1183 conver-

518 1211 795 1266 sitionem
823 1215 1066 1266 veterem
1095 1213 1401 1279 hominem,
1427 1231 1666 1268 massam
1700 1219 1986 1281 vitiorum,
2007 1221 2117 1271 imo
2134 1222 2213 1271 ita
2245 1220 2518 1272 didicistis
2541 1218 2825 1271 Christum
2841 1221 2973 1270 velte
3001 1222 3062 1270 ut
3090 1219 3390 1284 deportatis,
3416 1216 3513 1286 qui
3545 1233 3801 1271 corrum-

521 1297 679 1368 pitur
702 1294 972 1368 peccando
996 1301 1304 1355 secundum
1337 1301 1615 1355 desideria
1635 1303 1860 1357 erroris.
1891 1304 1960 1358 Et
1988 1309 2120 1373 quia
2144 1323 2255 1358 non
2283 1308 2490 1374 sufﬁcit
2515 1305 2775 1373 deportare
2795 1309 3014 1369 amato,
3041 1306 3223 1358 subdit
3252 1324 3267 1356 :
3300 1304 3388 1359 2:3.
3421 1305 3800 1359 Renovamini

523 1391 712 1441 autem
730 1387 934 1458 spiritu
956 1388 1161 1443 mentis
1184 1395 1404 1456 vestrae,
1421 1389 1702 1444 etinduite‘
1716 1405 1921 1444 novum
1945 1391 2249 1458 hominem,
2267 1411 2507 1449 massam
2520 1398 2816 1456 virtutum,
2835 1391 2922 1449 26.
2944 1394 3038 1464 qui
3053 1393 3358 1446 secundum
3378 1393 3552 1447 Deum
3573 1402 3798 1449 creatus

520 1479 610 1528 θοι
636 1466 696 1528 in
709 1475 932 1545 justitia
953 1479 1008 1529 et
1020 1476 1319 1530 sanctitate
1337 1477 1606 1532 veritatis.
1630 1479 1863 1548 Propter
1879 1481 2047 1550 quod,
2075 1489 2134 1535 ut
2156 1499 2357 1537 novum
2375 1484 2651 1536 hominem
2665 1485 2935 1544 induatis,
2957 1483 3300 1554 deponentes
3320 1482 3699 1548 mendacium,
3724 1483 3799 1536 lo-

522 1562 762 1632 quimini
793 1564 1085 1619 veritatem
1118 1567 1507 1638 Unusquisque
1536 1575 1662 1620 eum
1684 1567 1936 1637 proximo
1964 1578 2083 1629 suo,
2120 1566 2386 1637 qUoniam
2420 1583 2614 1619 sumus
2644 1566 2879 1619 invicem
2907 1566 3178 1619 membra.
3212 1565 3273 1619 Si
3301 1569 3382 1619 cet
3413 1567 3476 1618 de
3497 1570 3797 1634 prateritis

519 1650 857 1719 irascimini,
893 1657 950 1707 et
977 1653 1150 1708 nolite
1178 1657 1250 1708 ad
1263 1660 1447 1709 actum
1463 1650 1769 1720 ducere,vet
1789 1657 2036 1724 deinceps
2062 1670 2308 1725 peccare.
2330 1654 2418 1708 27.
2445 1657 2558 1713 Sol,
2588 1659 2668 1708 vel
2687 1656 2958 1717 Christus,
2982 1653 3072 1709 28.
3096 1671 3207 1708 non
3222 1654 3439 1708 occidat
3458 1656 3605 1708 vobis
3624 1673 3798 1726 super

519 1737 870 1794 iracundiam
899 1747 1162 1796 vestram.
1191 1743 1377 1796 Nolite
1408 1739 1591 1796 locum
1610 1743 1744 1796 dare
1765 1741 1986 1797 diabolo
2008 1745 2244 1814 (exponit
2269 1745 2552 1812 quomodo)
2575 1762 2586 1809 ;
2614 1743 2708 1814 qui
2731 1743 3046 1804 furabatur,
3063 1744 3180 1813 jam
3198 1759 3309 1797 non
3336 1743 3574 1809 furetur,
3611 1744 3796 1814 magis

515 1827 1244 1901 autemlabore‘twperando
1268 1830 1528 1884 manibus
1548 1829 1664 1884 suis
1691 1831 1836 1901 quod
1861 1830 2067 1886 bonUm
2091 1837 2266 1890 est,ut
2278 1829 2482 1883 habeat
2503 1829 2650 1882 unde
2667 1828 2878 1882 tribuat
2898 1831 3029 1894 (non
3046 1831 3190 1882 unde
3215 1829 3473 1894 inebriet)
3491 1831 3798 1884 necessita-

511 1920 630 1969 tem
659 1917 1121 1988 patienti.0mnis
1141 1935 1326 1972 sermo
1347 1920 1531 1972 malus
1543 1936 1608 1972 ex
1618 1936 1713 1973 ore
1727 1926 1906 1974 vestro
1925 1937 2037 1977 non
2055 1921 2340 1991 procedat,
2366 1920 2560 1972 nullus
2583 1934 2760 1970 sermo
2781 1919 2963 1971 malus
2975 1919 3251 1985 procedat,
3270 1918 3364 1970 sed
3389 1917 3435 1971 si
3455 1917 3582 1987 quis
3609 1935 3794 1972 sermo

511 2002 693 2059 bonus
718 2013 812 2070 est,
847 2012 1026 2073 I43
1058 2011 1138 2061 vet
1167 2011 1258 2073 sit,
1293 2009 1364 2061 ad
1386 2008 1809 2062 aediﬁcationem
1841 2009 1988 2072 ﬁdei,
2019 2013 2112 2062 itte
2132 2011 2411 2078 procedat,
2435 2010 2515 2059 ita
2545 2012 2609 2060 ut
2632 2005 2728 2059 det
2750 2006 3014 2076 gratiam,
3042 2012 3240 2073 gratus
3269 2009 3360 2071 sit,
3395 2006 3780 2073 audientibus,

509 2090 599 2154 29.
629 2091 706 2154 Et
735 2095 913 2155 nolite
941 2095 1276 2156 contristare
1303 2094 1393 2150 30.
1419 2096 1692 2167 Spiritum
1723 2104 1979 2152 sanctum
2012 2097 2138 2163 Dei,
2169 2102 2249 2152 vel
2272 2098 2398 2151 illos
2426 2098 2525 2163 qui
2555 2097 2773 2158 habent,
2801 2095 2861 2150 in
2891 2112 3002 2165 quo
3033 2095 3239 2165 signati
3268 2095 3403 2151 estis
3427 2095 3486 2149 in
3514 2094 3606 2151 3|.
3636 2096 3790 2152 diem

502 2178 1195 2261 redemptionis,baptismi
1217 2188 1282 2243 in
1303 2191 1521 2257 partem
1549 2188 1666 2250 Dei,
1693 2187 1754 2240 id
1773 2191 1864 2250 est,
1899 2188 2125 2240 discreti
2153 2187 2221 2238 ab
2241 2183 2791 2251 inﬁdelitateﬂmnis
2811 2183 3329 2248 amaritu-do,etira,
3356 2189 3411 2236 et
3441 2183 3786 2253 indignatio,

505 2276 564 2330 et
591 2273 803 2332 clarhor
820 2277 886 2330 in
908 2275 1108 2344 Deum,
1127 2280 1185 2329 et
1206 2274 1559 2346 blasphemia
1575 2275 1810 2330 tollatur
1829 2291 1864 2330 a
1889 2273 2046 2329 vobis
2073 2289 2205 2328 cum
2227 2271 2381 2328 omni
2402 2271 2636 2326 malitia.
2665 2272 2854 2326 Estote
2875 2278 3068 2328 autem
3087 2272 3324 2328 invicem
3339 2271 3592 2341 benigni,
3617 2273 3788 2328 mise-

1830 2475 2418 2533 COMMENTARIUS.

495 2683 558 2739 in
591 2692 929 2755 unoquoque
967 2675 1250 2752 nostrum,
1291 2683 1598 2759 spiritualis
1629 2683 1871 2740 efﬁcitur
1899 2701 2091 2757 opera-
2110 2686 2322 2746 Aserat
2349 2686 2442 2739 lux
2472 2684 2571 2737 illa
2593 2683 2908 2738 invisibilis.
2938 2684 3046 2738 Sed
3080 2682 3245 2738 aliter
3285 2684 3483 2738 melius
3506 2684 3780 2757 intelligi-

497 2771 599 2828 tio.
2170 2779 2284 2836 tur,
2310 2773 2441 2846 quia
2466 2779 2658 2826 noster
2681 2773 2762 2826 sol
2777 2771 3010 2843 iustitiae
3031 2777 3087 2825 et
3110 2772 3360 2826 veritatis
3384 2773 3650 2828 Christus
3672 2781 3777 2841 est,

567 2858 658 2917 20.
694 2863 896 2916 LANFR.
915 2862 1490 2918 Subministrationis.
1515 2862 1972 2917 Subministratio
1992 2863 2090 2916 ali-
2173 2864 2332 2932 cujus
2359 2862 2591 2916 veritate
2612 2861 2800 2915 anima
2831 2861 3078 2915 humana
3106 2861 3442 2914 illustratur.

495 2951 662 3020 cujus
686 2951 995 3020 peccatoris
1025 2951 1094 3004 ad
1136 2951 1317 3005 Deum
1347 2951 1654 3022 cdnversio,
1682 2952 1776 3022 qui
1798 2953 1878 3005 ita
1908 2953 2090 3006 Ecde—
2243 2951 2336 3006 28.
2377 2951 2620 3005 Auens'r.
2655 2954 2837 3016 (serm.
2881 2951 2943 3003 de
2969 2951 3181 3018 psalmo
3205 2964 3260 3002 x1
3287 2949 3432 3003 intra
3454 2950 3784 3022 fragmenta

619 3039 916 3109 copulatur
941 3045 1006 3094 ut
1033 3039 1348 3094 membrum
1369 3041 1609 3110 corpori.
2172 3039 2258 3108 24)
2286 3040 2406 3093 Νοη
2430 3041 2652 3092 occidat.
2689 3039 2785 3092 Est
2826 3054 2958 3107 ergo
2992 3055 3184 3092 verum
3211 3039 3401 3092 lumen
3436 3039 3670 3108 justitia
3693 3047 3782 3094 at-

566 3124 658 3182 21.
697 3126 1014 3182 Sman
1056 3133 1443 3198 operationem.
1492 3127 1808 3183 Secundum
1852 3129 1908 3182 id
1939 3128 2088 3200 quod
2174 3145 2282 3200 que
2302 3127 2579 3198 sapientia
2599 3127 2744 3197 quod
2767 3127 2972 3180 desinit
2995 3143 3154 3180 mens
3172 3127 3376 3185 videre,
3403 3144 3530 3180 cum
3547 3135 3782 3198 pertur-

493 3221 762 3287 operatur
802 3226 1068 3287 magnum
1107 3216 1195 3285 [f.,
1227 3218 1432 3288 unum}
1465 3217 1804 3283 membrum,
1834 3220 1944 3273 erit
1985 3233 2088 3271 au-
2171 3217 2395 3270 batione
2431 3216 2733 3269 iracundiae
2761 3214 2929 3268 luerit
2962 3221 3234 3286 tanquam
3258 3215 3451 3269 nubilo
3466 3225 3779 3287 superata;

492 3309 787 3375 mentem
825 3305 1077 3376 corporis
2171 3313 2228 3359 et
2272 3311 2392 3358 tum
2436 3305 2594 3375 quasi
2645 3305 2862 3358 occidat
2903 3305 2984 3358 sol
3030 3305 3151 3374 [at.,
3183 3311 3239 3358 et
3270 3311 3403 3358 tunc
3432 3305 3641 3360 occidit
3671 3305 3781 3378 sol]

554 3392 648 3450 22A.
678 3395 927 3448 Animos.
951 3396 1018 3449 In
1036 3393 1451 3461 adiﬁcationem
1473 3397 1580 3449 sui.
1619 3395 1776 3459 Quod
1795 3395 1929 3448 dicit
1952 3396 2074 3462 (sui)
2165 3393 2700 3464 snperiracundiam
2732 3393 2992 3446 hominis.

492 3482 568 3536 de
854 3482 1008 3548 dicit,
1040 3489 1106 3536 ut
1133 3483 1282 3537 dicat
1315 3501 1327 3535 :
1361 3482 1638 3547 Quoniam
1669 3483 1922 3538 Christus
1952 3483 2084 3536 facit
2235 3483 2475 3535 AMBROS.
2539 3482 2600 3535 (ft
2646 3484 2732 3534 det
2775 3485 3041 3548 gratiam,
3099 3481 3156 3534 id
3203 3487 3308 3548 est,
3354 3481 3413 3535 in
3446 3499 3555 3552 quo
3585 3481 3779 3538 laetari

491 3570 705 3644 proprii
750 3571 998 3642 corporis
1057 3571 1373 3634 aediﬁcium,
1431 3571 1501 3625 ob
1551 3571 1707 3626 illam
1752 3572 2084 3625 charitatem
2164 3572 2458 3625 conveniat
2490 3587 2584 3623 eos
2611 3569 2706 3640 qui
2739 3569 2996 3623 audiunt.

500 3668 671 3730 quam
716 3668 852 3730 erga
881 3667 988 3714 nos
1015 3659 1225 3714 habere
1256 3660 1496 3714 videtur.
2242 3656 2330 3714 ‘29.
2365 3663 2610 3714 AUGUST.
2649 3657 2762 3726 \lib.
2797 3675 2845 3711 1v
2876 3659 2950 3711 De
2973 3659 3156 3713 Gcnes.
3181 3659 3254 3710 ad
3286 3660 3393 3716 tit.
3428 3672 3549 3726 cap.
3585 3653 3644 3728 9)
3683 3661 3787 3715 Νο-

562 3749 652 3803 23.
686 3741 899 3804 LARPI.
955 3750 1023 3803 1η
1066 3750 1354 3804 charitate.
1388 3748 1626 3818 Exponit
1657 3749 1884 3802 modum
1921 3750 2091 3819 hujus
2176 3749 2269 3800 lite
2298 3752 2648 3802 contristare.
2695 3747 2890 3818 Neque
2927 3747 3079 3800 enim
3124 3746 3248 3818 ipsa
3295 3746 3539 3816 Spiritus
3569 3751 3782 3816 sancti,

491 3835 907 3904 adiﬁcationis;
946 3837 1098 3909 quod.
1143 3853 1254 3890 non
1302 3837 1367 3890 fit
1403 3836 1514 3890 nisi
1563 3839 1680 3892 sola
1705 3839 1998 3892 charitate.
2033 3838 2091 3892 Si
2175 3853 2286 3908 qua
2317 3842 2402 3892 est
2430 3836 2704 3907 quidquid
2735 3836 2854 3907 ipse
2869 3835 3303 3902 est,substantia
3333 3836 3662 3890 contristari
3683 3855 3786 3909 po-

492 3928 717 4000 ope‘rari
749 3917 959 3989 renuit,
997 3925 1309 3980 membrum
1345 3939 1456 3979 non
1487 3932 1621 3980 est.‘
2172 3932 2303 3986 test,
2345 3942 2473 3979 cum
2517 3925 2721 3978 habeat
2750 3932 3020 3979 aeternam
3062 3931 3232 3995 atque
3256 3925 3787 3981 incommutabilem

559 4017 650 4071 24.
683 4019 934 4071 Annos.
967 4018 1008 4071 Α
1033 4018 1146 4068 vita
1167 4015 1281 4082 Dei,
1313 4013 1371 4069 id
1401 4021 1486 4070 est
1503 4034 1536 4071 a
1561 4018 1971 4087 resurrectione
1994 4017 2089 4071 illa
2115 4006 2153 4062 Β
2171 4014 2598 4079 beatitudinem,
2625 4015 2914 4085 magisque
2938 4015 3012 4067 sit
3028 4014 3149 4084 ipsa
3173 4018 3383 4067 aeterna
3395 4020 3452 4068 et
3467 4016 3789 4070 incommu-

494 4122 623 4176 quae
641 4103 768 4158 ﬁeri
805 4108 1179 4174 exspectatur.
2170 4105 2360 4158 tabilis
2389 4105 2696 4158 beatitudo.
2732 4105 2839 4158 Sed
2869 4105 3001 4176 quia
3031 4105 3092 4158 in
3112 4105 3459 4175 sanctis[at.,
3491 4103 3590 4176 ita]
3624 4106 3792 4160 habi-

563 4192 655 4250 ‘35.
699 4198 943 4250 AUGUS'D.
992 4191 1106 4249 tllb.
1137 4207 1227 4246 ην
1249 4192 1322 4246 De
1359 4195 1515 4247 Trin.
1551 4208 1671 4265 cap.
1711 4192 1794 4261 16,
1827 4201 1945 4250 tom
1965 4197 2084 4265 ΙΙΙ.)
2143 4213 2156 4226 ·
2173 4199 2275 4257 tat,
2302 4201 2365 4246 ut
2389 4210 2482 4246 eos
2500 4193 2738 4263 impleat
2759 4193 3054 4259 charitate,
3080 4193 3212 4264 quia
3231 4189 3360 4266 [at.,
3384 4192 3517 4264 qua]
3544 4209 3785 4249 necesse

495 4283 882 4340 Πεηουαυῡίηὸι
915 4280 1077 4345 Quod
1101 4286 1294 4334 autem
1321 4281 1404 4335 ait
1435 4299 1446 4334 :
1482 4280 1692 4353 Spiritu
1723 4287 1927 4339 mentis
1958 4303 2089 4340 nos-
2173 4289 2257 4336 est
2287 4288 2351 4335 ut
2376 4281 2632 4335 homines
2667 4299 2732 4335 ex
2763 4287 3017 4353 tempore
3043 4283 3331 4352 gaudeant
3358 4281 3608 4354 profectu
3642 4284 3784 4338 ﬁde-

493 4376 619 4438 m
651 4385 763 4425 nea
793 4369 872 4422 ibi
895 4370 1036 4423 duas
1079 4386 1171 4423 res
1189 4368 1504 4440 inteliigere
1531 4373 1726 4440 voluit,
1752 4375 1912 4445 quasi
1935 4375 2090 4429 aliud
2171 4371 2311 4425 lium
2371 4376 2426 4424 et
2479 4370 2638 4424 bonis
2686 4371 2966 4440 operibus,
3001 4377 3056 4425 et
3083 4370 3208 4425 ideo
3241 4387 3468 4425 necesse
3492 4377 3579 4424 est
3600 4372 3783 4427 etiam

494 4458 577 4514 sit
597 4469 784 4523 mens,
820 4457 973 4512 aliud
1004 4458 1238 4529 spiritus
1267 4459 1492 4514 mentis.
2173 4459 2576 4513 contristentur
2621 4459 2868 4530 lapsibus
2922 4460 3002 4514 vel
3034 4459 3276 4530 peccatis
3308 4477 3503 4516 eorum
3532 4460 3606 4514 de
3635 4479 3783 4534 quo-

566 4545 657 4603 26.
687 4548 944 4603 Accusa.
971 4546 1096 4614 (lib.
1129 4559 1198 4600 In
1239 4548 1312 4601 De
1349 4547 1530 4603 Gaius.
1565 4550 1641 4602 ad
1688 4550 1773 4604 iit.
1826 4564 1947 4622 cap.
1999 4549 2091 4614 20,
2175 4566 2302 4602 rum
2325 4549 2432 4602 ﬁde
2463 4554 2521 4602 et
2545 4548 2755 4620 pietate
2783 4549 3125 4618 gaudebant.

494 4641 633 4698 ιοω,
666 4635 798 4706 111,)
821 4635 928 4702 Qui
953 4637 1260 4690 “cundum
1287 4637 1483 4692 pawn,
1513 4637 1668 4692 Sicut,
1686 4637 1834 4692 enim
1856 4646 1982 4710 post
2009 4642 2093 4693 la-
2247 4635 2333 4693 30.
2367 4639 2567 4706 (Ῑὺίιι.)
2607 4639 2886 4706 Spiritum
2929 4644 3184 4692 sanctum
3236 4639 3350 4692 Dei.
3384 4638 3510 4709 Ipse
3539 4638 3782 4711 spiritus

493 4739 659 4801 psum
689 4722 924 4797 peccati,
966 4723 1136 4782 homo
1169 4723 1230 4778 in-
1261 4725 1605 4794 agnitionem
1651 4725 1754 4780 Dei
1791 4734 2093 4782 renovatur
2175 4725 2380 4779 dicitur
2411 4725 2762 4780 constristari
2790 4725 2859 4779 ab
2893 4726 2972 4779 eis
3016 4727 3112 4798 qui
3153 4727 3231 4781 sic
3276 4731 3451 4797 agunt
3479 4733 3546 4782 ut
3574 4744 3784 4783 eorum

493 4813 802 4872 secundum
857 4811 1162 4883 imaginem
1200 4814 1322 4882 ejus
1369 4814 1465 4883 qui
1506 4813 1715 4870 creavit
1738 4831 1888 4880 eain,
1924 4815 2004 4870 ita
2032 4817 2091 4871 in
2174 4815 2332 4869 factis
2357 4815 2759 4868 contristentur
2788 4815 2982 4881 sancti,
3016 4833 3128 4870 non
3169 4815 3241 4869 ob
3291 4815 3444 4871 aliud
3485 4815 3596 4869 nisi
3640 4819 3784 4890 quia

490 4901 616 4980 ipsa
641 4900 932 4974 agnitione
967 4909 1188 4960 creatus
1209 4908 1298 4956 est
1321 4911 1627 4973 antequam
1649 4903 1853 4957 delicto
1881 4911 2093 4960 vetera-
2177 4905 2446 4974 Spiritum
2476 4912 2732 4958 sanctum
2763 4905 3004 4972 habent;
3038 4922 3147 4976 quo
3173 4905 3318 4958 dono
3340 4912 3456 4958 tam
3483 4904 3615 4960 boni
3641 4913 3784 4961 sunt

489 4997 711 5052 sceret;
764 4990 916 5046 unde
955 5007 1150 5050 rursus
1197 4990 1262 5046 in.
1296 4993 1555 5046 eamdem
1583 4991 1935 5059 agnitionem
1963 4993 2086 5062 [at.,
2174 5000 2236 5047 ut
2267 5010 2361 5047 eos
2391 4993 2523 5046 mali
2553 4994 2947 5048 molestiﬁcent
2977 4995 3057 5064 [at
3086 5035 3100 5060 ,
3133 4992 3540 5067 moestiﬁcent].

490 5079 551 5133 in
580 5078 776 5133 eadem
807 5077 1152 5151 cognitione}
1175 5085 1558 5136 renovaretur.
2246 5080 2334 5137 3'1.
2383 5083 2593 5136 Lssra.
2631 5085 2780 5137 Uiem
2805 5085 3215 5151 redemptionis.
3248 5083 3407 5137 Diem
3431 5083 3781 5156 redemptio-

561 5167 651 5224 27.
673 5169 904 5231 Αυουδτ
959 5169 1188 5236 (Enarr.
1213 5171 1275 5222 in
1297 5173 1438 5238 psat.
1467 5184 1592 5236 xxv,
1625 5175 1766 5224 tom.
1798 5170 1972 5240 VIII.)
1993 5172 2084 5226 Sot
2170 5171 2257 5224 nis
2280 5171 2428 5224 diem
2457 5177 2617 5225 vocat
2645 5171 3017 5242 baptismatis,
3038 5172 3096 5224 in
3128 5189 3237 5243 quo
3272 5171 3517 5244 Spiritus
3539 5181 3782 5230 sanctus

490 5274 604 5312 non
623 5259 848 5313 acc-idat,
885 5257 1228 5328 Intelligitur
1246 5257 1378 5328 quid
1405 5263 1510 5319 est,
1541 5265 1595 5312 et
1611 5259 1919 5314 secundum
1945 5265 2082 5314 tem-
2119 5329 2148 5334 _
2170 5260 2279 5314 ﬁde
2323 5267 2379 5313 et
2412 5262 2796 5326 sacramentis,
2847 5267 2904 5315 et
2942 5261 3140 5332 gratiis
3165 5260 3550 5331 spiritualibus
3581 5262 3785 5334 signat

488 5364 612 5417 pus.
635 5347 808 5423 Quasi
828 5355 897 5400 ex
928 5345 1052 5420 ipsa
1077 5345 1394 5400 conditione
1423 5352 1478 5398 et
1508 5345 1839 5401 infirmitate
1871 5357 2082 5404 morta-
2109 5329 2151 5388 Ο
2176 5348 2388 5412 ﬁdeles,
2415 5349 2480 5416 id
2509 5356 2595 5403 est
2614 5349 2683 5403 ab
2714 5329 3045 5404 inﬁdelitate
3077 5329 3379 5409 secernit..-
3436 5394 3442 5399 .

489 5428 683 5500 litatis,
718 5450 886 5505 quam
903 5424 1490 5503 portamus,subrepit
1518 5433 1603 5486 ira
1629 5434 1949 5490 Christiano
1974 5454 2087 5491 non
2239 5429 2482 5492 AUGUs'r.
2533 5441 2619 5504 (ea;
2667 5441 2762 5493 lib.
2813 5440 3018 5494 Contra
3067 5440 3272 5505 mend.,
3312 5436 3492 5506 c..19,
3525 5443 3644 5493 tom
3677 5434 3774 5510 IV)

490 5520 656 5576 debet
685 5521 783 5577 diu
826 5521 1008 5586 teneri
1059 5527 1116 5575 et
1161 5520 1282 5574 ﬁeri
1310 5521 1607 5592 pridiana;
1660 5523 1799 5594 ejice
1838 5524 1991 5584 illam
2018 5527 2087 5580 de
2172 5528 2537 5596 Blasphemia.
2571 5527 2930 5600 Blasphemia
2957 5532 3043 5582 est
3071 5544 3173 5601 per
3202 5543 3376 5600 quam
3403 5527 3478 5583 de
3499 5527 3623 5602 ipso
3653 5529 3777 5584 Deo

488 5609 660 5666 corde
685 5616 990 5682 antequam
1019 5609 1236 5675 occidat
1268 5610 1362 5686 lux
1391 5610 1502 5688 ista
1528 5607 1781 5681 visibilis,
1813 5630 1886 5670 ne
1919 5622 1972 5671 te
2000 5615 2092 5670 de-
2173 5616 2314 5671 falsa
2333 5617 2614 5672 dicuntur.
