3878 6410
110 335 195 393 Μ
765 333 840 387 ΙΝ
877 333 945 386 Ι).
984 332 1200 387 PAULI
1238 332 1462 387 EPIST.
1503 332 1641 386 0οΜ

1831 331 1877 387 r.
1919 359 1985 374 -
2025 331 2253 387 EPIST.
2289 332 2387 387 AD
2425 331 2679 387 EPHES.
3052 396 3065 404 ,
3250 333 3362 413 eos

105 457 338 513 rieordes
365 456 825 511 communicando
853 460 1080 521 vestrm,
1109 455 1385 510 donantes
1429 452 1688 521 invicem,
1718 454 2077 509 condonanda
2107 457 2419 510 commissa.
2441 447 2538 514 '32.
2569 455 2716 512 sicut
2750 460 2809 512 et
2848 456 2999 512 Deus
3024 458 3088 515 in
3113 458 3363 542 Christo,

110 549 162 601 in
185 548 286 614 ﬁde
313 545 545 600 donavit
570 544 751 599 nobis.

1559 659 1794 714 CAPUT
1819 659 1889 713 V.

166 798 354 852 Estote
383 812 534 868 ergo,
562 802 769 862 autem,
798 795 1115 850 imitatores
1145 795 1268 862 Dei,
1301 795 1447 850 sicut
1478 788 1577 849 filii
1607 793 1943 860 charissimi,
1977 798 2035 848 et
2062 793 2352 850 ambulate
2390 795 2449 849 in
2485 794 2803 863 dilectione,
2835 796 2982 852 sicut
3008 804 3067 855 et
3108 795 3368 861 Christus

106 886 287 941 dilexit
316 903 440 949 nos,
472 891 530 940 et
556 882 792 939 tradidit
811 885 1175 956 semetipsum
1195 900 1296 956 pro
1324 883 1483 938 nobis
1503 883 1862 950 oblationem,
1896 888 1954 938 et
1977 884 2217 939 hostiam
2243 885 2359 939 Deo
2384 884 2444 938 in
2465 885 2695 939 odorem
2715 886 3029 951 suavitatis,
3048 876 3113 940 ut
3139 890 3265 942 eum
3284 887 3371 942 de-

108 979 315 1030 lectelis.
330 974 650 1029 Fornicatio
668 980 855 1028 autem
875 979 933 1029 et
944 974 1127 1028 omnis
1144 972 1419 1026 immundi
1428 972 1525 1037 tia,
1544 978 1643 1027 aut
1657 971 1893 1026 avaritia
1911 990 2013 1027 nec
2031 973 2424 1027 nomineturin
2437 972 2610 1040 vobis,
2626 975 2829 1028 nedum
2840 966 3207 1045 perpetretur,
3225 976 3371 1031 sicut

107 1064 251 1119 decet
269 1070 517 1123 sanctos,
543 1068 643 1116 aut
662 1063 954 1135 turpitudo
978 1063 1289 1128 verborum,
1313 1066 1412 1115 aut
1440 1061 1853 1132 stultiloquium
1881 1064 1944 1116 in
1970 1064 2161 1130 Deum,
2191 1068 2294 1116 aut
2318 1062 2646 1127 scurrilitas,
2668 1064 3011 1132 joeulaloria
3035 1065 3222 1132 verba,
3246 1066 3371 1137 quas

107 1153 163 1206 ad
192 1169 333 1215 rem,
358 1144 683 1214 utilitatem,
706 1168 821 1205 non
842 1150 1107 1223 pertinet,
1132 1150 1229 1205 sed
1255 1149 1432 1220 magis
1451 1150 1764 1221 gratiarum
1788 1150 1954 1216 actio,
1977 1154 2047 1206 sit
2070 1156 2134 1206 in
2159 1151 2332 1210 vobis.
2362 1142 2554 1208 Reddit
2582 1154 2805 1206 causam
2835 1156 2939 1207 cur
2967 1156 3081 1208 non
3105 1155 3222 1208 sint
3245 1156 3372 1224 per.

106 1238 386 1310 petranda.
403 1236 525 1294 Hoc
539 1240 688 1294 enim
709 1240 907 1295 scitote
926 1230 1328 1310 intelligentes.
1348 1238 1497 1310 quod
1518 1239 1701 1293 omnis
1722 1239 2045 1308 fornicator,
2062 1246 2162 1295 aut
2180 1239 2527 1306 immundus,
2541 1249 2641 1295 aut
2659 1241 2881 1307 avarus,
2906 1240 2949 1298 l.
2971 1240 3119 1315 quod
3139 1243 3224 1297 est
3245 1230 3370 1298 ido-

109 1331 276 1385 lorum
308 1329 570 1395 servitus,
594 1346 706 1384 non
728 1328 899 1383 habet
918 1328 1305 1405 haereditatem
1330 1329 1385 1382 in
1416 1345 1587 1399 regno
1606 1328 1834 1394 Christi,
1852 1335 1910 1383 et
1934 1327 2048 1405 Dei.
2079 1328 2133 1384 2.
2157 1329 2336 1384 Nemo
2364 1346 2460 1383 vos
2488 1328 2721 1384 seducat
2741 1322 3079 1400 persuadens
3102 1330 3249 1386 vobis
3268 1332 3376 1405 per

108 1418 210 1482 hoc,
242 1433 448 1485 regum
471 1417 570 1472 Dei
601 1435 713 1472 non
742 1420 951 1481 amitti,
983 1404 1245 1471 inanibus
1274 1415 1491 1483 verbis;
1543 1421 1773 1488 prOpter
1800 1416 1917 1472 haec
1957 1400 2127 1483 edim,
2156 1432 2289 1470 nam
2320 1432 2441 1470 vere
2469 1412 2693 1487 propter
2728 1410 3067 1487 supradicta,
3100 1420 3252 1478 venit
3269 1400 3375 1478 ire

108 1506 198 1560 Dei
226 1506 285 1559 in
303 1505 452 1559 ﬁlios
480 1499 805 1559 difﬁdentiae
825 1505 1136 1573 difﬁdentes
1157 1507 1220 1559 de
1242 1507 1366 1558 Deo.
1390 1507 1530 1573 Quia
1546 1511 1770 1573 propter
1790 1505 1886 1559 hoc
1904 1506 2053 1558 venit
2068 1506 2159 1557 ira
2185 1504 2292 1557 Dei.
2305 1503 2353 1557 N
2357 1500 2490 1558 oIite
2513 1508 2646 1576 ergo
2668 1505 2811 1559 efﬁci
2834 1507 3129 1579 participes
3152 1508 3369 1564 eorum.

110 1595 282 1648 Eratis
303 1594 457 1649 enim
477 1592 778 1666 aliquando
799 1596 1221 1657 tenebrae,nunc
1244 1599 1434 1647 autem
1461 1590 1494 1658 Ι
1512 1587 1639 1658 εις)
1652 1594 1746 1647 lux
1767 1592 1825 1646 in
1849 1590 2265 1661 DominoErgo
2282 1595 2418 1662 quia
2437 1597 2540 1647 tua:
2553 1596 2696 1658 estis,
2715 1598 2778 1650 ut
2796 1586 2897 1651 ﬁlii
2914 1597 3052 1651 luéis'
3067 1586 3372 1667 ambulate;

111 1700 214 1737 ecce
228 1684 499 1751 quomodo
529 1684 717 1736 debent
752 1684 1061 1746 ambulare,
1110 1684 1314 1736 scilicet
1344 1685 1407 1735 in
1437 1685 1592 1736 omni
1623 1684 1879 1743 bonitate,
1916 1683 1976 1735 id
2005 1687 2099 1747 est,
2132 1698 2271 1734 vere.
2305 1678 2358 1738 3.
2399 1678 2640 1737 Fructus
2668 1684 2835 1750 enim,
2876 1676 3083 1754 autem,
3124 1686 3264 1742 lucis
3293 1676 3382 1742 est

111 1773 163 1826 in
192 1771 348 1826 omni
375 1771 645 1837 bonitate,
677 1778 735 1825 et
765 1771 1006 1842 justitia,
1048 1776 1105 1824 et
1144 1770 1399 1837 veritate,
1434 1770 1754 1841 probantes,
1788 1773 2140 1839 experientes,
2181 1770 2315 1841 quid
2354 1770 2429 1823 sit
2465 1770 2874 1842 beneplacitum
2920 1775 3072 1842 Deo;
3114 1781 3173 1831 et
3207 1776 3382 1831 nolite

110 1859 518 1913 communicare
541 1859 800 1931 operibus
824 1858 1183 1914 infructuosis
1212 1859 1594 1921 tenebrarum,
1628 1857 2060 1924 tenebros'orum,
2106 1859 2283 1928 magis
2312 1860 2504 1914 autem
2532 1860 2856 1932 redarguite
2888 1863 2992 1918 illa
3020 1867 3201 1934 opera.
3246 1850 3382 1929 Quae

117 1948 260 2002 enim
287 1948 345 2001 in
379 1948 598 2002 occulto
626 1949 769 2002 ﬁunt
795 1948 865 2001 ab
896 1948 1046 2018 ipsis,
1083 1950 1248 2017 turpe
1279 1954 1365 2001 est
1393 1954 1450 2001 et
1478 1948 1682 2002 dicere.
1719 1949 2066 2015 Rcilarguitc,
2097 1947 2150 2010 4,
2182 1947 2234 2003 5.
2268 1948 2474 2003 Omnia
2502 1946 2712 2012 autem,
2739 1953 2908 2017 enim,
2940 1952 3145 2007 scilicet
3165 1952 3387 2022 peccata

108 2039 625 2106 pradestinalorum
661 2037 736 2090 ad
762 2040 954 2097 vitam,
989 2052 1111 2107 quae
1142 2042 1477 2105 arguuntur,
1511 2052 1545 2089 a
1574 2036 1808 2099 lumine,
1839 2051 1873 2089 a
1903 2037 2198 2104 spirituali
2224 2037 2464 2100 homine,
2503 2038 2937 2093 manifestantur
2962 2041 3383 2107 confessiones.

115 2127 290 2181 Omne
320 2127 474 2179 enim
506 2127 653 2195 quod
700 2126 1111 2190 manifestatur,
1162 2127 1513 2191 confessione,
1563 2127 1756 2180 lumen
1786 2131 1889 2191 est,
1922 2126 1982 2179 id
2028 2129 2124 2185 est,
2161 2126 2350 2177 lumen
2393 2125 2533 2192 facit
2579 2130 2679 2195 qui
2708 2130 3046 2194 manifestat.
3078 2130 3281 2183 Probat
3317 2132 3387 2183 ab

115 2218 485 2281 auctoritate;
524 2220 751 2285 propter
789 2215 935 2285 quod
974 2215 1109 2268 dicit
1141 2232 1151 2266 :
1185 2214 1236 2278 'i,
1270 2211 1322 2270 8.
1356 2215 1533 2285 Surge
1573 2215 1667 2285 qui
1704 2213 1915 2267 dormis
1953 2216 2016 2266 in
2054 2215 2225 2278 vitiis,
2280 2219 2337 2267 et
2392 2229 2598 2285 exurge
2639 2217 2941 2281 conﬁtendo
2975 2221 3193 2284 peccata
3223 2223 3321 2272 tua
3349 2234 3386 2271 a

118 2302 371 2366 mortuis,
395 2305 647 2370 peccatis,
678 2298 735 2356 et
768 2302 1115 2358 illuminabit
1140 2306 1197 2356 te
1229 2290 1504 2359 Christus.
1539 2288 1666 2356 Ecce
1697 2304 1840 2372 quod
1869 2306 2059 2355 lumen
2088 2307 2181 2355 est.
2213 2300 2414 2357 Videte
2441 2301 2653 2374 itaque,
2684 2288 2906 2367 fratres,
2939 2307 3072 2374 quid
3109 2293 3223 2374 lilii
3249 2308 3389 2365 zelen

118 2395 256 2455 estis,
309 2391 592 2460 quomodo
631 2398 793 2445 caute
833 2390 1130 2446 ambuletis
1173 2406 1285 2445 non
1318 2390 1477 2461 quasi
1525 2390 1872 2461 insipientes,
1909 2391 2005 2443 Sed
2051 2389 2333 2462 sapientes
2361 2390 2414 2449 9.
2454 2391 2796 2447 redimentes
2839 2395 3082 2466 tempus,
3124 2394 3393 2465 (ιιιὸηίᾱήῑὶ

120 2480 239 2533 dies
269 2479 403 2533 mali
434 2483 586 2544 sunt,
617 2481 730 2533 dies
759 2482 926 2548 hujus
954 2481 1163 2544 saculi,
1194 2483 1256 2533 in
1287 2481 1487 2548 quibus
1516 2485 1698 2533 malus
1727 2481 1918 2533 sa'vire
1944 2483 2314 2548 permittitur.
2346 2480 2654 2552 Propterea
2681 2482 2874 2538 nolite.
2908 2486 3041 2552 ’quia'
3079 2476 3238 2547 mali,
3273 2471 3396 2538 lléi‘i

119 2567 527 2639 imprudentes,
559 2568 653 2621 sed
688 2568 1065 2640 intelligentes
1085 2578 1208 2639 qua);
1236 2568 1309 2622 sit
1338 2566 1596 2621 voluntas
1626 2567 1747 2622 Dei.
1782 2568 1849 2621 Et
1874 2568 2046 2621 nolite
2075 2567 2343 2623 inebriari
2375 2568 2522 2634 vino,
2548 2571 2607 2624 in
2633 2587 2743 2641 quo
2772 2576 2858 2625 est
2880 2571 3139 2641 luxuria;
3168 2560 3267 2628 sed
3294 2575 3398 2631 im-

120 2657 352 2729 plemini
394 2657 609 2728 Spiritu
639 2662 849 2719 sancto,
892 2659 1186 2729 loquentes
1217 2656 1627 2726 vobismetipsis
1673 2656 1730 2709 in
1760 2656 2010 2727 psalmis,
2048 2658 2240 2722 David,
2274 2662 2331 2710 et
2358 2657 2604 2737 hymnis,
2631 2663 2693 2711 ut
2722 2660 3036 2726 Prudentii,
3069 2652 3127 2714 et
3148 2661 3398 2737 peantlcis

120 2745 531 2816 spiritualibus,
552 2748 755 2800 caloris
775 2747 1140 2807 orationibus,
1163 2751 1455 2800 cantantes
1476 2744 1535 2799 et
1558 2744 1861 2815 psallentes
1880 2744 1937 2797 in
1966 2744 2228 2799 cerdibus
2250 2733 2466 2805 vestris,
2487 2754 2599 2799 non
2616 2748 2707 2799 or'e
2728 2751 2883 2800 tenus
2898 2748 3117 2801 tantum
3137 2733 3396 2815 Domina,

119 2834 335 2903 gratias
365 2839 595 2905 agentes
617 2850 837 2905 semper
856 2852 956 2907 pro
979 2835 1259 2900 omnibus,
1282 2838 1363 2888 vel
1383 2850 1483 2902 pro
1505 2836 1803 2902 prosperis,
1828 2836 1909 2886 vel
1941 2835 2214 2903 adversis,
2236 2835 2295 2888 in
2321 2834 2549 2888 nomine
2570 2833 2795 2888 Domini
2813 2835 2991 2888 nostri
3011 2824 3144 2890 Iesu
3174 2822 3407 2909 ChriStl',

121 2920 236 2976 Deo
268 2920 326 2975 et
360 2921 536 2975 Patri.
587 2920 836 2993 Subjecti
866 2928 1025 2977 estote
1054 2922 1308 2983 invicem,
1344 2922 1399 2975 in
1431 2921 1636 2975 timore
1658 2919 1887 2974 Christi.
1926 2922 2056 2976 Ecce
2093 2924 2364 2991 quomodo
2393 2923 2596 2991 subjici
2639 2924 2817 2991 rogat.
2855 2914 2943 2980 10.
2983 2910 3246 2979 Mulieres
3277 2923 3407 2979 viris

123 3009 240 3062 suis
262 3006 499 3063 subditas
528 3009 659 3077 sint,
684 3025 797 3064 non
822 3013 886 3064 in
915 3012 1215 3080 hypocrisi,
1246 3009 1391 3063 sicut
1412 3008 1671 3073 Domino,
1693 3009 1777 3061 vel
1804 3009 1928 3063 Deo.
1960 3010 2091 3064 Ecce
2118 3014 2222 3065 cur
2250 3030 2266 3064 :
2295 2996 2382 3066 11.
2417 3010 2683 3081 quoniam
2714 3010 2817 3078 vir,
2843 3016 3013 3082 caput
3041 3004 3128 3066 est
3151 3011 3405 3067 mulieris

1462 3172 2056 3234 COMMENTARIUS.

190 3308 289 3368 32.
314 3313 563 3369 Azanos.
592 3311 747 3367 Sicut
774 3319 824 3368 et
851 3315 1011 3370 Deus.
1053 3315 1331 3381 Quoniam
1366 3331 1538 3385 grave
1567 3312 1718 3367 vide-
1736 3310 1894 3371 Anis
1921 3310 2072 3366 enim
2102 3328 2272 3382 super
2300 3312 2569 3368 delictum
2590 3328 2755 3368 suum
2786 3310 2835 3367 si
2862 3313 3277 3384 manifestatur,
3302 3332 3407 3389 pa»

123 3398 295 3454 batur
323 3405 389 3455 ut
417 3400 544 3472 quis
581 3400 835 3457 remittat
860 3403 1086 3459 nocenti
1109 3420 1188 3471 se,
1222 3403 1429 3473 adjecit
1458 3421 1471 3456 :
1504 3404 1647 3456 sicut
1676 3405 1725 3456 et
1807 3399 1951 3455 titur
1972 3401 2378 3457 confusionem.

121 3490 270 3543 Deus
295 3490 444 3543 dedit
472 3492 537 3543 in
563 3488 775 3544 Christo
802 3494 967 3546 vobis.
1878 3488 1931 3544 6.
1965 3490 2134 3545 Omne
2160 3494 2348 3544 autem
2371 3491 2516 3560 quod
2541 3493 2960 3559 manifestatur.
3002 3493 3174 3549 Aliud
3217 3499 3411 3552 autem

192 3576 357 3633 CAP.
391 3578 458 3633 V.
482 3606 547 3618 —
578 3576 627 3634 1.
667 3580 915 3635 Αωιῐιοε.
963 3582 1113 3649 Quod
1139 3587 1215 3637 est
1253 3584 1549 3636 idolorum.
1579 3580 1724 3633 Ava-
1807 3577 2004 3633 retulit
2049 3578 2200 3647 quod
2245 3577 2381 3633 dicit
2427 3592 2440 3626 :
2488 3580 2671 3633 Nolite
2712 3583 3124 3638 communicare
3158 3585 3412 3653 operibus

124 3665 274 3721 ritiaa
294 3667 516 3737 pondus
536 3666 595 3721 in
617 3668 786 3723 simili
808 3672 1158 3733 monstravit,
1182 3672 1462 3726 idolorum
1484 3669 1725 3724 servitu-
1813 3668 2194 3730 tenebrarum;
2232 3666 2335 3721 hoc
2362 3673 2468 3733 est,
2500 3667 2676 3721 nolite
2707 3667 2935 3723 illorum
2977 3686 3149 3741 Opera
3175 3671 3414 3743 imitari,

125 3763 241 3809 tem
274 3755 429 3809 illam
449 3772 676 3825 vocans,
705 3774 771 3812 eo
791 3760 939 3829 quod
959 3760 1219 3815 similiter
1238 3778 1272 3815 a
1290 3761 1406 3815 Deo
1425 3763 1727 3814 averteret.
1811 3755 1909 3809 sed
1930 3755 2069 3809 talia
2087 3755 2237 3826 agite
2258 3773 2402 3827 quae,
2425 3756 2474 3811 si
2496 3756 2708 3811 fuerint
2728 3758 3091 3826 manifestati,
3103 3759 3301 3825 tristes
3317 3777 3413 3816 vos

193 3843 253 3899 2.
289 3844 494 3899 [ΑΜΒ.
527 3847 699 3899 Nemo
728 3863 816 3901 vos
847 3850 1084 3903 seducet.
1120 3850 1473 3904 Seducebant
1500 3848 1731 3919 quidam
1810 3843 2045 3898 minime
2072 3843 2296 3898 faciant.
2327 3844 2583 3900 Luminis
2609 3844 2761 3900 enim
2796 3852 2929 3913 sunt
2956 3845 3051 3901 illa
3087 3863 3262 3918 opera
3290 3864 3417 3919 que

126 3932 419 3988 auditores
452 3950 605 3998 suos,
636 3937 1040 4005 persuadentes
1068 3938 1148 3993 eis
1175 3939 1342 4010 quod,
1377 3943 1609 4009 propter
1635 3952 1732 3990 su-
1814 3930 1873 3985 in
1898 3930 2195 3985 manifesto
2219 3932 2393 3998 ﬁunt;
2422 3931 2783 3986 tenebrarum
2803 3947 2933 3986 vero
2961 3931 3061 3986 illa
3082 3948 3257 4004 opera
3280 3940 3416 3990 sunt

128 4023 359 4093 periora
373 4030 618 4095 peccata,
633 4040 744 4079 non
761 4026 1048 4082 amitteret
1068 4028 1234 4082 homo
1256 4028 1426 4082 vitam
1441 4032 1732 4081 aeternam.
1818 4036 1941 4090 quae
1970 4020 2338 4074 occultantur.

198 4110 255 4166 3.
287 4112 523 4165 Fructus
547 4115 697 4166 enim
729 4116 887 4168 lucis.
920 4116 1231 4171 llluminati
1258 4115 1459 4186 inquit,
1492 4115 1736 4170 hominis
1890 4106 2237 4178 7.Surgequi
2249 4105 2891 4187 dorniz's.Testimonium
2905 4108 3235 4165 hocnullam
3247 4110 3419 4180 habet

130 4199 351 4256 fructus
370 4206 461 4255 est
483 4201 667 4255 omnis
684 4200 906 4259 bonitas
927 4210 982 4259 et
1005 4205 1248 4275 justitia,
1276 4212 1336 4260 et
1358 4205 1582 4269 veritas,
1604 4222 1740 4275 pras-
1820 4198 2169 4269 sequentia!!!
2187 4216 2201 4263 ;
2220 4196 2512 4251 άθιιιωίηθ
2522 4195 2668 4250 enim
2685 4195 2940 4267 ἀίδρυεειε
2954 4196 3151 4253 retulit
3162 4196 3345 4257 hoc“
3361 4218 3418 4271 9f

131 4288 308 4344 misso
322 4306 534 4367 genere
550 4289 659 4345 sibi
679 4291 769 4361 [[2,
783 4291 889 4365 ibi]
901 4293 1091 4363 junxit
1105 4295 1338 4365 species,
1362 4298 1421 4349 et
1433 4293 1736 4364 justitiam;
1822 4285 2591 4358 pemtenebl‘al‘um-QUidam
2607 4290 2797 4339 autem
2809 4285 3071 4342 dixerunt
3085 4289 3233 4365 quod
3247 4288 3304 4344 in
3319 4289 3418 4346 illo

133 4377 367 4449 quidam
398 4377 460 4432 in
487 4378 748 4450 operibus
778 4382 1074 4438 veritatem
1096 4382 1337 4454 intelligi
1365 4383 1485 4439 vult
1508 4382 1568 4437 in
1594 4382 1742 4452 cogi-
1820 4374 2808 4451 temporeinteraliasgratias.gratia
2817 4376 3063 4447 psalmos
3074 4376 3315 4453 faciendi
3326 4379 3422 4433 das

135 4465 448 4522 tationibus
476 4471 533 4522 et
559 4469 914 4525 sermonibus
926 4514 940 4528 ,
1821 4472 1997 4533 retur;
2021 4465 2171 4519 unde
2186 4462 2627 4519 hoctestimonio
2641 4464 2942 4534 Apostolus
2956 4464 3166 4521 abusus
3180 4467 3419 4523 videtur.

203 4557 260 4608 4.
296 4554 505 4611 Omnia
526 4562 717 4611 autem
739 4575 857 4628 quae
875 4564 1146 4629 aguntur.
1172 4562 1416 4617 Causam
1439 4561 1622 4617 reddit
1642 4576 1796 4629 cur_
1892 4554 1927 4611 8
1977 4556 2224 4611 AUGUST.
2260 4554 2489 4621 (Enarr.
2520 4556 2585 4607 in
2610 4556 2729 4621 psal
2783 4556 2918 4621 Lm)
2948 4555 3190 4610 Somnus
3217 4555 3423 4627 animae

134 4644 344 4700 dixerit
361 4647 541 4713 magis
558 4624 1099 4719 autem—redarguite.
1117 4635 1323 4705 Omnia
1342 4650 1492 4706 enim
1516 4655 1742 4721 peccata
1758 4624 1803 4683 B
1824 4649 1910 4700 est
1938 4643 2185 4698 oblivisci
2212 4643 2391 4697 Deum
2417 4658 2580 4697 suum
2608 4660 2624 4708 ;
2655 4657 3003 4715 quaecunque
3028 4643 3222 4720 anima
3251 4624 3426 4703 oblita

135 4732 436 4788 hominum
460 4731 986 4809 praedestinatorum
1006 4737 1080 4793 ad
1103 4737 1274 4793 vitam
1297 4745 1585 4803 aeternam,
1619 4754 1743 4808 quae
1823 4734 1997 4789 fuerit
2026 4734 2203 4787 Deum
2228 4747 2394 4788 suum
2414 4730 2675 4787 dormivit
2711 4729 2842 4805 [at.,
2870 4731 3124 4803 dormit].

136 4829 391 4894 aguntur
418 4837 454 4876 a
482 4821 717 4888 lumine,
744 4823 801 4877 id
823 4830 927 4885 est,
950 4842 985 4880 a
1006 4826 1163 4896 justo
1188 4826 1467 4898 spirituali
1493 4827 1742 4893 homine,
1894 4821 1948 4876 9.
1972 4824 2218 4878 Auovsr.
2253 4821 2434 4891 (Serm
2484 4818 2553 4874 16
2582 4821 2655 4873 De
2690 4821 2893 4873 divers.
2931 4823 2996 4874 in
3025 4823 3336 4899 appendice,
3378 4830 3425 4893 ι.

137 4912 497 4967 confessione
540 4912 992 4982 manifestantur,
1037 4932 1204 4970 omne
1249 4922 1440 4971 autem
1490 4915 1638 4986 quod
1687 4914 1746 4969 in
1827 4913 1920 4982 Χ.)
1941 4913 2274 4967 Redimentes
2305 4915 2532 4976 tempus.
2570 4907 2866 4962 Redimere
2895 4913 3138 4981 tempus,
3174 4909 3281 4965 hoc
3318 4917 3427 4971 est.

137 5001 497 5056 confessione
546 5001 956 5068 manifestatur,
997 5004 1190 5058 lumen
1232 5009 1338 5067 est,
1368 5004 1425 5058 id
1470 5011 1574 5067 est,
1614 5004 1749 5059 facit
1829 5000 2053 5073 quando
2082 4998 2289 5070 aliquis
2329 4997 2433 5052 tibi
2461 4996 2632 5053 infert
2666 4996 2870 5066 litem;
2913 4998 3087 5069 perde
3120 4997 3334 5072 aliquid
3361 5005 3428 5053 ut

141 5106 271 5145 eum
304 5090 523 5157 lumen,
556 5090 655 5161 qui
684 5091 1078 5148 manifestatur
1129 5094 1200 5147 Et
1226 5099 1376 5148 recte
1407 5094 1631 5165 quidem
1667 5092 1748 5146 di-
1828 5091 1945 5146 Deo
1992 5105 2173 5147 vaces.
2216 5103 2329 5142 non
2374 5084 2605 5152 litibus;
2645 5085 2817 5156 perde
2861 5101 3018 5156 ergo,
3055 5102 3125 5140 ex
3171 5101 3237 5140 eo
3275 5085 3429 5158 quod

142 5184 299 5235 ctum
331 5184 439 5258 est,
479 5179 626 5234 sicut
653 5180 802 5235 enim
833 5181 1077 5252 patratio
1104 5183 1330 5238 sceleris
1357 5183 1640 5250 tenebras,
1672 5180 1752 5236 sic
1831 5178 2041 5251 perdis,
2067 5176 2313 5250 pretium
2339 5181 2424 5229 est
2442 5174 2741 5251 temporis.
3022 5246 3029 5251 ο

145 5268 269 5339 ejus
295 5268 573 5324 confessio
605 5268 792 5324 lumen
815 5270 968 5326 facit.
1905 5265 1992 5324 10.
2025 5270 2268 5322 AMBROS.
2301 5266 2558 5320 Mulieres
2586 5266 2745 5317 viris.
2787 5263 2923 5317 Tres
2952 5262 3178 5316 effectus
3209 5262 3429 5339 inemo-1

216 5356 272 5414 5.
295 5360 526 5413 Annnos
570 5358 772 5413 Omnia
789 5363 976 5414 autem
995 5376 1116 5431 qua
1131 5367 1403 5429 aguntur.
1425 5360 1647 5416 Dictum
1670 5364 1756 5415 est
1834 5364 1991 5413 ratus
2021 5362 2128 5423 est,
2147 5355 2295 5410 inter
2318 5370 2458 5426 quos
2486 5353 2626 5406 duos
2650 5351 2937 5429 naturales
2958 5351 3266 5422 praeposuit
3289 5357 3347 5407 et
3369 5352 3432 5408 in

144 5447 254 5502 hoc
279 5446 350 5500 ab
386 5446 798 5519 Apostolo-non
828 5447 1064 5519 integre.
1092 5450 1234 5504 Nam
1265 5449 1456 5505 dicens
1479 5450 1613 5520 quia
1641 5465 1755 5505 ma.-
1835 5464 1949 5502 uno
1978 5461 2200 5518 quoque
2224 5443 2294 5498 ab
2324 5439 2680 5498 inferioribus
2706 5436 3008 5493 inchoavit.
3392 5515 3397 5519 θ

146 5535 523 5613 nifestantur,
553 5536 703 5611 quod
740 5538 1081 5611 sequebatur
1126 5538 1348 5594 silentio
1402 5538 1659 5605 tradidit,
1698 5538 1756 5593 id
1915 5535 1998 5594 11.
2032 5536 2305 5603 Quoniam
2328 5534 2433 5607 vir
2460 5532 2621 5597 caput
2649 5532 2751 5583 est.
2790 5527 2957 5582 Illum
2984 5527 3241 5609 ordinem
3270 5530 3435 5586 Chri-

145 5624 365 5682 scilicet
381 5623 535 5699 quod
554 5625 737 5698 possit
763 5627 891 5700 ipsa
909 5627 1296 5687 manifestatio
1317 5628 1606 5700 adjuvare;
1629 5628 1758 5684 Om-
1839 5631 1962 5682 stus
1992 5623 2161 5679 habet
2184 5622 2257 5679 ad
2306 5617 2633 5686 Ecclesium,
2661 5632 2728 5672 eo
2757 5616 2910 5693 quod
2935 5633 3002 5675 ex
3044 5617 3141 5674 illo
3181 5621 3441 5679 secundae
