3878 6408
560 333 671 415 303
1550 349 1619 406 B.
1657 346 2071 406 LANFRANCI
2107 344 2466 403 CANTUAR.
2504 342 2840 401 ARCHIEP.
3718 339 3810 400 304

559 479 710 537 sicut
735 477 993 535 Christus
1020 481 1190 549 caput
1224 478 1311 530 est
1342 472 1631 541 Ecclesiae;
1675 476 1765 528 vir
1795 473 2015 542 quidem
2046 487 2159 526 non
2187 474 2424 526 saluauit
2464 471 2779 535 mulierem,
2808 470 2900 523 sed
2937 473 3123 524 tamen
3152 468 3402 524 Christus
3428 467 3546 540 ipse
3572 466 3812 523 Salvator

559 567 812 640 corporis
836 569 982 637 ejus.
1005 566 1116 622 Sed
1140 565 1287 619 sicut
1314 562 1559 619 Ecclesia
1586 561 1840 632 subjecta
1867 564 1955 615 est
1976 560 2221 626 Christo,
2252 560 2333 613 ita
2359 564 2417 612 et
2440 558 2707 613 mulieres
2736 558 2871 611 viris
2894 557 3013 612 suis
3050 564 3085 623 Ι
3101 562 3230 622 50
3260 556 3320 612 in
3359 555 3619 611 omnibus
3643 558 3812 624 subji-

557 660 810 713 ciuntur.
839 655 978 722 Viri,
1011 653 1228 725 diligite
1258 668 1457 707 uxores
1485 656 1720 716 vestras,
1748 649 1896 703 sicut
1922 653 1981 703 et
2016 648 2275 703 Christus
2303 647 2498 702 dilexit
2522 645 2849 712 Ecclesium,
2882 649 2972 714 (eo:
2995 649 3203 713 e/I‘ectu)
3231 651 3289 700 et
3316 645 3562 717 seipsum
3595 644 3815 699 tradidit

557 761 662 815 pro
690 762 774 806 ea,
808 751 874 798 ut
916 744 1071 798 illam
1100 743 1490 803 sanctiﬁcaret,
1525 738 1610 795 l2.
1638 738 1918 793 mundans
1954 736 2036 793 lfl.
2069 738 2289 791 lavacro
2320 754 2478 808 aqua:
2508 736 2565 790 in
2596 737 2762 791 verbo
2790 735 2916 790 vitae
2947 737 3231 805 baptismo,
3266 737 3326 789 id
3361 741 3456 802 est,
3496 738 3561 790 in
3604 738 3811 789 nomine

556 837 761 901 Patris,
784 839 834 886 et
863 834 1016 897 Filii,
1035 836 1085 885 et
1109 832 1352 900 Spiritus
1372 831 1569 893 sancti,
1594 829 1668 882 ad
1684 828 1798 881 hoc.
1828 825 1914 881 14.
1940 830 2005 881 ut
2023 826 2310 880 exhiberet
2333 826 2450 896 ipse
2470 825 2578 879 sibi
2601 825 2907 896 gloriosam
2928 824 3252 891 Ecclesium,
3274 822 3364 880 15.
3392 840 3506 878 non
3529 823 3811 878 habentem

552 923 832 978 maculam
858 923 1088 991 peccati,
1110 925 1210 974 aut
1231 935 1429 989 rugam
1459 918 1779 984 hypocrisis,
1804 920 1904 968 aut
1927 914 2139 985 aliquid
2174 914 2519 984 hujusmodi.
2545 913 2642 967 sed
2672 918 2736 967 ut
2764 913 2839 967 sit
2868 919 3065 968 sancta
3087 918 3144 968 et
3173 913 3555 978 immaculata,
3580 917 3642 966 ut
3671 912 3813 967 Chri-

551 1015 689 1064 stus.
718 1011 804 1065 Ita
828 1016 887 1064 et
902 1009 1007 1063 viri
1029 1007 1236 1063 debent
1254 1006 1488 1076 diligere
1517 1020 1718 1059 uxores
1746 1019 1878 1057 suas
1900 1009 1958 1056 et
1984 1018 2220 1073 corpora
2245 1019 2368 1060 sua.
2406 1002 2485 1058 16.
2510 1001 2617 1066 Qui
2637 1019 2796 1057 suam
2827 1018 3054 1057 uxorem
3078 1001 3279 1073 diligit,
3309 1001 3576 1073 seipsum,
3599 1016 3811 1055 carnem

549 1115 730 1163 suam,
758 1097 961 1168 diligit.
985 1097 1068 1152 17.
1096 1097 1275 1153 Nemo
1295 1094 1446 1149 enim
1472 1108 1720 1164 unquam
1742 1108 1970 1146 carnem
1989 1106 2151 1145 suam
2171 1091 2300 1145 odio
2321 1091 2538 1157 habuit,
2560 1091 2658 1145 sed
2682 1090 2864 1146 nutrit
2890 1095 2949 1145 et
2969 1092 3119 1146 fovet
3147 1107 3292 1156 eam,
3316 1090 3463 1145 sicut
3483 1095 3541 1144 et
3563 1087 3811 1144 Christus

549 1185 872 1253 Ecclesium,
903 1184 986 1243 18.
1011 1185 1146 1257 quia
1171 1201 1286 1249 nos,
1320 1185 1381 1238 id
1408 1188 1504 1249 est,
1535 1183 1793 1247 Ecclesia,
1814 1180 2068 1235 membra
2094 1195 2290 1234 sumus
2319 1178 2567 1250 corporis
2596 1180 2739 1250 ejus,
2774 1180 2843 1233 de
2865 1196 3034 1234 carne
3064 1181 3205 1251 ejus,
3243 1184 3301 1234 et
3327 1179 3396 1234 de
3429 1177 3647 1234 ossibus
3675 1177 3810 1246 ejus,

544 1276 610 1330 de
628 1277 893 1343 inﬁrmis,
909 1281 957 1330 et
974 1276 1156 1344 ﬁrmis
1175 1274 1477 1337 existentis,
1499 1275 1581 1326 vel
1602 1273 1847 1326 eamdem
1867 1284 2111 1332 carnem,
2127 1274 2175 1322 et
2188 1270 2373 1323 eadem
2390 1284 2523 1322 ossa.
2545 1285 2663 1338 quae
2686 1269 2881 1323 habuit
2903 1269 3170 1335 Christus,
3192 1270 3464 1323 habentis.
3487 1266 3570 1324 19.
3590 1267 3813 1336 Propter

541 1363 650 1418 hoc
674 1360 760 1421 20.
784 1363 1067 1435 relinquet
1093 1362 1263 1416 homo
1292 1366 1512 1432 patrem
1541 1366 1599 1414 et
1625 1359 1715 1413 2|.
1746 1364 1983 1412 matrem
2005 1373 2186 1423 suam,
2211 1362 2268 1412 et
2290 1356 2596 1412 adhaerebit
2627 1357 2783 1411 uxori
2816 1374 2954 1415 suae.
2977 1363 3035 1413 et
3058 1363 3227 1412 erunt
3254 1358 3365 1411 duo
3394 1358 3453 1411 in
3484 1372 3654 1411 carne
3681 1371 3809 1410 una.

540 1449 634 1507 22.
649 1453 1077 1508 Sacramentum
1096 1450 1203 1504 hoc
1224 1464 1491 1519 magnum
1512 1453 1618 1510 est,
1636 1464 1739 1518 ego
1759 1452 1948 1502 autem
1970 1444 2092 1499 dico
2110 1462 2217 1500 esse
2231 1450 2647 1501 sacramentum
2671 1448 2819 1500 illud
2839 1447 2897 1500 in
2922 1447 3145 1501 Christo
3167 1453 3224 1502 et
3244 1446 3302 1501 in
3320 1445 3586 1501 Ecclesia.
3606 1442 3698 1500 23.
3715 1443 3811 1497 Ve-

540 1546 885 1606 rumtamen,
920 1547 955 1605 ι
972 1545 1084 1607 ει
1112 1540 1364 1607 quamvis
1394 1538 1683 1604 allegorice
1709 1537 1877 1605 possit
1906 1536 2153 1602 intelligi
2179 1534 2243 1588 de
2272 1535 2507 1601 Christo,
2527 1539 2585 1588 et
2608 1551 2703 1589 vos
2733 1534 2968 1605 singuli,
2992 1534 3381 1606 unusquisque
3399 1549 3631 1588 uxorem
3660 1547 3808 1587 suam

538 1631 687 1688 sicut
712 1630 963 1702 seipsum
990 1628 1221 1698 diligat;
1253 1642 1396 1682 uxor
1420 1631 1612 1681 autem
1635 1624 1839 1679 timeat
1869 1623 2049 1678 virum
2076 1638 2263 1676 suum.

1984 1737 2219 1792 CAPUT
2261 1736 2333 1791 VI
2346 1781 2360 1795 .

611 1834 761 1899 Filii,
791 1832 1013 1888 obedite
1034 1828 1362 1903 parentibus
1382 1827 1580 1883 vestris
1606 1827 1665 1882 in
1684 1826 1960 1893 Domino;
1989 1825 2094 1879 hoc
2121 1825 2273 1880 enim
2297 1826 2517 1896 justum
2540 1831 2626 1881 est
2656 1827 2725 1894 (et
2749 1828 2848 1882 hoc
2869 1828 3067 1896 probat
3086 1828 3157 1881 ab
3173 1826 3543 1895 auctoritate).
3589 1826 3808 1881 Honora

536 1930 759 1996 patrem
785 1927 950 1978 tuum
976 1925 1036 1976 et
1060 1924 1301 1974 matrem
1327 1924 1504 1984 tuam,
1543 1915 1590 1974 ι.
1624 1916 1774 1987 quod
1820 1920 1907 1970 est
1936 1913 2269 1970 mandatum
2298 1915 2544 1986 primum
2587 1916 2648 1971 in
2688 1915 3077 1988 promissione.
3110 1920 3175 1972 in
3204 1919 3333 1985 lege,
3374 1932 3494 1986 quae
3535 1916 3807 1986 promittit

534 2012 968 2083 adimplentibus
986 2012 1151 2066 illam
1167 2013 1375 2063 terram
1399 2010 1540 2062 laete
1559 2010 1609 2060 et
1624 2006 1784 2061 melle
1803 2008 2087 2075 ﬂuentem.
2111 2009 2177 2057 ut
2195 2003 2339 2058 bene
2356 2003 2431 2058 sit
2449 2003 2570 2073 tibi,
2594 2008 2654 2059 et
2666 2003 2744 2059 sis
2762 2005 3046 2075 longaevus
3063 2021 3235 2076 super
3252 2009 3463 2059 terram
3484 2005 3804 2068 viventium,

1874 2126 2470 2186 COMMENTARIUS.

531 2260 657 2314 vitae
680 2272 911 2315 causam
936 2254 1144 2312 habere
1179 2254 1428 2320 videtur;
1467 2251 1574 2306 hoc
1601 2250 1753 2306 enim
1784 2249 1844 2304 in
1867 2249 1977 2305 isto
2007 2250 2127 2306 loco
2143 2253 2458 2316 Alitteram
2487 2253 2726 2324 intelligi
2757 2260 2823 2309 ut
2850 2254 3015 2310 multi
3042 2254 3337 2326 diligentes
3364 2272 3568 2312 uxores
3596 2262 3804 2330 patrem

532 2347 669 2404 dicit
707 2345 778 2419 [1⁸.
809 2342 1036 2416 dicitur]
1078 2344 1197 2415 ipse
1239 2342 1499 2397 Salvator
1519 2339 1769 2411 corporis
1797 2340 1946 2395 hunc
1974 2340 2128 2394 ordi-
2212 2346 2270 2396 et
2301 2347 2541 2396 matrem
2573 2341 2922 2413 relinquant.
2962 2344 3032 2398 Et
3056 2343 3162 2398 hoc
3187 2349 3275 2399 est
3292 2362 3307 2413 ;
3353 2345 3735 2400 Verumtamen
3761 2350 3802 2399 et

529 2452 663 2491 nem
691 2435 776 2489 vir
801 2433 974 2489 habet
1001 2433 1073 2487 ad
1103 2430 1420 2501 mulierem,
1449 2445 1515 2485 eo
1549 2428 1721 2500 quod,
1746 2433 1811 2483 ut
1836 2429 2124 2497 consistat,
2210 2447 2318 2498 eos,
2352 2436 2458 2487 etc.

529 2523 716 2579 virum
739 2521 966 2594 accipit.

603 2611 691 2668 12.
720 2611 967 2668 Ληουεῖ.
1000 2611 1202 2678 (Tract.
1237 2608 1307 2662 15
1344 2609 1410 2661 in
1437 2606 1649 2675 Evang.
1688 2608 1875 2673 Joan.,
1921 2612 1964 2661 t.
2007 2607 2123 2677 IX.)

526 2702 816 2760 Mundam
858 2703 1096 2755 lavacro.
1138 2696 1283 2762 Quid
1313 2700 1400 2751 est
1436 2694 1788 2767 baptismus?
1817 2695 2125 2750 Lavacrum

524 2805 687 2861 aqua
728 2789 788 2844 in
830 2787 1018 2843 verbo.
1044 2786 1201 2842 Tolle
1229 2800 1456 2856 aquam,
1503 2800 1619 2839 non
1659 2788 1746 2838 est
1788 2782 2118 2856 baptismus.

521 2876 678 2934 Tolle
710 2878 959 2946 verbum,
989 2893 1104 2931 non
1140 2882 1227 2931 est
1245 2873 1576 2946 baptismus.

589 2967 682 3023 43.
712 2968 920 3024 LANFR.
952 2967 1191 3022 Lavacro
1219 2980 1377 3034 aqua;
1397 2965 1461 3017 in
1482 2963 1658 3016 verbo.
1686 2961 1938 3018 Verbum
1961 2968 2123 3017 vocat

518 3056 894 3129 prolationem
920 3053 1250 3120 divinitatis,
1283 3069 1406 3124 quae
1433 3067 1470 3105 a
1494 3048 1909 3122 baptizantibus
1950 3068 2122 3123 super

516 3162 725 3218 aquam
745 3145 1046 3216 profertur.

595 3233 679 3291 lci.
696 3235 942 3289 Aueus'r.
970 3230 1052 3289 14.
1081 3230 1197 3298 (lib.
1213 3232 1285 3285 De
1298 3232 1691 3300 perfect.just.,
1713 3245 1763 3283 c.
1790 3229 1876 3295 15,
1894 3234 1937 3283 t.
1961 3228 2110 3300 VII).

519 3322 585 3377 Ut
607 3321 877 3375 exhiberet
901 3322 1012 3388 ipse
1031 3321 1156 3373 sibi.
1182 3318 1339 3372 Tunc
1365 3317 1560 3389 utique
1590 3317 1814 3388 quando
1838 3316 2112 3388 gloriosa;

513 3424 629 3465 non
646 3408 798 3463 enim
815 3407 979 3462 modo
998 3407 1057 3461 in
1072 3405 1245 3461 tantis
1267 3406 1448 3473 malis,
1474 3406 1533 3460 in
1548 3406 1723 3460 tantis
1740 3405 2037 3471 scandulis,
2055 3406 2115 3460 in

510 3502 675 3553 tanta
708 3495 1070 3568 permistione
1105 3493 1398 3549 hominum
1429 3494 1824 3566 pessimorum,
1843 3493 1903 3549 in
1941 3494 2114 3549 tantis

2278 2517 2369 2577 20.
2398 2521 2656 2576 AUGUST.
2689 2520 2907 2590 (lib.xu
2936 2523 3147 2576 Contra
3178 2522 3343 2575 Faust
3373 2521 3643 2590 Manich.,
3675 2540 3723 2580 c.
3753 2521 3800 2587 9,

2206 2613 2233 2663 t
2290 2609 2408 2680 VI).
2454 2611 2740 2679 Relinquet
2778 2610 2954 2664 homo.
3004 2609 3141 2673 Quis
3180 2609 3332 2664 enim
3380 2626 3494 2664 non
3541 2615 3804 2681 agnoscat

2207 2696 2493 2751 Christum
2525 2713 2592 2751 eo
2623 2696 2789 2752 modo
2816 2697 3112 2769 reliquisse
3139 2698 3401 2766 Patrem;
3442 2702 3545 2768 qui
3581 2716 3707 2755 cum
3745 2703 3797 2753 in

2203 2788 2387 2854 forma
2422 2786 2523 2840 Dei
2549 2791 2696 2852 esset,
2733 2802 2847 2841 non
2878 2790 3143 2856 rapinam
3180 2789 3493 2842 arbitratus
3516 2793 3597 2843 est
3625 2805 3729 2843 esse
3754 2805 3801 2842 se

2202 2878 2465 2943 aequalem
2511 2877 2636 2938 Deo,
2678 2877 2770 2929 sed
2812 2878 3162 2944 semetipsum
3200 2878 3511 2931 exinanirit
3565 2880 3800 2946 formam

2201 2965 2347 3016 servi
2374 2966 2688 3033 accipiens?
2714 2963 3027 3035 Reliquisse
3058 2963 3226 3018 etiam
3261 2971 3501 3020 matrem
3551 2967 3797 3038 Synago-

2199 3067 2329 3121 gem
2359 3051 2677 3107 Judmorum
2703 3052 2894 3107 Veteri
2921 3053 3282 3108 Testamento
3307 3054 3613 3110 carnaliter
3638 3054 3798 3109 inhae-

2198 3146 2416 3194 rentem
2428 3145 2485 3195 et
2497 3140 2803 3196 adhaesisse
2811 3141 2973 3196 uxori
2991 3158 3107 3197 suae
3122 3142 3378 3198 Ecclesiae
3389 3144 3469 3214 [at
3476 3142 3730 3216 .sanctaa]
3740 3149 3799 3198 ut

2201 3244 2338 3300 pace
2357 3230 2497 3284 Novi
2518 3230 2864 3285 Testamenti
2884 3236 3072 3286 essent
3100 3231 3211 3286 duo
3240 3231 3299 3285 in
3318 3248 3488 3287 carne
3507 3248 3645 3300 una,
3673 3231 3797 3305 quia

2196 3333 2324 3371 cum
2352 3317 2424 3372 sit
2455 3318 2603 3373 Deus
2633 3319 2784 3390 apud
2812 3326 3051 3390 patrem,
3083 3336 3185 3391 per
3220 3336 3388 3391 quem
3417 3320 3553 3375 facti
3582 3336 3791 3386 sumus,

2196 3405 2376 3460 factus
2406 3412 2491 3461 est
2517 3407 2794 3479 particeps
2831 3414 3041 3475 noster,
3094 3413 3159 3463 ut
3188 3408 3340 3465 illius
3368 3409 3570 3481 capitis
3599 3425 3793 3482 corpus

2196 3510 2319 3550 esse
2343 3512 2655 3567 possemus.

511 3584 829 3658 opprobriis
851 3584 1152 3656 impiorum
1179 3583 1479 3638 dicendum
1506 3589 1593 3638 est
1621 3599 1747 3637 eam
1772 3599 1895 3637 esse
1912 3583 2115 3654 glorio-
2130 3613 2177 3673 B
2212 3672 2221 3673 ί
2265 3583 2786 3657 21.Ιο.(Ετροείε.ίη
2803 3586 2991 3655 Evang
3013 3584 3271 3653 Joan.iO,
3287 3588 3524 3657 t.lX.)Et
3536 3594 3785 3644 matrem.

700 3764 944 3819 Anaus'r.
967 3762 1166 3827 (Serm.
1197 3761 1233 3819 2
1259 3764 1324 3815 in
1349 3766 1551 3827 monte,
1575 3778 1696 3833 cap.
1723 3760 1847 3831 22.)
1866 3763 1990 3816 Non
2015 3763 2111 3817 ha-

509 3853 722 3908 bentem
760 3856 1063 3908 maculam.
1093 3850 1222 3905 Non
1259 3849 1565 3905 habentem
1608 3850 1890 3906 maculam
1926 3867 2110 3923 neque

504 3959 728 4014 rugam,
759 3941 820 3997 id
846 3946 951 4008 est,
984 3939 1256 3996 mundam
1285 3944 1344 3994 et
1383 3939 1715 4012 simplicem.

572 4029 662 4087 16.
684 4032 895 4088 Lara.
929 4032 1037 4099 Qui
1057 4045 1224 4084 suam
1249 4045 1483 4083 uxorem
1503 4030 1710 4098 diligit.
1735 4029 1954 4083 Debent
1977 4046 2109 4084 uxo-

504 4136 596 4175 res
641 4119 895 4190 diligere,
928 4119 1061 4191 quia
1101 4118 1316 4190 seipsos
1362 4135 1399 4172 a
1441 4122 1621 4185 tanto,
1653 4117 1710 4172 id
1740 4123 1843 4184 est,
1876 4134 2103 4173 carnem

503 4228 667 4268 suam
687 4228 700 4266 :
723 4228 857 4266 nam
885 4228 999 4266 non
1029 4210 1237 4266 debent
1263 4211 1471 4265 habere
1501 4211 1554 4281 (a
1579 4210 1899 4282 contrario).
1924 4210 2104 4265 Nemo

504 4300 675 4367 enim,
709 4309 838 4367 etc.,
872 4317 907 4354 a
924 4316 1152 4371 genere.

576 4385 664 4445 17.
685 4390 854 4444 Nemo
872 4390 1024 4444 enim
1044 4404 1316 4457 unquam.
1339 4388 1549 4443 Probat
1575 4388 1725 4460 quod
1745 4387 1849 4442 viri
1869 4403 2104 4460 corpora

501 4493 606 4533 sua
632 4478 892 4548 diligant.

568 4566 598 4622 1
607 4563 640 4623 8
648 4604 663 4620 .
677 4568 818 4634 Quia
829 4566 1075 4621 membra
1090 4568 1334 4635 corporis
1346 4569 1481 4636 ejus.
1497 4566 1691 4620 Potest
1701 4565 1833 4637 legi,
1851 4564 2100 4636 corporis

498 4656 624 4726 ejus
651 4653 960 4710 constantis
987 4654 1057 4709 de
1084 4671 1253 4710 carne
1289 4660 1348 4710 et
1373 4654 1593 4711 ossibus
1622 4655 1760 4725 ejus,
1793 4654 1851 4708 id
1889 4661 1993 4720 est,
2028 4655 2098 4709 de

498 4744 738 4801 infirmis
763 4748 820 4798 et
842 4744 1041 4810 ﬁrmis,
1057 4745 1144 4799 vel
1163 4744 1233 4799 de
1251 4761 1419 4800 carne
1435 4748 1494 4799 et
1511 4743 1731 4799 ossibus
1759 4744 1809 4813 ej
1819 4760 1883 4797 us
1902 4759 2098 4798 sumus

2193 3672 2484 3737 Quomodo
2527 3674 2758 3745 reliquit
2798 3675 3085 3729 matrem?
3122 3675 3509 3747 Relinquenda
3542 3679 3787 3749 Synago-

2189 3778 2322 3831 gam
2350 3762 2691 3830 Judteorum,
2713 3764 2784 3818 de
2813 3780 2926 3834 qua
2943 3764 3254 3821 secundum
3272 3781 3498 3821 carnem
3518 3774 3689 3822 natus
3709 3770 3790 3820 est

2192 3850 2468 3906 Christus.

2259 3937 2348 3997 22.
2381 3940 2595 3997 Lucra.
2625 3942 3072 4000 Saeramentum.
3100 3942 3263 4008 Quod
3285 3943 3356 3999 de
3386 3943 3504 3999 viro
3533 3948 3597 4000 et
3622 3959 3787 4000 uxore

2188 4028 2343 4096 dicit,
2384 4034 2442 4084 et
2477 4030 2549 4084 ad
2577 4030 2825 4086 litteram
2871 4031 3301 4104 intelligendum
3348 4038 3437 4088 est
3480 4034 3786 4090 secundum

2188 4118 2374 4174 saeculi
2397 4120 2882 4188 consuetudinem,
2905 4127 2964 4176 et
2988 4121 3359 4193 spiritualiter
3384 4122 3456 4177 de
3481 4122 3706 4179 Christo
3732 4127 3786 4177 et

2185 4207 2447 4262 Ecclesia.
2498 4208 2725 4264 Patrem
2778 4208 3037 4266 Christus
3100 4210 3417 4284 relinquere
3475 4210 3629 4267 visus
3682 4217 3780 4277 est,

2185 4297 2409 4367 quando
2452 4297 2818 4371 semetipsum
2865 4298 3188 4367 exinanivit,
3239 4305 3297 4356 et
3344 4299 3589 4358 falmam
3642 4299 3782 4356 servi

2183 4385 2413 4457 accepit.
2446 4385 2686 4441 Matrem
2715 4387 3093 4459 Synagogam,
3125 4405 3192 4444 ex
3220 4405 3332 4461 qua
3359 4394 3529 4445 natus
3558 4395 3664 4456 est,
3703 4406 3785 4443 re-

2182 4473 2380 4545 liquit;
2411 4475 2634 4544 quando
2662 4475 2786 4547 ipsa
2813 4476 2873 4530 in
2918 4493 3023 4532 sua
3063 4476 3395 4533 inﬁdelitate
3423 4479 3778 4551 persistente,

2181 4563 2252 4617 ad
2299 4563 2716 4634 praedicandum
2755 4566 3020 4636 gentibus
3065 4568 3347 4639 apostolos
3390 4567 3564 4636 misit,
3617 4573 3676 4624 et
3719 4583 3783 4623 ex

2181 4667 2377 4707 eorum
2433 4654 2823 4721 conversione,
2889 4655 3135 4711 Ecclesia
3187 4661 3559 4729 congregata,
3623 4655 3783 4729 quasi

2179 4756 2395 4813 sponsae
2422 4758 2663 4814 sponsus
2694 4743 2946 4812 adhaesit,
2971 4761 3098 4800 cum
3120 4762 3233 4817 qua
3260 4745 3587 4816 unigenitus
3616 4745 3782 4801 estin

495 4830 770 4899 membra,
795 4832 1052 4887 eamdem
1073 4848 1321 4901 carnem,
1346 4839 1405 4888 et
1431 4832 1629 4888 eadem
1664 4847 1793 4886 ossa
1812 4830 2095 4899 habentia,
2111 4849 2159 4911 ε
2179 4846 2349 4886 carne
2377 4848 2493 4886 una
2515 4849 2529 4899 ;
2562 4832 2697 4903 quia
2721 4847 2947 4887 carnem
2978 4850 3148 4906 quam
3171 4835 3241 4889 de
3277 4835 3489 4906 virgine
3518 4835 3779 4908 sumpsit,

496 4937 620 4995 quae
647 4921 769 4993 ipse
797 4920 1015 4976 habuit.

559 5009 652 5068 49.
681 5013 910 5081 Propter
931 5011 1029 5067 hoc
1052 5015 1331 5081 relinquet
1357 5008 1535 5066 homo.
1560 5008 1726 5079 Quia,
1756 5007 1961 5079 inquit,
1995 5025 2097 5065 nos

492 5116 688 5157 sumus
712 5100 783 5156 de
801 5115 970 5155 carne
993 5105 1049 5156 et
1071 5100 1141 5155 de
1171 5099 1389 5156 ossibus
1414 5100 1556 5171 ejus,
1578 5104 1828 5170 propter,
1850 5098 1975 5162 hoc,
1995 5099 2097 5154 sic-

488 5196 557 5245 ut
577 5189 848 5262 scriptum
873 5194 960 5244 est
976 5189 1037 5245 in
1051 5188 1290 5245 Genesi:
1315 5191 1622 5258 Relinquet,
1644 5186 1890 5242 Verbum
1914 5186 2094 5243 Patris

489 5279 588 5351 qui
614 5280 837 5336 futurus
861 5285 948 5335 est
975 5280 1165 5346 homo,
1205 5281 1444 5343 Patrem,
1485 5276 1545 5331 id
1569 5283 1656 5331 est
1693 5292 1809 5331 non
1836 5277 2092 5332 eamdem

486 5368 788 5425 essentiam
824 5384 1123 5441 apparens,
1167 5365 1299 5438 quia
1327 5383 1456 5421 cum
1493 5366 1663 5421 Patre
1697 5372 2009 5438 permanet,
2040 5372 2093 5421 et

488 5462 745 5525 matrem,
773 5457 827 5512 id
850 5465 956 5524 est,
982 5458 1362 5528 Synagogam,
1384 5460 1433 5510 et
1451 5455 1746 5510 adhaerebit
1773 5458 1941 5510 umori
1959 5472 2089 5521 sua,

485 5544 543 5599 id
589 5550 677 5599 est
733 5545 1010 5603 Ecclesiae.
1045 5544 1139 5601 Sic
1187 5548 1376 5599 autem
1407 5543 1615 5599 dicitur
1652 5550 2090 5600 sacramentum.

485 5631 597 5690 Sed
643 5639 835 5692 tamen
882 5632 1137 5708 quamvis
1177 5632 1249 5690 de
1285 5632 1510 5691 Christo
1551 5631 1777 5702 dicitur,
1809 5639 1995 5706 potest
2020 5634 2094 5691 ad

2177 4919 2239 4974 in
2286 4919 2459 4976 missa
2500 4926 2559 4976 et
2604 4919 3039 4991 celebritatibus,
3092 4923 3341 4996 quotidie
3387 4924 3636 4981 Ecclesia
3686 4940 3781 4979 su-

2178 5008 2302 5065 mit.

2246 5097 2335 5156 23.
2380 5100 2782 5156 Verumtamen.
2823 5101 2996 5167 Quasi
3038 5102 3294 5161 diceret:
3345 5103 3602 5177 quamvis
3645 5118 3779 5173 ergo

2175 5188 2282 5243 hoc
2308 5194 2724 5246 sacramentum
2752 5190 2811 5246 in
2839 5190 3061 5247 Christo
3090 5198 3148 5248 et
3191 5193 3434 5249 Ecclesia
3466 5192 3779 5264 intelligam

2173 5277 2561 5348 spiritualiter,
2610 5284 2997 5337 verumtamen
3047 5298 3143 5338 vos
3182 5300 3218 5338 a
3258 5282 3461 5339 morali
3487 5281 3777 5339 intellectu

2173 5365 2419 5422 historiae
2447 5364 2620 5422 nolite
2644 5367 2925 5423 recedere.

2245 5455 2404 5511 CAP.
2436 5455 2529 5512 Vl.
2556 5485 2620 5496 —
2651 5457 2706 5511 1.
2747 5457 2954 5513 Lmen.
2990 5459 3143 5527 Quod
3180 5466 3256 5515 est
3298 5461 3630 5516 mandatum
3651 5460 3775 5529 pri-

2172 5560 2350 5599 mum.
2396 5544 2461 5600 In
2490 5545 2675 5617 prima
2702 5545 2927 5618 quidem
2956 5546 3151 5605 tabula
3186 5548 3298 5604 tria
3322 5550 3481 5607 tuere
3509 5548 3778 5606 mandata

2172 5632 2246 5691 ad
2291 5633 2470 5692 Deum
2515 5633 2876 5707 pertinentia,
2916 5636 2974 5695 id
3020 5645 3149 5694 est:
3193 5639 3319 5697 Non
3360 5639 3621 5699 adorabis
3654 5639 3775 5694 deos
