3878 6352
92 310 187 377 305
476 278 481 281 ’
728 310 809 367 IN
844 310 914 369 D.
953 301 1171 368 PAULI
1209 312 1437 371 EPIST.
1479 313 1858 375 COMMENT.
1902 347 1967 362 -
2004 317 2231 375 EPIST.
2271 317 2370 374 AD
2408 313 2663 374 EPHES.
3233 310 3344 373 306

88 438 168 504 Et,
198 452 292 493 vos
316 440 530 510 patres,
559 434 733 493 nolite
762 436 835 491 ad
866 436 1216 494 iracundiam
1244 456 1546 511 provocare
1564 441 1709 497 ﬁlios
1723 447 1970 511 vestros;
2006 443 2106 499 sed
2131 444 2365 500 educate
2396 443 2524 499 illos
2538 442 2598 498 in
2611 439 2910 514 disciplina
2924 440 3342 515 etcorreptioue

87 526 312 582 Domini.
338 526 521 591 Servi,
556 524 777 582 obedite
795 525 1039 582 dominis
1068 528 1407 597 carnalibus,
1436 547 1566 586 cum
1590 532 1795 587 timore
1824 536 2027 600 animi,
2072 538 2131 588 et
2173 539 2423 588 tremore
2467 534 2731 602 corporis,
2779 528 2836 589 2.
2885 530 2943 584 in
2983 530 3341 602 simplicitate

88 615 252 670 cordis
269 615 459 681 vestri,
490 614 639 670 sicut
665 614 887 670 Christo
918 616 1208 671 obedirelis
1232 619 1363 680 (ecce
1410 636 1515 675 cur
1559 623 1625 674 in
1659 624 2014 690 simplicitate
2059 622 2311 686 dixerit),
2369 636 2484 675 non
2512 618 2585 674 ad
2607 620 2854 686 oculum,
2881 621 3073 688 palam
3094 623 3337 686 tantum,

90 703 388 767 servientes,
422 702 588 774 quasi
615 702 939 759 hominibus
966 703 1279 776 placentes;
1311 707 1409 762 sed
1436 713 1503 763 ut
1528 708 1675 762 servi
1703 708 1929 776 Christi,
1942 709 2210 765 facientes
2223 710 2571 765 voluntatem
2589 708 2691 764 Dei
2712 724 2779 763 ex
2805 707 3016 774 animo,
3036 723 3166 762 cum
3194 706 3341 763 bona

92 791 348 846 voluntate
366 791 699 859 servientes,
740 791 890 847 sicut
913 793 1173 860 Domino,
1203 800 1261 849 et
1287 811 1400 851 non
1429 796 1772 863 hominibus,
1803 797 2043 853 scientes
2067 797 2337 869 quoniam
2364 797 2773 869 unusquisque,
2806 796 3177 868 quodcunque
3196 796 3339 851 fece-

85 881 151 935 rit
172 880 397 951 bonum,
425 881 539 937 hoc
565 880 800 953 recipiet
827 881 1140 949 aDomino,
1172 883 1288 938 sive
1315 880 1527 952 servus,
1568 885 1683 940 sive
1718 885 1880 941 liber.
1912 885 1964 940 3.
1998 888 2068 942 Et
2096 904 2212 955 vos,
2243 887 2480 952 domini,
2513 886 2729 953 eadem,
2757 888 2817 941 id
2845 891 2941 952 est,
2972 902 3037 939 ea:
3062 888 3336 954 simplici-

87 974 195 1034 tate,
220 974 267 1024 et
285 970 426 1024 bona
446 971 751 1037 voluntate,
780 969 946 1025 facite
973 970 1106 1038 illis,
1132 970 1187 1026 4.
1211 974 1563 1029 remittentes
1584 975 1785 1042 minas,
1816 977 2055 1031 scientes
2083 977 2216 1048 quia
2244 982 2302 1032 et
2320 976 2546 1032 illorum
2571 980 2630 1030 et
2659 979 2842 1031 vester
2867 973 3143 1029 Dominus
3160 979 3247 1029 est
3273 973 3337 1029 in

84 1058 240 1127 caelis,
266 1063 324 1115 et
349 1075 727 1131 personarum
757 1060 1005 1132 acceptio
1031 1077 1145 1116 non
1172 1069 1261 1117 est
1309 1064 1459 1134 apud
1503 1080 1655 1131 eum,
1690 1081 1805 1119 non
1832 1071 1909 1120 est
1938 1068 1989 1119 ei
2016 1067 2241 1120 charior
2268 1067 2408 1120 liber
2435 1081 2605 1135 quam
2631 1080 2816 1118 servus
2845 1064 3091 1118 obediens
3110 1065 3224 1117 illi.
3252 1063 3334 1118 De

85 1152 281 1214 latera,
309 1147 541 1214 fratres,
572 1148 964 1204 confortamini
991 1149 1052 1204 in
1078 1149 1337 1217 Domino,
1365 1160 1423 1206 et
1447 1152 1506 1207 in
1526 1153 1780 1225 potentia
1805 1154 2025 1210 virtutis
2044 1156 2187 1225 ejus,
2219 1170 2333 1209 non
2360 1158 2572 1208 vestras.
2596 1150 2818 1206 Induite
2850 1167 2946 1206 vos
2981 1156 3333 1206 armaturam

84 1235 189 1301 Dei,
215 1241 279 1291 ut
311 1235 546 1308 possitis
567 1242 717 1292 stare
746 1238 1013 1293 adversus
1035 1238 1269 1294 insidias
1288 1240 1521 1298 diaboli.
1541 1244 1641 1297 Dei
1657 1247 2016 1298 armaturam
2035 1245 2174 1306 dico,
2200 1242 2467 1314 quoniam
2500 1242 2551 1296 5.
2580 1257 2694 1296 non
2721 1245 2808 1295 est
2826 1239 2987 1295 nobis
3009 1240 3331 1294 colluctatio

84 1324 323 1380 adversus
350 1341 585 1381 carnem
640 1332 698 1380 et
723 1326 1056 1398 sanguinem
1077 1333 1318 1396 tantum,
1360 1331 1460 1385 sed
1487 1331 1755 1386 adversus
1783 1331 2080 1403 principes,
2134 1337 2195 1386 et
2242 1335 2567 1403 potestates,
2610 1329 2876 1384 adversus
2902 1328 3121 1395 mundi,
3160 1328 3330 1397 hujus

83 1417 262 1480 seculi,
291 1410 345 1470 6.
377 1420 633 1470 rectores
647 1415 1006 1471 tenebrarum
1036 1417 1260 1480 harum,
1282 1422 1504 1484 scilicet,
1535 1418 1588 1475 7.
1621 1426 1818 1475 contra
1844 1420 2161 1492 spiritualia
2182 1421 2566 1484 (intransitive
2593 1419 2861 1473 daemones
2881 1419 3034 1486 dicit)
3061 1416 3329 1489 nequitia

81 1498 125 1556 8.
150 1501 203 1555 in
220 1502 592 1568 ccelestibus,i
594 1519 631 1557 η
646 1520 771 1558 aere
789 1507 1060 1572 degentia,
1080 1511 1116 1570 |
1132 1510 1347 1573 εειυει
1352 1523 1459 1576 pro
1470 1511 1672 1563 virtuti
1675 1511 1935 1578 bus,quas
1948 1510 2100 1563 nobis
2110 1511 2375 1563 daemones
2393 1509 2618 1575 auferre
2631 1511 2928 1561 conantur.
2944 1505 3000 1561 9.
3021 1505 3331 1578 Propterea

88 1587 156 1646 10.
180 1590 405 1662 accipite
423 1597 778 1647 armaturam
806 1592 928 1658 Dei,
949 1597 1205 1661 virtutes,
1228 1600 1296 1648 ut
1313 1595 1541 1668 possitis
1570 1595 1831 1651 resistere
1861 1595 1939 1652 ll.
1964 1596 2024 1651 in
2051 1595 2141 1651 die
2178 1595 2350 1659 malo,
2400 1597 2465 1648 in
2494 1597 2758 1664 praesenti
2783 1597 2998 1658 saeculo,
3037 1596 3137 1648 ubi
3172 1595 3328 1649 mala

80 1677 226 1747 ﬁunt,
251 1685 308 1734 et
332 1680 394 1735 in
419 1680 709 1746 omnibus,
754 1685 836 1736 vel
878 1686 1173 1753 prosperis,
1203 1687 1285 1739 vel
1313 1686 1558 1739 adversis
1582 1685 1813 1756 perfecti
1840 1689 2010 1739 stare.
2043 1685 2201 1739 State
2229 1699 2384 1754 ergo,
2417 1698 2531 1737 non
2547 1685 2782 1752 jaceatis
2808 1683 2871 1736 in
2894 1682 3167 1747 sordibus,
3195 1698 3326 1737 suc-

81 1767 219 1822 cincti
242 1768 464 1824 lumbos
492 1776 708 1825 vestros
736 1773 819 1842 (id
854 1776 951 1838 est,
988 1775 1248 1840 stringite
1265 1774 1429 1841 ﬂuxa
1454 1776 1702 1828 carnalis
1729 1776 2046 1843 voluptatis)
2075 1773 2136 1827 in
2161 1772 2419 1836 veritate,
2447 1775 2506 1826 et
2531 1770 2718 1825 induti
2738 1769 2972 1824 loricam
2992 1769 3234 1841 justitim
3262 1774 3325 1825 in

79 1870 224 1923 opere,
249 1863 305 1913 et
338 1856 427 1915 12.
456 1859 712 1921 calceati,
744 1865 939 1915 contra
959 1862 1198 1915 insidias
1225 1862 1436 1916 diaboli
1459 1864 1706 1917 munitos
1733 1863 1986 1916 habentes
2016 1861 2206 1933 pedes,
2237 1865 2456 1927 mentes,
2490 1860 2550 1914 in
2576 1858 2988 1931 praeparatione
3016 1858 3321 1930 Evangelii,

76 1948 124 1996 ul
146 1950 459 2015 praeparatis
489 1964 576 2002 eos
595 1949 949 2018 percipiendo
975 1950 1299 2020 Evangelia,
1327 1950 1500 2021 pacis,
1539 1953 1888 2020 paciﬁcantis
1918 1969 1935 2005 :
1967 1948 2036 2005 In
2063 1948 2323 2005 omnibus
2348 1953 2636 2003 sumentes
2659 1948 3066 2016 (intransitive)
3097 1952 3323 2003 scutum

79 2031 203 2099 ﬁdei,
230 2033 286 2088 in
308 2051 421 2106 quo
448 2036 682 2107 possitis
708 2037 897 2092 omnia
924 2038 1057 2105 tela,
1107 2041 1267 2105 vilia,
1310 2039 1663 2110 nequissimi,
1680 2042 1890 2095 diaboli
1902 2039 2072 2111 ignea
2085 2038 2464 2108 exstinguere,
2482 2041 2542 2092 et
2559 2035 2644 2094 13.
2665 2036 2887 2107 galeam
2902 2034 3121 2103 salutis,
3149 2052 3317 2106 spem,

76 2125 139 2175 vel
156 2124 323 2192 ipsam
340 2130 585 2181 salutem
608 2132 893 2193 sternam,
912 2127 1212 2195 assumite;
1234 2127 1318 2183 l4.
1341 2133 1396 2182 et
1415 2128 1667 2198 gladium
1684 2128 1916 2200 spiritus
1936 2129 2106 2200 (quod
2123 2134 2209 2182 est
2224 2126 2453 2181 verbum
2469 2125 2589 2195 Dei)
2613 2140 2715 2197 per
2731 2140 2956 2179 omnem
2984 2124 3320 2192 orationem,

78 2213 122 2261 et
137 2225 225 2278 per
240 2228 476 2279 crucem,
507 2215 592 2268 vel
611 2213 1077 2283 obsecrationem,
1108 2221 1336 2271 orantes
1355 2216 1510 2270 omni
1529 2221 1783 2288 tempore
1812 2216 1871 2271 in
1902 2217 2122 2289 spiritu,
2154 2222 2213 2271 et
2234 2216 2293 2270 in
2314 2215 2437 2287 ipso
2454 2214 2753 2285 vigilantes
2779 2213 2839 2269 in
2855 2213 3009 2268 omni
3024 2213 3316 2281 instantia,

79 2312 165 2351 non
184 2302 422 2368 remisse,
454 2306 516 2357 et
542 2302 927 2358 obsecratione
956 2320 1058 2375 pro
1077 2303 1339 2359 omnibus
1374 2305 1611 2373 sanctis;
1644 2312 1702 2361 et
1729 2323 1831 2378 pro
1861 2323 1969 2372 me,
2002 2312 2068 2361 ut
2082 2306 2250 2361 detur
2278 2304 2419 2359 mihi
2439 2319 2626 2359 sermo
2653 2303 2714 2357 in
2733 2302 3023 2375 apertione
3047 2301 3162 2358 oris
3181 2302 3315 2369 mei,

79 2387 263 2454 scilicet,
290 2404 421 2444 cum
452 2390 682 2458 ﬁducia,
708 2408 820 2446 non
849 2409 975 2447 cum
998 2395 1213 2459 timore,
1237 2398 1436 2448 notum
1455 2394 1639 2449 facere
1668 2393 1749 2451 15.
1768 2395 2100 2467 mysterium
2118 2394 2430 2466 Evangelii;
2454 2409 2556 2465 pro
2584 2409 2696 2464 quo
2714 2391 2995 2463 legatione
3020 2392 3230 2463 fungor
3254 2391 3316 2446 in

78 2479 259 2543 catena,
297 2494 535 2547 carcere,
573 2481 649 2535 ita
678 2486 744 2535 ut
767 2480 826 2535 in
850 2481 971 2553 ipso
999 2482 1260 2546 audeam,
1291 2488 1461 2554 prout
1484 2488 1711 2555 Oportet
1740 2500 1852 2551 me,
1882 2483 2056 2556 loqui.
2084 2484 2161 2539 Ut
2183 2488 2374 2538 autem
2402 2489 2460 2537 et
2479 2497 2577 2537 vos
2614 2480 2804 2536 sciatis
2850 2496 2975 2552 quae
3030 2479 3181 2535 circa
3222 2495 3317 2535 me
3413 2492 3435 2513 ο

1374 2658 1970 2715 COMMENTARIUS.

75 2832 263 2887 alienos.
280 2835 398 2891 Non
407 2852 654 2892 assumes
675 2853 875 2893 nomen
892 2839 988 2893 Dei
997 2841 1085 2893 tui
1094 2841 1159 2893 in
1170 2854 1401 2894 vanum.
1422 2839 1625 2896 Sabba-
1640 2842 1690 2901 A
1714 2840 2357 2909 turam.Verumtamen,
2374 2839 2876 2908 charissimi,arma
2889 2839 3000 2895 ista
3012 2855 3085 2894 ne
3096 2837 3311 2911 putetis

79 2922 120 2969 la
144 2924 400 2979 custodies.
438 2926 511 2980 Et
537 2926 759 2998 reliqua
782 2931 996 2999 septem
1026 2927 1085 2981 in
1123 2928 1370 2982 secunda
1398 2927 1469 2982 ad
1497 2944 1631 2999 pro-
1712 2928 1791 2983 sic
1829 2945 1951 2984 esse
1975 2936 2042 2985 ut
2068 2930 2231 3002 quasi
2250 2930 2403 3002 quod
2429 2934 2676 2999 scutum,
2713 2944 2938 3000 semper
2958 2932 3184 2983 scutum
3210 2927 3307 2994 sit,

76 3006 248 3063 simum
266 3013 645 3085 pertinentia;
679 3032 919 3087 quorum
938 3016 1047 3071 fuit
1067 3016 1261 3088 prius:
1292 3017 1518 3072 Honora
1529 3033 1631 3087 pa-
1711 3022 1811 3072 aut
1839 3019 1988 3090 quod
2015 3019 2179 3091 galea
2205 3025 2312 3085 est,
2351 3035 2577 3091 semper
2604 3018 2768 3090 galea
2794 3017 2870 3073 sit
2894 3037 2910 3085 ;
2942 3022 3045 3073 aut
3071 3032 3195 3088 que
3221 3016 3308 3071 lo-

76 3097 185 3149 lrem
210 3103 254 3152 et
276 3109 531 3158 matrem.
564 3104 725 3159 Unde
751 3103 889 3159 dicit
916 3107 1060 3175 quod
1079 3111 1155 3160 est
1176 3108 1431 3175 primum
1459 3122 1628 3160 man-
1707 3106 1843 3168 rica,
1866 3124 2089 3180 semper
2103 3108 2275 3163 lorica
2303 3109 2395 3164 sit.
2426 3109 2493 3164 In
2524 3109 2649 3163 istis
2677 3106 3017 3162 enimarmis
3043 3120 3306 3177 corpora-

73 3183 250 3241 dalum.
1705 3195 1853 3250 libus
1882 3196 1963 3251 ita
1992 3204 2096 3263 est,
2126 3213 2451 3269 quanquam
2474 3202 2534 3251 et
2561 3196 2631 3251 de
2649 3196 2799 3250 ferro
2816 3210 2941 3267 qua:
2960 3186 3106 3250 ﬁunt
3123 3200 3306 3250 muta-

124 3271 169 3329 ἳ.
194 3277 423 3338 Αιωιιοε.
452 3285 524 3337 In
535 3286 907 3353 simplicitate.
930 3285 1157 3340 Modum
1180 3300 1291 3356 quo
1314 3283 1454 3338 illud
1475 3283 1625 3339 dixe-
1702 3284 1753 3338 ri
1780 3290 2016 3357 possint,
2034 3292 2105 3355 ut
2132 3303 2202 3341 ex
2228 3285 2417 3358 gladio
2448 3287 2659 3342 securis
2682 3304 2697 3353 ;
2729 3291 2925 3340 tamen
2962 3284 3151 3356 ipsum
3173 3298 3308 3354 apo-

74 3367 765 3444 rﬁtexpaudit,subjungens
785 3374 1021 3430 :Nonad
1039 3377 1293 3428 occulam
1309 3376 1617 3429 servientes.
1701 3374 1911 3428 stolum
1934 3375 2189 3431 videmus
2217 3375 2422 3430 dixisse
2459 3374 2702 3446 quodam
2722 3374 2862 3439 loco,
2892 3375 3126 3428 loricam
3152 3373 3298 3441 ﬁdei,

126 3448 169 3507 3.
187 3453 374 3514 LANPR.
404 3462 474 3516 Et
505 3478 598 3518 vos
626 3464 858 3517 Domini
879 3465 1084 3528 eadem,
1117 3462 1175 3518 id
1195 3467 1299 3528 est,
1332 3461 1539 3517 similia
1558 3463 1619 3518 in
1701 3468 1759 3517 et
1787 3464 1898 3518 alio
1926 3464 2152 3531 dixisse,
2184 3469 2403 3520 scutum
2435 3466 2584 3533 ﬁdei.
2615 3464 2849 3519 Scutum
2876 3478 3012 3532 ergo
3030 3466 3138 3527 est,
3169 3461 3304 3533 quia

75 3536 379 3625 Simplicitate
428 3550 637 3618 cordis,
694 3556 753 3605 et
805 3550 955 3606 bona
1012 3552 1315 3617 voluntate,
1373 3557 1439 3606 ut
1472 3553 1616 3606 servi
1697 3552 1812 3607 tela
1830 3553 2190 3609 inimicorum
2219 3553 2425 3625 excipit
2443 3560 2501 3608 et
2529 3553 2766 3625 repellit.
2801 3550 3000 3607 Lorira
3027 3555 3134 3618 est,
3169 3549 3303 3622 quia

77 3624 242 3687 Christi
258 3634 522 3695 facientes
543 3640 887 3695 voluntatem
916 3640 1018 3695 Dei
1046 3657 1182 3712 erga
1205 3641 1350 3695 illos.
1695 3637 1968 3696 interiora
1985 3649 2087 3698 tua
2112 3624 2369 3714 transﬁgi
2397 3659 2511 3697 non
2537 3624 2691 3696 sinit.
3327 3638 3339 3649 ’

127 3717 414 3782 ἀιωκοε.
442 3729 804 3784 Remittentes.
843 3728 972 3784 Non
990 3728 1130 3783 dixit
1144 3730 1481 3795 auferentes,
1513 3729 1609 3783 sed
1760 3730 1852 3788 ‘11.
1883 3733 2129 3787 AMBROS.
2162 3735 2229 3787 In
2256 3733 2345 3786 die
2380 3735 2548 3787 malo.
2611 3729 2771 3786 Diem
2808 3728 3023 3784 malum
3056 3741 3298 3800 praesen-

78 3807 398 3870 remittentes.
420 3817 550 3872 Non
566 3816 716 3872 enim
741 3817 1023 3888 corrigere
1041 3819 1304 3887 servos,si
1320 3818 1617 3890 pertinaci-
1696 3822 1813 3874 tem
1837 3818 2012 3875 vitam
2037 3820 2196 3888 dicit,
2224 3836 2291 3874 eo
2313 3819 2463 3892 quod
2510 3819 2570 3874 in
2612 3818 2877 3891 praesenti
2908 3816 3110 3873 seculo
3148 3816 3299 3870 mala

78 3898 144 3947 ὶθτ
156 3910 376 3973 peccant,
406 3906 687 3978 prohibet.
1696 3906 1790 3979 [[1,
1822 3908 1979 3980 mali]
2001 3919 2196 3980 agunt.

128 3983 171 4038 5.
210 3990 319 4046 Non
349 4001 422 4049 est
450 3997 626 4051 nobis.
677 3994 902 4051 Abusus
927 4001 1013 4051 est
1038 3996 1424 4052 indifferenter
1443 3998 1613 4053 collu-
1768 3995 1854 4053 12.
1886 3999 2092 4054 Lsnrn.
2140 3999 2381 4054 Calceati
2420 3998 2574 4067 pedes
2624 3996 2913 4052 Calceatos
2942 3993 3107 4067 jubet
3122 3994 3296 4067 pedes

76 4074 285 4160 etationis
299 4084 543 4153 nomine,
573 4101 679 4157 pro
706 4084 853 4140 bello
883 4101 1123 4156 ponens.
1691 4090 1915 4141 nostros
1969 4103 2109 4150 esse,
2158 4087 2292 4159 quia
2335 4085 2702 4157 cogitationes
2748 4089 2972 4151 nostrai,
3005 4099 3109 4155 per
3153 4099 3294 4155 quas

126 4164 168 4221 6.
182 4169 399 4232 Auuusr.
414 4180 646 4246 (Enarr.
668 4182 732 4233 in
753 4181 898 4235 Psal.
917 4194 1084 4248 cxvn,
1116 4186 1229 4237 tom
1242 4181 1418 4255 VIII).
1442 4187 1621 4241 Recto.
1641 4167 1692 4228 Β
1706 4191 1868 4231 mens
1890 4177 2304 4248 quodammodo
2329 4174 2671 4242 deambulat,
2697 4174 2929 4229 munitae
2947 4172 3156 4229 debent
3171 4188 3296 4228 esse

78 4255 401 4321 l'es.Rectores
419 4266 784 4323 tenebrarum
812 4269 1032 4335 harum,
1050 4271 1106 4325 id
1128 4276 1231 4337 est,
1250 4278 1495 4329 rectores
1512 4275 1619 4329 ini-
1697 4270 1891 4320 contra
1918 4265 2150 4320 insidias
2180 4265 2552 4336 malignorum
2568 4263 2895 4336 spirituum,
2917 4268 2984 4318 ut
3010 4278 3295 4334 prepare-

80 4354 268 4429 qufiruln
285 4356 550 4411 mundum
574 4356 746 4411 istum
775 4357 1150 4429 diligentium.
1696 4367 1824 4408 mus
1871 4354 1930 4408 in
1979 4353 2142 4408 nobis
2191 4370 2261 4410 ca
2288 4370 2412 4425 qua:
2443 4352 2606 4424 jubet
2631 4351 2993 4423 Evangelium
3019 4350 3194 4422 pacis,
3235 4351 3294 4406 id

82 4513 91 4523 ι
128 4427 1616 4523 7.Contraspiritualia.Suntergospiritualianequitiae
1698 4456 1801 4518 est,
1825 4451 2054 4506 Christi.

80 4530 122 4568 In
151 4524 427 4588 caelestibus
485 4550 600 4588 non
637 4534 733 4589 ubi
777 4536 965 4590 sidera
991 4537 1263 4609 disposita
1291 4539 1521 4610 fulgent,
1556 4547 1613 4595 et
1768 4539 1855 4595 13.
1881 4541 2109 4597 Galeam
2125 4543 2343 4594 salutis.
2364 4540 2745 4596 Salusaaterna
2765 4539 2933 4595 debet
2952 4555 3076 4595 esse
3096 4544 3293 4595 nostra

82 4610 407 4703 safictinangeli
427 4629 872 4690 commorantur,
913 4625 1010 4679 sed
1030 4626 1087 4679 in
1109 4626 1277 4697 hujus
1305 4628 1454 4681 aeris
1480 4629 1609 4683 inﬂ-
1689 4629 1874 4699 galea,
1899 4629 2032 4700 quia
2051 4630 2108 4683 in
2127 4629 2401 4684 memoria
2413 4635 2661 4684 mentem
2692 4635 2965 4692 nostram,
2992 4645 3119 4701 quae
3144 4628 3295 4701 capi-

83 4700 426 4791 mi‘caliginoso
445 4709 786 4779 habitacula,
810 4712 905 4767 ubi
927 4720 985 4768 et
999 4715 1206 4770 nebula
1220 4716 1605 4787 conglobatur.
1690 4718 1766 4772 tis
1795 4718 2024 4773 nomine
2051 4719 2403 4790 designatur,
2431 4735 2578 4791 saepe
2602 4718 2771 4773 debet
2805 4700 3118 4775 obvolvere.

84 4784 336 4880 "Asianos.
387 4800 452 4853 In
481 4802 794 4855 cmlcstibus.
842 4801 960 4856 Hoc
988 4808 1093 4869 est,
1134 4820 1236 4874 pro
1266 4784 1602 4873 codlestibus,
1763 4806 1847 4864 14.
1881 4808 2125 4862 Αυουετ.
2170 4784 2331 4880 ξῶτίἰ.
2381 4784 2448 4863 in
2484 4784 2626 4877 psal.
2676 4811 2891 4878 Cxux.)
2916 4808 2983 4863 El
3009 4809 3289 4876 gladium.

83 4866 122 4920 id
144 4881 227 4967 ξεῖν
265 4898 356 4952 pro
398 4903 571 4958 regno
598 4890 867 4945 caelorum
891 4866 1158 4947 adversus
1188 4892 1315 4948 illos
1333 4899 1420 4948 est
1446 4866 1609 4951 nobis
1692 4895 1888 4950 Sermo
1917 4912 2051 4967 ergo
2080 4866 2194 4952 Dei‘
2209 4897 2432 4967 gladius
2460 4866 2547 4951 bis
2575 4902 2808 4966 acutus;
2851 4866 3118 4952 unde'bis
3155 4911 3294 4952 acu-

80 4966 319 5057 ωἱωέαθη-
1690 4989 1780 5039 tus
1801 4984 1937 5039 dicit
1956 4966 2027 5040 de
2063 4966 2486 5057 temporalibus,
2514 4986 2653 5041 dicit
2678 4986 2748 5040 de
2777 4986 3024 5041 aeternis.
3058 4985 3291 5041 Gladius

130 5046 365 5147 δ-Ῑ-ιδξκῐθιι.
398 5066 461 5121 1η
492 5069 806 5123 caelestibus.
853 5069 1115 5124 Caelestia
1161 5077 1326 5127 vocat
1348 5072 1602 5141 virtutes,
1690 5073 1840 5128 enim
1865 5073 1949 5129 bis
1977 5046 2199 5137 acutus:
2227 5074 2297 5128 de
2330 5091 2441 5146 quo
2474 5046 2789 5147 'Apostolus
2837 5075 2992 5142 dicit,
3042 5074 3177 5147 quia
3220 5073 3292 5129 de

81 5144 169 5235 (illa!
190 5143 249 5198 ad
271 5151 522 5220 cmlestia,
553 5154 613 5209 in
635 5155 840 5228 quibus
870 5158 1192 5213 exercendis
1221 5160 1484 5232 spiritum
1515 5179 1609 5216 ne-
1688 5167 1929 5234 utroque
1957 5168 2298 5218 testamento
2326 5143 2668 5219 fcriens-hoc
2700 5164 2891 5235 gladio
2918 5143 3243 5218 mactabant
3273 5181 3289 5230 ;

229 5242 696 5299 contradictionem
722 5244 989 5316 patimur.
1685 5250 1755 5305 de
1783 5232 1987 5321 quibus
2015 5250 2307 5306 dicebatur
2334 5253 2500 5308 Petro
2537 5271 2548 5306 :
2586 5232 2763 5308 Macta
2778 5259 2829 5307 et
2843 5253 3142 5308 manduca.

129 5310 436 5412 ?-_Pﬂlpterea
462 5310 929 5402 accipin—Quasi
958 5335 1204 5391 diceret:
1234 5338 1381 5403 Quia
1409 5344 1604 5394 contra
1761 5310 1844 5396 15.
1917 5338 2125 5395 Lassa.
2212 5342 2541 5411 Mysterium
2602 5342 2910 5409 Evangelii.
2956 5339 3292 5412 Mysterium

82 5410 551 5508 fgll‘imaleshostes
585 5421 834 5490 certatis,
866 5423 1218 5495 spiritualem
1247 5434 1594 5483 armaturam
1617 5446 1661 5508 ο
1684 5428 1991 5499 Evangelii,
2020 5429 2077 5485 id
2103 5434 2208 5496 est,
2257 5410 2406 5502 quod
2468 5429 2839 5500 Evangelium
2880 5410 3166 5502 praedicat,
3208 5429 3292 5487 in-

86 5496 256 5591 διιξιλθιξθ
275 5500 491 5564 debetis.
1622 5496 1661 5508 ν
1685 5496 2072 5574 carnationem
2101 5524 2161 5574 et
2184 5496 2504 5591 passionem
2534 5496 2746 5575 Christi
2791 5525 2850 5575 et
2881 5496 3086 5576 caetera
3111 5496 3295 5576 sacra.

134 5574 428 5651 ill-Aecum.
447 5599 676 5670 (ibidem
687 5600 1124 5674 inpsal.xxxtv).
1156 5602 1400 5675 Accipite
1415 5621 1605 5660 arma.
1685 5612 1873 5662 menta
1898 5607 2018 5662 vult
2050 5574 2380 5677 intelligere.
