  <div class='ocr_page' id='page_1' title='image "/cluster/home/n/w/nwhite01/storage/ocr_20150623/150/umn.31951002477443u/197.png"; bbox 0 0 3878 6346; ppageno 0'>
   <div class='ocr_carea' id='block_1_1' title="bbox 448 264 2064 331">
    <p class='ocr_par' dir='ltr' id='par_1_1' title="bbox 448 267 2064 330">
     <span class='ocr_line' id='line_1_1' title="bbox 448 267 2064 330; baseline 0.001 -5"><span class='ocrx_word' id='word_1_1' title='bbox 448 269 552 330; x_wconf 78' lang='grc'><strong>311</strong></span> <span class='ocrx_word' id='word_1_2' title='bbox 1434 268 1495 324; x_wconf 84' lang='grc' dir='ltr'><strong>Β.</strong></span> <span class='ocrx_word' id='word_1_3' title='bbox 1539 267 1953 327; x_wconf 76' lang='lat' dir='ltr'><strong>LANFRANCI</strong></span> <span class='ocrx_word' id='word_1_4' title='bbox 1991 270 2064 326; x_wconf 65' lang='lat' dir='ltr'><strong>CA</strong></span> 
     </span>
    </p>
   </div>
   <div class='ocr_carea' id='block_1_2' title="bbox 2187 264 3738 331">
    <p class='ocr_par' dir='ltr' id='par_1_2' title="bbox 2187 264 3738 328">
     <span class='ocr_line' id='line_1_2' title="bbox 2187 264 3738 328; baseline -0.001 -2"><span class='ocrx_word' id='word_1_5' title='bbox 2187 269 2350 328; x_wconf 83' lang='lat' dir='ltr'><strong>UAR.</strong></span> <span class='ocrx_word' id='word_1_6' title='bbox 2391 265 2728 324; x_wconf 80' lang='lat' dir='ltr'><strong>ARCHIEP.</strong></span> <span class='ocrx_word' id='word_1_7' title='bbox 3625 264 3738 325; x_wconf 74' lang='grc'><strong>312</strong></span> 
     </span>
    </p>
   </div>
   <div class='ocr_carea' id='block_1_3' title="bbox 447 389 3741 464">
    <p class='ocr_par' dir='ltr' id='par_1_3' title="bbox 447 389 3741 464">
     <span class='ocr_line' id='line_1_3' title="bbox 447 389 3741 464; baseline -0.001 -14"><span class='ocrx_word' id='word_1_8' title='bbox 447 398 661 462; x_wconf 82' lang='lat' dir='ltr'><strong>rantes,</strong></span> <span class='ocrx_word' id='word_1_9' title='bbox 693 392 794 450; x_wconf 80' lang='lat' dir='ltr'><strong>sed</strong></span> <span class='ocrx_word' id='word_1_10' title='bbox 819 408 888 448; x_wconf 89' lang='lat' dir='ltr'><strong>ea</strong></span> <span class='ocrx_word' id='word_1_11' title='bbox 911 403 1034 464; x_wconf 73' lang='lat' dir='ltr'><strong>quae</strong></span> <span class='ocrx_word' id='word_1_12' title='bbox 1063 391 1324 448; x_wconf 89' lang='lat' dir='ltr'><strong>aliorum.</strong></span> <span class='ocrx_word' id='word_1_13' title='bbox 1360 393 1412 450; x_wconf 91' lang='lat'><strong>3.</strong></span> <span class='ocrx_word' id='word_1_14' title='bbox 1450 394 1567 450; x_wconf 81' lang='lat' dir='ltr'><strong>Hoc</strong></span> <span class='ocrx_word' id='word_1_15' title='bbox 1596 395 1746 449; x_wconf 91' lang='lat' dir='ltr'><strong>enim</strong></span> <span class='ocrx_word' id='word_1_16' title='bbox 1778 395 1982 449; x_wconf 86' lang='lat' dir='ltr'><strong>sentite</strong></span> <span class='ocrx_word' id='word_1_17' title='bbox 2011 395 2069 449; x_wconf 91' lang='lat' dir='ltr'><strong>in</strong></span> <span class='ocrx_word' id='word_1_18' title='bbox 2099 392 2252 448; x_wconf 87' lang='lat' dir='ltr'><strong>vobis</strong></span> <span class='ocrx_word' id='word_1_19' title='bbox 2281 391 2428 463; x_wconf 91' lang='lat' dir='ltr'><strong>quod</strong></span> <span class='ocrx_word' id='word_1_20' title='bbox 2460 397 2517 445; x_wconf 91' lang='lat' dir='ltr'><strong>et</strong></span> <span class='ocrx_word' id='word_1_21' title='bbox 2545 391 2603 444; x_wconf 89' lang='lat' dir='ltr'><strong>in</strong></span> <span class='ocrx_word' id='word_1_22' title='bbox 2631 390 2854 445; x_wconf 80' lang='lat' dir='ltr'><strong>Christo</strong></span> <span class='ocrx_word' id='word_1_23' title='bbox 2883 389 3043 448; x_wconf 83' lang='lat' dir='ltr'><strong>Jesu.</strong></span> <span class='ocrx_word' id='word_1_24' title='bbox 3064 390 3170 456; x_wconf 87' lang='lat' dir='ltr'><strong>Qui</strong></span> <span class='ocrx_word' id='word_1_25' title='bbox 3192 406 3320 448; x_wconf 89' lang='lat' dir='ltr'><strong>cum</strong></span> <span class='ocrx_word' id='word_1_26' title='bbox 3340 392 3397 449; x_wconf 76' lang='lat' dir='ltr'><strong>in</strong></span> <span class='ocrx_word' id='word_1_27' title='bbox 3425 393 3610 450; x_wconf 85' lang='lat' dir='ltr'><strong>forma</strong></span> <span class='ocrx_word' id='word_1_28' title='bbox 3630 394 3741 450; x_wconf 87' lang='lat' dir='ltr'><strong>Dei</strong></span> 
     </span>
    </p>
   </div>
   <div class='ocr_carea' id='block_1_4' title="bbox 450 477 3749 555">
    <p class='ocr_par' dir='ltr' id='par_1_4' title="bbox 450 477 3749 555">
     <span class='ocr_line' id='line_1_4' title="bbox 450 477 3749 555; baseline -0.001 -15"><span class='ocrx_word' id='word_1_29' title='bbox 450 490 619 549; x_wconf 81' lang='lat' dir='ltr'><strong>esset,</strong></span> <span class='ocrx_word' id='word_1_30' title='bbox 652 481 707 549; x_wconf 71' lang='lat'><strong>4,</strong></span> <span class='ocrx_word' id='word_1_31' title='bbox 740 487 800 538; x_wconf 80' lang='grc'><strong>5.</strong></span> <span class='ocrx_word' id='word_1_32' title='bbox 829 498 942 536; x_wconf 88' lang='lat' dir='ltr'><strong>non</strong></span> <span class='ocrx_word' id='word_1_33' title='bbox 973 481 1252 552; x_wconf 77' lang='lat' dir='ltr'><strong>rapinam,</strong></span> <span class='ocrx_word' id='word_1_34' title='bbox 1280 487 1340 535; x_wconf 83' lang='lat' dir='ltr'><strong>ut</strong></span> <span class='ocrx_word' id='word_1_35' title='bbox 1361 486 1582 552; x_wconf 84' lang='lat' dir='ltr'><strong>primus</strong></span> <span class='ocrx_word' id='word_1_36' title='bbox 1614 485 1793 539; x_wconf 84' lang='lat' dir='ltr'><strong>homo.</strong></span> <span class='ocrx_word' id='word_1_37' title='bbox 1816 483 2120 537; x_wconf 80' lang='lat' dir='ltr'><strong>arbitratus</strong></span> <span class='ocrx_word' id='word_1_38' title='bbox 2150 488 2238 535; x_wconf 82' lang='lat' dir='ltr'><strong>est</strong></span> <span class='ocrx_word' id='word_1_39' title='bbox 2265 499 2386 534; x_wconf 90' lang='lat' dir='ltr'><strong>esse</strong></span> <span class='ocrx_word' id='word_1_40' title='bbox 2411 497 2470 534; x_wconf 87' lang='lat' dir='ltr'><strong>se</strong></span> <span class='ocrx_word' id='word_1_41' title='bbox 2489 479 2760 551; x_wconf 68' lang='lat' dir='ltr'><strong>aequalem</strong></span> <span class='ocrx_word' id='word_1_42' title='bbox 2792 480 2926 543; x_wconf 89' lang='lat' dir='ltr'><strong>Deo,</strong></span> <span class='ocrx_word' id='word_1_43' title='bbox 2949 480 3002 546; x_wconf 89' lang='lat'><strong>6,</strong></span> <span class='ocrx_word' id='word_1_44' title='bbox 3039 477 3089 536; x_wconf 92' lang='lat'><strong>7.</strong></span> <span class='ocrx_word' id='word_1_45' title='bbox 3122 481 3218 535; x_wconf 91' lang='lat' dir='ltr'><strong>sed</strong></span> <span class='ocrx_word' id='word_1_46' title='bbox 3249 484 3620 555; x_wconf 87' lang='lat' dir='ltr'><strong>semetipsum</strong></span> <span class='ocrx_word' id='word_1_47' title='bbox 3649 501 3749 537; x_wconf 81' lang='lat' dir='ltr'><strong>ex-</strong></span> 
     </span>
    </p>
   </div>
   <div class='ocr_carea' id='block_1_5' title="bbox 451 560 3749 643">
    <p class='ocr_par' dir='ltr' id='par_1_5' title="bbox 451 560 3749 643">
     <span class='ocr_line' id='line_1_5' title="bbox 451 560 3749 643; baseline -0.001 -16"><span class='ocrx_word' id='word_1_48' title='bbox 451 572 709 636; x_wconf 87' lang='lat' dir='ltr'><strong>inanivit,</strong></span> <span class='ocrx_word' id='word_1_49' title='bbox 732 560 1082 625; x_wconf 31' lang='lat' dir='ltr'><strong>&#39;humiliavit.</strong></span> <span class='ocrx_word' id='word_1_50' title='bbox 1112 567 1167 625; x_wconf 89' lang='lat'><strong>8.</strong></span> <span class='ocrx_word' id='word_1_51' title='bbox 1193 570 1433 624; x_wconf 85' lang='lat' dir='ltr'><strong>formam</strong></span> <span class='ocrx_word' id='word_1_52' title='bbox 1458 572 1917 643; x_wconf 88' lang='lat' dir='ltr'><strong>serviaccipiens,</strong></span> <span class='ocrx_word' id='word_1_53' title='bbox 1933 573 1991 626; x_wconf 91' lang='lat' dir='ltr'><strong>in</strong></span> <span class='ocrx_word' id='word_1_54' title='bbox 2009 571 2431 626; x_wconf 84' lang='lat' dir='ltr'><strong>similitudinem</strong></span> <span class='ocrx_word' id='word_1_55' title='bbox 2455 569 2767 634; x_wconf 87' lang='lat' dir='ltr'><strong>hominum,</strong></span> <span class='ocrx_word' id='word_1_56' title='bbox 2791 573 2980 623; x_wconf 89' lang='lat' dir='ltr'><strong>carnis</strong></span> <span class='ocrx_word' id='word_1_57' title='bbox 3007 573 3348 639; x_wconf 82' lang='lat' dir='ltr'><strong>peccatricis.</strong></span> <span class='ocrx_word' id='word_1_58' title='bbox 3375 572 3577 638; x_wconf 80' lang='lat' dir='ltr'><strong>factus,</strong></span> <span class='ocrx_word' id='word_1_59' title='bbox 3600 573 3655 629; x_wconf 91' lang='lat'><strong>9.</strong></span> <span class='ocrx_word' id='word_1_60' title='bbox 3679 579 3749 626; x_wconf 87' lang='lat' dir='ltr'><strong>et</strong></span> 
     </span>
    </p>
   </div>
   <div class='ocr_carea' id='block_1_6' title="bbox 451 655 3749 730">
    <p class='ocr_par' dir='ltr' id='par_1_6' title="bbox 451 655 3749 730">
     <span class='ocr_line' id='line_1_6' title="bbox 451 655 3749 730; baseline -0.001 -14"><span class='ocrx_word' id='word_1_61' title='bbox 451 661 655 716; x_wconf 86' lang='lat' dir='ltr'><strong>habitu</strong></span> <span class='ocrx_word' id='word_1_62' title='bbox 680 660 940 714; x_wconf 83' lang='lat' dir='ltr'><strong>inventus</strong></span> <span class='ocrx_word' id='word_1_63' title='bbox 967 663 1032 712; x_wconf 90' lang='lat' dir='ltr'><strong>ut</strong></span> <span class='ocrx_word' id='word_1_64' title='bbox 1055 658 1244 724; x_wconf 89' lang='lat' dir='ltr'><strong>homo,</strong></span> <span class='ocrx_word' id='word_1_65' title='bbox 1278 662 1456 713; x_wconf 88' lang='lat' dir='ltr'><strong>sitivit</strong></span> <span class='ocrx_word' id='word_1_66' title='bbox 1483 663 1739 721; x_wconf 82' lang='lat' dir='ltr'><strong>esurivit,</strong></span> <span class='ocrx_word' id='word_1_67' title='bbox 1770 667 1876 714; x_wconf 85' lang='lat' dir='ltr'><strong>etc.</strong></span> <span class='ocrx_word' id='word_1_68' title='bbox 1907 660 2236 714; x_wconf 85' lang='lat' dir='ltr'><strong>Humiliavit</strong></span> <span class='ocrx_word' id='word_1_69' title='bbox 2263 658 2630 728; x_wconf 79' lang='lat' dir='ltr'><strong>semetipsum</strong></span> <span class='ocrx_word' id='word_1_70' title='bbox 2673 656 2853 711; x_wconf 83' lang='lat' dir='ltr'><strong>factus</strong></span> <span class='ocrx_word' id='word_1_71' title='bbox 2893 655 3157 712; x_wconf 89' lang='lat' dir='ltr'><strong>obediens</strong></span> <span class='ocrx_word' id='word_1_72' title='bbox 3183 675 3360 730; x_wconf 91' lang='lat' dir='ltr'><strong>usque</strong></span> <span class='ocrx_word' id='word_1_73' title='bbox 3389 659 3461 714; x_wconf 88' lang='lat' dir='ltr'><strong>ad</strong></span> <span class='ocrx_word' id='word_1_74' title='bbox 3492 665 3749 714; x_wconf 89' lang='lat' dir='ltr'><strong>mortem</strong></span> 
     </span>
    </p>
   </div>
   <div class='ocr_carea' id='block_1_7' title="bbox 457 745 3750 820">
    <p class='ocr_par' dir='ltr' id='par_1_7' title="bbox 457 745 3750 820">
     <span class='ocr_line' id='line_1_7' title="bbox 457 745 3750 820; baseline -0.001 -14"><span class='ocrx_word' id='word_1_75' title='bbox 457 753 862 819; x_wconf 67' lang='lat' dir='ltr'><strong>turpissimam,</strong></span> <span class='ocrx_word' id='word_1_76' title='bbox 896 752 1134 801; x_wconf 86' lang='lat' dir='ltr'><strong>mortem</strong></span> <span class='ocrx_word' id='word_1_77' title='bbox 1165 752 1356 801; x_wconf 91' lang='lat' dir='ltr'><strong>autem</strong></span> <span class='ocrx_word' id='word_1_78' title='bbox 1381 749 1580 803; x_wconf 90' lang='lat' dir='ltr'><strong>crucis.</strong></span> <span class='ocrx_word' id='word_1_79' title='bbox 1617 745 1704 804; x_wconf 71' lang='grc'><strong>10.</strong></span> <span class='ocrx_word' id='word_1_80' title='bbox 1741 749 1977 820; x_wconf 83' lang='lat' dir='ltr'><strong>PrOpter</strong></span> <span class='ocrx_word' id='word_1_81' title='bbox 2005 748 2175 820; x_wconf 91' lang='lat' dir='ltr'><strong>quod,</strong></span> <span class='ocrx_word' id='word_1_82' title='bbox 2207 750 2341 816; x_wconf 88' lang='lat' dir='ltr'><strong>quia</strong></span> <span class='ocrx_word' id='word_1_83' title='bbox 2370 747 2697 801; x_wconf 77' lang='lat' dir='ltr'><strong>humiliavit</strong></span> <span class='ocrx_word' id='word_1_84' title='bbox 2721 762 2793 811; x_wconf 88' lang='lat' dir='ltr'><strong>se,</strong></span> <span class='ocrx_word' id='word_1_85' title='bbox 2813 752 2870 799; x_wconf 90' lang='lat' dir='ltr'><strong>et</strong></span> <span class='ocrx_word' id='word_1_86' title='bbox 2885 746 3033 801; x_wconf 86' lang='lat' dir='ltr'><strong>Deus</strong></span> <span class='ocrx_word' id='word_1_87' title='bbox 3064 746 3327 802; x_wconf 88' lang='lat' dir='ltr'><strong>exaltavit</strong></span> <span class='ocrx_word' id='word_1_88' title='bbox 3353 747 3534 813; x_wconf 89' lang='lat' dir='ltr'><strong>illum,</strong></span> <span class='ocrx_word' id='word_1_89' title='bbox 3566 747 3656 805; x_wconf 80' lang='grc'><strong>11.</strong></span> <span class='ocrx_word' id='word_1_90' title='bbox 3681 754 3750 803; x_wconf 88' lang='lat' dir='ltr'><strong>et</strong></span> 
     </span>
    </p>
   </div>
   <div class='ocr_carea' id='block_1_8' title="bbox 455 834 3744 907">
    <p class='ocr_par' dir='ltr' id='par_1_8' title="bbox 455 834 3744 907">
     <span class='ocr_line' id='line_1_8' title="bbox 455 834 3744 907; baseline -0.001 -14"><span class='ocrx_word' id='word_1_91' title='bbox 455 839 686 894; x_wconf 88' lang='lat' dir='ltr'><strong>donavit</strong></span> <span class='ocrx_word' id='word_1_92' title='bbox 722 836 802 891; x_wconf 87' lang='lat' dir='ltr'><strong>illi</strong></span> <span class='ocrx_word' id='word_1_93' title='bbox 832 851 1058 901; x_wconf 88' lang='lat' dir='ltr'><strong>nomen,</strong></span> <span class='ocrx_word' id='word_1_94' title='bbox 1089 835 1238 905; x_wconf 89' lang='lat' dir='ltr'><strong>quod</strong></span> <span class='ocrx_word' id='word_1_95' title='bbox 1262 842 1348 890; x_wconf 82' lang='lat' dir='ltr'><strong>est</strong></span> <span class='ocrx_word' id='word_1_96' title='bbox 1375 853 1546 907; x_wconf 83' lang='lat' dir='ltr'><strong>super</strong></span> <span class='ocrx_word' id='word_1_97' title='bbox 1568 852 1733 890; x_wconf 90' lang='lat' dir='ltr'><strong>omne</strong></span> <span class='ocrx_word' id='word_1_98' title='bbox 1764 843 2070 901; x_wconf 90' lang='lat' dir='ltr'><strong>nomen,ut</strong></span> <span class='ocrx_word' id='word_1_99' title='bbox 2085 836 2142 890; x_wconf 92' lang='lat' dir='ltr'><strong>in</strong></span> <span class='ocrx_word' id='word_1_100' title='bbox 2157 834 2384 889; x_wconf 89' lang='lat' dir='ltr'><strong>nomine</strong></span> <span class='ocrx_word' id='word_1_101' title='bbox 2403 835 2566 889; x_wconf 86' lang='lat' dir='ltr'><strong>Jesus</strong></span> <span class='ocrx_word' id='word_1_102' title='bbox 2591 850 2778 900; x_wconf 87' lang='lat' dir='ltr'><strong>omne,</strong></span> <span class='ocrx_word' id='word_1_103' title='bbox 2811 851 2878 887; x_wconf 75' lang='lat' dir='ltr'><strong>ea:</strong></span> <span class='ocrx_word' id='word_1_104' title='bbox 2903 838 3059 888; x_wconf 89' lang='lat' dir='ltr'><strong>omni</strong></span> <span class='ocrx_word' id='word_1_105' title='bbox 3075 851 3268 903; x_wconf 81' lang='lat' dir='ltr'><strong>genere</strong></span> <span class='ocrx_word' id='word_1_106' title='bbox 3281 853 3430 906; x_wconf 87' lang='lat' dir='ltr'><strong>genu</strong></span> <span class='ocrx_word' id='word_1_107' title='bbox 3450 838 3744 903; x_wconf 85' lang='lat' dir='ltr'><strong>ﬂectatur,</strong></span> 
     </span>
    </p>
   </div>
   <div class='ocr_carea' id='block_1_9' title="bbox 454 922 3752 997">
    <p class='ocr_par' dir='ltr' id='par_1_9' title="bbox 454 922 3752 997">
     <span class='ocr_line' id='line_1_9' title="bbox 454 922 3752 997; baseline -0 -15"><span class='ocrx_word' id='word_1_108' title='bbox 454 931 538 982; x_wconf 77' lang='lat' dir='ltr'><strong>vel</strong></span> <span class='ocrx_word' id='word_1_109' title='bbox 572 930 648 992; x_wconf 77' lang='lat' dir='ltr'><strong>vi,</strong></span> <span class='ocrx_word' id='word_1_110' title='bbox 669 922 1915 991; x_wconf 74' lang='lat' dir='ltr'><strong>velvoluntale,12.coelestium,ten&#39;estrium,</strong></span> <span class='ocrx_word' id='word_1_111' title='bbox 1935 932 1993 980; x_wconf 88' lang='lat' dir='ltr'><strong>et</strong></span> <span class='ocrx_word' id='word_1_112' title='bbox 2011 925 2380 987; x_wconf 85' lang='lat' dir='ltr'><strong>infernorum,</strong></span> <span class='ocrx_word' id='word_1_113' title='bbox 2409 929 2467 977; x_wconf 91' lang='lat' dir='ltr'><strong>et</strong></span> <span class='ocrx_word' id='word_1_114' title='bbox 2491 927 2574 977; x_wconf 89' lang='lat' dir='ltr'><strong>ita</strong></span> <span class='ocrx_word' id='word_1_115' title='bbox 2594 929 2656 978; x_wconf 91' lang='lat' dir='ltr'><strong>ut</strong></span> <span class='ocrx_word' id='word_1_116' title='bbox 2681 923 2863 977; x_wconf 91' lang='lat' dir='ltr'><strong>omnis</strong></span> <span class='ocrx_word' id='word_1_117' title='bbox 2885 923 3079 994; x_wconf 86' lang='lat' dir='ltr'><strong>lingua</strong></span> <span class='ocrx_word' id='word_1_118' title='bbox 3102 925 3438 980; x_wconf 88' lang='lat' dir='ltr'><strong>conﬁteatur</strong></span> <span class='ocrx_word' id='word_1_119' title='bbox 3469 925 3606 997; x_wconf 86' lang='lat' dir='ltr'><strong>quia</strong></span> <span class='ocrx_word' id='word_1_120' title='bbox 3633 926 3752 981; x_wconf 87' lang='lat' dir='ltr'><strong>Do-</strong></span> 
     </span>
    </p>
   </div>
   <div class='ocr_carea' id='block_1_10' title="bbox 458 1014 3743 1086">
    <p class='ocr_par' dir='ltr' id='par_1_10' title="bbox 458 1014 3743 1086">
     <span class='ocr_line' id='line_1_10' title="bbox 458 1014 3743 1086; baseline 0 -17"><span class='ocrx_word' id='word_1_121' title='bbox 458 1015 646 1069; x_wconf 89' lang='lat' dir='ltr'><strong>minus</strong></span> <span class='ocrx_word' id='word_1_122' title='bbox 673 1016 834 1068; x_wconf 84' lang='lat' dir='ltr'><strong>Jesus</strong></span> <span class='ocrx_word' id='word_1_123' title='bbox 857 1014 1112 1068; x_wconf 86' lang='lat' dir='ltr'><strong>Christus</strong></span> <span class='ocrx_word' id='word_1_124' title='bbox 1130 1016 1189 1069; x_wconf 91' lang='lat' dir='ltr'><strong>in</strong></span> <span class='ocrx_word' id='word_1_125' title='bbox 1209 1015 1392 1086; x_wconf 81' lang='lat' dir='ltr'><strong>gloria</strong></span> <span class='ocrx_word' id='word_1_126' title='bbox 1411 1019 1498 1067; x_wconf 92' lang='lat' dir='ltr'><strong>est</strong></span> <span class='ocrx_word' id='word_1_127' title='bbox 1523 1014 1624 1067; x_wconf 89' lang='lat' dir='ltr'><strong>Dei</strong></span> <span class='ocrx_word' id='word_1_128' title='bbox 1655 1014 1856 1068; x_wconf 88' lang='lat' dir='ltr'><strong>Patris.</strong></span> <span class='ocrx_word' id='word_1_129' title='bbox 1876 1015 2073 1085; x_wconf 86' lang='lat' dir='ltr'><strong>Itaque</strong></span> <span class='ocrx_word' id='word_1_130' title='bbox 2093 1017 2232 1067; x_wconf 85' lang='lat' dir='ltr'><strong>sicut</strong></span> <span class='ocrx_word' id='word_1_131' title='bbox 2257 1014 2527 1078; x_wconf 74' lang='lat' dir='ltr'><strong>Christus,</strong></span> <span class='ocrx_word' id='word_1_132' title='bbox 2553 1016 2656 1081; x_wconf 89' lang='lat' dir='ltr'><strong>qui</strong></span> <span class='ocrx_word' id='word_1_133' title='bbox 2683 1016 2745 1066; x_wconf 88' lang='lat' dir='ltr'><strong>in</strong></span> <span class='ocrx_word' id='word_1_134' title='bbox 2768 1015 3024 1067; x_wconf 84' lang='lat' dir='ltr'><strong>omnibus</strong></span> <span class='ocrx_word' id='word_1_135' title='bbox 3048 1029 3101 1068; x_wconf 85' lang='lat' dir='ltr'><strong>se</strong></span> <span class='ocrx_word' id='word_1_136' title='bbox 3132 1015 3480 1079; x_wconf 82' lang='lat' dir='ltr'><strong>humiliavit,</strong></span> <span class='ocrx_word' id='word_1_137' title='bbox 3509 1015 3743 1069; x_wconf 83' lang='lat' dir='ltr'><strong>charis-</strong></span> 
     </span>
    </p>
   </div>
   <div class='ocr_carea' id='block_1_11' title="bbox 458 1099 3753 1173">
    <p class='ocr_par' dir='ltr' id='par_1_11' title="bbox 458 1099 3753 1173">
     <span class='ocr_line' id='line_1_11' title="bbox 458 1099 3753 1173; baseline 0 -16"><span class='ocrx_word' id='word_1_138' title='bbox 458 1103 586 1157; x_wconf 85' lang='lat' dir='ltr'><strong>simi</strong></span> <span class='ocrx_word' id='word_1_139' title='bbox 614 1102 746 1167; x_wconf 89' lang='lat' dir='ltr'><strong>mei,</strong></span> <span class='ocrx_word' id='word_1_140' title='bbox 787 1101 898 1172; x_wconf 86' lang='grc'><strong>[13.</strong></span> <span class='ocrx_word' id='word_1_141' title='bbox 923 1101 1070 1155; x_wconf 89' lang='lat' dir='ltr'><strong>sicut</strong></span> <span class='ocrx_word' id='word_1_142' title='bbox 1097 1119 1319 1173; x_wconf 89' lang='lat' dir='ltr'><strong>semper</strong></span> <span class='ocrx_word' id='word_1_143' title='bbox 1347 1099 1644 1172; x_wconf 89' lang='lat' dir='ltr'><strong>obedistis]</strong></span> <span class='ocrx_word' id='word_1_144' title='bbox 1678 1118 1789 1155; x_wconf 89' lang='lat' dir='ltr'><strong>non</strong></span> <span class='ocrx_word' id='word_1_145' title='bbox 1818 1109 1882 1156; x_wconf 91' lang='lat' dir='ltr'><strong>ut</strong></span> <span class='ocrx_word' id='word_1_146' title='bbox 1908 1102 1967 1156; x_wconf 90' lang='lat' dir='ltr'><strong>in</strong></span> <span class='ocrx_word' id='word_1_147' title='bbox 1999 1101 2298 1172; x_wconf 64' lang='lat' dir='ltr'><strong>praesentia</strong></span> <span class='ocrx_word' id='word_1_148' title='bbox 2325 1101 2435 1154; x_wconf 89' lang='lat' dir='ltr'><strong>mei</strong></span> <span class='ocrx_word' id='word_1_149' title='bbox 2461 1106 2681 1154; x_wconf 81' lang='lat' dir='ltr'><strong>tantum</strong></span> <span class='ocrx_word' id='word_1_150' title='bbox 2705 1102 2798 1154; x_wconf 85' lang='lat' dir='ltr'><strong>sed</strong></span> <span class='ocrx_word' id='word_1_151' title='bbox 2823 1103 3000 1156; x_wconf 88' lang='lat' dir='ltr'><strong>multo</strong></span> <span class='ocrx_word' id='word_1_152' title='bbox 3017 1102 3199 1172; x_wconf 88' lang='lat' dir='ltr'><strong>magis</strong></span> <span class='ocrx_word' id='word_1_153' title='bbox 3227 1119 3378 1158; x_wconf 89' lang='lat' dir='ltr'><strong>nunc</strong></span> <span class='ocrx_word' id='word_1_154' title='bbox 3401 1103 3460 1158; x_wconf 91' lang='lat' dir='ltr'><strong>in</strong></span> <span class='ocrx_word' id='word_1_155' title='bbox 3481 1103 3753 1158; x_wconf 84' lang='lat' dir='ltr'><strong>absentia</strong></span> 
     </span>
    </p>
   </div>
   <div class='ocr_carea' id='block_1_12' title="bbox 458 1177 3753 1264">
    <p class='ocr_par' dir='ltr' id='par_1_12' title="bbox 458 1177 3753 1264">
     <span class='ocr_line' id='line_1_12' title="bbox 458 1177 3753 1264; baseline 0.001 -20"><span class='ocrx_word' id='word_1_156' title='bbox 458 1205 605 1254; x_wconf 89' lang='lat' dir='ltr'><strong>mea,</strong></span> <span class='ocrx_word' id='word_1_157' title='bbox 625 1187 708 1255; x_wconf 79' lang='grc'><strong>14,</strong></span> <span class='ocrx_word' id='word_1_158' title='bbox 740 1205 864 1243; x_wconf 92' lang='lat' dir='ltr'><strong>cum</strong></span> <span class='ocrx_word' id='word_1_159' title='bbox 897 1196 1068 1252; x_wconf 89' lang='lat' dir='ltr'><strong>metu,</strong></span> <span class='ocrx_word' id='word_1_160' title='bbox 1105 1197 1162 1244; x_wconf 90' lang='lat' dir='ltr'><strong>et</strong></span> <span class='ocrx_word' id='word_1_161' title='bbox 1186 1197 1434 1244; x_wconf 87' lang='lat' dir='ltr'><strong>tremore</strong></span> <span class='ocrx_word' id='word_1_162' title='bbox 1463 1206 1551 1244; x_wconf 75' lang='lat' dir='ltr'><strong>vos</strong></span> <span class='ocrx_word' id='word_1_163' title='bbox 1580 1193 1722 1258; x_wconf 91' lang='lat' dir='ltr'><strong>ipsos</strong></span> <span class='ocrx_word' id='word_1_164' title='bbox 1751 1191 2125 1254; x_wconf 85' lang='lat' dir='ltr'><strong>humiliando,</strong></span> <span class='ocrx_word' id='word_1_165' title='bbox 2149 1196 2196 1244; x_wconf 87' lang='lat' dir='ltr'><strong>et</strong></span> <span class='ocrx_word' id='word_1_166' title='bbox 2213 1207 2331 1259; x_wconf 72' lang='lat' dir='ltr'><strong>qua:</strong></span> <span class='ocrx_word' id='word_1_167' title='bbox 2343 1193 2591 1243; x_wconf 87' lang='lat' dir='ltr'><strong>aliorum</strong></span> <span class='ocrx_word' id='word_1_168' title='bbox 2606 1195 2736 1243; x_wconf 86' lang='lat' dir='ltr'><strong>sunt</strong></span> <span class='ocrx_word' id='word_1_169' title='bbox 2759 1192 3067 1259; x_wconf 53' lang='lat' dir='ltr'><strong>querendo,</strong></span> <span class='ocrx_word' id='word_1_170' title='bbox 3087 1196 3328 1246; x_wconf 81' lang='lat' dir='ltr'><strong>vestram</strong></span> <span class='ocrx_word' id='word_1_171' title='bbox 3347 1192 3584 1246; x_wconf 87' lang='lat' dir='ltr'><strong>salutem</strong></span> <span class='ocrx_word' id='word_1_172' title='bbox 3603 1177 3753 1264; x_wconf 80' lang='lat' dir='ltr'><strong>ope-</strong></span> 
     </span>
    </p>
   </div>
   <div class='ocr_carea' id='block_1_13' title="bbox 456 1265 3753 1351">
    <p class='ocr_par' dir='ltr' id='par_1_13' title="bbox 456 1265 3753 1351">
     <span class='ocr_line' id='line_1_13' title="bbox 456 1265 3753 1351; baseline 0.001 -19"><span class='ocrx_word' id='word_1_173' title='bbox 456 1278 682 1333; x_wconf 88' lang='lat' dir='ltr'><strong>ramini.</strong></span> <span class='ocrx_word' id='word_1_174' title='bbox 721 1277 801 1334; x_wconf 88' lang='grc'><strong>15.</strong></span> <span class='ocrx_word' id='word_1_175' title='bbox 833 1278 981 1332; x_wconf 90' lang='lat' dir='ltr'><strong>Deus</strong></span> <span class='ocrx_word' id='word_1_176' title='bbox 1001 1285 1085 1333; x_wconf 90' lang='lat' dir='ltr'><strong>est</strong></span> <span class='ocrx_word' id='word_1_177' title='bbox 1100 1280 1274 1346; x_wconf 89' lang='lat' dir='ltr'><strong>enim,</strong></span> <span class='ocrx_word' id='word_1_178' title='bbox 1293 1279 1389 1349; x_wconf 90' lang='lat' dir='ltr'><strong>qui</strong></span> <span class='ocrx_word' id='word_1_179' title='bbox 1413 1283 1682 1348; x_wconf 81' lang='lat' dir='ltr'><strong>operatur</strong></span> <span class='ocrx_word' id='word_1_180' title='bbox 1711 1279 1769 1332; x_wconf 92' lang='lat' dir='ltr'><strong>in</strong></span> <span class='ocrx_word' id='word_1_181' title='bbox 1797 1277 1951 1332; x_wconf 90' lang='lat' dir='ltr'><strong>vobis</strong></span> <span class='ocrx_word' id='word_1_182' title='bbox 1966 1285 2024 1332; x_wconf 91' lang='lat' dir='ltr'><strong>et</strong></span> <span class='ocrx_word' id='word_1_183' title='bbox 2042 1265 2273 1344; x_wconf 71' lang='lat' dir='ltr'><strong>velle,et</strong></span> <span class='ocrx_word' id='word_1_184' title='bbox 2295 1279 2583 1349; x_wconf 89' lang='lat' dir='ltr'><strong>perﬁcere,</strong></span> <span class='ocrx_word' id='word_1_185' title='bbox 2617 1295 2718 1351; x_wconf 87' lang='lat' dir='ltr'><strong>pro</strong></span> <span class='ocrx_word' id='word_1_186' title='bbox 2747 1278 2894 1332; x_wconf 87' lang='lat' dir='ltr'><strong>bona</strong></span> <span class='ocrx_word' id='word_1_187' title='bbox 2922 1296 3026 1333; x_wconf 87' lang='lat' dir='ltr'><strong>sua</strong></span> <span class='ocrx_word' id='word_1_188' title='bbox 3053 1279 3359 1345; x_wconf 82' lang='lat' dir='ltr'><strong>voluntate,</strong></span> <span class='ocrx_word' id='word_1_189' title='bbox 3401 1297 3514 1334; x_wconf 88' lang='lat' dir='ltr'><strong>non</strong></span> <span class='ocrx_word' id='word_1_190' title='bbox 3560 1285 3753 1335; x_wconf 82' lang='lat' dir='ltr'><strong>meri-</strong></span> 
     </span>
    </p>
   </div>
   <div class='ocr_carea' id='block_1_14' title="bbox 460 1364 3753 1438">
    <p class='ocr_par' dir='ltr' id='par_1_14' title="bbox 460 1364 3753 1438">
     <span class='ocr_line' id='line_1_14' title="bbox 460 1364 3753 1438; baseline 0.002 -19"><span class='ocrx_word' id='word_1_191' title='bbox 460 1369 530 1420; x_wconf 90' lang='lat' dir='ltr'><strong>tis</strong></span> <span class='ocrx_word' id='word_1_192' title='bbox 550 1365 761 1419; x_wconf 71' lang='lat' dir='ltr'><strong>castris.</strong></span> <span class='ocrx_word' id='word_1_193' title='bbox 797 1364 1003 1420; x_wconf 88' lang='lat' dir='ltr'><strong>Omnia</strong></span> <span class='ocrx_word' id='word_1_194' title='bbox 1030 1374 1221 1420; x_wconf 90' lang='lat' dir='ltr'><strong>autem</strong></span> <span class='ocrx_word' id='word_1_195' title='bbox 1247 1366 1413 1420; x_wconf 86' lang='lat' dir='ltr'><strong>facite</strong></span> <span class='ocrx_word' id='word_1_196' title='bbox 1443 1365 1562 1419; x_wconf 90' lang='lat' dir='ltr'><strong>sine</strong></span> <span class='ocrx_word' id='word_1_197' title='bbox 1604 1365 2165 1432; x_wconf 88' lang='lat' dir='ltr'><strong>murmurationibus,</strong></span> <span class='ocrx_word' id='word_1_198' title='bbox 2213 1384 2325 1420; x_wconf 88' lang='lat' dir='ltr'><strong>non</strong></span> <span class='ocrx_word' id='word_1_199' title='bbox 2370 1371 2801 1433; x_wconf 76' lang='lat' dir='ltr'><strong>recalcitrantes,</strong></span> <span class='ocrx_word' id='word_1_200' title='bbox 2845 1373 2901 1422; x_wconf 90' lang='lat' dir='ltr'><strong>et</strong></span> <span class='ocrx_word' id='word_1_201' title='bbox 2942 1368 3388 1424; x_wconf 74' lang='lat' dir='ltr'><strong>hzesitationibus</strong></span> <span class='ocrx_word' id='word_1_202' title='bbox 3429 1373 3491 1423; x_wconf 87' lang='lat' dir='ltr'><strong>in</strong></span> <span class='ocrx_word' id='word_1_203' title='bbox 3534 1371 3646 1438; x_wconf 85' lang='lat' dir='ltr'><strong>ﬁde</strong></span> <span class='ocrx_word' id='word_1_204' title='bbox 3680 1378 3753 1424; x_wconf 86' lang='lat' dir='ltr'><strong>ut</strong></span> 
     </span>
    </p>
   </div>
   <div class='ocr_carea' id='block_1_15' title="bbox 457 1453 3754 1526">
    <p class='ocr_par' dir='ltr' id='par_1_15' title="bbox 457 1453 3754 1526">
     <span class='ocr_line' id='line_1_15' title="bbox 457 1453 3754 1526; baseline 0.002 -18"><span class='ocrx_word' id='word_1_205' title='bbox 457 1453 581 1509; x_wconf 86' lang='lat' dir='ltr'><strong>sitis</strong></span> <span class='ocrx_word' id='word_1_206' title='bbox 604 1453 727 1508; x_wconf 89' lang='lat' dir='ltr'><strong>sine</strong></span> <span class='ocrx_word' id='word_1_207' title='bbox 756 1454 986 1525; x_wconf 87' lang='lat' dir='ltr'><strong>querela</strong></span> <span class='ocrx_word' id='word_1_208' title='bbox 1033 1459 1096 1508; x_wconf 86' lang='lat' dir='ltr'><strong>ut</strong></span> <span class='ocrx_word' id='word_1_209' title='bbox 1142 1471 1254 1508; x_wconf 90' lang='lat' dir='ltr'><strong>non</strong></span> <span class='ocrx_word' id='word_1_210' title='bbox 1282 1457 1451 1523; x_wconf 85' lang='lat' dir='ltr'><strong>possit</strong></span> <span class='ocrx_word' id='word_1_211' title='bbox 1500 1456 1564 1507; x_wconf 87' lang='lat' dir='ltr'><strong>de</strong></span> <span class='ocrx_word' id='word_1_212' title='bbox 1608 1456 1754 1508; x_wconf 79' lang='lat' dir='ltr'><strong>vobis</strong></span> <span class='ocrx_word' id='word_1_213' title='bbox 1780 1459 2063 1523; x_wconf 77' lang='lat' dir='ltr'><strong>conqueri,</strong></span> <span class='ocrx_word' id='word_1_214' title='bbox 2105 1461 2162 1509; x_wconf 92' lang='lat' dir='ltr'><strong>et</strong></span> <span class='ocrx_word' id='word_1_215' title='bbox 2211 1455 2510 1526; x_wconf 85' lang='lat' dir='ltr'><strong>simplices,</strong></span> <span class='ocrx_word' id='word_1_216' title='bbox 2543 1472 2656 1510; x_wconf 90' lang='lat' dir='ltr'><strong>non</strong></span> <span class='ocrx_word' id='word_1_217' title='bbox 2685 1457 2972 1524; x_wconf 79' lang='lat' dir='ltr'><strong>hypocrisi</strong></span> <span class='ocrx_word' id='word_1_218' title='bbox 3004 1462 3178 1522; x_wconf 51' lang='grc' dir='ltr'><strong>,ὃν</strong></span> <span class='ocrx_word' id='word_1_219' title='bbox 3211 1458 3313 1511; x_wconf 92' lang='lat' dir='ltr'><strong>ﬁlii</strong></span> <span class='ocrx_word' id='word_1_220' title='bbox 3344 1458 3465 1523; x_wconf 89' lang='lat' dir='ltr'><strong>Dei,</strong></span> <span class='ocrx_word' id='word_1_221' title='bbox 3498 1457 3621 1512; x_wconf 89' lang='lat' dir='ltr'><strong>sine</strong></span> <span class='ocrx_word' id='word_1_222' title='bbox 3652 1475 3754 1513; x_wconf 85' lang='lat' dir='ltr'><strong>re-</strong></span> 
     </span>
    </p>
   </div>
   <div class='ocr_carea' id='block_1_16' title="bbox 459 1541 3751 1615">
    <p class='ocr_par' dir='ltr' id='par_1_16' title="bbox 459 1541 3751 1615">
     <span class='ocr_line' id='line_1_16' title="bbox 459 1541 3751 1615; baseline 0.002 -19"><span class='ocrx_word' id='word_1_223' title='bbox 459 1541 833 1612; x_wconf 83' lang='lat' dir='ltr'><strong>prehensione</strong></span> <span class='ocrx_word' id='word_1_224' title='bbox 853 1542 910 1596; x_wconf 90' lang='lat' dir='ltr'><strong>in</strong></span> <span class='ocrx_word' id='word_1_225' title='bbox 939 1543 1125 1597; x_wconf 92' lang='lat' dir='ltr'><strong>medio</strong></span> <span class='ocrx_word' id='word_1_226' title='bbox 1154 1543 1398 1597; x_wconf 87' lang='lat' dir='ltr'><strong>nationis</strong></span> <span class='ocrx_word' id='word_1_227' title='bbox 1428 1558 1610 1613; x_wconf 82' lang='lat' dir='ltr'><strong>pravae</strong></span> <span class='ocrx_word' id='word_1_228' title='bbox 1640 1548 1699 1596; x_wconf 90' lang='lat' dir='ltr'><strong>et</strong></span> <span class='ocrx_word' id='word_1_229' title='bbox 1725 1559 2028 1614; x_wconf 76' lang='lat' dir='ltr'><strong>perversae;</strong></span> <span class='ocrx_word' id='word_1_230' title='bbox 2063 1545 2212 1599; x_wconf 87' lang='lat' dir='ltr'><strong>inter</strong></span> <span class='ocrx_word' id='word_1_231' title='bbox 2242 1562 2381 1615; x_wconf 89' lang='lat' dir='ltr'><strong>quos</strong></span> <span class='ocrx_word' id='word_1_232' title='bbox 2409 1545 2606 1598; x_wconf 91' lang='lat' dir='ltr'><strong>lucetis</strong></span> <span class='ocrx_word' id='word_1_233' title='bbox 2637 1546 2782 1599; x_wconf 92' lang='lat' dir='ltr'><strong>sicut</strong></span> <span class='ocrx_word' id='word_1_234' title='bbox 2824 1546 3126 1600; x_wconf 88' lang='lat' dir='ltr'><strong>luminaria</strong></span> <span class='ocrx_word' id='word_1_235' title='bbox 3153 1546 3212 1600; x_wconf 92' lang='lat' dir='ltr'><strong>in</strong></span> <span class='ocrx_word' id='word_1_236' title='bbox 3239 1547 3470 1612; x_wconf 84' lang='lat' dir='ltr'><strong>mundo,</strong></span> <span class='ocrx_word' id='word_1_237' title='bbox 3502 1546 3751 1604; x_wconf 85' lang='lat' dir='ltr'><strong>verbum</strong></span> 
     </span>
    </p>
   </div>
   <div class='ocr_carea' id='block_1_17' title="bbox 461 1629 3757 1704">
    <p class='ocr_par' dir='ltr' id='par_1_17' title="bbox 461 1629 3757 1704">
     <span class='ocr_line' id='line_1_17' title="bbox 461 1629 3757 1704; baseline 0.002 -21"><span class='ocrx_word' id='word_1_238' title='bbox 461 1629 588 1684; x_wconf 69' lang='lat' dir='ltr'><strong>vitae</strong></span> <span class='ocrx_word' id='word_1_239' title='bbox 617 1647 707 1685; x_wconf 76' lang='lat' dir='ltr'><strong>vos</strong></span> <span class='ocrx_word' id='word_1_240' title='bbox 734 1630 1086 1686; x_wconf 89' lang='lat' dir='ltr'><strong>continentes</strong></span> <span class='ocrx_word' id='word_1_241' title='bbox 1125 1631 1196 1685; x_wconf 90' lang='lat' dir='ltr'><strong>ad</strong></span> <span class='ocrx_word' id='word_1_242' title='bbox 1233 1631 1475 1702; x_wconf 85' lang='lat' dir='ltr'><strong>gloriam</strong></span> <span class='ocrx_word' id='word_1_243' title='bbox 1504 1647 1709 1696; x_wconf 88' lang='lat' dir='ltr'><strong>meam,</strong></span> <span class='ocrx_word' id='word_1_244' title='bbox 1755 1633 1902 1685; x_wconf 85' lang='lat' dir='ltr'><strong>unde</strong></span> <span class='ocrx_word' id='word_1_245' title='bbox 1945 1634 2246 1698; x_wconf 80' lang='lat' dir='ltr'><strong>gloriabor,</strong></span> <span class='ocrx_word' id='word_1_246' title='bbox 2282 1633 2340 1686; x_wconf 93' lang='lat' dir='ltr'><strong>in</strong></span> <span class='ocrx_word' id='word_1_247' title='bbox 2369 1633 2460 1687; x_wconf 91' lang='lat' dir='ltr'><strong>die</strong></span> <span class='ocrx_word' id='word_1_248' title='bbox 2491 1633 2718 1698; x_wconf 88' lang='lat' dir='ltr'><strong>Christi,</strong></span> <span class='ocrx_word' id='word_1_249' title='bbox 2745 1637 2878 1702; x_wconf 81' lang='lat' dir='ltr'><strong>(ecce</strong></span> <span class='ocrx_word' id='word_1_250' title='bbox 2909 1637 3036 1703; x_wconf 85' lang='lat' dir='ltr'><strong>cur)</strong></span> <span class='ocrx_word' id='word_1_251' title='bbox 3063 1633 3196 1704; x_wconf 89' lang='lat' dir='ltr'><strong>quia</strong></span> <span class='ocrx_word' id='word_1_252' title='bbox 3243 1649 3356 1688; x_wconf 89' lang='lat' dir='ltr'><strong>non</strong></span> <span class='ocrx_word' id='word_1_253' title='bbox 3399 1635 3459 1688; x_wconf 92' lang='lat' dir='ltr'><strong>in</strong></span> <span class='ocrx_word' id='word_1_254' title='bbox 3499 1651 3757 1690; x_wconf 79' lang='lat' dir='ltr'><strong>vacuum</strong></span> 
     </span>
    </p>
   </div>
   <div class='ocr_carea' id='block_1_18' title="bbox 457 1717 3756 1794">
    <p class='ocr_par' dir='ltr' id='par_1_18' title="bbox 457 1717 3756 1794">
     <span class='ocr_line' id='line_1_18' title="bbox 457 1717 3756 1794; baseline 0.001 -21"><span class='ocrx_word' id='word_1_255' title='bbox 457 1717 702 1787; x_wconf 84' lang='lat' dir='ltr'><strong>cucurri,</strong></span> <span class='ocrx_word' id='word_1_256' title='bbox 732 1735 917 1790; x_wconf 89' lang='lat' dir='ltr'><strong>neque</strong></span> <span class='ocrx_word' id='word_1_257' title='bbox 969 1719 1028 1775; x_wconf 90' lang='lat' dir='ltr'><strong>in</strong></span> <span class='ocrx_word' id='word_1_258' title='bbox 1067 1735 1304 1777; x_wconf 90' lang='lat' dir='ltr'><strong>vacuum</strong></span> <span class='ocrx_word' id='word_1_259' title='bbox 1337 1719 1606 1774; x_wconf 88' lang='lat' dir='ltr'><strong>laboravi.</strong></span> <span class='ocrx_word' id='word_1_260' title='bbox 1645 1717 1729 1776; x_wconf 82' lang='lat'><strong>16.</strong></span> <span class='ocrx_word' id='word_1_261' title='bbox 1764 1721 1872 1774; x_wconf 89' lang='lat' dir='ltr'><strong>Sed</strong></span> <span class='ocrx_word' id='word_1_262' title='bbox 1901 1728 1960 1774; x_wconf 90' lang='lat' dir='ltr'><strong>et</strong></span> <span class='ocrx_word' id='word_1_263' title='bbox 1987 1720 2035 1774; x_wconf 91' lang='lat' dir='ltr'><strong>si</strong></span> <span class='ocrx_word' id='word_1_264' title='bbox 2064 1720 2326 1774; x_wconf 85' lang='lat' dir='ltr'><strong>immolor</strong></span> <span class='ocrx_word' id='word_1_265' title='bbox 2359 1737 2453 1789; x_wconf 87' lang='lat' dir='ltr'><strong>ego</strong></span> <span class='ocrx_word' id='word_1_266' title='bbox 2493 1724 2604 1789; x_wconf 86' lang='lat' dir='ltr'><strong>ipse</strong></span> <span class='ocrx_word' id='word_1_267' title='bbox 2640 1737 2745 1791; x_wconf 91' lang='lat' dir='ltr'><strong>pro</strong></span> <span class='ocrx_word' id='word_1_268' title='bbox 2790 1725 2956 1786; x_wconf 84' lang='lat' dir='ltr'><strong>vobis,</strong></span> <span class='ocrx_word' id='word_1_269' title='bbox 2987 1738 3161 1794; x_wconf 88' lang='lat' dir='ltr'><strong>supra</strong></span> <span class='ocrx_word' id='word_1_270' title='bbox 3205 1723 3564 1789; x_wconf 85' lang='lat' dir='ltr'><strong>sacriﬁcium,</strong></span> <span class='ocrx_word' id='word_1_271' title='bbox 3595 1725 3756 1792; x_wconf 82' lang='lat' dir='ltr'><strong>quod</strong></span> 
     </span>
    </p>
   </div>
   <div class='ocr_carea' id='block_1_19' title="bbox 462 1808 3756 1882">
    <p class='ocr_par' dir='ltr' id='par_1_19' title="bbox 462 1808 3756 1882">
     <span class='ocr_line' id='line_1_19' title="bbox 462 1808 3756 1882; baseline 0.002 -22"><span class='ocrx_word' id='word_1_272' title='bbox 462 1809 569 1875; x_wconf 77' lang='lat' dir='ltr'><strong>feci</strong></span> <span class='ocrx_word' id='word_1_273' title='bbox 605 1809 728 1873; x_wconf 84' lang='lat' dir='ltr'><strong>Deo,</strong></span> <span class='ocrx_word' id='word_1_274' title='bbox 752 1808 816 1861; x_wconf 85' lang='lat' dir='ltr'><strong>de</strong></span> <span class='ocrx_word' id='word_1_275' title='bbox 843 1808 946 1875; x_wconf 76' lang='lat' dir='ltr'><strong>ﬁde</strong></span> <span class='ocrx_word' id='word_1_276' title='bbox 973 1813 1168 1873; x_wconf 81' lang='lat' dir='ltr'><strong>vestra,</strong></span> <span class='ocrx_word' id='word_1_277' title='bbox 1204 1815 1262 1863; x_wconf 88' lang='lat' dir='ltr'><strong>et</strong></span> <span class='ocrx_word' id='word_1_278' title='bbox 1289 1808 1620 1879; x_wconf 88' lang='lat' dir='ltr'><strong>obsequium</strong></span> <span class='ocrx_word' id='word_1_279' title='bbox 1667 1808 1798 1862; x_wconf 92' lang='lat' dir='ltr'><strong>ﬁdei</strong></span> <span class='ocrx_word' id='word_1_280' title='bbox 1843 1814 2058 1875; x_wconf 65' lang='lat' dir='ltr'><strong>vestrae,</strong></span> <span class='ocrx_word' id='word_1_281' title='bbox 2094 1808 2177 1866; x_wconf 84' lang='grc'><strong>17.</strong></span> <span class='ocrx_word' id='word_1_282' title='bbox 2210 1809 2450 1879; x_wconf 86' lang='lat' dir='ltr'><strong>gaudeo,</strong></span> <span class='ocrx_word' id='word_1_283' title='bbox 2507 1809 2586 1866; x_wconf 87' lang='grc'><strong>18.</strong></span> <span class='ocrx_word' id='word_1_284' title='bbox 2633 1815 2691 1865; x_wconf 92' lang='lat' dir='ltr'><strong>et</strong></span> <span class='ocrx_word' id='word_1_285' title='bbox 2736 1812 3100 1882; x_wconf 89' lang='lat' dir='ltr'><strong>congratulor</strong></span> <span class='ocrx_word' id='word_1_286' title='bbox 3143 1811 3403 1866; x_wconf 87' lang='lat' dir='ltr'><strong>omnibus</strong></span> <span class='ocrx_word' id='word_1_287' title='bbox 3445 1811 3627 1879; x_wconf 86' lang='lat' dir='ltr'><strong>vobis,</strong></span> <span class='ocrx_word' id='word_1_288' title='bbox 3664 1815 3756 1866; x_wconf 73' lang='lat' dir='ltr'><strong>vel</strong></span> 
     </span>
    </p>
   </div>
   <div class='ocr_carea' id='block_1_20' title="bbox 465 1895 3757 1968">
    <p class='ocr_par' dir='ltr' id='par_1_20' title="bbox 465 1895 3757 1968">
     <span class='ocr_line' id='line_1_20' title="bbox 465 1895 3757 1968; baseline 0.002 -20"><span class='ocrx_word' id='word_1_289' title='bbox 465 1897 602 1963; x_wconf 77' lang='lat' dir='ltr'><strong>quia</strong></span> <span class='ocrx_word' id='word_1_290' title='bbox 627 1898 759 1949; x_wconf 85' lang='lat' dir='ltr'><strong>tales</strong></span> <span class='ocrx_word' id='word_1_291' title='bbox 798 1899 946 1950; x_wconf 71' lang='lat' dir='ltr'><strong>estis.</strong></span> <span class='ocrx_word' id='word_1_292' title='bbox 995 1895 1245 1968; x_wconf 87' lang='lat' dir='ltr'><strong>Idipsum</strong></span> <span class='ocrx_word' id='word_1_293' title='bbox 1283 1902 1493 1962; x_wconf 90' lang='lat' dir='ltr'><strong>autem,</strong></span> <span class='ocrx_word' id='word_1_294' title='bbox 1525 1898 1585 1950; x_wconf 89' lang='lat' dir='ltr'><strong>id</strong></span> <span class='ocrx_word' id='word_1_295' title='bbox 1636 1901 1731 1962; x_wconf 87' lang='lat' dir='ltr'><strong>est,</strong></span> <span class='ocrx_word' id='word_1_296' title='bbox 1780 1897 1844 1951; x_wconf 86' lang='lat' dir='ltr'><strong>de</strong></span> <span class='ocrx_word' id='word_1_297' title='bbox 1887 1897 1984 1949; x_wconf 84' lang='lat' dir='ltr'><strong>hoc</strong></span> <span class='ocrx_word' id='word_1_298' title='bbox 2033 1903 2084 1950; x_wconf 92' lang='lat' dir='ltr'><strong>si</strong></span> <span class='ocrx_word' id='word_1_299' title='bbox 2128 1901 2407 1966; x_wconf 88' lang='lat' dir='ltr'><strong>immolor,</strong></span> <span class='ocrx_word' id='word_1_300' title='bbox 2453 1904 2511 1953; x_wconf 86' lang='lat' dir='ltr'><strong>et</strong></span> <span class='ocrx_word' id='word_1_301' title='bbox 2559 1916 2675 1964; x_wconf 83' lang='lat' dir='ltr'><strong>vos,</strong></span> <span class='ocrx_word' id='word_1_302' title='bbox 2707 1903 2788 1954; x_wconf 78' lang='lat' dir='ltr'><strong>rel</strong></span> <span class='ocrx_word' id='word_1_303' title='bbox 2828 1907 2890 1953; x_wconf 88' lang='lat' dir='ltr'><strong>ut</strong></span> <span class='ocrx_word' id='word_1_304' title='bbox 2929 1903 3197 1954; x_wconf 83' lang='lat' dir='ltr'><strong>similiter</strong></span> <span class='ocrx_word' id='word_1_305' title='bbox 3226 1903 3622 1966; x_wconf 86' lang='lat' dir='ltr'><strong>immolemini,</strong></span> <span class='ocrx_word' id='word_1_306' title='bbox 3666 1905 3757 1956; x_wconf 82' lang='lat' dir='ltr'><strong>vel</strong></span> 
     </span>
    </p>
   </div>
   <div class='ocr_carea' id='block_1_21' title="bbox 462 1983 3757 2056">
    <p class='ocr_par' dir='ltr' id='par_1_21' title="bbox 462 1983 3757 2056">
     <span class='ocr_line' id='line_1_21' title="bbox 462 1983 3757 2056; baseline 0.002 -20"><span class='ocrx_word' id='word_1_307' title='bbox 462 1985 598 2052; x_wconf 85' lang='lat' dir='ltr'><strong>quia</strong></span> <span class='ocrx_word' id='word_1_308' title='bbox 634 1986 938 2054; x_wconf 61' lang='lat' dir='ltr'><strong>exemplar,</strong></span> <span class='ocrx_word' id='word_1_309' title='bbox 962 1984 1224 2055; x_wconf 78' lang='lat' dir='ltr'><strong>gaudete,</strong></span> <span class='ocrx_word' id='word_1_310' title='bbox 1256 1990 1314 2039; x_wconf 90' lang='lat' dir='ltr'><strong>et</strong></span> <span class='ocrx_word' id='word_1_311' title='bbox 1341 1983 1814 2053; x_wconf 86' lang='lat' dir='ltr'><strong>congratulamini</strong></span> <span class='ocrx_word' id='word_1_312' title='bbox 1866 1983 2006 2038; x_wconf 91' lang='lat' dir='ltr'><strong>mihi</strong></span> <span class='ocrx_word' id='word_1_313' title='bbox 2043 1985 2134 2040; x_wconf 81' lang='grc'><strong>19.</strong></span> <span class='ocrx_word' id='word_1_314' title='bbox 2184 1985 2359 2056; x_wconf 90' lang='lat' dir='ltr'><strong>Spero</strong></span> <span class='ocrx_word' id='word_1_315' title='bbox 2408 1992 2618 2048; x_wconf 83' lang='lat' dir='ltr'><strong>autem,</strong></span> <span class='ocrx_word' id='word_1_316' title='bbox 2669 1987 2728 2041; x_wconf 89' lang='lat' dir='ltr'><strong>in</strong></span> <span class='ocrx_word' id='word_1_317' title='bbox 2771 1984 3014 2042; x_wconf 91' lang='lat' dir='ltr'><strong>Domino</strong></span> <span class='ocrx_word' id='word_1_318' title='bbox 3057 1989 3210 2054; x_wconf 89' lang='lat' dir='ltr'><strong>Jesu,</strong></span> <span class='ocrx_word' id='word_1_319' title='bbox 3258 1987 3618 2044; x_wconf 89' lang='lat' dir='ltr'><strong>Timotheum</strong></span> <span class='ocrx_word' id='word_1_320' title='bbox 3655 2004 3757 2042; x_wconf 88' lang='lat' dir='ltr'><strong>me</strong></span> 
     </span>
    </p>
   </div>
   <div class='ocr_carea' id='block_1_22' title="bbox 1811 2151 2405 2212">
    <p class='ocr_par' dir='ltr' id='par_1_22' title="bbox 1811 2151 2405 2212">
     <span class='ocr_line' id='line_1_22' title="bbox 1811 2151 2405 2212; baseline 0.008 -6"><span class='ocrx_word' id='word_1_321' title='bbox 1811 2151 2405 2212; x_wconf 84' lang='lat' dir='ltr'><strong>COMMENTARIUS.</strong></span> 
     </span>
    </p>
   </div>
   <div class='ocr_carea' id='block_1_23' title="bbox 536 2303 3763 2380">
    <p class='ocr_par' dir='ltr' id='par_1_23' title="bbox 536 2303 3763 2380">
     <span class='ocr_line' id='line_1_23' title="bbox 536 2303 3763 2380; baseline 0.001 -18"><span class='ocrx_word' id='word_1_322' title='bbox 536 2303 591 2362; x_wconf 88' lang='lat'><strong>3.</strong></span> <span class='ocrx_word' id='word_1_323' title='bbox 620 2304 826 2359; x_wconf 75' lang='lat' dir='ltr'><strong>LANFR.</strong></span> <span class='ocrx_word' id='word_1_324' title='bbox 859 2306 967 2360; x_wconf 83' lang='lat' dir='ltr'><strong>Hoc</strong></span> <span class='ocrx_word' id='word_1_325' title='bbox 1009 2307 1159 2360; x_wconf 85' lang='lat' dir='ltr'><strong>enim</strong></span> <span class='ocrx_word' id='word_1_326' title='bbox 1201 2307 1416 2368; x_wconf 86' lang='lat' dir='ltr'><strong>sentite,</strong></span> <span class='ocrx_word' id='word_1_327' title='bbox 1457 2304 1514 2358; x_wconf 94' lang='lat' dir='ltr'><strong>id</strong></span> <span class='ocrx_word' id='word_1_328' title='bbox 1556 2308 1660 2367; x_wconf 89' lang='lat' dir='ltr'><strong>est,</strong></span> <span class='ocrx_word' id='word_1_329' title='bbox 1681 2303 2060 2357; x_wconf 87' lang='lat' dir='ltr'><strong>humilitatem</strong></span> <span class='ocrx_word' id='word_1_330' title='bbox 2080 2309 2128 2368; x_wconf 83' lang='grc' dir='ltr'><strong>Α</strong></span> <span class='ocrx_word' id='word_1_331' title='bbox 2149 2305 2288 2372; x_wconf 90' lang='lat' dir='ltr'><strong>lum,</strong></span> <span class='ocrx_word' id='word_1_332' title='bbox 2315 2307 2412 2361; x_wconf 92' lang='lat' dir='ltr'><strong>sed</strong></span> <span class='ocrx_word' id='word_1_333' title='bbox 2428 2324 2547 2362; x_wconf 90' lang='lat' dir='ltr'><strong>rem</strong></span> <span class='ocrx_word' id='word_1_334' title='bbox 2589 2309 2892 2379; x_wconf 81' lang='lat' dir='ltr'><strong>quamdam</strong></span> <span class='ocrx_word' id='word_1_335' title='bbox 2932 2308 3266 2380; x_wconf 86' lang='lat' dir='ltr'><strong>acquisitam</strong></span> <span class='ocrx_word' id='word_1_336' title='bbox 3285 2307 3511 2379; x_wconf 89' lang='lat' dir='ltr'><strong>ei,quia</strong></span> <span class='ocrx_word' id='word_1_337' title='bbox 3530 2324 3763 2364; x_wconf 83' lang='lat' dir='ltr'><strong>assum-</strong></span> 
     </span>
    </p>
   </div>
   <div class='ocr_carea' id='block_1_24' title="bbox 466 2393 2065 2469">
    <p class='ocr_par' dir='ltr' id='par_1_24' title="bbox 466 2393 2065 2469">
     <span class='ocr_line' id='line_1_24' title="bbox 466 2393 2065 2469; baseline -0.001 -21"><span class='ocrx_word' id='word_1_338' title='bbox 466 2398 525 2448; x_wconf 88' lang='lat' dir='ltr'><strong>et</strong></span> <span class='ocrx_word' id='word_1_339' title='bbox 551 2393 884 2469; x_wconf 79' lang='lat' dir='ltr'><strong>charitatem</strong></span> <span class='ocrx_word' id='word_1_340' title='bbox 919 2395 1062 2465; x_wconf 84' lang='lat' dir='ltr'><strong>(quae</strong></span> <span class='ocrx_word' id='word_1_341' title='bbox 1091 2395 1331 2448; x_wconf 88' lang='lat' dir='ltr'><strong>aliorum</strong></span> <span class='ocrx_word' id='word_1_342' title='bbox 1363 2398 1497 2447; x_wconf 90' lang='lat' dir='ltr'><strong>sunt</strong></span> <span class='ocrx_word' id='word_1_343' title='bbox 1516 2398 1848 2463; x_wconf 83' lang='lat' dir='ltr'><strong>quaerentes)</strong></span> <span class='ocrx_word' id='word_1_344' title='bbox 1863 2393 2065 2446; x_wconf 90' lang='lat' dir='ltr'><strong>habete</strong></span> 
     </span>
    </p>
   </div>
   <div class='ocr_carea' id='block_1_25' title="bbox 465 2481 2064 2560">
    <p class='ocr_par' dir='ltr' id='par_1_25' title="bbox 465 2481 2064 2560">
     <span class='ocr_line' id='line_1_25' title="bbox 465 2481 2064 2560; baseline -0.002 -23"><span class='ocrx_word' id='word_1_345' title='bbox 465 2481 714 2560; x_wconf 69' lang='lat' dir='ltr'><strong>invehis</strong></span> <span class='ocrx_word' id='word_1_346' title='bbox 745 2498 884 2554; x_wconf 89' lang='lat' dir='ltr'><strong>quas</strong></span> <span class='ocrx_word' id='word_1_347' title='bbox 911 2483 972 2538; x_wconf 90' lang='lat' dir='ltr'><strong>in</strong></span> <span class='ocrx_word' id='word_1_348' title='bbox 1004 2482 1230 2537; x_wconf 89' lang='lat' dir='ltr'><strong>Christo</strong></span> <span class='ocrx_word' id='word_1_349' title='bbox 1273 2481 1467 2540; x_wconf 84' lang='lat' dir='ltr'><strong>fuisse.</strong></span> <span class='ocrx_word' id='word_1_350' title='bbox 1509 2488 1567 2535; x_wconf 86' lang='lat' dir='ltr'><strong>et</strong></span> <span class='ocrx_word' id='word_1_351' title='bbox 1597 2481 1745 2552; x_wconf 91' lang='lat' dir='ltr'><strong>quod</strong></span> <span class='ocrx_word' id='word_1_352' title='bbox 1776 2481 2064 2536; x_wconf 87' lang='lat' dir='ltr'><strong>Christum</strong></span> 
     </span>
    </p>
   </div>
   <div class='ocr_carea' id='block_1_26' title="bbox 466 2570 1992 2642">
    <p class='ocr_par' dir='ltr' id='par_1_26' title="bbox 466 2570 1992 2642">
     <span class='ocr_line' id='line_1_26' title="bbox 466 2570 1992 2642; baseline -0.001 -18"><span class='ocrx_word' id='word_1_353' title='bbox 466 2570 662 2627; x_wconf 84' lang='lat' dir='ltr'><strong>fecisse</strong></span> <span class='ocrx_word' id='word_1_354' title='bbox 690 2571 863 2638; x_wconf 89' lang='lat' dir='ltr'><strong>scitis,</strong></span> <span class='ocrx_word' id='word_1_355' title='bbox 896 2571 1045 2642; x_wconf 92' lang='lat' dir='ltr'><strong>quod</strong></span> <span class='ocrx_word' id='word_1_356' title='bbox 1076 2576 1162 2625; x_wconf 89' lang='lat' dir='ltr'><strong>est</strong></span> <span class='ocrx_word' id='word_1_357' title='bbox 1195 2589 1207 2624; x_wconf 88' lang='lat'><strong>:</strong></span> <span class='ocrx_word' id='word_1_358' title='bbox 1242 2573 1349 2626; x_wconf 80' lang='lat' dir='ltr'><strong>Hoc</strong></span> <span class='ocrx_word' id='word_1_359' title='bbox 1375 2573 1569 2623; x_wconf 82' lang='lat' dir='ltr'><strong>sentite</strong></span> <span class='ocrx_word' id='word_1_360' title='bbox 1594 2575 1658 2623; x_wconf 89' lang='lat' dir='ltr'><strong>in</strong></span> <span class='ocrx_word' id='word_1_361' title='bbox 1688 2571 1853 2634; x_wconf 79' lang='lat' dir='ltr'><strong>vobis,</strong></span> <span class='ocrx_word' id='word_1_362' title='bbox 1886 2576 1992 2623; x_wconf 87' lang='lat' dir='ltr'><strong>etc.</strong></span> 
     </span>
    </p>
   </div>
   <div class='ocr_carea' id='block_1_27' title="bbox 537 2657 2067 2730">
    <p class='ocr_par' dir='ltr' id='par_1_27' title="bbox 537 2657 2067 2730">
     <span class='ocr_line' id='line_1_27' title="bbox 537 2657 2067 2730; baseline -0.001 -15"><span class='ocrx_word' id='word_1_363' title='bbox 537 2660 588 2716; x_wconf 84' lang='grc'><strong>4.</strong></span> <span class='ocrx_word' id='word_1_364' title='bbox 627 2662 754 2715; x_wconf 88' lang='grc' dir='ltr'><strong>Νοη</strong></span> <span class='ocrx_word' id='word_1_365' title='bbox 778 2663 1064 2729; x_wconf 85' lang='lat' dir='ltr'><strong>rapinam.</strong></span> <span class='ocrx_word' id='word_1_366' title='bbox 1086 2658 1355 2730; x_wconf 89' lang='lat' dir='ltr'><strong>Quisquis</strong></span> <span class='ocrx_word' id='word_1_367' title='bbox 1377 2657 1690 2712; x_wconf 86' lang='lat' dir='ltr'><strong>arbitratur</strong></span> <span class='ocrx_word' id='word_1_368' title='bbox 1703 2675 1764 2712; x_wconf 91' lang='lat' dir='ltr'><strong>se</strong></span> <span class='ocrx_word' id='word_1_369' title='bbox 1779 2675 1900 2712; x_wconf 90' lang='lat' dir='ltr'><strong>esse</strong></span> <span class='ocrx_word' id='word_1_370' title='bbox 1918 2659 2067 2729; x_wconf 91' lang='lat' dir='ltr'><strong>quod</strong></span> 
     </span>
    </p>
   </div>
   <div class='ocr_carea' id='block_1_28' title="bbox 465 2746 2068 2820">
    <p class='ocr_par' dir='ltr' id='par_1_28' title="bbox 465 2746 2068 2820">
     <span class='ocr_line' id='line_1_28' title="bbox 465 2746 2068 2820; baseline -0.002 -16"><span class='ocrx_word' id='word_1_371' title='bbox 465 2764 582 2804; x_wconf 88' lang='lat' dir='ltr'><strong>non</strong></span> <span class='ocrx_word' id='word_1_372' title='bbox 611 2754 715 2818; x_wconf 89' lang='lat' dir='ltr'><strong>est,</strong></span> <span class='ocrx_word' id='word_1_373' title='bbox 749 2748 1162 2820; x_wconf 90' lang='lat' dir='ltr'><strong>quodammodo</strong></span> <span class='ocrx_word' id='word_1_374' title='bbox 1188 2747 1246 2801; x_wconf 92' lang='lat' dir='ltr'><strong>in</strong></span> <span class='ocrx_word' id='word_1_375' title='bbox 1276 2747 1400 2818; x_wconf 88' lang='lat' dir='ltr'><strong>ipsa</strong></span> <span class='ocrx_word' id='word_1_376' title='bbox 1425 2763 1532 2800; x_wconf 88' lang='lat' dir='ltr'><strong>sua</strong></span> <span class='ocrx_word' id='word_1_377' title='bbox 1552 2746 1813 2817; x_wconf 89' lang='lat' dir='ltr'><strong>opinione</strong></span> <span class='ocrx_word' id='word_1_378' title='bbox 1842 2747 2068 2801; x_wconf 83' lang='lat' dir='ltr'><strong>aliunde</strong></span> 
     </span>
    </p>
   </div>
   <div class='ocr_carea' id='block_1_29' title="bbox 469 2837 1209 2910">
    <p class='ocr_par' dir='ltr' id='par_1_29' title="bbox 469 2837 1209 2910">
     <span class='ocr_line' id='line_1_29' title="bbox 469 2837 1209 2910; baseline -0.004 -18"><span class='ocrx_word' id='word_1_379' title='bbox 469 2837 620 2910; x_wconf 85' lang='lat' dir='ltr'><strong>rapit</strong></span> <span class='ocrx_word' id='word_1_380' title='bbox 651 2837 758 2891; x_wconf 88' lang='lat' dir='ltr'><strong>sibi</strong></span> <span class='ocrx_word' id='word_1_381' title='bbox 787 2837 935 2908; x_wconf 91' lang='lat' dir='ltr'><strong>quod</strong></span> <span class='ocrx_word' id='word_1_382' title='bbox 961 2853 1075 2892; x_wconf 90' lang='lat' dir='ltr'><strong>non</strong></span> <span class='ocrx_word' id='word_1_383' title='bbox 1105 2842 1209 2890; x_wconf 90' lang='lat' dir='ltr'><strong>est.</strong></span> 
     </span>
    </p>
   </div>
   <div class='ocr_carea' id='block_1_30' title="bbox 539 2923 2066 2998">
    <p class='ocr_par' dir='ltr' id='par_1_30' title="bbox 539 2923 2066 2998">
     <span class='ocr_line' id='line_1_30' title="bbox 539 2923 2066 2998; baseline -0.003 -15"><span class='ocrx_word' id='word_1_384' title='bbox 539 2928 591 2984; x_wconf 87' lang='lat'><strong>5.</strong></span> <span class='ocrx_word' id='word_1_385' title='bbox 622 2929 870 2984; x_wconf 73' lang='lat' dir='ltr'><strong>Ausus&#39;r.</strong></span> <span class='ocrx_word' id='word_1_386' title='bbox 896 2925 1017 2995; x_wconf 89' lang='lat' dir='ltr'><strong>(lib.</strong></span> <span class='ocrx_word' id='word_1_387' title='bbox 1043 2939 1086 2980; x_wconf 81' lang='grc' dir='ltr'>ιι</span> <span class='ocrx_word' id='word_1_388' title='bbox 1115 2925 1270 2980; x_wconf 81' lang='lat' dir='ltr'><strong>Cant.</strong></span> <span class='ocrx_word' id='word_1_389' title='bbox 1302 2925 1688 2991; x_wconf 71' lang='lat' dir='ltr'><strong>Maximin.,c.</strong></span> <span class='ocrx_word' id='word_1_390' title='bbox 1710 2928 1914 2989; x_wconf 82' lang='lat' dir='ltr'><strong>5,tom.</strong></span> <span class='ocrx_word' id='word_1_391' title='bbox 1945 2923 2066 2998; x_wconf 86' lang='lat' dir='ltr'><strong>VI.)</strong></span> 
     </span>
    </p>
   </div>
   <div class='ocr_carea' id='block_1_31' title="bbox 466 3011 2068 3084">
    <p class='ocr_par' dir='ltr' id='par_1_31' title="bbox 466 3011 2068 3084">
     <span class='ocr_line' id='line_1_31' title="bbox 466 3011 2068 3084; baseline -0.001 -14"><span class='ocrx_word' id='word_1_392' title='bbox 466 3015 591 3079; x_wconf 81' lang='lat' dir='ltr'><strong>Non</strong></span> <span class='ocrx_word' id='word_1_393' title='bbox 619 3017 906 3084; x_wconf 85' lang='lat' dir='ltr'><strong>rapinam.</strong></span> <span class='ocrx_word' id='word_1_394' title='bbox 931 3013 1078 3084; x_wconf 90' lang='lat' dir='ltr'><strong>Ergo</strong></span> <span class='ocrx_word' id='word_1_395' title='bbox 1111 3011 1704 3083; x_wconf 88' lang='lat' dir='ltr'><strong>intelligeApostolum</strong></span> <span class='ocrx_word' id='word_1_396' title='bbox 1725 3012 1851 3068; x_wconf 89' lang='lat' dir='ltr'><strong>ideo</strong></span> <span class='ocrx_word' id='word_1_397' title='bbox 1863 3013 2068 3069; x_wconf 82' lang='lat' dir='ltr'><strong>dixisse</strong></span> 
     </span>
    </p>
   </div>
   <div class='ocr_carea' id='block_1_32' title="bbox 466 3101 2070 3172">
    <p class='ocr_par' dir='ltr' id='par_1_32' title="bbox 466 3101 2070 3172">
     <span class='ocr_line' id='line_1_32' title="bbox 466 3101 2070 3172; baseline -0.001 -15"><span class='ocrx_word' id='word_1_398' title='bbox 466 3112 582 3158; x_wconf 81' lang='lat' dir='ltr'><strong>nan</strong></span> <span class='ocrx_word' id='word_1_399' title='bbox 608 3101 876 3172; x_wconf 84' lang='lat' dir='ltr'><strong>rapinam</strong></span> <span class='ocrx_word' id='word_1_400' title='bbox 897 3104 1210 3156; x_wconf 87' lang='lat' dir='ltr'><strong>arbitratus</strong></span> <span class='ocrx_word' id='word_1_401' title='bbox 1229 3107 1302 3153; x_wconf 88' lang='lat' dir='ltr'><strong>est</strong></span> <span class='ocrx_word' id='word_1_402' title='bbox 1328 3117 1433 3154; x_wconf 87' lang='lat' dir='ltr'><strong>esse</strong></span> <span class='ocrx_word' id='word_1_403' title='bbox 1452 3117 1504 3153; x_wconf 87' lang='lat' dir='ltr'><strong>se</strong></span> <span class='ocrx_word' id='word_1_404' title='bbox 1521 3105 1784 3169; x_wconf 55' lang='lat' dir='ltr'><strong>aequalem</strong></span> <span class='ocrx_word' id='word_1_405' title='bbox 1798 3103 1920 3164; x_wconf 78' lang='lat' dir='ltr'><strong>Deo,</strong></span> <span class='ocrx_word' id='word_1_406' title='bbox 1937 3101 2070 3172; x_wconf 88' lang='lat' dir='ltr'><strong>quia</strong></span> 
     </span>
    </p>
   </div>
   <div class='ocr_carea' id='block_1_33' title="bbox 467 3187 2069 3260">
    <p class='ocr_par' dir='ltr' id='par_1_33' title="bbox 467 3187 2069 3260">
     <span class='ocr_line' id='line_1_33' title="bbox 467 3187 2069 3260; baseline -0.001 -15"><span class='ocrx_word' id='word_1_407' title='bbox 467 3203 584 3245; x_wconf 87' lang='lat' dir='ltr'><strong>non</strong></span> <span class='ocrx_word' id='word_1_408' title='bbox 613 3191 855 3244; x_wconf 90' lang='lat' dir='ltr'><strong>aliorum</strong></span> <span class='ocrx_word' id='word_1_409' title='bbox 876 3187 1188 3243; x_wconf 85' lang='lat' dir='ltr'><strong>arbitratus</strong></span> <span class='ocrx_word' id='word_1_410' title='bbox 1211 3193 1296 3242; x_wconf 87' lang='lat' dir='ltr'><strong>est</strong></span> <span class='ocrx_word' id='word_1_411' title='bbox 1311 3204 1433 3242; x_wconf 87' lang='lat' dir='ltr'><strong>esse</strong></span> <span class='ocrx_word' id='word_1_412' title='bbox 1465 3188 1613 3260; x_wconf 92' lang='lat' dir='ltr'><strong>quod</strong></span> <span class='ocrx_word' id='word_1_413' title='bbox 1634 3195 1801 3243; x_wconf 90' lang='lat' dir='ltr'><strong>natus</strong></span> <span class='ocrx_word' id='word_1_414' title='bbox 1821 3195 1907 3244; x_wconf 91' lang='lat' dir='ltr'><strong>est</strong></span> <span class='ocrx_word' id='word_1_415' title='bbox 1927 3207 1941 3255; x_wconf 86' lang='lat'><strong>;</strong></span> <span class='ocrx_word' id='word_1_416' title='bbox 1971 3191 2069 3244; x_wconf 91' lang='lat' dir='ltr'><strong>sed</strong></span> 
     </span>
    </p>
   </div>
   <div class='ocr_carea' id='block_1_34' title="bbox 465 3277 2065 3349">
    <p class='ocr_par' dir='ltr' id='par_1_34' title="bbox 465 3277 2065 3349">
     <span class='ocr_line' id='line_1_34' title="bbox 465 3277 2065 3349; baseline -0.001 -15"><span class='ocrx_word' id='word_1_417' title='bbox 465 3284 662 3334; x_wconf 85' lang='lat' dir='ltr'><strong>tamen</strong></span> <span class='ocrx_word' id='word_1_418' title='bbox 693 3277 951 3349; x_wconf 86' lang='lat' dir='ltr'><strong>quamvis</strong></span> <span class='ocrx_word' id='word_1_419' title='bbox 972 3277 1350 3348; x_wconf 78' lang='lat' dir='ltr'><strong>aequalitatem</strong></span> <span class='ocrx_word' id='word_1_420' title='bbox 1385 3278 1486 3332; x_wconf 91' lang='lat' dir='ltr'><strong>Dei</strong></span> <span class='ocrx_word' id='word_1_421' title='bbox 1508 3278 1803 3332; x_wconf 88' lang='lat' dir='ltr'><strong>nonfuerit</strong></span> <span class='ocrx_word' id='word_1_422' title='bbox 1821 3278 2065 3333; x_wconf 85' lang='lat' dir='ltr'><strong>arbitra-</strong></span> 
     </span>
    </p>
   </div>
   <div class='ocr_carea' id='block_1_35' title="bbox 2148 2397 3757 2468">
    <p class='ocr_par' dir='ltr' id='par_1_35' title="bbox 2148 2397 3757 2468">
     <span class='ocr_line' id='line_1_35' title="bbox 2148 2397 3757 2468; baseline 0.003 -21"><span class='ocrx_word' id='word_1_423' title='bbox 2148 2400 2276 2464; x_wconf 92' lang='lat' dir='ltr'><strong>ptus</strong></span> <span class='ocrx_word' id='word_1_424' title='bbox 2303 2402 2388 2449; x_wconf 91' lang='lat' dir='ltr'><strong>est</strong></span> <span class='ocrx_word' id='word_1_425' title='bbox 2421 2413 2455 2450; x_wconf 88' lang='lat' dir='ltr'><strong>a</strong></span> <span class='ocrx_word' id='word_1_426' title='bbox 2482 2397 2687 2463; x_wconf 88' lang='lat' dir='ltr'><strong>Verbo,</strong></span> <span class='ocrx_word' id='word_1_427' title='bbox 2722 2403 2785 2452; x_wconf 89' lang='lat' dir='ltr'><strong>ut</strong></span> <span class='ocrx_word' id='word_1_428' title='bbox 2814 2397 2953 2452; x_wconf 90' lang='lat' dir='ltr'><strong>illud</strong></span> <span class='ocrx_word' id='word_1_429' title='bbox 2982 2404 3039 2452; x_wconf 88' lang='lat' dir='ltr'><strong>et</strong></span> <span class='ocrx_word' id='word_1_430' title='bbox 3065 2403 3422 2468; x_wconf 82' lang='lat' dir='ltr'><strong>cognoscant,</strong></span> <span class='ocrx_word' id='word_1_431' title='bbox 3474 2398 3757 2468; x_wconf 88' lang='lat' dir='ltr'><strong>quoniam</strong></span> 
     </span>
    </p>
   </div>
   <div class='ocr_carea' id='block_1_36' title="bbox 2147 2484 2813 2540">
    <p class='ocr_par' dir='ltr' id='par_1_36' title="bbox 2147 2484 2813 2540">
     <span class='ocr_line' id='line_1_36' title="bbox 2147 2484 2813 2540; baseline 0.006 -4"><span class='ocrx_word' id='word_1_432' title='bbox 2147 2499 2352 2538; x_wconf 91' lang='lat' dir='ltr'><strong>nomen</strong></span> <span class='ocrx_word' id='word_1_433' title='bbox 2377 2484 2481 2539; x_wconf 90' lang='lat' dir='ltr'><strong>tibi</strong></span> <span class='ocrx_word' id='word_1_434' title='bbox 2520 2486 2813 2540; x_wconf 89' lang='lat' dir='ltr'><strong>Dominus.</strong></span> 
     </span>
    </p>
   </div>
   <div class='ocr_carea' id='block_1_37' title="bbox 2218 2572 3762 2630">
    <p class='ocr_par' dir='ltr' id='par_1_37' title="bbox 2218 2572 3762 2630">
     <span class='ocr_line' id='line_1_37' title="bbox 2218 2572 3762 2630; baseline 0.003 -4"><span class='ocrx_word' id='word_1_435' title='bbox 2218 2573 2308 2629; x_wconf 78' lang='grc'><strong>12.</strong></span> <span class='ocrx_word' id='word_1_436' title='bbox 2339 2574 2664 2628; x_wconf 80' lang='lat' dir='ltr'><strong>Ga&#39;lestium.</strong></span> <span class='ocrx_word' id='word_1_437' title='bbox 2695 2574 3022 2630; x_wconf 72' lang='lat' dir='ltr'><strong>leestium</strong></span> <span class='ocrx_word' id='word_1_438' title='bbox 3059 2573 3196 2628; x_wconf 88' lang='lat' dir='ltr'><strong>dicit</strong></span> <span class='ocrx_word' id='word_1_439' title='bbox 3239 2572 3604 2628; x_wconf 91' lang='lat' dir='ltr'><strong>invisibilium</strong></span> <span class='ocrx_word' id='word_1_440' title='bbox 3632 2576 3762 2630; x_wconf 84' lang='lat' dir='ltr'><strong>vir-</strong></span> 
     </span>
    </p>
   </div>
   <div class='ocr_carea' id='block_1_38' title="bbox 2150 2649 3762 2729">
    <p class='ocr_par' dir='ltr' id='par_1_38' title="bbox 2150 2649 3762 2729">
     <span class='ocr_line' id='line_1_38' title="bbox 2150 2649 3762 2729; baseline 0.002 -14"><span class='ocrx_word' id='word_1_441' title='bbox 2150 2666 2372 2728; x_wconf 83' lang='lat' dir='ltr'><strong>tutum;</strong></span> <span class='ocrx_word' id='word_1_442' title='bbox 2414 2663 2768 2718; x_wconf 87' lang='lat' dir='ltr'><strong>terrestrium</strong></span> <span class='ocrx_word' id='word_1_443' title='bbox 2815 2680 2964 2729; x_wconf 86' lang='lat' dir='ltr'><strong>vero,</strong></span> <span class='ocrx_word' id='word_1_444' title='bbox 2998 2663 3248 2718; x_wconf 75' lang='lat' dir='ltr'><strong>vivorum</strong></span> <span class='ocrx_word' id='word_1_445' title='bbox 3287 2649 3622 2717; x_wconf 88' lang='lat' dir='ltr'><strong>hominum:</strong></span> <span class='ocrx_word' id='word_1_446' title='bbox 3660 2665 3762 2719; x_wconf 88' lang='lat' dir='ltr'><strong>in-</strong></span> 
     </span>
    </p>
   </div>
   <div class='ocr_carea' id='block_1_39' title="bbox 2149 2751 3758 2823">
    <p class='ocr_par' dir='ltr' id='par_1_39' title="bbox 2149 2751 3758 2823">
     <span class='ocr_line' id='line_1_39' title="bbox 2149 2751 3758 2823; baseline 0.001 -18"><span class='ocrx_word' id='word_1_447' title='bbox 2149 2751 2435 2806; x_wconf 84' lang='lat' dir='ltr'><strong>fernorum</strong></span> <span class='ocrx_word' id='word_1_448' title='bbox 2469 2753 2660 2818; x_wconf 87' lang='lat' dir='ltr'><strong>etiam,</strong></span> <span class='ocrx_word' id='word_1_449' title='bbox 2711 2753 2936 2806; x_wconf 90' lang='lat' dir='ltr'><strong>illorum</strong></span> <span class='ocrx_word' id='word_1_450' title='bbox 2985 2753 3081 2823; x_wconf 90' lang='lat' dir='ltr'><strong>qui</strong></span> <span class='ocrx_word' id='word_1_451' title='bbox 3119 2753 3327 2806; x_wconf 86' lang='lat' dir='ltr'><strong>mortui</strong></span> <span class='ocrx_word' id='word_1_452' title='bbox 3369 2758 3520 2818; x_wconf 91' lang='lat' dir='ltr'><strong>sunt,</strong></span> <span class='ocrx_word' id='word_1_453' title='bbox 3549 2753 3646 2823; x_wconf 90' lang='lat' dir='ltr'><strong>qui</strong></span> <span class='ocrx_word' id='word_1_454' title='bbox 3700 2759 3758 2807; x_wconf 90' lang='lat' dir='ltr'><strong>et</strong></span> 
     </span>
    </p>
   </div>
   <div class='ocr_carea' id='block_1_40' title="bbox 2149 2839 3758 2912">
    <p class='ocr_par' dir='ltr' id='par_1_40' title="bbox 2149 2839 3758 2912">
     <span class='ocr_line' id='line_1_40' title="bbox 2149 2839 3758 2912; baseline 0.002 -19"><span class='ocrx_word' id='word_1_455' title='bbox 2149 2840 2255 2911; x_wconf 90' lang='lat' dir='ltr'><strong>ipsi</strong></span> <span class='ocrx_word' id='word_1_456' title='bbox 2298 2857 2399 2912; x_wconf 88' lang='lat' dir='ltr'><strong>per</strong></span> <span class='ocrx_word' id='word_1_457' title='bbox 2447 2843 2914 2896; x_wconf 86' lang='lat' dir='ltr'><strong>resurrectionem</strong></span> <span class='ocrx_word' id='word_1_458' title='bbox 2951 2841 3132 2896; x_wconf 90' lang='lat' dir='ltr'><strong>Deum</strong></span> <span class='ocrx_word' id='word_1_459' title='bbox 3175 2839 3592 2895; x_wconf 91' lang='lat' dir='ltr'><strong>conﬁtebuntur</strong></span> <span class='ocrx_word' id='word_1_460' title='bbox 3629 2857 3758 2896; x_wconf 66' lang='lat' dir='ltr'><strong>suae</strong></span> 
     </span>
    </p>
   </div>
   <div class='ocr_carea' id='block_1_41' title="bbox 2151 2929 2915 2984">
    <p class='ocr_par' dir='ltr' id='par_1_41' title="bbox 2151 2929 2915 2984">
     <span class='ocr_line' id='line_1_41' title="bbox 2151 2929 2915 2984; baseline 0.004 -3"><span class='ocrx_word' id='word_1_461' title='bbox 2151 2929 2581 2983; x_wconf 87' lang='lat' dir='ltr'><strong>resurrectionis</strong></span> <span class='ocrx_word' id='word_1_462' title='bbox 2609 2936 2915 2984; x_wconf 87' lang='lat' dir='ltr'><strong>auctorem.</strong></span> 
     </span>
    </p>
   </div>
   <div class='ocr_carea' id='block_1_42' title="bbox 2223 3034 3763 3108">
    <p class='ocr_par' dir='ltr' id='par_1_42' title="bbox 2223 3034 3763 3108">
     <span class='ocr_line' id='line_1_42' title="bbox 2223 3034 3763 3108; baseline 0.001 -20"><span class='ocrx_word' id='word_1_463' title='bbox 2223 3034 2307 3089; x_wconf 87' lang='grc'><strong>13.</strong></span> <span class='ocrx_word' id='word_1_464' title='bbox 2340 3035 2494 3090; x_wconf 81' lang='lat' dir='ltr'><strong>Sicut</strong></span> <span class='ocrx_word' id='word_1_465' title='bbox 2543 3053 2772 3106; x_wconf 79' lang='lat' dir='ltr'><strong>semper.</strong></span> <span class='ocrx_word' id='word_1_466' title='bbox 2800 3037 3025 3108; x_wconf 90' lang='lat' dir='ltr'><strong>Optime</strong></span> <span class='ocrx_word' id='word_1_467' title='bbox 3076 3053 3178 3108; x_wconf 88' lang='lat' dir='ltr'><strong>per</strong></span> <span class='ocrx_word' id='word_1_468' title='bbox 3221 3035 3555 3091; x_wconf 89' lang='lat' dir='ltr'><strong>memoriam</strong></span> <span class='ocrx_word' id='word_1_469' title='bbox 3604 3053 3763 3107; x_wconf 71' lang='lat' dir='ltr'><strong>prae-</strong></span> 
     </span>
    </p>
   </div>
   <div class='ocr_carea' id='block_1_43' title="bbox 2151 3124 3763 3196">
    <p class='ocr_par' dir='ltr' id='par_1_43' title="bbox 2151 3124 3763 3196">
     <span class='ocr_line' id='line_1_43' title="bbox 2151 3124 3763 3196; baseline 0.001 -18"><span class='ocrx_word' id='word_1_470' title='bbox 2151 3125 2471 3191; x_wconf 89' lang='lat' dir='ltr'><strong>teritorum,</strong></span> <span class='ocrx_word' id='word_1_471' title='bbox 2502 3125 2785 3196; x_wconf 88' lang='lat' dir='ltr'><strong>persuasit</strong></span> <span class='ocrx_word' id='word_1_472' title='bbox 2812 3124 2926 3178; x_wconf 90' lang='lat' dir='ltr'><strong>illis</strong></span> <span class='ocrx_word' id='word_1_473' title='bbox 2956 3124 3097 3179; x_wconf 89' lang='lat' dir='ltr'><strong>nihil</strong></span> <span class='ocrx_word' id='word_1_474' title='bbox 3123 3125 3191 3178; x_wconf 92' lang='lat' dir='ltr'><strong>de</strong></span> <span class='ocrx_word' id='word_1_475' title='bbox 3219 3130 3420 3179; x_wconf 60' lang='lat' dir='ltr'><strong>caetero</strong></span> <span class='ocrx_word' id='word_1_476' title='bbox 3451 3124 3763 3195; x_wconf 85' lang='lat' dir='ltr'><strong>indignum</strong></span> 
     </span>
    </p>
   </div>
   <div class='ocr_carea' id='block_1_44' title="bbox 2151 3231 2370 3285">
    <p class='ocr_par' dir='ltr' id='par_1_44' title="bbox 2151 3231 2370 3285">
     <span class='ocr_line' id='line_1_44' title="bbox 2151 3231 2370 3285; baseline 0 -17"><span class='ocrx_word' id='word_1_477' title='bbox 2151 3231 2370 3285; x_wconf 88' lang='lat' dir='ltr'><strong>sapere.</strong></span> 
     </span>
    </p>
   </div>
   <div class='ocr_carea' id='block_1_45' title="bbox 2226 3302 3761 3374">
    <p class='ocr_par' dir='ltr' id='par_1_45' title="bbox 2226 3302 3761 3374">
     <span class='ocr_line' id='line_1_45' title="bbox 2226 3302 3761 3374; baseline -0.001 -16"><span class='ocrx_word' id='word_1_478' title='bbox 2226 3303 2310 3359; x_wconf 82' lang='grc'><strong>14.</strong></span> <span class='ocrx_word' id='word_1_479' title='bbox 2342 3305 2584 3357; x_wconf 74' lang='lat' dir='ltr'><strong>Aunus&#39;r.</strong></span> <span class='ocrx_word' id='word_1_480' title='bbox 2638 3302 2753 3370; x_wconf 90' lang='lat' dir='ltr'><strong>(lib.</strong></span> <span class='ocrx_word' id='word_1_481' title='bbox 2804 3304 2878 3358; x_wconf 86' lang='lat' dir='ltr'><strong>De</strong></span> <span class='ocrx_word' id='word_1_482' title='bbox 2925 3308 3074 3371; x_wconf 89' lang='lat' dir='ltr'><strong>grat.</strong></span> <span class='ocrx_word' id='word_1_483' title='bbox 3119 3308 3166 3355; x_wconf 86' lang='lat' dir='ltr'><strong>et</strong></span> <span class='ocrx_word' id='word_1_484' title='bbox 3210 3302 3312 3358; x_wconf 86' lang='lat' dir='ltr'><strong>lib.</strong></span> <span class='ocrx_word' id='word_1_485' title='bbox 3347 3303 3495 3367; x_wconf 87' lang='lat' dir='ltr'><strong>arb.,</strong></span> <span class='ocrx_word' id='word_1_486' title='bbox 3537 3319 3664 3374; x_wconf 90' lang='lat' dir='ltr'><strong>cap.</strong></span> <span class='ocrx_word' id='word_1_487' title='bbox 3703 3303 3761 3367; x_wconf 86' lang='lat'><strong>9,</strong></span> 
     </span>
    </p>
   </div>
   <div class='ocr_carea' id='block_1_46' title="bbox 465 3366 2064 3462">
    <p class='ocr_par' dir='ltr' id='par_1_46' title="bbox 465 3366 2062 3437">
     <span class='ocr_line' id='line_1_46' title="bbox 465 3366 2062 3437; baseline 0 -15"><span class='ocrx_word' id='word_1_488' title='bbox 465 3375 562 3422; x_wconf 84' lang='lat' dir='ltr'><strong>tus</strong></span> <span class='ocrx_word' id='word_1_489' title='bbox 584 3366 850 3431; x_wconf 84' lang='lat' dir='ltr'><strong>alienam,</strong></span> <span class='ocrx_word' id='word_1_490' title='bbox 875 3366 973 3420; x_wconf 89' lang='lat' dir='ltr'><strong>sed</strong></span> <span class='ocrx_word' id='word_1_491' title='bbox 993 3382 1174 3436; x_wconf 87' lang='lat' dir='ltr'><strong>suam,</strong></span> <span class='ocrx_word' id='word_1_492' title='bbox 1198 3367 1564 3437; x_wconf 88' lang='lat' dir='ltr'><strong>semetipsum</strong></span> <span class='ocrx_word' id='word_1_493' title='bbox 1595 3367 1915 3434; x_wconf 89' lang='lat' dir='ltr'><strong>exinanivit,</strong></span> <span class='ocrx_word' id='word_1_494' title='bbox 1949 3384 2062 3422; x_wconf 91' lang='lat' dir='ltr'><strong>non</strong></span> 
     </span>
    </p>
   </div>
   <div class='ocr_carea' id='block_1_47' title="bbox 2187 3366 3769 3462">
    <p class='ocr_par' dir='ltr' id='par_1_47' title="bbox 2187 3366 3769 3462">
     <span class='ocr_line' id='line_1_47' title="bbox 2187 3366 3769 3462; baseline 0.001 -17"><span class='ocrx_word' id='word_1_495' title='bbox 2187 3407 2284 3446; x_wconf 78' lang='lat' dir='ltr'><strong>)m.</strong></span> <span class='ocrx_word' id='word_1_496' title='bbox 2309 3391 2452 3461; x_wconf 77' lang='grc' dir='ltr'><strong>νυ.)</strong></span> <span class='ocrx_word' id='word_1_497' title='bbox 2481 3393 2619 3448; x_wconf 80' lang='lat' dir='ltr'><strong>Cum</strong></span> <span class='ocrx_word' id='word_1_498' title='bbox 2646 3366 2859 3446; x_wconf 81' lang='lat' dir='ltr'><strong>metuet</strong></span> <span class='ocrx_word' id='word_1_499' title='bbox 2891 3366 3143 3446; x_wconf 69' lang='lat' dir='ltr'><strong>tremore.</strong></span> <span class='ocrx_word' id='word_1_500' title='bbox 3176 3366 3636 3462; x_wconf 72' lang='lat' dir='ltr'><strong>Tanquamergo</strong></span> <span class='ocrx_word' id='word_1_501' title='bbox 3678 3366 3769 3447; x_wconf 47' lang='lat' dir='ltr'><strong>in?</strong></span> 
     </span>
    </p>
   </div>
   <div class='ocr_carea' id='block_1_48' title="bbox 470 3455 1884 3528">
    <p class='ocr_par' dir='ltr' id='par_1_48' title="bbox 470 3455 1884 3528">
     <span class='ocr_line' id='line_1_48' title="bbox 470 3455 1884 3528; baseline 0 -18"><span class='ocrx_word' id='word_1_502' title='bbox 470 3471 729 3528; x_wconf 62' lang='lat' dir='ltr'><strong>quairens</strong></span> <span class='ocrx_word' id='word_1_503' title='bbox 758 3471 882 3528; x_wconf 74' lang='lat' dir='ltr'><strong>quae</strong></span> <span class='ocrx_word' id='word_1_504' title='bbox 906 3471 1011 3510; x_wconf 87' lang='lat' dir='ltr'><strong>sua</strong></span> <span class='ocrx_word' id='word_1_505' title='bbox 1036 3461 1187 3520; x_wconf 89' lang='lat' dir='ltr'><strong>sunt,</strong></span> <span class='ocrx_word' id='word_1_506' title='bbox 1213 3455 1310 3509; x_wconf 90' lang='lat' dir='ltr'><strong>sed</strong></span> <span class='ocrx_word' id='word_1_507' title='bbox 1341 3471 1465 3526; x_wconf 80' lang='lat' dir='ltr'><strong>quae</strong></span> <span class='ocrx_word' id='word_1_508' title='bbox 1502 3461 1697 3510; x_wconf 88' lang='lat' dir='ltr'><strong>nostra</strong></span> <span class='ocrx_word' id='word_1_509' title='bbox 1732 3462 1884 3512; x_wconf 91' lang='lat' dir='ltr'><strong>sunt.</strong></span> 
     </span>
    </p>
   </div>
   <div class='ocr_carea' id='block_1_49' title="bbox 2143 3480 3764 3552">
    <p class='ocr_par' dir='ltr' id='par_1_49' title="bbox 2143 3480 3764 3552">
     <span class='ocr_line' id='line_1_49' title="bbox 2143 3480 3764 3552; baseline 0.002 -18"><span class='ocrx_word' id='word_1_510' title='bbox 2143 3485 2528 3550; x_wconf 86' lang='lat' dir='ltr'><strong>terrogaretur</strong></span> <span class='ocrx_word' id='word_1_511' title='bbox 2546 3481 2846 3552; x_wconf 82' lang='lat' dir='ltr'><strong>Apostolus</strong></span> <span class='ocrx_word' id='word_1_512' title='bbox 2861 3487 2918 3534; x_wconf 90' lang='lat' dir='ltr'><strong>et</strong></span> <span class='ocrx_word' id='word_1_513' title='bbox 2936 3481 3216 3535; x_wconf 89' lang='lat' dir='ltr'><strong>diceretur</strong></span> <span class='ocrx_word' id='word_1_514' title='bbox 3235 3480 3286 3533; x_wconf 91' lang='lat' dir='ltr'><strong>ei</strong></span> <span class='ocrx_word' id='word_1_515' title='bbox 3316 3498 3326 3531; x_wconf 95' lang='lat'>:</span> <span class='ocrx_word' id='word_1_516' title='bbox 3353 3481 3542 3544; x_wconf 85' lang='lat' dir='ltr'><strong>Quare</strong></span> <span class='ocrx_word' id='word_1_517' title='bbox 3561 3480 3764 3536; x_wconf 81' lang='lat' dir='ltr'><strong>dixisti</strong></span> 
     </span>
    </p>
   </div>
   <div class='ocr_carea' id='block_1_50' title="bbox 538 3544 3766 3647">
    <p class='ocr_par' dir='ltr' id='par_1_50' title="bbox 538 3544 3766 3647">
     <span class='ocr_line' id='line_1_50' title="bbox 538 3544 3766 3647; baseline 0.001 -23"><span class='ocrx_word' id='word_1_518' title='bbox 538 3544 805 3644; x_wconf 44' lang='grc' dir='ltr'><strong>θ’,διεω</strong></span> <span class='ocrx_word' id='word_1_519' title='bbox 833 3545 1554 3647; x_wconf 47' lang='grc' dir='ltr'><strong>εθζηςιίρξιξζτῗ,εφτξνξαηίυίε-</strong></span> <span class='ocrx_word' id='word_1_520' title='bbox 1582 3545 1959 3647; x_wconf 39' lang='grc' dir='ltr'><strong>δθωξδξίρξυῐη</strong></span> <span class='ocrx_word' id='word_1_521' title='bbox 1976 3562 2065 3647; x_wconf 48' lang='lat' dir='ltr'><strong>ef‘</strong></span> <span class='ocrx_word' id='word_1_522' title='bbox 2087 3585 2132 3644; x_wconf 84' lang='grc' dir='ltr'><strong>Β</strong></span> <span class='ocrx_word' id='word_1_523' title='bbox 2151 3586 2277 3624; x_wconf 90' lang='lat' dir='ltr'><strong>cum</strong></span> <span class='ocrx_word' id='word_1_524' title='bbox 2299 3544 2508 3624; x_wconf 73' lang='lat' dir='ltr'><strong>timore</strong></span> <span class='ocrx_word' id='word_1_525' title='bbox 2537 3544 2888 3625; x_wconf 41' lang='lat' dir='ltr'><strong>et‘tremore?</strong></span> <span class='ocrx_word' id='word_1_526' title='bbox 2912 3570 3114 3624; x_wconf 89' lang='lat' dir='ltr'><strong>horum</strong></span> <span class='ocrx_word' id='word_1_527' title='bbox 3147 3568 3443 3623; x_wconf 90' lang='lat' dir='ltr'><strong>verborum</strong></span> <span class='ocrx_word' id='word_1_528' title='bbox 3474 3569 3766 3626; x_wconf 88' lang='lat' dir='ltr'><strong>rationem</strong></span> 
     </span>
    </p>
   </div>
   <div class='ocr_carea' id='block_1_51' title="bbox 468 3633 2071 3704">
    <p class='ocr_par' dir='ltr' id='par_1_51' title="bbox 468 3633 2071 3704">
     <span class='ocr_line' id='line_1_51' title="bbox 468 3633 2071 3704; baseline 0.001 -17"><span class='ocrx_word' id='word_1_529' title='bbox 468 3633 716 3688; x_wconf 89' lang='lat' dir='ltr'><strong>inanisse</strong></span> <span class='ocrx_word' id='word_1_530' title='bbox 740 3643 842 3699; x_wconf 86' lang='lat' dir='ltr'><strong>est,</strong></span> <span class='ocrx_word' id='word_1_531' title='bbox 869 3633 940 3688; x_wconf 86' lang='lat' dir='ltr'><strong>ab</strong></span> <span class='ocrx_word' id='word_1_532' title='bbox 969 3633 1373 3688; x_wconf 87' lang='lat' dir='ltr'><strong>invisibilitatis</strong></span> <span class='ocrx_word' id='word_1_533' title='bbox 1403 3649 1517 3688; x_wconf 77' lang='lat' dir='ltr'><strong>suae</strong></span> <span class='ocrx_word' id='word_1_534' title='bbox 1549 3635 1956 3704; x_wconf 87' lang='lat' dir='ltr'><strong>magnitudine,</strong></span> <span class='ocrx_word' id='word_1_535' title='bbox 1986 3636 2071 3690; x_wconf 89' lang='lat' dir='ltr'><strong>vi-</strong></span> 
     </span>
    </p>
   </div>
   <div class='ocr_carea' id='block_1_52' title="bbox 467 3721 2057 3794">
    <p class='ocr_par' dir='ltr' id='par_1_52' title="bbox 467 3721 2057 3794">
     <span class='ocr_line' id='line_1_52' title="bbox 467 3721 2057 3794; baseline 0.001 -18"><span class='ocrx_word' id='word_1_536' title='bbox 467 3722 686 3777; x_wconf 86' lang='lat' dir='ltr'><strong>sibilem</strong></span> <span class='ocrx_word' id='word_1_537' title='bbox 717 3739 776 3778; x_wconf 91' lang='lat' dir='ltr'><strong>se</strong></span> <span class='ocrx_word' id='word_1_538' title='bbox 806 3722 1218 3789; x_wconf 89' lang='lat' dir='ltr'><strong>demonstrare,</strong></span> <span class='ocrx_word' id='word_1_539' title='bbox 1261 3727 1328 3775; x_wconf 91' lang='lat' dir='ltr'><strong>ut</strong></span> <span class='ocrx_word' id='word_1_540' title='bbox 1367 3721 1608 3775; x_wconf 88' lang='lat' dir='ltr'><strong>formam</strong></span> <span class='ocrx_word' id='word_1_541' title='bbox 1648 3723 1793 3776; x_wconf 90' lang='lat' dir='ltr'><strong>servi</strong></span> <span class='ocrx_word' id='word_1_542' title='bbox 1823 3730 2057 3794; x_wconf 86' lang='lat' dir='ltr'><strong>tegeret,</strong></span> 
     </span>
    </p>
   </div>
   <div class='ocr_carea' id='block_1_53' title="bbox 469 3809 2067 3885">
    <p class='ocr_par' dir='ltr' id='par_1_53' title="bbox 469 3809 2067 3885">
     <span class='ocr_line' id='line_1_53' title="bbox 469 3809 2067 3885; baseline 0.001 -19"><span class='ocrx_word' id='word_1_543' title='bbox 469 3811 620 3883; x_wconf 90' lang='lat' dir='ltr'><strong>quod</strong></span> <span class='ocrx_word' id='word_1_544' title='bbox 647 3811 1132 3883; x_wconf 88' lang='lat' dir='ltr'><strong>incircumscripte</strong></span> <span class='ocrx_word' id='word_1_545' title='bbox 1170 3809 1361 3865; x_wconf 85' lang='lat' dir='ltr'><strong>omnia</strong></span> <span class='ocrx_word' id='word_1_546' title='bbox 1389 3826 1455 3864; x_wconf 84' lang='lat' dir='ltr'><strong>ex</strong></span> <span class='ocrx_word' id='word_1_547' title='bbox 1483 3811 1775 3867; x_wconf 85' lang='lat' dir='ltr'><strong>divinitate</strong></span> <span class='ocrx_word' id='word_1_548' title='bbox 1798 3819 2067 3885; x_wconf 87' lang='lat' dir='ltr'><strong>penetra-</strong></span> 
     </span>
    </p>
   </div>
   <div class='ocr_carea' id='block_1_54' title="bbox 469 3906 580 3954">
    <p class='ocr_par' dir='ltr' id='par_1_54' title="bbox 469 3906 580 3954">
     <span class='ocr_line' id='line_1_54' title="bbox 469 3906 580 3954; baseline 0.018 -2"><span class='ocrx_word' id='word_1_549' title='bbox 469 3906 580 3954; x_wconf 89' lang='lat' dir='ltr'><strong>ret.</strong></span> 
     </span>
    </p>
   </div>
   <div class='ocr_carea' id='block_1_55' title="bbox 534 3989 2070 4059">
    <p class='ocr_par' dir='ltr' id='par_1_55' title="bbox 534 3989 2070 4059">
     <span class='ocr_line' id='line_1_55' title="bbox 534 3989 2070 4059; baseline 0.001 -16"><span class='ocrx_word' id='word_1_550' title='bbox 534 3989 590 4043; x_wconf 89' lang='lat'><strong>7.</strong></span> <span class='ocrx_word' id='word_1_551' title='bbox 615 3991 860 4045; x_wconf 68' lang='lat' dir='ltr'><strong>Annos.</strong></span> <span class='ocrx_word' id='word_1_552' title='bbox 893 3989 1000 4045; x_wconf 85' lang='lat' dir='ltr'><strong>Sed</strong></span> <span class='ocrx_word' id='word_1_553' title='bbox 1035 3992 1412 4058; x_wconf 88' lang='lat' dir='ltr'><strong>semetipsum,</strong></span> <span class='ocrx_word' id='word_1_554' title='bbox 1459 3990 1563 4043; x_wconf 82' lang='lat' dir='ltr'><strong>hoc</strong></span> <span class='ocrx_word' id='word_1_555' title='bbox 1612 3994 1698 4042; x_wconf 86' lang='lat' dir='ltr'><strong>est</strong></span> <span class='ocrx_word' id='word_1_556' title='bbox 1733 3989 2070 4059; x_wconf 88' lang='lat' dir='ltr'><strong>dignitatem</strong></span> 
     </span>
    </p>
   </div>
   <div class='ocr_carea' id='block_1_56' title="bbox 466 4077 2070 4142">
    <p class='ocr_par' dir='ltr' id='par_1_56' title="bbox 466 4077 2070 4142">
     <span class='ocr_line' id='line_1_56' title="bbox 466 4077 2070 4142; baseline -0.001 -8"><span class='ocrx_word' id='word_1_557' title='bbox 466 4094 629 4134; x_wconf 82' lang='lat' dir='ltr'><strong>suam</strong></span> <span class='ocrx_word' id='word_1_558' title='bbox 653 4078 970 4142; x_wconf 88' lang='lat' dir='ltr'><strong>abscondit,</strong></span> <span class='ocrx_word' id='word_1_559' title='bbox 999 4077 1103 4131; x_wconf 88' lang='lat' dir='ltr'><strong>hoc</strong></span> <span class='ocrx_word' id='word_1_560' title='bbox 1141 4078 1322 4132; x_wconf 92' lang='lat' dir='ltr'><strong>solum</strong></span> <span class='ocrx_word' id='word_1_561' title='bbox 1367 4078 1519 4132; x_wconf 91' lang='lat' dir='ltr'><strong>enim</strong></span> <span class='ocrx_word' id='word_1_562' title='bbox 1563 4078 1923 4132; x_wconf 88' lang='lat' dir='ltr'><strong>audientibus</strong></span> <span class='ocrx_word' id='word_1_563' title='bbox 1949 4095 2070 4133; x_wconf 90' lang='lat' dir='ltr'><strong>esse</strong></span> 
     </span>
    </p>
   </div>
   <div class='ocr_carea' id='block_1_57' title="bbox 467 4166 1640 4238">
    <p class='ocr_par' dir='ltr' id='par_1_57' title="bbox 467 4166 1640 4238">
     <span class='ocr_line' id='line_1_57' title="bbox 467 4166 1640 4238; baseline -0.001 -17"><span class='ocrx_word' id='word_1_564' title='bbox 467 4167 896 4222; x_wconf 86' lang='lat' dir='ltr'><strong>existimabatur</strong></span> <span class='ocrx_word' id='word_1_565' title='bbox 925 4166 1072 4236; x_wconf 91' lang='lat' dir='ltr'><strong>quod</strong></span> <span class='ocrx_word' id='word_1_566' title='bbox 1105 4171 1162 4220; x_wconf 91' lang='lat' dir='ltr'><strong>et</strong></span> <span class='ocrx_word' id='word_1_567' title='bbox 1189 4166 1362 4221; x_wconf 90' lang='lat' dir='ltr'><strong>videri</strong></span> <span class='ocrx_word' id='word_1_568' title='bbox 1402 4171 1640 4238; x_wconf 84' lang='lat' dir='ltr'><strong>poterat.</strong></span> 
     </span>
    </p>
   </div>
   <div class='ocr_carea' id='block_1_58' title="bbox 538 4255 2072 4322">
    <p class='ocr_par' dir='ltr' id='par_1_58' title="bbox 538 4255 2072 4322">
     <span class='ocr_line' id='line_1_58' title="bbox 538 4255 2072 4322; baseline -0.001 -12"><span class='ocrx_word' id='word_1_569' title='bbox 538 4255 594 4310; x_wconf 91' lang='lat'><strong>8.</strong></span> <span class='ocrx_word' id='word_1_570' title='bbox 633 4257 892 4310; x_wconf 81' lang='lat' dir='ltr'><strong>Formam</strong></span> <span class='ocrx_word' id='word_1_571' title='bbox 921 4258 1084 4308; x_wconf 79' lang='lat' dir='ltr'><strong>servi.</strong></span> <span class='ocrx_word' id='word_1_572' title='bbox 1116 4255 1274 4318; x_wconf 89' lang='lat' dir='ltr'><strong>Quod</strong></span> <span class='ocrx_word' id='word_1_573' title='bbox 1303 4255 1465 4322; x_wconf 87' lang='lat' dir='ltr'><strong>dixit,</strong></span> <span class='ocrx_word' id='word_1_574' title='bbox 1492 4257 1749 4310; x_wconf 79' lang='lat' dir='ltr'><strong>Formam</strong></span> <span class='ocrx_word' id='word_1_575' title='bbox 1770 4259 1914 4310; x_wconf 85' lang='lat' dir='ltr'><strong>servi</strong></span> <span class='ocrx_word' id='word_1_576' title='bbox 1925 4258 2072 4310; x_wconf 83' lang='lat' dir='ltr'><strong>acci-</strong></span> 
     </span>
    </p>
   </div>
   <div class='ocr_carea' id='block_1_59' title="bbox 467 4343 2070 4414">
    <p class='ocr_par' dir='ltr' id='par_1_59' title="bbox 467 4343 2070 4414">
     <span class='ocr_line' id='line_1_59' title="bbox 467 4343 2070 4414; baseline 0 -16"><span class='ocrx_word' id='word_1_577' title='bbox 467 4348 648 4414; x_wconf 88' lang='lat' dir='ltr'><strong>piens,</strong></span> <span class='ocrx_word' id='word_1_578' title='bbox 679 4343 938 4414; x_wconf 86' lang='lat' dir='ltr'><strong>exposuit</strong></span> <span class='ocrx_word' id='word_1_579' title='bbox 966 4343 1197 4407; x_wconf 90' lang='lat' dir='ltr'><strong>addens,</strong></span> <span class='ocrx_word' id='word_1_580' title='bbox 1223 4347 1288 4397; x_wconf 90' lang='lat' dir='ltr'><strong>in</strong></span> <span class='ocrx_word' id='word_1_581' title='bbox 1309 4347 1744 4398; x_wconf 87' lang='lat' dir='ltr'><strong>similitudinem</strong></span> <span class='ocrx_word' id='word_1_582' title='bbox 1775 4345 2070 4398; x_wconf 88' lang='lat' dir='ltr'><strong>hominum</strong></span> 
     </span>
    </p>
   </div>
   <div class='ocr_carea' id='block_1_60' title="bbox 467 4431 2067 4503">
    <p class='ocr_par' dir='ltr' id='par_1_60' title="bbox 467 4431 2067 4503">
     <span class='ocr_line' id='line_1_60' title="bbox 467 4431 2067 4503; baseline -0.001 -16"><span class='ocrx_word' id='word_1_583' title='bbox 467 4435 669 4502; x_wconf 78' lang='lat' dir='ltr'><strong>factus,</strong></span> <span class='ocrx_word' id='word_1_584' title='bbox 703 4434 885 4486; x_wconf 87' lang='lat' dir='ltr'><strong>factus</strong></span> <span class='ocrx_word' id='word_1_585' title='bbox 913 4431 1102 4503; x_wconf 89' lang='lat' dir='ltr'><strong>posuit</strong></span> <span class='ocrx_word' id='word_1_586' title='bbox 1129 4448 1230 4503; x_wconf 90' lang='lat' dir='ltr'><strong>pro</strong></span> <span class='ocrx_word' id='word_1_587' title='bbox 1259 4431 1541 4499; x_wconf 83' lang='lat' dir='ltr'><strong>habitans,</strong></span> <span class='ocrx_word' id='word_1_588' title='bbox 1558 4434 2067 4488; x_wconf 77' lang='lat' dir='ltr'><strong>insinu&#39;litudinem</strong></span> 
     </span>
    </p>
   </div>
   <div class='ocr_carea' id='block_1_61' title="bbox 470 4520 1344 4587">
    <p class='ocr_par' dir='ltr' id='par_1_61' title="bbox 470 4520 1344 4587">
     <span class='ocr_line' id='line_1_61' title="bbox 470 4520 1344 4587; baseline -0.002 -11"><span class='ocrx_word' id='word_1_589' title='bbox 470 4522 762 4576; x_wconf 82' lang='lat' dir='ltr'><strong>hominum</strong></span> <span class='ocrx_word' id='word_1_590' title='bbox 789 4520 846 4574; x_wconf 93' lang='lat' dir='ltr'><strong>id</strong></span> <span class='ocrx_word' id='word_1_591' title='bbox 878 4527 982 4587; x_wconf 88' lang='lat' dir='ltr'><strong>est,</strong></span> <span class='ocrx_word' id='word_1_592' title='bbox 1013 4525 1072 4574; x_wconf 80' lang='lat' dir='ltr'><strong>in</strong></span> <span class='ocrx_word' id='word_1_593' title='bbox 1097 4520 1344 4576; x_wconf 88' lang='lat' dir='ltr'><strong>homine.</strong></span> 
     </span>
    </p>
   </div>
   <div class='ocr_carea' id='block_1_62' title="bbox 541 4609 2066 4682">
    <p class='ocr_par' dir='ltr' id='par_1_62' title="bbox 541 4609 2066 4682">
     <span class='ocr_line' id='line_1_62' title="bbox 541 4609 2066 4682; baseline -0.001 -17"><span class='ocrx_word' id='word_1_594' title='bbox 541 4611 595 4665; x_wconf 87' lang='grc'><strong>9.</strong></span> <span class='ocrx_word' id='word_1_595' title='bbox 619 4613 860 4665; x_wconf 77' lang='lat' dir='ltr'><strong>Aucusr.</strong></span> <span class='ocrx_word' id='word_1_596' title='bbox 909 4609 1026 4679; x_wconf 77' lang='lat' dir='ltr'><strong>(lib.</strong></span> <span class='ocrx_word' id='word_1_597' title='bbox 1079 4624 1306 4676; x_wconf 75' lang='lat' dir='ltr'><strong>LXXXIII,</strong></span> <span class='ocrx_word' id='word_1_598' title='bbox 1339 4611 1531 4678; x_wconf 72' lang='lat' dir='ltr'><strong>Quaest.</strong></span> <span class='ocrx_word' id='word_1_599' title='bbox 1575 4629 1630 4682; x_wconf 92' lang='lat' dir='ltr'><strong>q.</strong></span> <span class='ocrx_word' id='word_1_600' title='bbox 1667 4609 1758 4676; x_wconf 89' lang='lat'><strong>73,</strong></span> <span class='ocrx_word' id='word_1_601' title='bbox 1785 4615 1922 4664; x_wconf 92' lang='lat' dir='ltr'><strong>tom.</strong></span> <span class='ocrx_word' id='word_1_602' title='bbox 1948 4610 2066 4675; x_wconf 84' lang='lat' dir='ltr'><strong>IV.)</strong></span> 
     </span>
    </p>
   </div>
   <div class='ocr_carea' id='block_1_63' title="bbox 470 4698 2070 4766">
    <p class='ocr_par' dir='ltr' id='par_1_63' title="bbox 470 4698 2070 4766">
     <span class='ocr_line' id='line_1_63' title="bbox 470 4698 2070 4766; baseline -0.002 -12"><span class='ocrx_word' id='word_1_603' title='bbox 470 4700 678 4754; x_wconf 82' lang='lat' dir='ltr'><strong>Habitu</strong></span> <span class='ocrx_word' id='word_1_604' title='bbox 699 4703 975 4766; x_wconf 86' lang='lat' dir='ltr'><strong>inventus,</strong></span> <span class='ocrx_word' id='word_1_605' title='bbox 994 4698 1050 4752; x_wconf 92' lang='lat' dir='ltr'><strong>id</strong></span> <span class='ocrx_word' id='word_1_606' title='bbox 1066 4705 1171 4765; x_wconf 87' lang='lat' dir='ltr'><strong>est,</strong></span> <span class='ocrx_word' id='word_1_607' title='bbox 1190 4698 1447 4754; x_wconf 88' lang='lat' dir='ltr'><strong>habendo</strong></span> <span class='ocrx_word' id='word_1_608' title='bbox 1468 4699 1776 4766; x_wconf 91' lang='lat' dir='ltr'><strong>hominem,</strong></span> <span class='ocrx_word' id='word_1_609' title='bbox 1810 4699 2070 4752; x_wconf 90' lang='lat' dir='ltr'><strong>inventus</strong></span> 
     </span>
    </p>
   </div>
   <div class='ocr_carea' id='block_1_64' title="bbox 472 4786 862 4843">
    <p class='ocr_par' dir='ltr' id='par_1_64' title="bbox 472 4786 862 4843">
     <span class='ocr_line' id='line_1_64' title="bbox 472 4786 862 4843; baseline -0.003 -1"><span class='ocrx_word' id='word_1_610' title='bbox 472 4793 539 4843; x_wconf 88' lang='lat' dir='ltr'><strong>ut</strong></span> <span class='ocrx_word' id='word_1_611' title='bbox 558 4786 727 4842; x_wconf 85' lang='lat' dir='ltr'><strong>homo</strong></span> <span class='ocrx_word' id='word_1_612' title='bbox 758 4793 862 4842; x_wconf 88' lang='lat' dir='ltr'><strong>est.</strong></span> 
     </span>
    </p>
   </div>
   <div class='ocr_carea' id='block_1_65' title="bbox 544 4875 2068 4946">
    <p class='ocr_par' dir='ltr' id='par_1_65' title="bbox 544 4875 2068 4946">
     <span class='ocr_line' id='line_1_65' title="bbox 544 4875 2068 4946; baseline -0.001 -14"><span class='ocrx_word' id='word_1_613' title='bbox 544 4878 792 4933; x_wconf 71' lang='lat' dir='ltr'><strong>AMBROS.</strong></span> <span class='ocrx_word' id='word_1_614' title='bbox 831 4877 1168 4932; x_wconf 83' lang='lat' dir='ltr'><strong>Humiliavit</strong></span> <span class='ocrx_word' id='word_1_615' title='bbox 1205 4879 1581 4945; x_wconf 86' lang='lat' dir='ltr'><strong>semetipsum.</strong></span> <span class='ocrx_word' id='word_1_616' title='bbox 1620 4876 1810 4946; x_wconf 90' lang='lat' dir='ltr'><strong>Usque</strong></span> <span class='ocrx_word' id='word_1_617' title='bbox 1837 4875 1893 4930; x_wconf 91' lang='lat' dir='ltr'><strong>in</strong></span> <span class='ocrx_word' id='word_1_618' title='bbox 1918 4877 2068 4930; x_wconf 88' lang='lat' dir='ltr'><strong>hunc</strong></span> 
     </span>
    </p>
   </div>
   <div class='ocr_carea' id='block_1_66' title="bbox 469 4963 2068 5037">
    <p class='ocr_par' dir='ltr' id='par_1_66' title="bbox 469 4963 2068 5037">
     <span class='ocr_line' id='line_1_66' title="bbox 469 4963 2068 5037; baseline -0.003 -15"><span class='ocrx_word' id='word_1_619' title='bbox 469 4967 656 5022; x_wconf 91' lang='lat' dir='ltr'><strong>locum</strong></span> <span class='ocrx_word' id='word_1_620' title='bbox 685 4966 784 5021; x_wconf 89' lang='lat' dir='ltr'><strong>illa</strong></span> <span class='ocrx_word' id='word_1_621' title='bbox 808 4982 930 5037; x_wconf 69' lang='lat' dir='ltr'><strong>quae</strong></span> <span class='ocrx_word' id='word_1_622' title='bbox 967 4966 1039 5020; x_wconf 90' lang='lat' dir='ltr'><strong>ad</strong></span> <span class='ocrx_word' id='word_1_623' title='bbox 1065 4965 1312 5020; x_wconf 90' lang='lat' dir='ltr'><strong>divinam</strong></span> <span class='ocrx_word' id='word_1_624' title='bbox 1351 4971 1614 5020; x_wconf 84' lang='lat' dir='ltr'><strong>naturam</strong></span> <span class='ocrx_word' id='word_1_625' title='bbox 1661 4963 1948 5035; x_wconf 87' lang='lat' dir='ltr'><strong>pertinent</strong></span> <span class='ocrx_word' id='word_1_626' title='bbox 1988 4965 2068 5018; x_wconf 84' lang='lat' dir='ltr'><strong>vi-</strong></span> 
     </span>
    </p>
   </div>
   <div class='ocr_carea' id='block_1_67' title="bbox 469 5053 2068 5123">
    <p class='ocr_par' dir='ltr' id='par_1_67' title="bbox 469 5053 2068 5123">
     <span class='ocr_line' id='line_1_67' title="bbox 469 5053 2068 5123; baseline -0.003 -12"><span class='ocrx_word' id='word_1_627' title='bbox 469 5071 567 5112; x_wconf 87' lang='lat' dir='ltr'><strong>sus</strong></span> <span class='ocrx_word' id='word_1_628' title='bbox 595 5061 682 5112; x_wconf 88' lang='lat' dir='ltr'><strong>est</strong></span> <span class='ocrx_word' id='word_1_629' title='bbox 707 5054 930 5111; x_wconf 81' lang='lat' dir='ltr'><strong>dixisse.</strong></span> <span class='ocrx_word' id='word_1_630' title='bbox 963 5057 1088 5110; x_wconf 89' lang='lat' dir='ltr'><strong>Jam</strong></span> <span class='ocrx_word' id='word_1_631' title='bbox 1110 5071 1238 5109; x_wconf 89' lang='lat' dir='ltr'><strong>vero</strong></span> <span class='ocrx_word' id='word_1_632' title='bbox 1260 5055 1330 5108; x_wconf 91' lang='lat' dir='ltr'><strong>ad</strong></span> <span class='ocrx_word' id='word_1_633' title='bbox 1361 5053 1458 5108; x_wconf 89' lang='lat' dir='ltr'><strong>illa</strong></span> <span class='ocrx_word' id='word_1_634' title='bbox 1484 5053 1689 5107; x_wconf 86' lang='lat' dir='ltr'><strong>transit</strong></span> <span class='ocrx_word' id='word_1_635' title='bbox 1719 5069 1842 5123; x_wconf 74' lang='lat' dir='ltr'><strong>quae</strong></span> <span class='ocrx_word' id='word_1_636' title='bbox 1872 5053 2068 5107; x_wconf 87' lang='lat' dir='ltr'><strong>huma-</strong></span> 
     </span>
    </p>
   </div>
   <div class='ocr_carea' id='block_1_68' title="bbox 469 5145 1290 5218">
    <p class='ocr_par' dir='ltr' id='par_1_68' title="bbox 469 5145 1290 5218">
     <span class='ocr_line' id='line_1_68' title="bbox 469 5145 1290 5218; baseline -0.005 -17"><span class='ocrx_word' id='word_1_637' title='bbox 469 5163 556 5201; x_wconf 83' lang='lat' dir='ltr'><strong>nae</strong></span> <span class='ocrx_word' id='word_1_638' title='bbox 584 5151 821 5218; x_wconf 89' lang='lat' dir='ltr'><strong>possunt</strong></span> <span class='ocrx_word' id='word_1_639' title='bbox 848 5145 1030 5217; x_wconf 88' lang='lat' dir='ltr'><strong>aptari</strong></span> <span class='ocrx_word' id='word_1_640' title='bbox 1054 5150 1290 5198; x_wconf 58' lang='lat' dir='ltr'><strong>natura}.</strong></span> 
     </span>
    </p>
   </div>
   <div class='ocr_carea' id='block_1_69' title="bbox 539 5229 2067 5304">
    <p class='ocr_par' dir='ltr' id='par_1_69' title="bbox 539 5229 2067 5304">
     <span class='ocr_line' id='line_1_69' title="bbox 539 5229 2067 5304; baseline -0.003 -15"><span class='ocrx_word' id='word_1_641' title='bbox 539 5233 632 5293; x_wconf 84' lang='grc'><strong>10.</strong></span> <span class='ocrx_word' id='word_1_642' title='bbox 652 5237 880 5304; x_wconf 85' lang='lat' dir='ltr'><strong>Propter</strong></span> <span class='ocrx_word' id='word_1_643' title='bbox 898 5237 1042 5304; x_wconf 89' lang='lat' dir='ltr'><strong>quod</strong></span> <span class='ocrx_word' id='word_1_644' title='bbox 1049 5274 1061 5287; x_wconf 95' lang='lat'><strong>.</strong></span> <span class='ocrx_word' id='word_1_645' title='bbox 1083 5233 1202 5288; x_wconf 92' lang='lat' dir='ltr'><strong>Illis</strong></span> <span class='ocrx_word' id='word_1_646' title='bbox 1223 5230 1577 5286; x_wconf 89' lang='lat' dir='ltr'><strong>sermonibus</strong></span> <span class='ocrx_word' id='word_1_647' title='bbox 1603 5231 1695 5301; x_wconf 90' lang='lat' dir='ltr'><strong>qui</strong></span> <span class='ocrx_word' id='word_1_648' title='bbox 1709 5235 1872 5284; x_wconf 89' lang='lat' dir='ltr'><strong>erant</strong></span> <span class='ocrx_word' id='word_1_649' title='bbox 1887 5229 2067 5285; x_wconf 82' lang='lat' dir='ltr'><strong>deita-</strong></span> 
     </span>
    </p>
   </div>
   <div class='ocr_carea' id='block_1_70' title="bbox 469 5319 2067 5390">
    <p class='ocr_par' dir='ltr' id='par_1_70' title="bbox 469 5319 2067 5390">
     <span class='ocr_line' id='line_1_70' title="bbox 469 5319 2067 5390; baseline -0.004 -11"><span class='ocrx_word' id='word_1_650' title='bbox 469 5323 544 5380; x_wconf 90' lang='lat' dir='ltr'><strong>tis</strong></span> <span class='ocrx_word' id='word_1_651' title='bbox 571 5323 843 5378; x_wconf 86' lang='lat' dir='ltr'><strong>suadebat</strong></span> <span class='ocrx_word' id='word_1_652' title='bbox 871 5323 1032 5378; x_wconf 83' lang='lat' dir='ltr'><strong>nobis</strong></span> <span class='ocrx_word' id='word_1_653' title='bbox 1081 5321 1494 5386; x_wconf 86' lang='lat' dir='ltr'><strong>humilitatem;</strong></span> <span class='ocrx_word' id='word_1_654' title='bbox 1537 5319 1608 5373; x_wconf 83' lang='lat' dir='ltr'><strong>de</strong></span> <span class='ocrx_word' id='word_1_655' title='bbox 1655 5319 1764 5373; x_wconf 89' lang='lat' dir='ltr'><strong>illis</strong></span> <span class='ocrx_word' id='word_1_656' title='bbox 1801 5336 1932 5373; x_wconf 90' lang='lat' dir='ltr'><strong>vero</strong></span> <span class='ocrx_word' id='word_1_657' title='bbox 1972 5320 2067 5390; x_wconf 91' lang='lat' dir='ltr'><strong>qui</strong></span> 
     </span>
    </p>
   </div>
   <div class='ocr_carea' id='block_1_71' title="bbox 469 5408 2068 5480">
    <p class='ocr_par' dir='ltr' id='par_1_71' title="bbox 469 5408 2068 5480">
     <span class='ocr_line' id='line_1_71' title="bbox 469 5408 2068 5480; baseline -0.004 -12"><span class='ocrx_word' id='word_1_658' title='bbox 469 5413 780 5468; x_wconf 79' lang='lat' dir='ltr'><strong>secundum</strong></span> <span class='ocrx_word' id='word_1_659' title='bbox 816 5412 1228 5468; x_wconf 86' lang='lat' dir='ltr'><strong>humanitatem</strong></span> <span class='ocrx_word' id='word_1_660' title='bbox 1268 5408 1398 5463; x_wconf 80' lang='lat' dir='ltr'><strong>facti</strong></span> <span class='ocrx_word' id='word_1_661' title='bbox 1427 5415 1578 5476; x_wconf 89' lang='lat' dir='ltr'><strong>sunt,</strong></span> <span class='ocrx_word' id='word_1_662' title='bbox 1612 5408 1859 5463; x_wconf 89' lang='lat' dir='ltr'><strong>ostendit</strong></span> <span class='ocrx_word' id='word_1_663' title='bbox 1889 5409 2068 5480; x_wconf 90' lang='lat' dir='ltr'><strong>ipsam</strong></span> 
     </span>
    </p>
   </div>
   <div class='ocr_carea' id='block_1_72' title="bbox 471 5500 1531 5558">
    <p class='ocr_par' dir='ltr' id='par_1_72' title="bbox 471 5500 1531 5558">
     <span class='ocr_line' id='line_1_72' title="bbox 471 5500 1531 5558; baseline -0.006 0"><span class='ocrx_word' id='word_1_664' title='bbox 471 5500 849 5558; x_wconf 83' lang='lat' dir='ltr'><strong>humilitatem</strong></span> <span class='ocrx_word' id='word_1_665' title='bbox 877 5501 1210 5558; x_wconf 86' lang='lat' dir='ltr'><strong>lucrativam</strong></span> <span class='ocrx_word' id='word_1_666' title='bbox 1238 5514 1358 5554; x_wconf 90' lang='lat' dir='ltr'><strong>rem</strong></span> <span class='ocrx_word' id='word_1_667' title='bbox 1389 5514 1531 5553; x_wconf 90' lang='lat' dir='ltr'><strong>esse.</strong></span> 
     </span>
    </p>
   </div>
   <div class='ocr_carea' id='block_1_73' title="bbox 540 5585 2064 5658">
    <p class='ocr_par' dir='ltr' id='par_1_73' title="bbox 540 5585 2064 5658">
     <span class='ocr_line' id='line_1_73' title="bbox 540 5585 2064 5658; baseline -0.004 -10"><span class='ocrx_word' id='word_1_668' title='bbox 540 5591 628 5648; x_wconf 76' lang='grc'><strong>11.</strong></span> <span class='ocrx_word' id='word_1_669' title='bbox 661 5591 726 5645; x_wconf 81' lang='lat' dir='ltr'><strong>Et</strong></span> <span class='ocrx_word' id='word_1_670' title='bbox 751 5592 978 5653; x_wconf 76' lang='lat' dir='ltr'><strong>donavit</strong></span> <span class='ocrx_word' id='word_1_671' title='bbox 1006 5590 1119 5644; x_wconf 86' lang='lat' dir='ltr'><strong>illi.</strong></span> <span class='ocrx_word' id='word_1_672' title='bbox 1149 5587 1384 5646; x_wconf 84' lang='lat' dir='ltr'><strong>Evidens</strong></span> <span class='ocrx_word' id='word_1_673' title='bbox 1406 5593 1492 5643; x_wconf 88' lang='lat' dir='ltr'><strong>est</strong></span> <span class='ocrx_word' id='word_1_674' title='bbox 1510 5587 1660 5658; x_wconf 89' lang='lat' dir='ltr'><strong>quod</strong></span> <span class='ocrx_word' id='word_1_675' title='bbox 1691 5602 1802 5642; x_wconf 91' lang='lat' dir='ltr'><strong>non</strong></span> <span class='ocrx_word' id='word_1_676' title='bbox 1825 5585 2064 5642; x_wconf 78' lang='lat' dir='ltr'><strong>vocabu-</strong></span> 
     </span>
    </p>
   </div>
   <div class='ocr_carea' id='block_1_74' title="bbox 2152 3658 3764 3726">
    <p class='ocr_par' dir='ltr' id='par_1_74' title="bbox 2152 3658 3764 3726">
     <span class='ocr_line' id='line_1_74' title="bbox 2152 3658 3764 3726; baseline 0.002 -14"><span class='ocrx_word' id='word_1_677' title='bbox 2152 3658 2400 3712; x_wconf 90' lang='lat' dir='ltr'><strong>reddidit</strong></span> <span class='ocrx_word' id='word_1_678' title='bbox 2427 3658 2616 3712; x_wconf 89' lang='lat' dir='ltr'><strong>dicens</strong></span> <span class='ocrx_word' id='word_1_679' title='bbox 2651 3676 2663 3712; x_wconf 92' lang='lat'>:</span> <span class='ocrx_word' id='word_1_680' title='bbox 2695 3661 2836 3712; x_wconf 80' lang='lat' dir='ltr'><strong>Deus</strong></span> <span class='ocrx_word' id='word_1_681' title='bbox 2863 3663 3014 3712; x_wconf 89' lang='lat' dir='ltr'><strong>enim</strong></span> <span class='ocrx_word' id='word_1_682' title='bbox 3037 3675 3132 3726; x_wconf 75' lang='lat' dir='ltr'><strong>qui</strong></span> <span class='ocrx_word' id='word_1_683' title='bbox 3175 3663 3438 3726; x_wconf 80' lang='lat' dir='ltr'><strong>operatur</strong></span> <span class='ocrx_word' id='word_1_684' title='bbox 3477 3660 3541 3711; x_wconf 90' lang='lat' dir='ltr'><strong>in</strong></span> <span class='ocrx_word' id='word_1_685' title='bbox 3581 3662 3764 3716; x_wconf 78' lang='lat' dir='ltr'><strong>vobis.</strong></span> 
     </span>
    </p>
   </div>
   <div class='ocr_carea' id='block_1_75' title="bbox 2155 3745 3766 3812">
    <p class='ocr_par' dir='ltr' id='par_1_75' title="bbox 2155 3745 3766 3812">
     <span class='ocr_line' id='line_1_75' title="bbox 2155 3745 3766 3812; baseline 0.001 -12"><span class='ocrx_word' id='word_1_686' title='bbox 2155 3747 2211 3801; x_wconf 91' lang='lat' dir='ltr'><strong>Si</strong></span> <span class='ocrx_word' id='word_1_687' title='bbox 2243 3747 2392 3801; x_wconf 91' lang='lat' dir='ltr'><strong>enim</strong></span> <span class='ocrx_word' id='word_1_688' title='bbox 2420 3747 2634 3802; x_wconf 90' lang='lat' dir='ltr'><strong>timetis</strong></span> <span class='ocrx_word' id='word_1_689' title='bbox 2677 3753 2734 3802; x_wconf 88' lang='lat' dir='ltr'><strong>et</strong></span> <span class='ocrx_word' id='word_1_690' title='bbox 2779 3747 3043 3812; x_wconf 88' lang='lat' dir='ltr'><strong>tremitis,</strong></span> <span class='ocrx_word' id='word_1_691' title='bbox 3091 3763 3204 3801; x_wconf 92' lang='lat' dir='ltr'><strong>non</strong></span> <span class='ocrx_word' id='word_1_692' title='bbox 3243 3745 3579 3801; x_wconf 82' lang='lat' dir='ltr'><strong>extollimini</strong></span> <span class='ocrx_word' id='word_1_693' title='bbox 3625 3753 3766 3802; x_wconf 85' lang='lat' dir='ltr'><strong>tan-</strong></span> 
     </span>
    </p>
   </div>
   <div class='ocr_carea' id='block_1_76' title="bbox 2151 3838 3764 3911">
    <p class='ocr_par' dir='ltr' id='par_1_76' title="bbox 2151 3838 3764 3911">
     <span class='ocr_line' id='line_1_76' title="bbox 2151 3838 3764 3911; baseline 0.001 -19"><span class='ocrx_word' id='word_1_694' title='bbox 2151 3855 2319 3909; x_wconf 89' lang='lat' dir='ltr'><strong>quam</strong></span> <span class='ocrx_word' id='word_1_695' title='bbox 2349 3839 2418 3894; x_wconf 91' lang='lat' dir='ltr'><strong>de</strong></span> <span class='ocrx_word' id='word_1_696' title='bbox 2447 3839 2641 3893; x_wconf 89' lang='lat' dir='ltr'><strong>vestris</strong></span> <span class='ocrx_word' id='word_1_697' title='bbox 2678 3839 2839 3892; x_wconf 91' lang='lat' dir='ltr'><strong>bonis</strong></span> <span class='ocrx_word' id='word_1_698' title='bbox 2869 3838 3152 3910; x_wconf 90' lang='lat' dir='ltr'><strong>operibus,</strong></span> <span class='ocrx_word' id='word_1_699' title='bbox 3183 3838 3318 3909; x_wconf 89' lang='lat' dir='ltr'><strong>quia</strong></span> <span class='ocrx_word' id='word_1_700' title='bbox 3359 3838 3509 3892; x_wconf 90' lang='lat' dir='ltr'><strong>Deus</strong></span> <span class='ocrx_word' id='word_1_701' title='bbox 3537 3843 3629 3892; x_wconf 89' lang='lat' dir='ltr'><strong>est</strong></span> <span class='ocrx_word' id='word_1_702' title='bbox 3659 3841 3764 3911; x_wconf 87' lang='lat' dir='ltr'><strong>qui</strong></span> 
     </span>
    </p>
   </div>
   <div class='ocr_carea' id='block_1_77' title="bbox 2152 3927 2699 3998">
    <p class='ocr_par' dir='ltr' id='par_1_77' title="bbox 2152 3927 2699 3998">
     <span class='ocr_line' id='line_1_77' title="bbox 2152 3927 2699 3998; baseline 0.004 -18"><span class='ocrx_word' id='word_1_703' title='bbox 2152 3934 2420 3998; x_wconf 86' lang='lat' dir='ltr'><strong>operatur</strong></span> <span class='ocrx_word' id='word_1_704' title='bbox 2439 3928 2494 3982; x_wconf 90' lang='lat' dir='ltr'><strong>in</strong></span> <span class='ocrx_word' id='word_1_705' title='bbox 2528 3927 2699 3982; x_wconf 91' lang='lat' dir='ltr'><strong>vobis.</strong></span> 
     </span>
    </p>
   </div>
   <div class='ocr_carea' id='block_1_78' title="bbox 2227 4013 3763 4072">
    <p class='ocr_par' dir='ltr' id='par_1_78' title="bbox 2227 4013 3763 4072">
     <span class='ocr_line' id='line_1_78' title="bbox 2227 4013 3763 4072; baseline 0.001 -4"><span class='ocrx_word' id='word_1_706' title='bbox 2227 4016 2313 4072; x_wconf 82' lang='grc'><strong>15.</strong></span> <span class='ocrx_word' id='word_1_707' title='bbox 2345 4016 2549 4071; x_wconf 63' lang='lat' dir='ltr'><strong>Lxsra.</strong></span> <span class='ocrx_word' id='word_1_708' title='bbox 2577 4019 2716 4070; x_wconf 84' lang='lat' dir='ltr'><strong>Deus</strong></span> <span class='ocrx_word' id='word_1_709' title='bbox 2738 4021 2815 4070; x_wconf 83' lang='lat' dir='ltr'><strong>est</strong></span> <span class='ocrx_word' id='word_1_710' title='bbox 2842 4018 3013 4071; x_wconf 85' lang='lat' dir='ltr'><strong>enim.</strong></span> <span class='ocrx_word' id='word_1_711' title='bbox 3045 4014 3209 4070; x_wconf 89' lang='lat' dir='ltr'><strong>Ratio</strong></span> <span class='ocrx_word' id='word_1_712' title='bbox 3240 4031 3341 4069; x_wconf 91' lang='lat' dir='ltr'><strong>cur</strong></span> <span class='ocrx_word' id='word_1_713' title='bbox 3386 4013 3588 4068; x_wconf 81' lang='lat' dir='ltr'><strong>dixerit</strong></span> <span class='ocrx_word' id='word_1_714' title='bbox 3623 4031 3763 4070; x_wconf 90' lang='lat' dir='ltr'><strong>cum</strong></span> 
     </span>
    </p>
   </div>
   <div class='ocr_carea' id='block_1_79' title="bbox 2154 4103 3762 4172">
    <p class='ocr_par' dir='ltr' id='par_1_79' title="bbox 2154 4103 3762 4172">
     <span class='ocr_line' id='line_1_79' title="bbox 2154 4103 3762 4172; baseline 0 -14"><span class='ocrx_word' id='word_1_715' title='bbox 2154 4111 2309 4159; x_wconf 88' lang='lat' dir='ltr'><strong>metu</strong></span> <span class='ocrx_word' id='word_1_716' title='bbox 2337 4111 2394 4158; x_wconf 87' lang='lat' dir='ltr'><strong>et</strong></span> <span class='ocrx_word' id='word_1_717' title='bbox 2419 4113 2665 4160; x_wconf 86' lang='lat' dir='ltr'><strong>tremore</strong></span> <span class='ocrx_word' id='word_1_718' title='bbox 2689 4124 2702 4172; x_wconf 90' lang='lat'><strong>;</strong></span> <span class='ocrx_word' id='word_1_719' title='bbox 2730 4120 2954 4159; x_wconf 89' lang='lat' dir='ltr'><strong>summa</strong></span> <span class='ocrx_word' id='word_1_720' title='bbox 2983 4104 3133 4158; x_wconf 90' lang='lat' dir='ltr'><strong>enim</strong></span> <span class='ocrx_word' id='word_1_721' title='bbox 3164 4103 3476 4158; x_wconf 87' lang='lat' dir='ltr'><strong>reverentia</strong></span> <span class='ocrx_word' id='word_1_722' title='bbox 3505 4108 3563 4156; x_wconf 91' lang='lat' dir='ltr'><strong>et</strong></span> <span class='ocrx_word' id='word_1_723' title='bbox 3589 4119 3762 4158; x_wconf 83' lang='lat' dir='ltr'><strong>men-</strong></span> 
     </span>
    </p>
   </div>
   <div class='ocr_carea' id='block_1_80' title="bbox 2155 4192 3762 4266">
    <p class='ocr_par' dir='ltr' id='par_1_80' title="bbox 2155 4192 3762 4266">
     <span class='ocr_line' id='line_1_80' title="bbox 2155 4192 3762 4266; baseline -0.001 -18"><span class='ocrx_word' id='word_1_724' title='bbox 2155 4195 2228 4248; x_wconf 91' lang='lat' dir='ltr'><strong>tis</strong></span> <span class='ocrx_word' id='word_1_725' title='bbox 2249 4201 2307 4248; x_wconf 90' lang='lat' dir='ltr'><strong>et</strong></span> <span class='ocrx_word' id='word_1_726' title='bbox 2334 4195 2584 4266; x_wconf 89' lang='lat' dir='ltr'><strong>corporis</strong></span> <span class='ocrx_word' id='word_1_727' title='bbox 2614 4193 2928 4248; x_wconf 82' lang='lat' dir='ltr'><strong>faciendum</strong></span> <span class='ocrx_word' id='word_1_728' title='bbox 2960 4199 3047 4246; x_wconf 88' lang='lat' dir='ltr'><strong>est</strong></span> <span class='ocrx_word' id='word_1_729' title='bbox 3072 4193 3232 4260; x_wconf 89' lang='lat' dir='ltr'><strong>illud,</strong></span> <span class='ocrx_word' id='word_1_730' title='bbox 3260 4193 3419 4263; x_wconf 90' lang='lat' dir='ltr'><strong>cujus</strong></span> <span class='ocrx_word' id='word_1_731' title='bbox 3455 4192 3606 4246; x_wconf 84' lang='lat' dir='ltr'><strong>Deus</strong></span> <span class='ocrx_word' id='word_1_732' title='bbox 3626 4208 3762 4247; x_wconf 85' lang='lat' dir='ltr'><strong>coo-</strong></span> 
     </span>
    </p>
   </div>
   <div class='ocr_carea' id='block_1_81' title="bbox 2156 4283 2616 4354">
    <p class='ocr_par' dir='ltr' id='par_1_81' title="bbox 2156 4283 2616 4354">
     <span class='ocr_line' id='line_1_81' title="bbox 2156 4283 2616 4354; baseline -0.002 -17"><span class='ocrx_word' id='word_1_733' title='bbox 2156 4290 2384 4354; x_wconf 86' lang='lat' dir='ltr'><strong>perator</strong></span> <span class='ocrx_word' id='word_1_734' title='bbox 2411 4283 2616 4337; x_wconf 79' lang='lat' dir='ltr'><strong>existit.</strong></span> 
     </span>
    </p>
   </div>
   <div class='ocr_carea' id='block_1_82' title="bbox 2223 4369 3760 4436">
    <p class='ocr_par' dir='ltr' id='par_1_82' title="bbox 2223 4369 3760 4436">
     <span class='ocr_line' id='line_1_82' title="bbox 2223 4369 3760 4436; baseline -0.001 -9"><span class='ocrx_word' id='word_1_735' title='bbox 2223 4371 2315 4427; x_wconf 75' lang='grc'><strong>46.</strong></span> <span class='ocrx_word' id='word_1_736' title='bbox 2341 4371 2448 4425; x_wconf 85' lang='lat' dir='ltr'><strong>Sed</strong></span> <span class='ocrx_word' id='word_1_737' title='bbox 2475 4378 2524 4426; x_wconf 92' lang='lat' dir='ltr'><strong>et</strong></span> <span class='ocrx_word' id='word_1_738' title='bbox 2543 4376 2593 4425; x_wconf 89' lang='lat' dir='ltr'><strong>si</strong></span> <span class='ocrx_word' id='word_1_739' title='bbox 2617 4375 2895 4426; x_wconf 89' lang='lat' dir='ltr'><strong>immolor.</strong></span> <span class='ocrx_word' id='word_1_740' title='bbox 2926 4371 3278 4436; x_wconf 89' lang='lat' dir='ltr'><strong>Immolatus,</strong></span> <span class='ocrx_word' id='word_1_741' title='bbox 3309 4370 3367 4424; x_wconf 90' lang='lat' dir='ltr'><strong>id</strong></span> <span class='ocrx_word' id='word_1_742' title='bbox 3397 4376 3501 4435; x_wconf 86' lang='lat' dir='ltr'><strong>est,</strong></span> <span class='ocrx_word' id='word_1_743' title='bbox 3534 4369 3760 4425; x_wconf 89' lang='lat' dir='ltr'><strong>occisus</strong></span> 
     </span>
    </p>
   </div>
   <div class='ocr_carea' id='block_1_83' title="bbox 2151 4460 3756 4532">
    <p class='ocr_par' dir='ltr' id='par_1_83' title="bbox 2151 4460 3756 4532">
     <span class='ocr_line' id='line_1_83' title="bbox 2151 4460 3756 4532; baseline -0.001 -18"><span class='ocrx_word' id='word_1_744' title='bbox 2151 4466 2240 4515; x_wconf 89' lang='lat' dir='ltr'><strong>est</strong></span> <span class='ocrx_word' id='word_1_745' title='bbox 2275 4461 2582 4531; x_wconf 89' lang='lat' dir='ltr'><strong>apostolus,</strong></span> <span class='ocrx_word' id='word_1_746' title='bbox 2615 4462 2745 4532; x_wconf 88' lang='lat' dir='ltr'><strong>quia</strong></span> <span class='ocrx_word' id='word_1_747' title='bbox 2774 4461 2876 4514; x_wconf 92' lang='lat' dir='ltr'><strong>hos</strong></span> <span class='ocrx_word' id='word_1_748' title='bbox 2901 4466 2958 4514; x_wconf 88' lang='lat' dir='ltr'><strong>et</strong></span> <span class='ocrx_word' id='word_1_749' title='bbox 2983 4461 3124 4514; x_wconf 89' lang='lat' dir='ltr'><strong>alios</strong></span> <span class='ocrx_word' id='word_1_750' title='bbox 3141 4461 3212 4514; x_wconf 88' lang='lat' dir='ltr'><strong>ad</strong></span> <span class='ocrx_word' id='word_1_751' title='bbox 3243 4461 3421 4514; x_wconf 90' lang='lat' dir='ltr'><strong>Deum</strong></span> <span class='ocrx_word' id='word_1_752' title='bbox 3450 4460 3756 4525; x_wconf 89' lang='lat' dir='ltr'><strong>convertit,</strong></span> 
     </span>
    </p>
   </div>
   <div class='ocr_carea' id='block_1_84' title="bbox 2151 4546 3761 4621">
    <p class='ocr_par' dir='ltr' id='par_1_84' title="bbox 2151 4546 3761 4621">
     <span class='ocr_line' id='line_1_84' title="bbox 2151 4546 3761 4621; baseline -0.002 -17"><span class='ocrx_word' id='word_1_753' title='bbox 2151 4566 2391 4621; x_wconf 89' lang='lat' dir='ltr'><strong>quorum</strong></span> <span class='ocrx_word' id='word_1_754' title='bbox 2421 4549 2587 4604; x_wconf 92' lang='lat' dir='ltr'><strong>ﬁdem</strong></span> <span class='ocrx_word' id='word_1_755' title='bbox 2621 4548 2780 4621; x_wconf 89' lang='lat' dir='ltr'><strong>quasi</strong></span> <span class='ocrx_word' id='word_1_756' title='bbox 2829 4549 3165 4604; x_wconf 88' lang='lat' dir='ltr'><strong>sacriﬁcium</strong></span> <span class='ocrx_word' id='word_1_757' title='bbox 3187 4555 3245 4602; x_wconf 91' lang='lat' dir='ltr'><strong>et</strong></span> <span class='ocrx_word' id='word_1_758' title='bbox 3271 4546 3602 4618; x_wconf 90' lang='lat' dir='ltr'><strong>obsequium</strong></span> <span class='ocrx_word' id='word_1_759' title='bbox 3635 4546 3761 4601; x_wconf 90' lang='lat' dir='ltr'><strong>Deo</strong></span> 
     </span>
    </p>
   </div>
   <div class='ocr_carea' id='block_1_85' title="bbox 2151 4635 3758 4708">
    <p class='ocr_par' dir='ltr' id='par_1_85' title="bbox 2151 4635 3758 4708">
     <span class='ocr_line' id='line_1_85' title="bbox 2151 4635 3758 4708; baseline -0.002 -15"><span class='ocrx_word' id='word_1_760' title='bbox 2151 4639 2374 4694; x_wconf 91' lang='lat' dir='ltr'><strong>obtulit.</strong></span> <span class='ocrx_word' id='word_1_761' title='bbox 2400 4639 2470 4693; x_wconf 90' lang='lat' dir='ltr'><strong>Et</strong></span> <span class='ocrx_word' id='word_1_762' title='bbox 2493 4645 2579 4694; x_wconf 89' lang='lat' dir='ltr'><strong>est</strong></span> <span class='ocrx_word' id='word_1_763' title='bbox 2603 4655 2817 4703; x_wconf 89' lang='lat' dir='ltr'><strong>sensus,</strong></span> <span class='ocrx_word' id='word_1_764' title='bbox 2853 4638 3107 4708; x_wconf 88' lang='lat' dir='ltr'><strong>quamvis</strong></span> <span class='ocrx_word' id='word_1_765' title='bbox 3133 4635 3469 4691; x_wconf 90' lang='lat' dir='ltr'><strong>sacriﬁcium</strong></span> <span class='ocrx_word' id='word_1_766' title='bbox 3499 4635 3758 4704; x_wconf 89' lang='lat' dir='ltr'><strong>corporis</strong></span> 
     </span>
    </p>
   </div>
   <div class='ocr_carea' id='block_1_86' title="bbox 2153 4723 3758 4799">
    <p class='ocr_par' dir='ltr' id='par_1_86' title="bbox 2153 4723 3758 4799">
     <span class='ocr_line' id='line_1_86' title="bbox 2153 4723 3758 4799; baseline -0.002 -18"><span class='ocrx_word' id='word_1_767' title='bbox 2153 4728 2263 4781; x_wconf 90' lang='lat' dir='ltr'><strong>mei</strong></span> <span class='ocrx_word' id='word_1_768' title='bbox 2293 4728 2462 4798; x_wconf 84' lang='lat' dir='ltr'><strong>[sup.,</strong></span> <span class='ocrx_word' id='word_1_769' title='bbox 2485 4725 2768 4799; x_wconf 71' lang='lat' dir='ltr'><strong>oﬁeram},</strong></span> <span class='ocrx_word' id='word_1_770' title='bbox 2787 4726 2931 4780; x_wconf 91' lang='lat' dir='ltr'><strong>addo</strong></span> <span class='ocrx_word' id='word_1_771' title='bbox 2951 4725 3308 4790; x_wconf 88' lang='lat' dir='ltr'><strong>sacriﬁcium,</strong></span> <span class='ocrx_word' id='word_1_772' title='bbox 3332 4729 3388 4778; x_wconf 90' lang='lat' dir='ltr'><strong>et</strong></span> <span class='ocrx_word' id='word_1_773' title='bbox 3415 4723 3758 4793; x_wconf 89' lang='lat' dir='ltr'><strong>obsequium</strong></span> 
     </span>
    </p>
   </div>
   <div class='ocr_carea' id='block_1_87' title="bbox 2092 4779 2662 4881">
    <p class='ocr_par' dir='ltr' id='par_1_87' title="bbox 2092 4779 2662 4881">
     <span class='ocr_line' id='line_1_87' title="bbox 2092 4779 2662 4881; baseline -0.005 -9"><span class='ocrx_word' id='word_1_774' title='bbox 2092 4779 2136 4840; x_wconf 67' lang='grc' dir='ltr'>Ο</span> <span class='ocrx_word' id='word_1_775' title='bbox 2154 4817 2283 4872; x_wconf 87' lang='lat' dir='ltr'><strong>ﬁdei</strong></span> <span class='ocrx_word' id='word_1_776' title='bbox 2294 4779 2521 4881; x_wconf 55' lang='lat' dir='ltr'><strong>Lvestrae,</strong></span> <span class='ocrx_word' id='word_1_777' title='bbox 2556 4822 2662 4870; x_wconf 87' lang='lat' dir='ltr'><strong>etc.</strong></span> 
     </span>
    </p>
   </div>
   <div class='ocr_carea' id='block_1_88' title="bbox 2218 4916 3758 4990">
    <p class='ocr_par' dir='ltr' id='par_1_88' title="bbox 2218 4916 3758 4990">
     <span class='ocr_line' id='line_1_88' title="bbox 2218 4916 3758 4990; baseline -0.003 -12"><span class='ocrx_word' id='word_1_778' title='bbox 2218 4921 2309 4978; x_wconf 87' lang='grc'><strong>17.</strong></span> <span class='ocrx_word' id='word_1_779' title='bbox 2341 4924 2575 4986; x_wconf 84' lang='lat' dir='ltr'><strong>Gaudeo,</strong></span> <span class='ocrx_word' id='word_1_780' title='bbox 2608 4925 2714 4975; x_wconf 89' lang='lat' dir='ltr'><strong>etc.</strong></span> <span class='ocrx_word' id='word_1_781' title='bbox 2748 4919 3000 4985; x_wconf 87' lang='lat' dir='ltr'><strong>Gaudeo,</strong></span> <span class='ocrx_word' id='word_1_782' title='bbox 3038 4918 3243 4990; x_wconf 81' lang='lat' dir='ltr'><strong>inquit,</strong></span> <span class='ocrx_word' id='word_1_783' title='bbox 3274 4917 3344 4972; x_wconf 92' lang='lat' dir='ltr'><strong>de</strong></span> <span class='ocrx_word' id='word_1_784' title='bbox 3373 4916 3641 4988; x_wconf 90' lang='lat' dir='ltr'><strong>obsequio</strong></span> <span class='ocrx_word' id='word_1_785' title='bbox 3691 4920 3758 4973; x_wconf 87' lang='lat' dir='ltr'><strong>ﬁ-</strong></span> 
     </span>
    </p>
   </div>
   <div class='ocr_carea' id='block_1_89' title="bbox 2151 5007 3752 5079">
    <p class='ocr_par' dir='ltr' id='par_1_89' title="bbox 2151 5007 3752 5079">
     <span class='ocr_line' id='line_1_89' title="bbox 2151 5007 3752 5079; baseline -0.003 -13"><span class='ocrx_word' id='word_1_786' title='bbox 2151 5012 2242 5066; x_wconf 90' lang='lat' dir='ltr'><strong>dei</strong></span> <span class='ocrx_word' id='word_1_787' title='bbox 2270 5018 2486 5078; x_wconf 69' lang='lat' dir='ltr'><strong>vestrte,</strong></span> <span class='ocrx_word' id='word_1_788' title='bbox 2519 5011 2573 5065; x_wconf 92' lang='lat' dir='ltr'><strong>id</strong></span> <span class='ocrx_word' id='word_1_789' title='bbox 2604 5017 2708 5076; x_wconf 89' lang='lat' dir='ltr'><strong>est,</strong></span> <span class='ocrx_word' id='word_1_790' title='bbox 2732 5011 2801 5064; x_wconf 91' lang='lat' dir='ltr'><strong>de</strong></span> <span class='ocrx_word' id='word_1_791' title='bbox 2831 5010 2934 5062; x_wconf 89' lang='lat' dir='ltr'><strong>hoc</strong></span> <span class='ocrx_word' id='word_1_792' title='bbox 2963 5009 3112 5079; x_wconf 92' lang='lat' dir='ltr'><strong>quod</strong></span> <span class='ocrx_word' id='word_1_793' title='bbox 3143 5008 3312 5062; x_wconf 88' lang='lat' dir='ltr'><strong>ﬁdem</strong></span> <span class='ocrx_word' id='word_1_794' title='bbox 3342 5013 3585 5060; x_wconf 87' lang='lat' dir='ltr'><strong>vestram</strong></span> <span class='ocrx_word' id='word_1_795' title='bbox 3628 5007 3752 5062; x_wconf 88' lang='lat' dir='ltr'><strong>Deo</strong></span> 
     </span>
    </p>
   </div>
   <div class='ocr_carea' id='block_1_90' title="bbox 2151 5094 3751 5167">
    <p class='ocr_par' dir='ltr' id='par_1_90' title="bbox 2151 5094 3751 5167">
     <span class='ocr_line' id='line_1_90' title="bbox 2151 5094 3751 5167; baseline -0.004 -13"><span class='ocrx_word' id='word_1_796' title='bbox 2151 5101 2485 5167; x_wconf 85' lang='lat' dir='ltr'><strong>sacriﬁcavi;</strong></span> <span class='ocrx_word' id='word_1_797' title='bbox 2515 5105 2571 5153; x_wconf 91' lang='lat' dir='ltr'><strong>et</strong></span> <span class='ocrx_word' id='word_1_798' title='bbox 2599 5115 2712 5152; x_wconf 92' lang='lat' dir='ltr'><strong>non</strong></span> <span class='ocrx_word' id='word_1_799' title='bbox 2738 5099 2807 5152; x_wconf 85' lang='lat' dir='ltr'><strong>de</strong></span> <span class='ocrx_word' id='word_1_800' title='bbox 2824 5098 2928 5150; x_wconf 90' lang='lat' dir='ltr'><strong>hoc</strong></span> <span class='ocrx_word' id='word_1_801' title='bbox 2950 5102 3194 5161; x_wconf 91' lang='lat' dir='ltr'><strong>tantum,</strong></span> <span class='ocrx_word' id='word_1_802' title='bbox 3225 5095 3322 5150; x_wconf 92' lang='lat' dir='ltr'><strong>sed</strong></span> <span class='ocrx_word' id='word_1_803' title='bbox 3349 5095 3523 5149; x_wconf 87' lang='lat' dir='ltr'><strong>etiam</strong></span> <span class='ocrx_word' id='word_1_804' title='bbox 3541 5094 3590 5148; x_wconf 90' lang='lat' dir='ltr'><strong>si</strong></span> <span class='ocrx_word' id='word_1_805' title='bbox 3608 5111 3751 5148; x_wconf 86' lang='lat' dir='ltr'><strong>con-</strong></span> 
     </span>
    </p>
   </div>
   <div class='ocr_carea' id='block_1_91' title="bbox 2150 5183 3449 5260">
    <p class='ocr_par' dir='ltr' id='par_1_91' title="bbox 2150 5183 3449 5260">
     <span class='ocr_line' id='line_1_91' title="bbox 2150 5183 3449 5260; baseline -0.007 -15"><span class='ocrx_word' id='word_1_806' title='bbox 2150 5191 2336 5260; x_wconf 85' lang='lat' dir='ltr'><strong>tingat</strong></span> <span class='ocrx_word' id='word_1_807' title='bbox 2359 5188 2497 5243; x_wconf 92' lang='lat' dir='ltr'><strong>mihi</strong></span> <span class='ocrx_word' id='word_1_808' title='bbox 2527 5206 2626 5259; x_wconf 90' lang='lat' dir='ltr'><strong>pro</strong></span> <span class='ocrx_word' id='word_1_809' title='bbox 2656 5187 2830 5253; x_wconf 92' lang='lat' dir='ltr'><strong>vobis,</strong></span> <span class='ocrx_word' id='word_1_810' title='bbox 2864 5187 2921 5240; x_wconf 92' lang='lat' dir='ltr'><strong>id</strong></span> <span class='ocrx_word' id='word_1_811' title='bbox 2953 5191 3058 5251; x_wconf 88' lang='lat' dir='ltr'><strong>est,</strong></span> <span class='ocrx_word' id='word_1_812' title='bbox 3090 5185 3138 5239; x_wconf 92' lang='lat' dir='ltr'><strong>si</strong></span> <span class='ocrx_word' id='word_1_813' title='bbox 3167 5183 3449 5238; x_wconf 90' lang='lat' dir='ltr'><strong>immolor.</strong></span> 
     </span>
    </p>
   </div>
   <div class='ocr_carea' id='block_1_92' title="bbox 2222 5287 3751 5362">
    <p class='ocr_par' dir='ltr' id='par_1_92' title="bbox 2222 5287 3751 5362">
     <span class='ocr_line' id='line_1_92' title="bbox 2222 5287 3751 5362; baseline -0.006 -11"><span class='ocrx_word' id='word_1_814' title='bbox 2222 5295 2312 5352; x_wconf 85' lang='lat'><strong>18.</strong></span> <span class='ocrx_word' id='word_1_815' title='bbox 2347 5297 2410 5350; x_wconf 87' lang='lat' dir='ltr'><strong>Et</strong></span> <span class='ocrx_word' id='word_1_816' title='bbox 2437 5297 2816 5362; x_wconf 87' lang='lat' dir='ltr'><strong>congratulor,</strong></span> <span class='ocrx_word' id='word_1_817' title='bbox 2839 5293 2896 5347; x_wconf 91' lang='lat' dir='ltr'><strong>id</strong></span> <span class='ocrx_word' id='word_1_818' title='bbox 2931 5298 3036 5358; x_wconf 92' lang='lat' dir='ltr'><strong>est,</strong></span> <span class='ocrx_word' id='word_1_819' title='bbox 3064 5291 3279 5362; x_wconf 84' lang='lat' dir='ltr'><strong>gratias</strong></span> <span class='ocrx_word' id='word_1_820' title='bbox 3297 5306 3424 5360; x_wconf 87' lang='lat' dir='ltr'><strong>ago,</strong></span> <span class='ocrx_word' id='word_1_821' title='bbox 3452 5289 3583 5360; x_wconf 90' lang='lat' dir='ltr'><strong>quia</strong></span> <span class='ocrx_word' id='word_1_822' title='bbox 3617 5287 3751 5343; x_wconf 83' lang='lat' dir='ltr'><strong>obe-</strong></span> 
     </span>
    </p>
   </div>
   <div class='ocr_carea' id='block_1_93' title="bbox 2151 5381 3156 5441">
    <p class='ocr_par' dir='ltr' id='par_1_93' title="bbox 2151 5381 3156 5441">
     <span class='ocr_line' id='line_1_93' title="bbox 2151 5381 3156 5441; baseline -0.007 0"><span class='ocrx_word' id='word_1_823' title='bbox 2151 5386 2364 5441; x_wconf 87' lang='lat' dir='ltr'><strong>dientia</strong></span> <span class='ocrx_word' id='word_1_824' title='bbox 2385 5390 2568 5439; x_wconf 88' lang='lat' dir='ltr'><strong>vestra</strong></span> <span class='ocrx_word' id='word_1_825' title='bbox 2598 5385 2701 5438; x_wconf 94' lang='lat' dir='ltr'><strong>hoc</strong></span> <span class='ocrx_word' id='word_1_826' title='bbox 2731 5383 2869 5437; x_wconf 90' lang='lat' dir='ltr'><strong>mihi</strong></span> <span class='ocrx_word' id='word_1_827' title='bbox 2899 5381 3156 5437; x_wconf 90' lang='lat' dir='ltr'><strong>contulit.</strong></span> 
     </span>
    </p>
   </div>
   <div class='ocr_carea' id='block_1_94' title="bbox 2225 5483 3749 5563">
    <p class='ocr_par' dir='ltr' id='par_1_94' title="bbox 2225 5483 3749 5563">
     <span class='ocr_line' id='line_1_94' title="bbox 2225 5483 3749 5563; baseline -0.005 -14"><span class='ocrx_word' id='word_1_828' title='bbox 2225 5493 2309 5550; x_wconf 78' lang='lat' dir='ltr'><strong>t9.</strong></span> <span class='ocrx_word' id='word_1_829' title='bbox 2354 5491 2520 5563; x_wconf 88' lang='lat' dir='ltr'><strong>Spero</strong></span> <span class='ocrx_word' id='word_1_830' title='bbox 2561 5496 2766 5558; x_wconf 86' lang='lat' dir='ltr'><strong>autem,</strong></span> <span class='ocrx_word' id='word_1_831' title='bbox 2821 5495 2926 5544; x_wconf 88' lang='lat' dir='ltr'><strong>etc.</strong></span> <span class='ocrx_word' id='word_1_832' title='bbox 2975 5488 3204 5544; x_wconf 86' lang='lat' dir='ltr'><strong>Mittens</strong></span> <span class='ocrx_word' id='word_1_833' title='bbox 3249 5485 3550 5558; x_wconf 84' lang='lat' dir='ltr'><strong>Apostolus</strong></span> <span class='ocrx_word' id='word_1_834' title='bbox 3599 5483 3749 5542; x_wconf 89' lang='lat' dir='ltr'><strong>hanc</strong></span> 
     </span>
    </p>
   </div>
   <div class='ocr_carea' id='block_1_95' title="bbox 2148 5571 3748 5655">
    <p class='ocr_par' dir='ltr' id='par_1_95' title="bbox 2148 5571 3748 5655">
     <span class='ocr_line' id='line_1_95' title="bbox 2148 5571 3748 5655; baseline -0.007 -17"><span class='ocrx_word' id='word_1_835' title='bbox 2148 5581 2454 5655; x_wconf 85' lang='lat' dir='ltr'><strong>Epistolam</strong></span> <span class='ocrx_word' id='word_1_836' title='bbox 2501 5596 2604 5651; x_wconf 86' lang='lat' dir='ltr'><strong>per</strong></span> <span class='ocrx_word' id='word_1_837' title='bbox 2642 5576 3105 5652; x_wconf 87' lang='lat' dir='ltr'><strong>Epaphroditum,</strong></span> <span class='ocrx_word' id='word_1_838' title='bbox 3159 5573 3444 5648; x_wconf 88' lang='lat' dir='ltr'><strong>promittit</strong></span> <span class='ocrx_word' id='word_1_839' title='bbox 3495 5571 3647 5643; x_wconf 86' lang='lat' dir='ltr'><strong>quod</strong></span> <span class='ocrx_word' id='word_1_840' title='bbox 3686 5591 3748 5627; x_wconf 64' lang='lat' dir='ltr'><strong>ev</strong></span> 
     </span>
    </p>
   </div>
  </div>
