3878 6350
89 290 176 369 313
711 292 790 349 IN
825 292 893 349 D.
933 288 1150 349 PAULI
1186 288 1411 350 EPIST.
1453 289 1932 373 COMMENT--
1969 293 2194 365 EPIST.
2231 294 2330 355 AD
2366 296 2674 359 PHILIPP.
3213 302 3318 365 314

91 416 186 471 cito
212 413 434 471 mittere
461 414 532 471 ad
560 431 680 484 vos,
707 420 773 470 ut
817 431 921 486 ego
966 413 1113 470 bono
1166 413 1356 470 animo
1385 414 1514 482 sim,
1565 415 1813 488 cognitis
1835 434 1959 490 quas
1986 420 2136 476 circa
2163 438 2262 477 vos
2290 426 2437 476 sunt
2474 422 2775 478 Neminem
2802 422 2952 479 enim
2985 422 3164 481 habeo
3201 432 3321 484 tam

83 492 376 560 unanimem
408 506 571 571 mihi,
602 503 699 577 qui
727 503 949 558 sincera
973 502 1286 570 all‘ectione,
1320 520 1433 560 non
1446 520 1551 575 pro
1581 508 1736 559 lucro
1755 510 1990 575 terreno,
2019 527 2119 581 pro
2146 511 2299 565 vobis
2327 510 2599 567 sollicitus
2629 511 2721 566 sit.
2756 512 2965 569 Omnes
2993 514 3144 570 enim
3173 533 3305 585 quos

86 595 244 653 habeo.
273 610 395 665 quae
423 609 529 647 sua
556 598 690 648 sunt
715 593 996 647 commoda
1022 598 1300 663 quierunt,
1327 608 1440 647 non
1460 608 1585 663 quae
1616 599 1751 648 sunt
1775 593 1910 651 Jesu
1931 598 2159 653 Christi.
2180 599 2658 671 Experimentum,
2681 603 2951 669 studium,
2970 608 3158 659 autem
3178 605 3319 675 ejus,

91 681 341 747 Timothei,
362 681 699 753 cognoscite,
725 681 859 754 quia
875 683 1080 736 scilicet
1109 680 1255 736 sicut
1269 680 1417 752 patri
1452 681 1621 748 ﬁlius,
1647 697 1869 737 mecum
1898 686 2126 742 servivit
2153 687 2211 743 in
2259 688 2578 758 Evangelio.
2622 689 2784 745 Hunc
2813 690 3010 761 igitur,
3031 695 3168 761 quia
3193 696 3322 748 talis

86 777 160 833 est,
185 786 338 841 spero
366 787 459 826 me
488 771 713 827 mittere
731 771 804 827 ad
825 788 939 834 vos,
962 786 1091 825 mox
1117 776 1185 847 ut
1208 771 1400 826 videro
1429 787 1553 843 quae
1580 770 1727 826 circa
1760 789 1851 828 me
1879 779 2032 828 sunt.
2065 775 2296 831 Conﬁdo
2323 782 2517 831 autem
2566 776 2624 832 in
2654 778 2914 846 Domino,
2958 780 3228 851 quoniam
3265 784 3324 836 et

84 859 180 930 ipse
197 857 408 914 veniam
436 859 511 914 ad
547 876 644 915 vos
677 860 804 915 cito.
855 859 1249 915 Necessarium
1297 864 1487 915 autem
1529 859 1861 927 existimavi,
1905 862 2346 935 Epaphroditum
2398 865 2653 933 fratrem,
2687 872 2745 921 et
2786 874 3236 940 coaperatorem,
3265 873 3324 924 et

82 947 488 1004 commilitonem
506 965 714 1015 meum,
735 954 984 1004 vestrum
1009 953 1200 1004 autem
1226 949 1562 1020 apostolum,
1587 955 1642 1004 et
1667 949 1989 1007 ministrum
2008 953 2359 1009 necessitatis
2386 970 2546 1020 mete,
2576 959 2677 1024 qui
2700 957 2848 1011 mihi
2870 963 3181 1012 necessaria
3205 961 3320 1013 mi-

83 1039 278 1103 nistrat,
314 1037 547 1093 mittere
572 1039 643 1094 ad
675 1055 792 1106 vos,
823 1037 1088 1110 quoniam
1119 1038 1347 1110 quidem
1373 1054 1568 1093 omnes
1597 1056 1693 1106 vos
1713 1042 1895 1095 videre
1913 1042 2285 1110 desiderabat,
2319 1047 2378 1098 et
2403 1049 2637 1099 moestus
2665 1050 2807 1112 erat,
2838 1052 3139 1118 propterea
3167 1048 3321 1118 quod

83 1125 354 1181 audieratis
384 1126 549 1183 illum
578 1127 949 1189 inﬁrmatum.
978 1132 1028 1182 et
1050 1131 1133 1182 ita
1153 1130 1285 1195 fuit.
1318 1127 1462 1183 Nam
1483 1134 1540 1183 et
1568 1127 1887 1184 inﬁrmatus
1919 1139 2004 1187 est
2022 1134 2426 1202 Epaphroditus
2445 1134 2712 1205 usquead
2733 1140 2973 1190 mortem
2996 1154 3010 1204 ;
3042 1135 3142 1190 sed
3166 1136 3321 1193 Deus

82 1215 312 1270 misertus
335 1221 421 1271 est
451 1218 597 1287 ejus,
629 1233 743 1272 non
773 1217 956 1272 solum
985 1221 1175 1272 autem
1197 1217 1339 1286 ejus,
1372 1232 1565 1271 verum
1595 1215 1765 1271 etiam
1795 1220 1860 1272 in
1885 1224 2063 1274 salute
2087 1225 2223 1288 ejus,
2257 1227 2315 1276 et
2347 1221 2476 1286 mei,
2506 1238 2578 1276 ne
2626 1225 2821 1277 mortis
2849 1227 2967 1292 ejus
2996 1222 3313 1290 tristitiam,

81 1319 223 1375 super
249 1304 542 1360 tristitiam
570 1307 926 1373 inﬁrmitatis
948 1309 1088 1374 ejus,
1108 1307 1189 1359 rel
1216 1307 1456 1359 carceris
1477 1307 1588 1358 mei
1613 1303 1899 1360 haberem.
1932 1306 2315 1363 Festinantius
2335 1326 2489 1381 ergo,
2512 1313 2647 1380 quia
2665 1313 2729 1365 de
2756 1327 2813 1365 eo
2846 1313 3023 1367 mwsti
3053 1314 3310 1380 fueratis,

79 1392 182 1449 misi
198 1392 372 1460 illum,
404 1399 473 1449 ut
499 1394 617 1450 viso
637 1410 726 1458 eo,
746 1394 951 1450 iterum
979 1392 1293 1464 gaudeatis,
1322 1395 1465 1447 sicut
1489 1395 1651 1460 prius
1678 1408 1736 1447 eo
1756 1400 2038 1462 prasente,
2071 1403 2128 1450 et
2144 1412 2247 1466 ego
2267 1394 2361 1453 20.
2391 1396 2512 1451 sine
2535 1397 2767 1452 tristitia
2790 1397 2914 1452 sim.
2941 1397 3032 1458 21.
3068 1399 3317 1471 Excipite

80 1481 242 1553 itaque
267 1483 429 1537 illum
459 1499 592 1538 cum
621 1482 774 1538 omni
799 1482 1007 1554 gaudio
1026 1481 1086 1536 in
1116 1481 1373 1546 Domino,
1396 1486 1454 1535 et
1473 1481 1750 1552 ejusmodi
1773 1482 2054 1537 hominem
2079 1500 2207 1539 cum
2238 1485 2450 1540 honore
2478 1484 2775 1540 habetote:
2799 1488 3066 1558 quoniam
3088 1493 3319 1560 propter

78 1585 194 1640 opus
219 1570 425 1626 Christi
444 1588 626 1644 usque
653 1572 727 1626 ad
744 1576 985 1626 mortem
1006 1571 1258 1635 accessit,
1283 1570 1517 1625 tradens
1545 1569 1796 1624 animam
1816 1587 2000 1634 suam,
2038 1574 2173 1641 (non
2201 1576 2420 1628 dimisit
2441 1590 2547 1644 pro
2575 1578 2846 1642 inimicis,
2887 1579 3031 1645 quin
3058 1579 3310 1645 Apostolo

78 1662 397 1715 ministraret
426 1662 494 1715 in
521 1663 758 1730 carcere)
788 1666 853 1716 ut
870 1659 1152 1732 impleret,
1180 1660 1258 1725 id,
1282 1659 1431 1730 quod
1461 1675 1527 1712 ex
1557 1656 1714 1713 vobis
1742 1659 1937 1715 deerat
1962 1678 2097 1733 erga
2126 1680 2317 1719 meum
2347 1663 2701 1737 obsequium,
2725 1666 2871 1735 quod
2913 1680 3027 1719 non
3050 1667 3317 1736 poteratis

76 1747 195 1801 mihi
213 1749 644 1804 administrare.

1353 1841 1533 1902 uss
1562 1835 1806 1893 CAPUT
1842 1838 1945 1894 ΙΙΙ.

128 1978 197 2033 De
212 1983 432 2045 caetero,
453 1978 662 2034 fratres
687 1979 817 2042 mei,
839 1979 1085 2051 gaudete
1115 1978 1173 2032 in
1202 1977 1462 2032 Domino.
1508 1978 1560 2032 1.
1591 1977 1804 2033 Eadem
1852 1996 1972 2049 quae
2003 1983 2125 2051 jam
2150 1999 2389 2053 praesens
2429 1987 2555 2041 disci
2583 1984 2739 2041 vobis
2762 2004 2847 2043 me
2870 1988 3134 2058 scribere,
3173 1991 3314 2046 mihi

79 2066 266 2137 quidem
292 2084 405 2124 non
432 2068 684 2141 pigrum,
702 2068 858 2123 vobis
882 2073 1073 2124 autem
1103 2066 1504 2133 necessarium,
1532 2070 1668 2121 utile
1696 2073 1798 2126 est.
1832 2069 1966 2124 Ecce
1991 2087 2110 2140 qua;
2136 2069 2191 2139 2,
2216 2070 2268 2140 3,
2304 2072 2357 2130 4.
2390 2074 2590 2130 Videte
2636 2092 2823 2143 canes,
2855 2084 2919 2133 ut
2944 2082 3198 2145 caveatis,
3225 2081 3311 2135 vi-

78 2153 177 2209 dete
200 2156 371 2212 malos
400 2157 713 2229 operarios,
741 2159 794 2223 5,
822 2156 879 2211 6.
912 2156 1094 2211 videte
1113 2155 1511 2221 concisionem,
1538 2158 1703 2225 quasi
1726 2158 1802 2211 ad
1827 2173 1942 2213 non
1987 2163 2339 2216 circumcisos
2381 2167 2431 2217 et
2480 2169 2778 2233 separatos.
2811 2167 2865 2220 7.
2888 2166 2941 2221 8.
2982 2166 3100 2223 Nos
3135 2168 3307 2236 enim,

80 2244 345 2301 Christiani
361 2251 814 2312 tantum,sumus
836 2245 1480 2313 circumcisio,(qualitas
1498 2260 1598 2313 pro
1620 2248 1796 2315 quali)
1817 2246 1913 2317 qui
1931 2248 2273 2319 spiritu,non
2297 2254 2622 2307 carnalibus
2644 2256 3308 2322 observantiis,servimus

76 2332 184 2399 Deo,
205 2339 260 2388 et
280 2334 599 2405 gloriamur
624 2336 682 2390 in
710 2335 932 2391 Christo
959 2334 1114 2400 Jesu,
1136 2337 1202 2388 in
1220 2336 1323 2402 ﬁde
1352 2335 1563 2389 Christi
1584 2336 1732 2402 Jesu,
1758 2340 1816 2390 et
1846 2352 1958 2391 non
2002 2336 2060 2392 in
2098 2355 2286 2406 carne,
2317 2345 2543 2396 carnali
2571 2345 2700 2410 lege,
2728 2343 2992 2399 ﬁduciam
3017 2343 3308 2408 habentes,

79 2438 354 2494 quanquam
382 2441 496 2496 ego
526 2424 786 2491 habeam,
808 2425 1005 2479 habere
1027 2426 1268 2485 valeam,
1296 2422 1695 2477 conﬁdentiam
1728 2429 1786 2478 et
1812 2424 1872 2478 in
1896 2441 2084 2481 carne.
2120 2427 2178 2483 Si
2202 2428 2328 2500 quis
2356 2428 2502 2484 alius
2523 2430 2748 2485 videtur
2762 2449 2915 2500 posse
2936 2435 3222 2489 conﬁdere
3249 2435 3311 2489 in

79 2525 229 2577 carne,
250 2528 350 2583 ego
363 2529 587 2580 possum
602 2516 845 2581 gloriari
861 2512 1062 2584 magis,
1084 2510 1450 2566 circumcisus
1469 2518 1665 2566 octavo
1684 2512 1796 2576 die,
1832 2514 2033 2568 habens
2063 2519 2540 2573 circmncisionem
2561 2523 2738 2574 octavi
2762 2522 2895 2587 diei,
2920 2538 3033 2576 non
3056 2526 3301 2592 prosely—

82 2603 148 2651 tus
165 2597 212 2656 9.
239 2617 301 2655 ex
316 2618 530 2671 genere
560 2602 753 2667 Israel,
785 2604 1063 2657 oriundus
1096 2601 1167 2656 de
1182 2599 1335 2654 tribu
1356 2600 1671 2669 Benjamin,
1701 2600 1969 2657 Hebraeus
1997 2618 2063 2659 ex
2086 2604 2355 2673 Hebraeis,
2385 2605 2468 2663 10.
2495 2608 2805 2663 secundum
2824 2609 3005 2681 legem
3024 2612 3312 2680 (Pharisai

81 2688 213 2752 legem
227 2694 463 2755 tantum,
496 2706 609 2744 non
641 2691 926 2759 prophetas
939 2694 1141 2755 tenent)
1167 2688 1504 2753 Pharisaaus,
1543 2691 1856 2756 religiosior
1880 2693 1943 2744 in
1973 2695 2103 2760 lege,
2132 2695 2439 2750 secundum
2467 2696 2885 2752 aemulationem
2907 2700 3105 2753 bonam
3125 2716 3310 2771 perseo

81 2790 222 2844 quens
245 2780 373 2834 olim
406 2778 715 2834 Ecclesium
733 2776 853 2844 Dei,
869 2777 1182 2837 secundum
1207 2775 1510 2847 justitiam,
1545 2791 1667 2846 quie
1694 2775 1755 2830 in
1772 2776 1897 2845 lege
1921 2785 2025 2844 est,
2043 2788 2405 2836 conversatus
2433 2782 2554 2837 sine
2574 2785 2825 2853 querela,
2845 2800 2959 2839 non
2974 2801 3312 2855 conquerens

80 2863 127 2917 de
147 2871 448 2923 austeritate
476 2865 664 2936 legali.
701 2866 787 2924 11.
818 2865 929 2922 Sed
954 2882 1097 2938 quae,
1132 2870 1238 2933 lea,
1267 2869 1348 2921 uel
1364 2866 1667 2934 persecutio
1698 2869 1876 2919 stulta
1895 2869 2172 2936 opinione,
2201 2869 2341 2924 mihi
2367 2870 2594 2926 fuerant
2611 2875 2776 2940 prius
2814 2873 2991 2940 lucra,
3014 2874 3132 2931 haec
3154 2873 3308 2929 arbi-

1367 3033 1960 3091 COMMENTARIUS.

79 3179 386 3241 Timotheum
414 3204 534 3244 non
564 3188 742 3244 multo
767 3194 895 3261 post
910 3188 981 3244 ad
1003 3204 1099 3243 eos
1122 3186 1333 3253 mittet;
1355 3201 1468 3239 non
1485 3185 1637 3239 enim
1662 3186 1846 3246 Avero
1872 3202 2021 3243 nunc
2044 3189 2159 3245 Deo
2185 3206 2298 3245 non
2325 3191 2527 3263 placet,
2557 3195 2782 3248 tantum
2804 3192 3047 3248 concisio
3073 3198 3179 3248 est.

79 3268 214 3327 simul
240 3279 543 3350 utrumque
566 3277 761 3333 mittit.
1784 3272 1838 3332 6.
1871 3277 2083 3334 LANFI.
2128 3282 2301 3335 Videte
2356 3284 2854 3338 circumcisionem.
2885 3280 3128 3348 Quidam
3157 3284 3310 3339 enim

132 3358 207 3418 90.
235 3364 361 3420 Sine
390 3369 651 3423 tristitia.
676 3366 858 3432 Quam
902 3366 1082 3422 habeo
1103 3381 1204 3439 pro
1242 3380 1309 3420 eo
1330 3364 1480 3436 quod
1509 3381 1637 3420 con-
1715 3381 1845 3420 cum
1865 3382 1977 3420 non
2030 3373 2221 3422 essent
2247 3369 2445 3436 Judaei,
2478 3369 3043 3438 circumcidebantur,
3087 3374 3146 3425 et
3180 3376 3311 3442 post

84 3447 255 3506 tristati
279 3456 429 3523 estis,
456 3456 654 3511 audita
672 3455 1001 3511 inﬁrmitate
1029 3455 1201 3511 illius.
1709 3455 2003 3524 jactabant
2029 3473 2089 3511 se
2117 3474 2240 3512 esse
2262 3475 2328 3513 ex
2344 3474 2553 3530 genere
2581 3459 2838 3515 Abrahae.

133 3535 209 3594 2|.
228 3540 489 3613 Excipite.
523 3544 589 3599 1n
634 3560 858 3599 carcere
887 3551 1010 3599 erat
1050 3545 1371 3617 Apostolus,
1418 3544 1488 3600 ad
1520 3560 1635 3598 ser-
1787 3541 1840 3599 7.
1868 3546 1977 3599 Nos
1996 3549 2167 3602 enim.
2199 3547 2364 3602 Ratio
2399 3564 2501 3602 cur
2527 3547 2607 3602 illi
2638 3554 2774 3603 sunt
2801 3550 3056 3621 cavendi,
3087 3553 3146 3604 et
3173 3564 3311 3622 apo-

82 3622 299 3684 Vieudum
319 3631 368 3684 ei
396 3631 633 3687 accessit
651 3631 757 3686 iste
781 3648 909 3687 cum
941 3648 1146 3703 magno
1165 3634 1434 3705 periculo.
1715 3635 1847 3689 stoli
1871 3635 2156 3703 audiendi,
2186 3637 2320 3708 quia
2354 3638 2611 3692 videlicet
2634 3638 2719 3692 illi
2739 3639 3046 3707 carnalem,
3077 3639 3172 3694 isti
3202 3640 3315 3712 spi-

134 3712 274 3776 CAP.
309 3721 405 3777 ΙΙΙ.
438 3751 512 3764 --
542 3720 589 3777 1.
643 3724 894 3778 AMBROS.
946 3723 1150 3777 Eadem
1203 3725 1376 3779 vobis.
1425 3721 1634 3777 Eadem
1717 3724 1980 3778 ritualem
2009 3724 2489 3781 circumcisionem
2511 3726 2908 3798 pmdicabant.

84 3799 202 3870 dicit,
244 3809 369 3880 quia
415 3811 489 3866 de
526 3810 614 3865 his
644 3811 912 3866 docuerat
964 3827 1059 3866 eos
1088 3811 1313 3882 quando
1350 3810 1500 3882 apud
1539 3827 1635 3864 eos
1787 3812 1840 3869 8.
1872 3817 2124 3869 Anaus'r.
2154 3814 2270 3883 (lib.
2305 3817 2377 3869 De
2396 3832 2509 3870 cer.
2541 3822 2895 3885 apost.serm.
2918 3830 3007 3883 xv,
3035 3832 3085 3870 c.
3105 3813 3310 3882 l,tom.

81 3888 262 3964 fuerat;
295 3905 351 3953 et
366 3898 488 3956 haec
509 3899 599 3970 [[2,
630 3900 759 3971 hoc]
786 3900 857 3954 ad
879 3916 947 3954 ea
977 3916 1101 3972 quas
1128 3905 1464 3971 sequuntur,
1488 3899 1635 3954 refe-
1715 3901 1810 3971 X.)
1836 3903 1946 3956 Nos
1974 3908 2124 3957 enim
2153 3920 2368 3960 sumus.
2401 3904 2511 3960 Sed
2549 3920 2652 3959 nos
2680 3921 2876 3960 sumus
2919 3902 3305 3959 circumcisio:

80 3981 273 4040 rendum
301 3992 400 4042 est.
1132 4018 1137 4023 -
1707 3990 1787 4045 sic
1809 3992 2041 4064 accipite
2072 3993 2177 4047 hoc
2212 3993 2453 4047 voluisse
2499 3993 2830 4064 Apostolum
2860 3993 3066 4059 dicere,
3114 4008 3313 4049 sumus

131 4066 176 4126 2.
200 4074 431 4132 Auuusr.
449 4077 641 4147 (Epist.
674 4075 775 4135 120
806 4079 882 4132 ad
909 4078 1114 4133 Honor.
1140 4093 1263 4150 cap.
1311 4077 1419 4147 16.)
1454 4077 1625 4133 Videte
1714 4096 1817 4135 nos
1829 4081 2071 4152 justitia.
2121 4081 2482 4137 Circumcisio
2532 4082 2683 4136 enim
2730 4067 2954 4152 justitia
2982 4087 3093 4141 est.
3131 4081 3313 4153 Magis

81 4170 221 4214 Canes.
249 4163 419 4221 Canes
448 4166 752 4239 appellavit
776 4183 889 4222 non
918 4167 1156 4233 ratione,
1188 4166 1286 4222 sed
1336 4172 1635 4221 consuetu-
1715 4169 1865 4223 enim
1895 4170 2253 4225 commendat
2284 4170 2432 4241 quod
2463 4169 2618 4241 dicit,
2642 4169 2878 4225 dicendo
2921 4187 3025 4225 nos
3052 4187 3172 4225 esse
3195 4171 3314 4241 jus-

81 4244 181 4301 dine
220 4260 404 4310 contra
455 4256 745 4311 insolitam
813 4257 1106 4311 veritatem
1157 4256 1431 4310 latrantes
1463 4278 1476 4323 ,
1516 4256 1635 4309 haec
1713 4257 1920 4322 titiam,
1958 4274 2125 4328 quam
2147 4258 2384 4313 dicendo
2415 4274 2518 4313 nos
2538 4275 2659 4314 esse
2681 4248 2867 4329 justos
2892 4277 2905 4313 :
2933 4260 3014 4314 sic
3041 4265 3233 4314 tamen
3249 4266 3312 4315 ut

84 4336 199 4391 enim
245 4348 437 4400 natura
476 4350 564 4399 est
610 4360 815 4400 canum
850 4389 863 4409 ,
905 4350 970 4399 ut
1006 4361 1134 4399 cum
1176 4344 1384 4416 quibus
1421 4343 1689 4419 habent_
1717 4362 1842 4400 cum
1863 4347 2145 4416 justitiam
2167 4347 2302 4401 dicit
2322 4364 2463 4413 esse,
2482 4350 2666 4419 justos
2696 4348 3095 4419 intelligamus.

81 4432 516 4500 consuetudinem,
540 4434 657 4488 sive
684 4434 767 4489 illi
793 4434 928 4489 boni
954 4434 1091 4500 sint,
1106 4434 1222 4488 sive
1245 4433 1400 4499 mali,
1426 4434 1626 4488 nonad
1652 4417 1708 4480 Β
1778 4435 1834 4490 9.
1867 4436 2059 4503 (Ibid.,
2091 4452 2139 4489 c.
2161 4436 2216 4505 3)
2250 4437 2331 4491 Ea:
2346 4417 2543 4505 genere
2588 4440 2782 4503 Israel,
2816 4417 3009 4504 id—est,
3043 4453 3155 4493 non
3176 4455 3325 4511 pro--

85 4528 155 4567 eos
175 4516 395 4592 latrent;
432 4523 789 4579 insolitorum
820 4528 1012 4579 autem
1042 4525 1297 4596 personis
1314 4525 1624 4580 visisetiam
1711 4525 1946 4596 selytus,
1979 4541 2089 4579 non
2120 4525 2336 4580 advena
2381 4526 2451 4581 ad
2492 4526 2764 4598 populum
2812 4526 2938 4587 Dei.
2978 4543 3092 4582 non
3130 4528 3314 4599 major

84 4598 421 4668 innocentibus
450 4614 766 4668 irritantur.
1712 4613 2098 4677 circumcisus,
2123 4614 2220 4668 sed
2248 4630 2282 4667 a
2301 4613 2629 4686 parentibus
2671 4621 2839 4670 natus
2861 4615 3107 4682 Judaeus,
3130 4598 3310 4671 habeo

139 4690 382 4756 3-LANFa.
432 4705 606 4757 Videte
625 4719 806 4762 canes.
835 4703 1017 4758 Canes
1047 4707 1105 4758 et
1131 4703 1311 4757 malos
1339 4702 1631 4774 operarios
1713 4701 2198 4756 circumcisionem
2231 4702 2412 4757 octavi
2433 4702 2567 4757 diei.

83 4786 209 4863 locat
231 4802 318 4841 eos
370 4790 465 4861 qui
506 4790 789 4845 carnalem
836 4791 1318 4846 circumcisionem
1366 4790 1629 4863 praedica-
1790 4789 1878 4846 10.
1914 4790 2426 4859 (lbid.)Secundum
2457 4795 2625 4859 legem
2646 4792 3311 4848 Phaﬁszorum.Prima-

83 4860 203 4955 bam,
228 4890 355 4945 quos
388 4860 668 4934 cavendas
719 4878 991 4951 praecipit.
1040 4860 1425 4937 Concisionem
1458 4890 1619 4939 vocat
1711 4886 1783 4943 rii
1812 4881 2039 4955 quidam
2065 4887 2246 4946 erant,
2271 4884 2328 4934 et
2359 4880 2519 4951 quasi
2538 4881 2610 4935 ad
2641 4879 2992 4936 nobilitatem
3020 4882 3310 4937 Judaicam

83 4953 146 5007 vel
168 4958 638 5034 circumcisionem,
664 4966 722 5022 id
750 4972 854 5033 est,
913 4962 1155 5036 Judaeos,
1191 4969 1273 5022 vel
1303 4972 1616 5041 separatio-
1709 4953 2139 5046 segregatimon
2169 4969 2579 5040 contemptibili
2605 4969 2752 5041 plebi
2777 4970 3078 5035 commisti,
3110 4971 3205 5041 qui
3229 4970 3309 5024 di-

83 5053 198 5129 Ϊῖθων
219 5048 269 5103 id
287 5060 494 5121 estanS
516 5055 611 5127 qui
638 5056 697 5111 in
722 5056 894 5111 aliam
923 5056 1237 5112 doctrinam
1265 5073 1298 5112 8
1319 5066 1465 5112 coetu
1493 5059 1627 5114 ﬁde-
1707 5062 1980 5120 cebantur
2008 5057 2295 5113 Pharisaei.
2329 5059 2472 5112 Nam
2522 5058 2728 5113 dicitur
2756 5059 2860 5114 hoc
2885 5058 3115 5113 verbum
3146 5059 3309 5129 quasi

84 5124 188 5245 li“?
207 5153 292 5192 eos
308 5124 656 5214 “parabant
1639 5183 1685 5245 ο
1706 5152 2136 5222 segregationem
2161 5146 2542 5218 interpretari,
2573 5149 2855 5219 quomodo
2894 5147 2954 5201 in
2976 5124 3182 5202 Latina
3196 5147 3306 5201 lin-

135 5217 431 5313 4-‘AMBI08.
470 5234 641 5288 Videte
655 5250 833 5289 canes.
852 5234 1033 5289 Canes
1052 5234 1282 5298 vocavit,
1308 5234 1441 5307 quia
1475 5252 1624 5291 vere-
1639 5217 1685 5245 υ
1707 5217 1818 5313 qua
1843 5217 2051 5294 dicitur
2087 5217 2348 5307 egregius
2379 5237 2538 5307 quasi
2562 5217 2782 5307 agrege
2806 5241 3124 5307 separatus.

87 5309 296 5370 cundiam
325 5335 430 5375 non
448 5321 675 5388 habent,
711 5323 809 5378 sed
833 5321 1160 5395 frequenter
1187 5324 1532 5396 reprehensi,
1563 5326 1623 5380 in
1727 5309 1737 5313 ⁷
1774 5328 1866 5383 11.
1895 5326 2102 5383 Lassa.
2149 5322 2254 5379 Sed
2292 5341 2411 5394 qua?
2452 5326 2705 5392 fuerunt.
2748 5324 3016 5379 Carnales
3041 5323 3304 5381 observa-

86 5406 198 5485 Vatla
217 5403 450 5465 doctrina
477 5411 776 5482 persistere
805 5412 1084 5468 videntur.
1703 5415 1906 5481 tiones,
1942 5430 2064 5485 quae
2083 5418 2215 5468 ante
2258 5413 2562 5467 adventum
2596 5412 2805 5467 Christi
2833 5412 3151 5469 animarum
3178 5415 3305 5471 fue-

137 5481 175 5574 ξι-
208 5489 358 5551 Videte
404 5481 781 5560 concisionem.
817 5501 968 5557 Bene
1030 5502 1406 5559 concisionem
1455 5503 1615 5571 dixit,
1698 5509 1836 5562 runt.
1861 5481 2040 5571 lucra,
2093 5508 2327 5558 servatae
2376 5507 2502 5573 post
2549 5502 2850 5557 adventum
2891 5502 3036 5574 ejus,
3076 5504 3306 5562 fuerunt

84 5570 186 5636 quia
215 5584 441 5649 quandiu
482 5588 598 5645 Deo
634 5589 865 5668 placuit.
909 5590 1256 5653 circumcisio
1303 5596 1445 5660 erat,
1486 5592 1619 5663 quia
1698 5570 2073 5660 detrimenta;
2135 5590 2276 5649 ﬁdes
2306 5570 2458 5648 enim
2500 5590 2711 5649 Christi
2739 5570 3030 5650 observari
3055 5608 3150 5649 eas
3190 5610 3302 5651 non
