3878 6344
523 283 632 353 διδ
1418 335 1422 338 ι
1474 307 1565 365 ·Β.
1606 305 2022 366 IANFRANCI
2057 308 2112 364 Cl

2221 304 2418 364 PUAR.
2458 302 2804 365 ΑΕΟΗῙΕΡ.
2886 333 2893 339 -
3013 326 3018 331 '
3685 305 3797 365 316

523 424 707 479 tratus
725 438 853 481 sum
873 432 1104 502 propter
1118 432 1426 503 Christum,
1450 436 1613 509 ﬁdem
1636 434 1861 500 Christi,
1880 430 2237 489 detrimenta.
2250 432 2665 487 Verumtamen
2697 446 2851 488 nunc
2867 446 3078 503 quoque
3100 431 3356 499 existimo
3402 431 3595 487 omnia
3612 430 3805 499 detri-

523 516 775 567 mentum
806 521 841 580 Ι
857 523 986 582 59
1011 534 1150 588 esse,
1183 520 1261 579 l2.
1296 531 1526 595 prOpter
1552 523 1911 590 eminentem,
1937 527 2129 577 omnia
2148 528 2518 591 superantem,
2543 521 2832 577 scientiam
2857 523 3251 593 assequendam
3267 523 3399 576 Jesu
3431 522 3663 576 Christi
3680 522 3807 578 Do-

524 600 665 655 mini
696 602 825 669 mei,
854 613 1085 679 propter
1111 625 1279 682 quem
1302 604 1540 681 (repetit,
1567 617 1647 667 re!
1690 616 2008 681 generatius
2035 612 2190 674 dicit)
2234 610 2424 665 omnia
2462 608 2862 675 detrimentum
2912 602 3034 675 feci,
3070 617 3128 665 et
3154 611 3399 664 arbitror
3417 616 3482 665 ut
3516 616 3805 681 stercora,

525 691 626 755 qui
638 691 919 746 observata
935 699 1129 751 anima
1143 702 1429 766 polluant.
1445 704 1506 754 ut
1529 699 1811 765 Christum
1849 700 2218 765 lucrifaciam,
2240 704 2302 752 ut
2320 704 2377 752 et
2407 697 2660 765 inveniar
2687 699 2745 753 in
2766 698 2883 757 illo.
2906 713 3016 753 non
3039 696 3251 752 habens
3282 713 3461 752 meam
3487 699 3805 768 justitiam,

525 789 650 845 quia
676 792 742 832 ex
772 778 896 851 lege
925 787 1029 850 est,
1062 785 1159 840 sed
1186 786 1339 841 illam
1366 804 1488 858 quae
1519 805 1585 842 ex
1614 787 1723 857 ﬁde
1753 795 1841 843 est
1867 787 2077 844 Christi
2097 790 2230 853 Jesu
2265 800 2420 858 :quae
2451 801 2516 840 ex
2552 786 2667 841 Deo
2709 792 2795 840 est
2835 786 3061 855 justitia'
3084 786 3146 840 in
3186 784 3559 856 lideilhristi,
3595 782 3685 842 13.
3731 787 3807 840 ad

522 869 971 934 cognoscendum
1001 871 1180 941 illum,
1214 878 1360 945 quod
1380 867 1779 946 beneptacitum
1808 880 1882 932 sit
1904 879 2030 943 Deo,
2060 875 2143 941 H,
2170 876 2259 940 15,
2286 874 2370 931 16.
2400 878 2458 929 et
2485 875 2748 929 virtutem
2769 874 3366 945 resurrectionisejus,
3387 890 3511 944 qua
3528 876 3693 929 homo
3715 879 3811 929 in-

523 956 698 1008 terior
713 961 1034 1029 suscitatur,
1066 962 1156 1028 1'7,
1191 962 1274 1019 18.
1309 969 1365 1020 et
1386 969 1713 1033 societatem
1741 967 2064 1039 passionum
2090 964 2261 1032 illius,
2298 962 2383 1029 i9,
2415 961 2506 1020 ‘20.
2532 963 2912 1034 cenﬂguratus
2936 964 3107 1018 morti
3136 964 3275 1034 ejus,
3302 960 3351 1017 si
3390 977 3502 1039 quo
3531 960 3706 1017 modo
3737 967 3805 1018 in

518 1043 717 1111 futuro
739 1062 1025 1105 occurram
1047 1053 1117 1107 ad
1130 1056 1620 1121 resurrectionem,
1639 1036 1762 1139 quae
1788 1060 1954 1109 estex
1974 1052 2230 1119 mortuis,
2251 1056 2332 1107 vel
2348 1053 2411 1107 de
2427 1055 2677 1122 peccatis.
2703 1052 2828 1106 Non
2843 1054 2962 1106 ideo
2979 1052 3100 1106 dico
3116 1052 3264 1123 quod
3292 1036 3420 1123 jam‘
3433 1052 3798 1123 acceperim,

517 1139 977 1193 resurrectionem
995 1146 1186 1197 carnis
1206 1147 1269 1199 in
1289 1149 1599 1213 cognitione
1619 1147 1841 1201 Christi.
1867 1154 1964 1198 aut
1980 1145 2098 1213 jam
2130 1141 2406 1212 perfectus
2426 1142 2533 1195 sim
2566 1145 2628 1195 in
2643 1144 2952 1208 cognitione
2969 1141 3208 1206 Christi;
3232 1139 3320 1198 2|.
3345 1155 3561 1211 sequor
3574 1146 3801 1207 autem,

513 1218 562 1272 si
590 1236 700 1291 quo
730 1222 894 1280 modo
913 1231 1403 1300 comprehendam,
1432 1250 1495 1288 ea:
1513 1240 1618 1288 toto
1632 1247 1927 1302 agnoscam
1958 1222 2259 1293 Uhm‘stum,
2292 1228 2381 1295 22,
2414 1229 2472 1284 in
2499 1246 2609 1300 quo
2634 1231 2723 1300 (in
2743 1233 3071 1297 cognitione)
3096 1234 3153 1283 et
3176 1231 3622 1301 comprehensus
3645 1244 3789 1284 sum

518 1323 583 1361 ea:
605 1313 709 1364 toto
727 1314 995 1371 aChristo
1020 1318 1172 1387 Jesu,
1191 1320 1410 1382 fratres.
1436 1339 1540 1393 ego
1568 1338 1656 1377 me
1685 1339 1799 1376 non
1820 1321 2065 1376 arbitror
2093 1319 2582 1390 comprehendisse
2604 1322 2809 1373 scilicet
2836 1321 3128 1372 scientiam
3160 1318 3382 1373 Christi
3419 1333 3488 1372 ea:
3511 1323 3640 1372 toto.
3688 1315 3793 1385 23,

514 1395 603 1457 24.
621 1395 710 1454 ‘25.
734 1399 920 1457 Unum
948 1411 1263 1472 autem,sed
1279 1412 1567 1465 hocunum
1588 1414 1857 1474 arbitror,
1884 1426 2005 1481 quae
2026 1408 2255 1480 quidem
2284 1410 2488 1461 scilicet
2514 1413 2666 1461 retro
2696 1411 2829 1460 sunt
2873 1410 3124 1460 carnales
3158 1407 3563 1460 observationes
3585 1402 3790 1461 oblivi-

516 1500 697 1550 scens,
733 1489 803 1543 ad
834 1507 1047 1549 cavero
1078 1513 1201 1567 quae
1233 1504 1368 1552 sunt
1393 1500 1598 1570 priora,
1624 1503 1843 1568 potiora
1885 1497 2189 1553 extendens
2237 1495 2536 1566 meipsum,
2565 1496 2637 1549 ad
2682 1493 3026 1549 destinatum
3076 1510 3402 1566 persequor,
3439 1498 3673 1555 scilicet.
3714 1493 3804 1549 ad

516 1572 792 1644 brevium,
806 1587 1401 1657 praemium,supernae
1424 1587 1726 1642 vocationis
1767 1588 1885 1649 Dei,
1919 1602 2037 1657 qua:
2074 1588 2278 1638 occatio
2310 1590 2385 1637 est
2412 1585 2469 1637 in
2524 1584 2746 1638 Christo
2788 1587 2975 1656 ιιῖθΔ
2997 1583 3148 1639 Jesu.
3179 1579 3270 1640 26.
3304 1581 3639 1654 Quicunque
3661 1599 3805 1653 ergo

525 1666 675 1730 (quia
699 1679 790 1733 ego
819 1669 880 1722 id
904 1674 1076 1725 sentio
1104 1666 1287 1729 volens
1307 1692 1413 1730 esse
1435 1679 1731 1746 perfectus)
1769 1675 1999 1748 perfecti
2052 1688 2265 1738 sumus,
2306 1672 2389 1726 vel
2430 1687 2539 1726 esse
2578 1676 2855 1735 volumus,
2883 1671 2988 1725 hoc
3004 1670 3342 1735 sentiamus,
3392 1688 3492 1725 nos
3529 1670 3801 1724 nondum

519 1754 982 1820 comprehendisse
1004 1779 1021 1813 :
1048 1759 1137 1817 27.
1167 1769 1224 1817 et
1250 1764 1297 1818 si
1329 1765 1463 1836 quid
1494 1766 1659 1820 aliter
1685 1765 1902 1836 sapitis,
1932 1781 2101 1833 quam
2150 1763 2479 1835 sapiendum
2507 1764 2599 1826 sit,
2632 1767 2689 1814 et
2725 1761 2831 1814 hoc
2856 1760 3012 1814 vobis
3048 1761 3199 1815 Deus
3235 1758 3524 1826 revelabit,
3563 1763 3650 1814 ita
3694 1774 3807 1814 esse

519 1843 887 1898 sentiendum.
919 1844 1008 1902 28.
1032 1847 1435 1908 Verumtamen
1468 1871 1580 1909 non
1614 1854 2122 1923 comprehendimus
2150 1866 2213 1905 ex
2252 1855 2377 1914 toto,
2413 1848 2483 1903 ad
2513 1850 2663 1920 quod
2696 1847 2785 1905 ‘29.
2825 1848 3201 1920 pervenimus,
3259 1852 3322 1903 in
3352 1855 3631 1918 quantum
3670 1863 3808 1917 pro-

1861 1964 2445 2027 COMMENTARIUS.
2772 1988 2775 1993 ·
3487 2015 3492 2019 .
3542 2014 3551 2018 -

462 2102 468 2110 .
518 2057 814 2126 permittit.
840 2061 974 2124 Qum
1003 2065 1151 2119 enim
1179 2066 1477 2122 adventum
1532 2067 1744 2123 Christi
1772 2071 2115 2121 tantummo—
2130 2062 2259 2130 Ain
2288 2063 2393 2117 hac
2424 2062 2557 2116 vita.
2586 2063 2679 2117 Bie
2705 2062 2837 2117 alibi
2872 2081 2884 2116 :
2922 2065 3075 2119 Tune
3096 2076 3435 2131 cognoscam,
3475 2062 3697 2116 εἰδυῖαι
3720 2077 3807 2115 ooo

517 2145 589 2203 do
616 2146 1026 2217 signiﬁcabant,
1055 2153 1104 2207 si
1142 2155 1262 2225 jam
1316 2163 1629 2224 serventur,
1664 2156 1957 2210 advenisse
1982 2169 2112 2208 eum

517 2243 746 2305 negant.

597 2323 657 2379 η
667 2365 679 2378 .
696 2326 1041 2383 Eminentem
1055 2333 1890 2388 scientiam.SeientiamChristi
1905 2333 2113 2386 habere

518 2426 632 2465 non
653 2415 839 2483 potest
851 2417 1105 2488 quisquis
1123 2421 1372 2474 carnalia
1388 2421 1817 2492 pmceptaiegis
1833 2420 2109 2486 observat,

517 2499 606 2557 vel
636 2500 980 2560 observanda
1008 2513 1188 2577 putat.

590 2587 680 2644 13.
713 2592 798 2646 Ad
840 2598 1264 2661 agnoscendum.
1304 2598 1475 2662 Quasi
1513 2599 1727 2652 diceret
1760 2617 1771 2651 :
1808 2597 1914 2662 Qui
1960 2613 2019 2651 se
2056 2597 2113 2650 in

522 2676 649 2747 lege
673 2679 971 2749 justiﬂcari
1005 2689 1183 2754 putat.
1216 2700 1329 2740 non
1356 2688 1641 2756 cognoscit
1668 2687 1953 2742 Christum
1980 2705 1992 2753 ;
2017 2686 2115 2740 sed

522 2780 627 2836 ego
648 2775 839 2838 spreta
865 2771 1034 2842 legali
1049 2774 1292 2844 justitia.
1309 2774 1365 2829 in
1379 2776 1488 2830 ﬁde
1514 2777 1635 2847 ejus
1659 2776 1957 2846 justiﬁeari
1969 2776 2110 2840 volo,

520 2859 585 2909 ut
609 2865 879 2927 agnoscat
901 2861 1080 2927 illum,
1116 2863 1170 2917 id
1200 2868 1290 2918 est
1317 2864 1406 2935 [μ
1441 2865 1609 2935 quod,
1642 2871 1742 2919 aut
1789 2863 2112 2935 quomodo],

519 2943 846 3003 incarnatus
866 2955 922 3003 et
952 2958 1207 3006 mortuus
1229 2953 1322 3006 sit.

590 3032 680 3089 14.
711 3037 959 3094 ΑΜΒιιοε.
979 3041 1241 3095 Virtutem
1271 3045 1707 3096 resurrectionis.
1732 3042 2115 3096 Resurrectio-

520 3121 611 3176 nis
631 3124 753 3193 ejus
774 3126 950 3181 virtus
970 3134 1072 3193 est,
1094 3136 1159 3183 ut
1169 3146 1363 3198 pmnes
1381 3136 1757 3202 assequuntur
1770 3131 2011 3199 similem
2030 3146 2115 3197 re-

428 3272 436 3280 _
519 3212 948 3282 surrectionem.

599 3297 945 3371 15.AUGus'_r.
970 3306 1156 3372 (Ibid,
1178 3323 1228 3360 c.
1251 3305 1364 3377 10.)
1385 3308 1649 3375 Virtutem
1665 3310 2108 3362 resurrectionis.

2194 2154 2387 2219 gnitus
2413 2168 2559 2205 sum.
3730 2194 3741 2198 _

2265 2238 2353 2296 22.
2386 2241 2629 2297 AMBRGS.
2672 2242 2735 2294 In
2782 2256 2889 2309 quo
2940 2241 3372 2309 comprehensus.
3418 2240 3499 2294 De
3543 2238 3807 2293 caeloilli

2196 2329 2462 2399 apparuit
2490 2329 2769 2393 Christus,
2803 2335 2860 2383 et
2888 2342 3049 2383 suam
3102 2328 3341 2398 gloriam
3370 2327 3650 2395 ostendit;
3698 2327 3807 2381 hoc

2196 2417 2338 2470 dixit
2369 2434 2381 2469 ε
2415 2417 2621 2472 Omnia
2650 2418 2789 2472 facio
2814 2425 2879 2471 ut
2899 2416 2996 2470 illa
3013 2431 3285 2487 assequar
3309 2416 3369 2470 in
3398 2416 3605 2487 quibus
3629 2416 3807 2470 Din-io

2196 2512 2349 2558 stum
2400 2521 2522 2559 esse
2551 2506 2827 2577 perspexi,
2861 2506 3084 2576 quando
3113 2512 3542 2575 persequentem
3567 2520 3683 2558 sua
3719 2521 3807 2558 re-

2198 2594 2476 2651 velatiene
2505 2595 2562 2647 in
2583 2610 2743 2648 suam
2766 2595 3142 2664 cognitionem
3166 2610 3258 2648 me
3285 2594 3577 2658 convertit.

2269 2681 2363 2740 22.
2404 2684 2654 2740 Aunusr.
2690 2683 2854 2753 (Ibid.
2864 2692 2885 2752 )
2924 2684 3105 2737 Unum
3140 2688 3348 2745 autem.
3401 2684 3521 2736 Hoc
3551 2697 3649 2735 me
3686 2697 3805 2736 non

2197 2771 2443 2827 arbitror
2469 2766 2934 2842 apprehendisse.

2268 2860 2358 2913 es.
2392 2862 2580 2928 (Ibid)
2605 2862 2807 2915 Unum.
2828 2856 3007 2923 Multa
3025 2859 3224 2925 habeo,
3245 2865 3311 2917 et.
3331 2874 3509 2913 unum
3542 2861 3807 2915 nondum

2200 2948 2563 3021 apprehendi.
2601 2950 2777 3003 Unam
2802 2952 2941 3018 petii
2967 2966 3003 3003 a
3026 2951 3281 3016 Domino,
3313 2950 3457 3003 hanc
3483 2953 3803 3018 requiram.

2195 3024 2341 3101 Quid
2367 3035 2596 3107 petisit?
2630 3038 2693 3091 Ut
2720 3038 2960 3091 habitem
2985 3042 3051 3091 in
3077 3039 3236 3091 domo
3249 3040 3478 3092 Domini
3483 3053 3588 3107 per
3614 3055 3805 3093 omnes

2194 3128 2308 3179 dies
2336 3128 2459 3178 vita:
2480 3142 2625 3179 mea.

2265 3211 2356 3269 25.
2388 3213 2602 3267 Laure.
2632 3214 2814 3268 Unum
2863 3218 3069 3269 autem.
3103 3213 3311 3281 Unum,
3342 3212 3545 3286 inquit,
3596 3212 3671 3284 de
3717 3224 3805 3275 me

2195 3318 2425 3371 possum
2445 3302 2794 3356 conﬁdenter
2809 3319 2951 3358 asset
2967 3319 3061 3356 ere
3084 3321 3097 3370 ;
3131 3307 3386 3356 terrenas
3414 3288 3665 3374 namque
3677 3302 3810 3359 sub-

517 3383 591 3440 Et
619 3386 715 3441 ubi
745 3390 1056 3447 nominavit
1081 3394 1347 3463 virtutem
1405 3394 1832 3451 resurrectionis
1880 3396 2108 3467 Christi,
2126 3382 2174 3441 Β
2197 3391 2455 3456 stantius,
2482 3407 2621 3461 quas
2650 3398 2879 3469 prapter
2900 3390 3076 3445 Deum
3099 3382 3579 3463 reliquipenitus
3598 3391 3805 3451 Oblivi-

521 3491 761 3547 agnosce
789 3478 867 3534 ibi
896 3481 1354 3553 justiﬁcationem
1382 3490 1562 3553 tuam.
1579 3485 1655 3541 Ex
1682 3485 1832 3553 illius
1859 3486 2006 3540 enim
2028 3502 2113 3540 re-

521 3555 868 3622 surrectione
890 3560 1286 3640 justificamur.
1340 3559 1375 3585 '

598 3649 684 3709 16.
707 3655 913 3712 Lassa.
949 3660 1214 3729 Virtutem
1236 3666 1673 3731 resurrectionis.
1700 3663 1893 3718 Virtus
1922 3680 2111 3718 resur-

522 3743 790 3811 rectionis
845 3746 1052 3817 Christi
1103 3754 1206 3819 est,
1255 3751 1567 3822 justificare
1596 3752 1924 3821 credentes;
1966 3753 2115 3806 unde

521 3828 655 3887 alibi
677 3834 811 3890 dicit
835 3854 847 3889 :
884 3837 953 3892 Et
976 3843 1281 3909 resurrexit
1297 3847 1524 3910 propter
1541 3845 1999 3911 justiﬁcationem
2024 3859 2115 3898 no—.

519 3925 719 3979 stram.
1404 3920 1412 3926 ’

591 4006 682 4065 17.
716 4013 782 4067 Et
801 4018 1129 4074 societatem.
1157 4016 1258 4087 Ille
1289 4017 1460 4073 habet
1487 4016 1812 4085 societatem
1842 4016 2117 4089 passionis

517 4095 652 4190 lesu
681 4100 910 4161 Christi.
946 4104 1043 4190 qui
1080 4104 1160 4161 ita
1205 4107 1422 4176 patitur
1442 4107 1502 4160 in
1550 4107 1656 4160 hoc
1705 4107 1928 4171 saeculo,
1970 4107 2116 4161 sicut

520 4185 670 4241 idem
701 4206 899 4276 passus
929 4185 1030 4258 est,
1064 4210 1186 4273 quae
1217 4195 1453 4263 societas
1479 4198 1615 4249 tunc
1639 4193 1778 4257 bene
1835 4195 2115 4266 cognosci-

520 4280 635 4343 tur,
659 4280 882 4348 quando
910 4298 1012 4355 per
1039 4298 1163 4353 eam
1192 4284 1472 4363 perveniri
1511 4285 1583 4340 ad
1632 4285 1842 4357 gaudia
1869 4283 2116 4339 coelestia

517 4366 786 4424 creditur.

592 4451 681 4515 18.
705 4456 960 4530 Accusr.
995 4463 1243 4532 (lbid.,c.
1266 4463 1377 4534 12.)
1395 4466 1463 4535 Et
1490 4468 1794 4518 societatem
1816 4466 2109 4533 passionis.

524 4543 582 4598 Si
612 4546 762 4601 enim
815 4548 875 4603 in
910 4556 966 4619 te
1021 4553 1193 4621 fuerit
1220 4554 1466 4622 charitas
1521 4552 1642 4621 Dei,
1675 4551 2114 4622 communicabis

521 4632 729 4690 Christi
758 4638 1129 4708 passionibus.
1154 4646 1211 4696 et
1241 4660 1402 4697 verus
1451 4643 1561 4696 eris
1615 4648 1852 4715 martyr.
1888 4639 1955 4693 In
2002 4657 2112 4712 quo

2195 3496 2374 3559 scens,
2407 3480 2477 3533 ad
2516 3486 2743 3545 aiterna,
2781 3498 2903 3551 quae
2936 3478 3340 3557 temporalibus
3390 3479 3616 3550 potiora
3644 3487 3803 3548 sunt,

2193 3573 2314 3622 tota
2330 3569 2640 3631 intentione
2654 3585 2743 3622 me
2764 3560 3089 3634 extendens,
3114 3567 3317 3629 festino
3332 3564 3402 3621 ad
3424 3568 3803 3636 destinatum,

2196 3656 2251 3710 id
2269 3664 2372 3725 est,
2396 3657 2465 3712 ad
2484 3658 2538 3711 id
2563 3657 2711 3729 quod
2735 3674 2824 3717 me
2867 3657 3263 3711 festinaturum
3284 3663 3473 3723 mente
3506 3659 3802 3729 proposui,

2195 3745 2455 3813 videlicet
2482 3748 2553 3800 ad
2584 3746 2862 3814 bravium,
2889 3747 2945 3800 id
2976 3751 3081 3807 est,
3103 3745 3397 3819 praemium
3424 3738 3689 3818 supernas
3715 3764 3806 3800 vo-

2197 3834 2454 3898 cationis.
2494 3834 2553 3888 id
2583 3838 2688 3902 est,
2731 3835 2860 3889 vitae
2901 3840 3142 3902 aeternae,
3200 3836 3270 3903 ad
3298 3846 3467 3907 quam
3495 3822 3666 3889 vocat
3702 3852 3805 3889 nos

2197 3930 2368 3986 Deus.

2268 4015 2359 4073 ‘26.
2383 4020 2626 4081 Ausus'r.
2651 4018 2806 4087 (Ibid.
2820 4055 2834 4081 ,
2856 4032 2903 4071 c.
2942 4016 3052 4085 15.)
3074 4019 3396 4097 Quicunque
3409 4034 3534 4086 ergo
3545 4022 3803 4088 perfecti.

2199 4106 2428 4174 Dixerat
2459 4125 2471 4159 :
2514 4122 2627 4160 non
2655 4122 2779 4160 sum
2805 4105 3109 4179 perfectus,
3131 4114 3188 4161 et
3214 4105 3350 4169 dicit
3376 4113 3655 4178 quotquot
3674 4125 3805 4182 per-

2198 4195 2327 4261 fecti
2350 4195 2454 4249 hoc
2483 4195 2769 4266 sapiamus
2794 4213 2808 4261 ;
2841 4210 2943 4267 ego
2970 4211 3060 4248 me
3079 4212 3190 4248 non
3214 4194 3460 4252 arbitror
3486 4197 3805 4267 apprehen-

2195 4285 2364 4355 disse,
2395 4300 2507 4337 non
2537 4283 2670 4355 quia
2694 4285 2813 4354 jam
2859 4282 3166 4353 acceperim
3220 4291 3319 4338 aut
3361 4287 3480 4355 jam
3518 4285 3803 4369 perfectus

2198 4375 2324 4440 sim,
2360 4380 2417 4441 et
2447 4373 2585 4437 dicit
2612 4378 2888 4461 quotquot
2916 4372 3149 4457 perfecti
3192 4373 3298 4427 hoc
3321 4373 3625 4457 sapiamus,
3670 4393 3801 4461 per-

2197 4462 2327 4516 fecti
2349 4467 2406 4515 et
2436 4477 2547 4515 non
2577 4459 2831 4535 perfecti.
2860 4461 3101 4515 Perfecti
3138 4461 3379 4519 viatores
3407 4463 3660 4529 nondum
3674 4459 3801 4549 per-

2196 4550 2326 4605 fecti
2356 4546 2723 4622 possessores.

2266 4640 2355 4699 27.
2381 4642 2592 4695 LANFR.
2635 4642 2766 4705 Etsi
2786 4641 2942 4708 quid,
2961 4639 3017 4693 id
3040 4645 3146 4703 est,
3174 4640 3223 4694 si
3255 4640 3555 4713 perfectam
3586 4641 3798 4711 Christi

522 4725 768 4793 charitas
788 4737 1108 4799 coronatur,
1141 4733 1250 4787 erit
1274 4730 1448 4804 [adde,
1494 4730 1637 4817 ipse]
1677 4747 1840 4797 verus
1874 4736 2108 4800 martyr.
2127 4740 2170 4799 ο
2194 4730 2573 4803 cognitionem
2603 4747 2697 4783 vos
2737 4728 2943 4782 habere
2959 4729 3266 4815 putatis,et
3283 4731 3409 4795 hoc,
3440 4730 3493 4785 id
3513 4737 3616 4793 est,
3650 4733 3799 4785 male

598 4813 682 4871 19.
733 4817 916 4895 (Ibid,
941 4836 988 4874 c.
1038 4818 1142 4893 l3.)
1175 4813 1564 4893 Canﬁguratus
1584 4821 1775 4885 morti.
1805 4820 2115 4887 Consepulti

519 4906 671 4960 enim
691 4923 906 4975 sumus,
933 4906 1136 4981 inquit,
1152 4910 1364 4964 Christo
1388 4925 1491 4995 per
1521 4909 1854 4978 baptismum
1879 4910 1941 4960 in
1961 4923 2115 4961 mor-

520 5000 716 5061 tem,ut
731 4993 1447 5071 quemadmodumChristus
1468 4998 1773 5051 resurrexit
1788 5013 1824 5051 a
1846 5000 2105 5063 mortuis,

516 5086 595 5138 sic
612 5090 663 5138 et
688 5074 785 5140 nos
824 5086 887 5153 in
907 5090 1145 5158 novitate
1172 5090 1295 5140 vita
1316 5085 1682 5155 ambulemus.

588 5170 683 5230 20.
718 5172 925 5237 LANI-‘a.
952 5178 1340 5247 Con/iguratus
1358 5178 1530 5228 morti
1548 5179 1682 5243 ejus.
1721 5173 1786 5228 In
1807 5173 2108 5245 baptismo,

515 5268 582 5333 ut
611 5265 759 5335 extim
790 5265 972 5333 tribus
992 5266 1187 5321 diebus
1213 5264 1394 5339 jacuit
1418 5248 1674 5333 Christus
1728 5263 1787 5317 in
1833 5263 2111 5334 sepulcro,"

515 5353 596 5406 sic
614 5353 673 5423 in
702 5353 1039 5426 baptismate
1068 5355 1219 5409 trina
1248 5355 1322 5409 sit
1348 5354 1652 5408 immersio.
1900 5344 1906 5351 ’

708 5442 933 5515 Sequor.
986 5443 1202 5514 lmitor.
1238 5442 1440 5515 inquit,
1473 5441 1759 5511 Christum
1787 5439 1950 5512 bonis
1979 5460 2113 5531 ope-

515 5528 693 5603 ribus,
725 5548 932 5604 sonans
989 5532 1036 5587 si
1089 5532 1276 5609 aliqua
1322 5531 1487 5604 modo
1530 5531 1864 5603 quandoque
1893 5528 2112 5607 cariem

517 5614 679 5673 illum
703 5620 951 5691 perfecta
976 5616 1372 5693 intelligentia,
1404 5620 1464 5677 in
1507 5622 1621 5692 qua
1682 5617 1803 5690 ipse
1831 5614 1999 5690 ccepit
2021 5637 2113 5675 me

2196 4837 2293 4873 vos
2334 4836 2552 4891 sapere,
2567 4816 2718 4873 vobis
2739 4835 2840 4894 per
2870 4804 3311 4889 misericordiam
3337 4836 3499 4874 suam
3527 4819 3802 4874 revelabit

2196 4909 2366 4964 Deus.
3000 4924 3003 4925 '

2266 4996 2357 5055 28.
2390 4996 2632 5065 Aususr.
2673 4996 2859 5065 (Ibid)
2902 4996 3306 5051 Verumtamen.
3355 4996 3480 5051 Sive
3511 5013 3620 5075 quo
3660 5006 3792 5068 per-

2196 5090 2472 5153 venimus,
2522 5087 2581 5140 in
2608 5103 2674 5140 eo
2706 5084 3079 5151 ambulemus,
3127 5085 3273 5153 sicut
3302 5084 3439 5151 dicit
3467 5086 3790 5156 Apostolus,

2197 5193 2309 5231 non
2339 5177 2518 5245 solum
2549 5175 2698 5246 quod
2729 5174 3009 5237 nescimus
3064 5180 3121 5227 et
3169 5172 3310 5243 scire
3361 5173 3654 5247 debemus,
3697 5173 3795 5228 sed

2199 5266 2372 5322 etiam
2399 5266 2447 5319 si
2470 5264 2606 5339 quid
2627 5264 2791 5318 aliter
2815 5263 3087 5335 sapimus,
3110 5262 3167 5317 id
3197 5280 3419 5339 quoque
3450 5263 3610 5317 nobis
3640 5280 3795 5319 reve-

2197 5354 2356 5409 labit.
3213 5342 3221 5351 ’

2267 5443 2357 5500 21).
2386 5444 2592 5497 LANFR.
2616 5445 2991 5511 Pervenimus.
3016 5440 3189 5506 Quasi
3235 5439 3484 5496 diceret:
3528 5442 3677 5514 quod
3717 5438 3786 5497 de

2197 5532 2422 5603 Christo
2441 5530 2710 5611 sapimus,
2746 5530 2983 5603 firmiter
3011 5537 3325 5609 teneamus,
3353 5535 3411 5585 et
3438 5547 3607 5603 opere
3635 5548 3789 5585 com-

2194 5621 2470 5691 pleamus.
3188 5630 3195 5645 ‘
