3878 6394
155 361 239 420 3n
706 369 821 424 ‘IN
858 369 926 425 Β.
966 354 1448 424 PAULI'EPIBT.
1488 366 1862 426 UOMMENT.
1902 373 1975 410 —'-
2011 364 2234 426 EPIST.
2276 369 2374 426 AD
2417 368 2735 426 PHILIPP.
3270 365 3374 429 3'13

149 486 268 579 vecti
290 503 491 555 sumus,
537 492 604 559 ut
645 487 795 560 idem
845 490 1162 579 sapiamus;
1205 497 1263 547 et
1306 492 1500 557 eadem
1549 510 1981 567 permaneamus
2024 493 2239 579 regula.
2283 490 2353 550 30
2397 493 2712 549 imitatores
2755 491 2865 565 mei
2909 494 3106 563 estote,
3146 494 3370 573 fratres,

149 578 195 641 et
224 571 491 647 observate
536 581 854 638 imitemini.
882 571 995 640 eos,
1030 582 1125 652 qui
1157 582 1253 647 ita,
1306 586 1449 647 sicut
1496 599 1610 650 nos,
1652 583 1965 649 ambulant,
2010 578 2157 639 sicut
2201 582 2420 651 habetis
2460 583 2699 638 formam
2738 588 3013 651 nostram,
3069 586 3211 637 sicut
3248 571 3375 641 estis

150 662 397 734 baptizati,
428 668 509 718 ita
525 666 821 720 ambulate.
871 667 1034 727 Multi
1066 670 1214 724 enim
1245 670 1553 732 ambulant,
1581 688 1764 726 nonne
1779 688 1965 727 omnes
1986 677 2063 727 ita
2082 675 2414 741 ambulant?
2429 688 2568 749 quos
2586 688 2732 743 saepe
2753 670 3005 726 dicebam
3028 669 3183 726 vobis
3199 681 3375 749 (num;

144 758 301 805 autem
328 757 382 807 et
417 754 557 808 ﬂens
583 754 727 817 dico;
753 755 1009 813 inimicos
1038 760 1219 813 crucis
1248 759 1473 826 Christi,
1508 777 1747 832 quorum
1777 761 1903 816 finis
1956 760 2239 825 interitus,
2298 758 2385 823 31,
2446 775 2687 829 quorum
2731 759 2879 813 Deus
2923 763 3120 812 venter
3157 760 3259 823 est,
3318 759 3376 811 et

140 838 289 909 gloria
308 857 493 896 eorum
524 847 839 913 temporalis
867 844 926 900 in
947 853 1212 925 perpetua
1241 848 1567 903 confusione
1596 849 1867 923 ipsorum,
1900 851 1990 923 qui
2013 855 2239 904 terrena
2278 849 2523 923 sapiunt.
2557 849 2763 917 Nostra
2798 853 2987 902 autem
3027 845 3373 902 conversatio

139 930 184 983 in
207 930 339 986 caelis
362 938 464 999 est,
497 936 579 988 vel
615 937 677 989 de
707 936 851 1005 costis
878 942 976 1001 est,
1003 942 1139 1008 quia
1164 941 1225 995 in
1254 941 1397 993 catis
1418 938 1826 999 conversumur.
1859 938 2017 993 Unde
2059 938 2230 991 etiam
2271 937 2619 993 Salvatorem
2652 942 3043 1023 exspectamus
3070 933 3372 1003 Dominum

139 1020 397 1074 nostrumJ
403 1038 561 1077 esum
581 1022 889 1083 Christum.
914 1024 1001 1091 3'2,
1027 1024 1113 1083 33.
1139 1028 1235 1099 qui
1261 1026 1589 1082 reformabit
1609 1043 1812 1097 corpus
1826 1025 2158 1080 humilitatis
2178 1032 2401 1091 nostrai,
2421 1027 2632 1080 humile
2656 1020 2931 1093 nostrum,
2956 1023 3371 1107 conﬁguratum

137 1108 318 1201 corpori
344 1111 617 1201 claritatis
645 1129 778 1201 suae,
806 1119 856 1187 et
887 1115 984 1169 hoc
1001 1120 1194 1186 potest,
1216 1114 1525 1172 secundum
1551 1116 1934 1187 Operatiouem
1964 1117 2211 1181 virtutis,
2253 1117 2572 1175 divinitatis
2626 1131 2755 1183 suae,
2812 1131 2925 1197 qua
2970 1114 3142 1173 etiam
3194 1111 3374 1201 possit

135 1194 369 1269 subjicere
395 1198 504 1253 sibi
533 1200 742 1271 omnia,

1556 1293 1790 1348 CAPUT
1827 1293 1922 1348 IV.

183 1412 380 1483 Itaque,
406 1415 570 1483 (quia
588 1417 730 1478 Deus
747 1419 1074 1485 reformabit
1097 1435 1213 1484 nos,
1231 1421 1415 1481 dando
1431 1419 1932 1481 immortalitatem)
1954 1418 2157 1481 fratres
2176 1418 2288 1473 mei
2311 1418 2628 1482 charissimi
2647 1422 2706 1481 et
2723 1417 3205 1486 desidemﬁssimi.
3222 1435 3368 1490 sane

129 1501 256 1561 dium
282 1516 488 1568 meum,
522 1507 669 1565 unde
686 1508 947 1573 gaudebo,
981 1512 1040 1569 et
1060 1524 1267 1569 corona
1295 1524 1440 1573 mea.
1476 1509 1622 1571 unde
1648 1509 1954 1571 coronabo-r
1977 1506 2057 1565 sic
2083 1512 2253 1576 state,
2283 1512 2346 1570 ut
2375 1511 2439 1567 in
2456 1509 2706 1571 Ecclesiis
2735 1509 3157 1574 convertamini,
3181 1506 3241 1571 in
3253 1508 3368 1575 Do.-

128 1590 254 1651 mino
270 1591 581 1653 charissim
597 1596 1030 1665 (dissentiebant)
1050 1596 1315 1661 Evodiam
1328 1599 1648 1665 (proprium
1662 1600 1878 1664 nomen)
1896 1613 2050 1667 rogo,
2071 1603 2130 1659 et
2151 1597 2474 1669 Syntycben
2496 1598 2811 1665 (proprium
2838 1606 3057 1663 nomen)
3073 1596 3365 1667 deprecor.

127 1683 173 1730 ut
196 1678 423 1750 idipsum
453 1698 672 1753 sapere,
703 1689 944 1751 sapiant,
978 1685 1035 1744 in
1059 1684 1316 1751 Domino.
1340 1686 1521 1749 Etiam
1553 1701 1685 1754 rogo
1710 1689 1768 1748 et
1793 1686 2157 1751 te,Germane
2178 1688 2494 1754 (proprium
2516 1685 3221 1756 nomen)oomp8r,adjuva
3238 1684 3368 1753 illas

125 1767 253 1831 duos,
276 1785 394 1839 quae
416 1787 639 1824 mecum
664 1772 1081 1842 laboraverunt,
1100 1778 1404 1829 necessaria
1420 1778 1823 1835 ministrantes,
1845 1774 1905 1828 in
1927 1774 2223 1844 Evangelia
2244 1790 2371 1828 cum
2387 1774 2676 1829 Clemente
2696 1779 2754 1828 et
2771 1774 2988 1828 cazteris
3008 1774 3099 1844 adj
3108 1772 3365 1827 utoribus

128 1856 255 1920 meis,
279 1874 517 1928 quorum
536 1862 766 1915 nomina
786 1869 916 1917 sunt
947 1863 1004 1917 in
1021 1863 1164 1919 libro
1184 1867 1329 1921 vitae.
1358 1865 1405 1922 l.
1427 1864 1682 1920 Gaudete
1699 1863 2069 1923 (determinat;
2089 1863 2148 1916 in
2170 1862 2409 1917 Domino
2429 1880 2545 1917 sem
2555 1879 2671 1933 per,
2690 1863 2899 1917 iterum
2919 1863 3071 1917 dico:
3090 1862 3364 1933 Gaudete,

124 1946 163 1998 '3-
187 1946 444 2017 Modestia
472 1955 664 2020 vestra
689 1952 765 2007 sit
795 1952 1055 2017 omnibus
1088 1955 1431 2025 hominibus,
1459 1956 1713 2009 omnibus
1736 1955 1965 2015 modesti
1987 1954 2128 2020 sitis,
2162 1950 2220 2007 3.
2259 1950 2534 2018 Dominus
2552 1950 2700 2018 enim
2726 1967 2899 2034 prope
2913 1955 3017 2015 est.
3034 1950 3371 2018 (Eccevobiss

124 2052 221 2089 cum
239 2053 356 2091 sum
375 2041 639 2105 omnibus
658 2042 848 2099 diebus
874 2058 1040 2119 usque
1056 2046 1130 2098 ad
1146 2047 1671 2109 consummationem
1697 2040 2094 2108 swwli.)Nihil
2122 2039 2348 2093 solliciti
2376 2038 2518 2103 sitis,
2548 2038 2645 2095 sed
2672 2040 2725 2103 4,
2757 2038 2817 2105 in
2846 2038 2999 2094 omni
3022 2038 3083 2119 .5.
3109 2037 3365 2105 oratione

125 2128 167 2176 et
189 2123 586 2196 obsecratione,
617 2145 741 2184 cum
771 2130 1086 2201 gratiarum
1117 2132 1355 2197 actione.
1388 2130 1440 2197 6.
1473 2132 1775 2202 petitiones
1802 2136 1997 2193 vestrae
2026 2129 2379 2187 innotescant
2406 2144 2511 2181 esse
2533 2128 2681 2209 apud
2705 2128 2904 2194 Deum,
2936 2143 3048 2186 non
3068 2128 3365 2209 adjactqn-

125 2214 238 2265 tiam
265 2214 579 2273 hominum.
612 2215 662 2283 7,
701 2217 748 2281 8.
786 2219 855 2285 Et
882 2236 992 2297 pax
1022 2220 1141 2287 Dei,
1177 2238 1300 2291 quae
1334 2227 1635 2292 exsuperat
1665 2236 1886 2285 omnem
1913 2234 2162 2283 sensum,
2197 2219 2328 2288 (qua
2358 2208 2605 2281 Christus
2634 2232 2731 2271 nos
2763 2217 2922 2269 Patri
2941 2208 3365 2287 paciﬁcaoitmet

127 2304 441 2373 intranstive,
463 2308 614 2380 quod
635 2314 829 2367 nullus
856 2325 1044 2371 sensus
1075 2311 1188 2370 nisi
1211 2312 1310 2365 Dei
1332 2314 1561 2387 percipit
1587 2309 1867 2375 custodiat
1892 2306 2059 2374 corda
2085 2298 2289 2370 vestra,
2312 2311 2367 2358 et
2391 2304 2792 2375 intelligentias
2813 2308 3043 2369 vestras,
3066 2301 3124 2367 in
3139 2299 3364 2367 Christo

122 2390 243 2447 Jesu.
272 2394 349 2463 De
378 2401 606 2463 caetero,
636 2398 849 2467 deinde,
880 2401 960 2461 rei
983 2400 1047 2451 de
1067 2402 1200 2455 aliis
1220 2400 1824 2465 emcndandz's,fratres,
1850 2411 2193 2478 quaecunque
2243 2399 2375 2448 sunt
2404 2409 2552 2459 vera,
2583 2407 2929 2463 quaecunque
2956 2387 3177 2461 pudica,
3196 2404 3367 2478 Aquae-

119 2494 302 2550 cunque
321 2483 498 2551 justa,
528 2500 875 2555 quaecunque
907 2489 1120 2548 sancta,
1152 2504 1503 2563 quaecunque
1528 2487 1813 2563 amabilia,
1836 2487 1888 2541 9.
1917 2476 2260 2556 quaecunque
2287 2482 2445 2536 bona}
2471 2483 2652 2554 fama),
2694 2481 2743 2535 si
2773 2497 2885 2553 qua
2926 2479 3124 2547 virtus,
3163 2476 3210 2531 si
3253 2492 3367 2561 qua

122 2569 217 2623 laus
241 2570 566 2643 disciplinae,
599 2572 717 2635 haec
745 2573 1007 2644 cogitate.
1036 2562 1181 2640 Quae
1199 2582 1253 2637 et
1281 2575 1572 2637 didicistis,
1604 2582 1660 2641 et
1687 2575 1999 2655 accepistis,
2028 2580 2085 2627 et
2103 2573 2358 2641 audistis,
2394 2578 2451 2626 et
2482 2571 2695 2625 vidistis
2725 2571 2781 2637 in
2810 2587 2919 2635 me,
2958 2572 3074 2624 haec
3102 2567 3279 2647 agite:
3306 2570 3365 2655 et

123 2655 244 2723 Dens
265 2660 415 2734 Ρειεὶε
438 2656 553 2729 erit
577 2661 879 2719 Vobiscum.
928 2661 1010 2733 10.
1043 2663 1280 2725 Gavisus
1301 2681 1425 2723 sum
1456 2671 1647 2719 autem
1674 2665 1730 2719 in
1750 2653 1987 2719 Domino
2013 2664 2391 2727 vehementer,
2424 2661 2687 2733 quoniam
2702 2660 2931 2725 tandem
2954 2655 3257 2739 aliquando
3273 2653 3357 2723 ll.

1432 2787 2028 2843 COMMENTARIUS.

166 2902 240 2973 3ο,
260 2907 497 2977 Asianos
552 2912 880 2977 Imitatores,
924 2912 1029 2965 hoc
1065 2916 1168 2977 est,
1214 2912 1388 2966 nolite
1422 2911 1524 2967 sub
1561 2912 1683 2984 lege
1703 2914 1751 2972 A
1772 2918 1899 2983 post
1918 2910 2386 2965 communionem.
2421 2909 2537 2964 Hoc
2563 2908 2722 2983 ponit
2749 2925 2850 2979 pro
2884 2906 3037 2961 omni
3070 2904 3351 2969 oratione.

111 2994 279 3061 vivere,
308 2996 453 3052 sicut
480 3014 588 3051 nec
618 3016 720 3069 ego
749 2999 866 3053 vivo
898 2997 1000 3054 sub
1026 2999 1169 3070 lege.
1830 3000 1882 3054 5.
1940 3000 2218 3065 Oratione,
2268 2997 2327 3052 id
2376 3002 2481 3077 est,
2520 2998 2963 3069 quotiescunque
3017 2995 3211 3061 oratis,
3272 2993 3359 3061 vel

163 3080 240 3140 3|.
282 3086 533 3152 Quorum
586 3089 727 3141 Deus
771 3094 975 3142 venter.
1021 3089 1193 3153 Quasi
1255 3090 1373 3143 Deo
1446 3091 1677 3161 quidam
1758 3087 1973 3159 gratias
2002 3076 2242 3153 refertis,
2275 3091 2409 3141 tunc
2454 3085 2627 3158 petite
2677 3086 2725 3140 si
2768 3085 2901 3156 quid
2942 3100 2977 3138 a
3012 3082 3129 3140 Deo
3165 3085 3361 3154 petere

107 3172 255 3226 ventri
331 3174 713 3243 intendentes,
786 3177 1056 3248 pietatem
1129 3195 1251 3234 esse
1325 3179 1665 3249 existimant,
1757 3178 1943 3245 vultis.

108 3260 226 3327 quod
246 3262 351 3316 alia
392 3264 624 3334 quidem
670 3266 869 3319 offerre
907 3265 1038 3327 alia,
1093 3267 1205 3320 alia
1269 3267 1501 3321 minime
1549 3274 1669 3322 stu-
1824 3268 1874 3321 6.
1906 3269 2152 3321 Aueusr.
2194 3266 2371 3337 (epist.
2400 3264 2526 3321 121.
2555 3266 2641 3321 Ad
2676 3265 2834 3333 prob.
2865 3265 2929 3317 de
2982 3263 3192 3316 orando
3232 3262 3357 3327 Deo,

105 3345 346 3420 deant[f.,
368 3352 465 3409 alii
500 3352 730 3423 quidem
751 3355 949 3408 offerre
983 3354 1113 3422 alia,
1151 3354 1247 3415 alii
1285 3355 1400 3417 alia
1436 3355 1669 3418 minime
1750 3372 1871 3425 cap.
1896 3356 1951 3419 9,
1980 3362 2117 3409 tom.
2143 3356 2234 3423 ll.)
2266 3357 2554 3410 Pctitiones
2575 3359 2761 3408 vestra
2808 3353 2936 3421 Non
2966 3351 3047 3421 sio
3074 3349 3356 3435 accipien-

104 3438 379 3513 studeamj.
1750 3444 1885 3498 dum
1915 3450 2001 3498 est
2019 3448 2290 3515 tanquam
2314 3444 2430 3498 Deo
2465 3443 2836 3503 innotescant,
2872 3442 2968 3512 qui
2998 3450 3094 3495 eas
3114 3447 3170 3494 et
3196 3444 3359 3493 ante-

159 3523 233 3579 32.
272 3529 376 3596 Qui
399 3532 749 3597 reformabit.
780 3532 995 3602 Corpus
1024 3533 1174 3604 quod
1214 3549 1363 3591 nunc
1402 3533 1667 3597 humilia-
1751 3549 1921 3603 quam
1948 3539 2140 3599 essent
2166 3538 2400 3603 noverat
2451 3532 2561 3593 Sed
2608 3531 2770 3587 nobis
2804 3531 3160 3585 innotescant
3209 3527 3362 3599 apud

103 3618 199 3667 tum
225 3623 307 3671 est
332 3618 437 3673 sub
465 3626 666 3685 morte,
708 3620 778 3674 ad
816 3620 1298 3675 immortalitatem
1344 3622 1662 3685 transferet,
1750 3621 1927 3675 Deum
1957 3638 2056 3693 per
2085 3622 2469 3687 tolerantiam,
2492 3637 2604 3675 non
2643 3620 2792 3691 apud
2830 3619 3086 3673 homines
3118 3634 3219 3689 per
3266 3618 3359 3687 ja-

103 3701 258 3757 simile
275 3705 411 3760 illud
439 3722 546 3761 suo
573 3708 793 3778 corpori
821 3708 1048 3762 faciens.
1748 3710 2036 3765 ctantiam.
2062 3714 2176 3764 Aut
2190 3710 2333 3764 forte
2362 3710 2529 3764 etiam
2556 3709 2909 3763 innotescunt
2932 3707 3082 3779 apud
3108 3705 3357 3775 angelos,

158 3790 233 3847 33.
262 3794 467 3851 Lassa.
516 3796 623 3863 Qui
658 3798 1005 3864 reformabit.
1048 3796 1139 3853 Sic
1177 3798 1235 3853 in
1277 3799 1368 3859 die
1412 3814 1666 3853 resurre-
1749 3800 1844 3870 qui
1874 3807 2009 3853 sunt
2036 3799 2184 3869 apud
2216 3800 2412 3861 Deum,
2438 3806 2501 3853 ut
2530 3798 2945 3869 quodammodo
2985 3812 3081 3849 eas
3117 3796 3357 3849 eﬂ’erant

102 3879 272 3937 ctiouis
325 3883 659 3941 reformabit
704 3885 962 3941 Christus
1013 3902 1215 3958 corpus
1269 3894 1546 3953 nostrum,
1603 3895 1669 3942 ut
1750 3890 1885 3954 Deo,
1928 3894 1983 3941 et
2015 3888 2191 3942 dehis
2219 3888 2531 3952 consulant,
2564 3893 2621 3941 et
2644 3886 2793 3957 quod
2823 3886 2939 3941 Deo
2962 3881 3199 3954 jubente
3244 3881 3355 3936 im-

101 3970 321 4026 eamdem
355 3973 634 4028 claritatis
679 3974 918 4044 ﬁguram
956 3975 1162 4031 habeat
1198 3992 1368 4047 quam
1407 3977 1577 4031 habet
1612 3983 1670 4033 et
1749 3978 2015 4047 plendum
2041 3993 2163 4032 esse
2181 3976 2560 4046 cognoverint,
2598 3975 2703 4029 hoc
2730 3974 2890 4029 nobis
2930 3974 3017 4027 vel
3048 3970 3353 4037 evidenter,

102 4071 257 4114 suum.
1749 4066 1835 4117 vel
1877 4066 2121 4119 latenter
2166 4071 2472 4135 reportent.
2522 4064 2671 4118 Dixit
2702 4058 2852 4121 enim
2898 4059 3173 4131 angelus:
3212 4058 3358 4115 ϐοτη

156 4147 293 4203 CAP.
325 4153 416 4206 IV.
446 4179 513 4192 σι·-
547 4152 595 4205 1.
620 4152 817 4225 (Serm.
849 4152 918 4207 37
959 4155 1030 4208 De
1062 4157 1207 4208 verb.
1238 4158 1417 4219 Dom.,
1450 4172 1498 4211 c.
1522 4155 1574 4221 5,
1607 4159 1657 4211 ι,
1684 4187 1730 4247 Β
1753 4154 2009 4213 oraretis.
2044 4170 2146 4225 ego
2173 4152 2349 4207 obtuli
2371 4153 2681 4207 orationem
2712 4158 2950 4205 vestram
2980 4150 3039 4204 in
3054 4153 3357 4220 conspectu

99 4233 171 4301 Χ.)
198 4237 420 4294 Gaudete
467 4245 533 4295 in
562 4242 815 4295 Domino.
861 4242 1115 4297 Gaudete
1162 4246 1221 4297 in
1269 4244 1508 4298 Domino
1555 4233 2028 4297 nonuclaritatis
2060 4240 2178 4296 Dei.

100 4321 145 4411 in
169 4329 374 4397 saeculo,
397 4329 457 4384 id
484 4335 588 4395 est,
616 4330 858 4400 gaudete
900 4335 1068 4407 go]
1101 4331 1160 4385 in
1190 4333 1441 4400 veritate,
1466 4349 1579 4387 non
1606 4333 1663 4386 in
1826 4335 1876 4387 7.
1909 4334 2155 4386 Accus'r.
2191 4330 2309 4395 (lib.
2341 4345 2468 4385 χιιι.
2502 4333 2575 4385 Ile
2601 4333 2752 4385 civit.
2781 4332 2897 4395 Dei,
2925 4345 2975 4386 c.
2999 4325 3089 4411 29,
3112 4328 3358 4393 tom.V.)

100 4409 382 4484 iniquitate,
1754 4424 1823 4477 Et
1842 4437 1957 4490 pax
1984 4421 2093 4474 Dei.
2152 4421 2348 4475 Pacem
2393 4436 2504 4491 qua
2568 4421 2716 4474 Deus
2763 4420 2883 4491 ipse
2938 4409 3193 4493 placatus
3245 4422 3350 4483 est,

156 4503 201 4554 2.
230 4506 469 4561 Αεαεετ.
507 4508 693 4579 (Epist.
727 4508 845 4567 159.
880 4510 938 4565 in
970 4511 1171 4576 medio,
1206 4514 1345 4565 tom.
1389 4511 1458 4569 IIl
1493 4512 1667 4565 Mode-
1748 4513 1895 4568 sicut
1928 4513 2077 4566 Deus
2110 4511 2282 4577 novit,
2306 4529 2418 4565 non
2446 4528 2575 4566 eam
2598 4526 2699 4565 nos
2719 4511 2796 4565 sic
2827 4524 3127 4581 possumus
3167 4522 3351 4578 nosse,

99 4591 594 4651 stiavcstraﬂmnia
609 4597 755 4653 bona
775 4616 945 4671 opera
963 4600 1359 4654 amantinluce
1373 4600 1660 4664 constitui,
1746 4618 1848 4656 nec
1878 4601 1979 4656 ulli
2011 4599 2223 4670 angeli;
2260 4605 2491 4672 superat
2506 4600 2696 4672 itaque
2711 4614 2934 4653 omnem
2967 4598 3345 4653 intellectum.

99 4692 187 4732 non
209 4692 428 4753 prepter
457 4687 760 4742 humanam
792 4689 1053 4760 gloriam,
1081 4690 1178 4743 sed
1207 4694 1269 4742 ut
1299 4691 1542 4755 videant,
1584 4689 1664 4744 ait
1812 4694 1867 4745 8.
1906 4689 2110 4745 Lassa.
2176 4691 2293 4744 Pas:
2379 4691 2493 4755 Dei,
2542 4689 2599 4743 id
2651 4694 2754 4753 est,
2797 4702 2907 4759 qua
2948 4687 3007 4741 in
3054 4686 3357 4757 semetipso

97 4763 357 4841 Dominus,
380 4792 542 4845 opera
563 4782 740 4832 vestra
761 4779 919 4844 bona,
937 4781 1307 4848 etgtoriﬂcent
1336 4781 1556 4833 Patrem
1576 4794 1663 4833 ve-
1747 4785 1982 4852 pacatus
2005 4787 2111 4845 est,
2142 4779 2226 4833 vel
2253 4796 2365 4850 qua
2400 4780 2711 4834 humanum
2748 4794 2928 4849 genus
2978 4772 3360 4832 reconciliavit

97 4856 259 4913 stram
288 4867 385 4931 qui
411 4868 477 4919 in
505 4869 647 4920 cretis
677 4872 771 4920 est.
1750 4869 1883 4923 sibi-

156 4942 201 5000 3.
224 4951 406 5018 (lbid.)
440 4954 712 5009 Dominus
734 4972 898 5025 prope
922 4961 1017 5013 est.
1050 4957 1152 5011 Ille
1183 4957 1336 5010 enim
1356 4955 1453 5027 qui
1472 4972 1668 5021 asceu—
1821 4958 1877 5014 9.
1908 4960 2151 5023 Auuvs'r.
2191 4958 2305 5017 Ilib.
2334 4961 2407 5013 De
2450 4961 2584 5013 bono
2616 4960 2819 5020 viduit,
2850 4975 2898 5013 c.
2930 4956 3019 5024 ‘22,
3057 4961 3194 5012 tom.
3227 4956 3359 5023 IV.)

98 5029 166 5085 dit
179 5034 231 5090 in
256 5041 478 5109 celum,
508 5051 573 5097 ut
600 5044 895 5099 tolleretur
919 5044 989 5099 ab
1013 5045 1187 5100 oculis
1216 5046 1443 5110 nostris,
1469 5045 1672 5116 promi-
1755 5050 2096 5118 Quacunque
2127 5051 2275 5117 bona?
2301 5051 2484 5119 fama.
2517 5047 2644 5117 Non
2676 5048 2921 5120 neglexit
2950 5063 3158 5117 ponere
3198 5046 3357 5113 bonae

97 5120 158 5173 sit
178 5126 326 5182 nobis
351 5130 545 5189 dicens
568 5151 580 5185 :
606 5134 738 5187 Ecce
756 5136 1032 5199 vobiscum
1049 5150 1176 5189 sum
1209 5136 1465 5193 omnibus
1483 5135 1671 5191 diebus
1752 5138 1949 5205 fama);
1982 5135 2311 5215 duobusque
2337 5142 2539 5209 cuncta
2566 5137 2857 5203 conclusit,
2889 5136 2985 5205 ubi
3016 5135 3098 5189 ait
3120 5153 3132 5201 ξ
3158 5133 3223 5207 Si
3246 5150 3356 5213 qua

99 5223 240 5289 usque
273 5219 343 5272 ad
376 5226 910 5289 consummationem
957 5226 1164 5278 saeculi.
1210 5222 1411 5291 Merito
1450 5221 1528 5277 sic
1565 5240 1668 5277 nos
1749 5230 1947 5293 virtus,
1972 5230 2147 5298 siqua
2168 5232 2310 5291 laus.
2334 5227 2697 5297 Advirtutem
2717 5232 2907 5295 autem
2932 5224 3218 5297 pertinent
3234 5240 3358 5296 quae.

95 5298 364 5367 Apostolus
391 5307 808 5381 alloquebatur:
831 5314 1101 5371 Dominus
1124 5315 1187 5366 in
1222 5315 1491 5382 proximo,
1519 5313 1666 5368 nihil
1749 5322 1917 5370 antea
1936 5317 2290 5383 memoravit.
2326 5317 2479 5387 Bona
2507 5317 2660 5370 fama
2679 5332 2809 5379 vero
2839 5313 2909 5385 ad
2942 5310 3191 5383 laudem.

96 5390 293 5446 solliciti
314 5396 556 5461 fueritis.
585 5398 752 5457 Sedet
773 5417 943 5472 super
954 5402 1119 5455 cmlos
1134 5400 1408 5467 Christus,
1432 5406 1488 5454 et
1503 5400 1667 5471 longe
1832 5403 1912 5458 Μ’.
1946 5405 2192 5460 AMBROS.
2226 5405 2453 5461 Gavisus
2479 5421 2624 5458 sum.
2643 5404 2708 5459 In
2734 5402 2975 5458 Domino
2997 5399 3228 5473 dixit,u_t
3244 5417 3358 5473 non

94 5484 205 5573 sunt
228 5482 365 5573 celi,
398 5491 457 5539 et
480 5485 599 5558 ipse
621 5489 717 5559 qui
743 5488 818 5544 ibi
845 5490 1021 5565 sedet,
1048 5507 1217 5573 prope
1249 5497 1355 5545 est.
1747 5494 2035 5563 videretur
2081 5493 2151 5547 ob
2199 5493 2497 5566 pecuniam
2540 5491 2645 5561 sibi
2695 5491 2969 5557 directam
3017 5488 3219 5559 laetari,
3262 5488 3361 5553 sed

150 5562 197 5619 4.
229 5567 433 5628 Lauta.
454 5578 523 5630 In
550 5581 707 5632 omni
731 5584 997 5647 oratione,
1016 5562 1129 5635 ‘e'tc.
1154 5562 1357 5636 ‘Oratio
1376 5598 1499 5652 quae
1530 5586 1660 5636 ante
1682 5584 1967 5659 Cpropter
1990 5562 2343 5669 propositum
2372 5579 2601 5649 illorum
2615 5577 2720 5721 (qui
2752 5576 3053 5651 miserunt.

150 5659 423 5721 ’δηεθιὶιιω
453 5682 468 5721 ;
500 5664 830 5721 obsecratio.
854 5675 1110 5721 secreta:
1145 5670 1463 5721 gratiarum
1497 5671 1666 5721 actio.
1829 5662 2149 5721 “Lusii.
2192 5669 2549 5721 Reﬂoruistis.
2594 5666 2612 5721 i
2700 5671 2804 5721 est.
2854 5665 3053 5721 nristin

93 5646 423 5725 Evangelium
453 5682 468 5730 ;
500 5664 830 5735 obsecratio,
854 5675 1110 5738 secreta;
1145 5646 1463 5739 gratiarum
1497 5671 1666 5737 actio,
1737 5646 1755 5653 -
1829 5646 2149 5727 itLiilvrii.
2192 5646 2559 5739 licito-ruistis,
2594 5646 2660 5721 id
2686 5646 3155 5738 vest,ﬂpristinum
3190 5666 3367 5737 largi-
