3878 6378
477 310 584 372 319
1463 311 1528 368 B.
1569 309 1985 371 LANFRANCI
2024 310 2384 371 CANTUAB.
2423 306 2761 368 ARCHIEP.
2821 390 2824 395 ἢ
2884 379 2888 383 η
3691 298 3803 363 320

476 434 814 493 reﬂoruistis
838 451 942 508 pro
971 450 1063 492 me
1083 436 1320 505 sentire;
1342 436 1490 492 sicut
1509 443 1568 492 et
1585 437 1941 495 sentiebatis:
1963 439 2216 512 occupati
2232 445 2421 495 autem
2438 436 2609 492 eratis
2626 436 2722 505 (Ne
2739 435 2837 490 hoc
2849 433 2959 489 sibi
2976 432 3323 502 objiceretur,
3337 429 3803 497 removet.)Non

482 526 645 597 quasi
672 530 903 598 prOpter
930 525 1224 597 penuriam
1241 525 1396 593 dico;
1419 542 1524 597 ego
1543 527 1691 582 enim
1709 527 1898 592 didici,
1911 528 1969 584 in
1987 530 2189 601 quibus
2204 545 2350 594 sum,
2368 531 2432 582 in
2452 528 2537 581 his
2555 543 2674 595 qua
2686 526 2869 579 habeo.
2893 521 3176 577 sufﬁciens
3193 536 3335 576 esse.
3350 518 3499 575 Scio
3517 525 3585 574 et
3600 517 3803 573 humi-

479 613 753 680 liari,scio
764 620 823 668 et
838 612 1126 668 abundare
1144 617 1213 680 ;si
1224 617 1483 682 abundet,
1499 632 1610 671 non
1621 620 1872 685 extollar;
1883 620 1935 671 si
1953 620 2229 681 desit,non
2241 619 2489 686 dejicior,
2500 613 2736 689 [ubique
2749 618 2805 667 et
2822 612 2878 666 in
2896 609 3159 666 omnibus
3180 610 3496 664 institutus
3520 608 3691 678 sum]
3715 606 3800 663 t2.

483 706 542 755 et
568 700 781 768 satiari,
806 706 864 756 et
889 702 1124 765 esurire,
1160 718 1272 757 non
1300 704 1537 770 fructus,
1571 710 1628 758 et
1647 704 1953 771 abundare,
1979 721 2091 761 non
2115 710 2310 769 elatus,
2331 711 2389 759 et
2410 702 2706 776 penuriam
2729 699 2864 773 pati,
2888 705 2936 754 et
2960 701 3058 752 hoc
3079 715 3190 752 non
3209 713 3308 767 per
3326 713 3423 750 me
3436 716 3456 761 ;
3477 698 3587 750 sed
3610 700 3803 762 ,σε

486 790 679 844 omnia
707 805 934 863 possum
960 790 1020 845 in
1051 807 1117 845 eo
1155 791 1252 862 qui
1281 808 1370 846 me
1403 793 1703 848 confortat.
1726 796 1794 849 In
1815 796 2072 849 omnibus
2090 791 2422 864 sufﬁcio,13.
2441 791 2843 846 Verumtamen
2864 788 3008 842 bene
3021 786 3250 852 fecistis,
3270 784 3803 839 communicantes

484 877 841 935 tribulationi
852 896 1006 946 meae,
1027 882 1248 950 aliquid
1262 884 1558 948 largientes
1574 884 1719 936 mihi
1735 885 2002 939 tribulato
2021 901 2044 952 ;
2061 889 2111 938 et
2127 886 2292 938 etiam
2310 885 2472 952 prius
2487 882 2729 936 dedistis.
2750 878 2914 934 Scitis
2927 882 3138 941 autem,
3157 882 3215 929 et
3233 890 3328 928 vos
3342 873 3800 944 Philippenses.

484 967 634 1039 quod
662 968 719 1021 in
749 968 1024 1040 principio
1053 968 1355 1038 Evangelii,
1396 971 1621 1040 quando
1651 972 1931 1042 profectus
1958 989 2085 1028 sum
2114 989 2147 1027 a
2177 972 2526 1036 Macedonia,
2559 970 2717 1026 nulla
2742 969 2882 1024 mihi
2913 967 3159 1024 Ecclesia
3186 963 3671 1020 communicavit
3708 963 3801 1019 Η.

484 1055 547 1109 in
565 1055 782 1110 ratione
801 1056 917 1111 dati
943 1062 1002 1117 et
1028 1056 1259 1128 accepti,
1280 1060 1598 1113 voluntarie
1617 1061 1800 1114 dando
1823 1063 2110 1118 terrestria
2128 1076 2230 1129 pro
2250 1063 2565 1127 caelestibus,
2588 1060 2698 1115 nisi
2718 1076 2813 1114 vos
2833 1058 2959 1123 soli,
2977 1057 3108 1128 quia
3125 1062 3183 1111 et
3193 1055 3690 1111 Thessalonicam
3708 1070 3801 1108 sc-

484 1143 595 1197 mel
624 1149 682 1197 et
707 1143 793 1197 bis
818 1144 879 1197 in
903 1160 1063 1199 usum
1096 1144 1232 1198 mihi
1262 1143 1492 1200 misistis
1518 1166 1531 1213 ;
1572 1146 1653 1202 l5.
1678 1164 1792 1202 non
1823 1150 1957 1219 quia
1988 1166 2175 1220 qurere
2200 1150 2416 1214 datum,
2435 1149 2535 1203 sed
2548 1149 2773 1219 requiro
2786 1149 3031 1202 fructum
3050 1145 3439 1200 abundantem
3469 1144 3538 1197 in
3565 1144 3801 1197 ratione

482 1236 688 1296 vestra,
711 1234 879 1298 idest,
893 1235 1351 1302 ﬁ'uctusjustitiz
1368 1240 1554 1289 vestrae
1573 1238 1898 1301 abundavit,
1921 1254 2048 1292 cum
2074 1241 2349 1293 rationem
2367 1239 2472 1291 Deo
2492 1238 2811 1291 reddidistis
2831 1237 2896 1290 de
2920 1237 3100 1302 factis.
3121 1232 3312 1288 Habeo
3333 1237 3546 1287 autem
3568 1230 3794 1296 omnia,

484 1326 542 1374 et
570 1319 830 1387 abundo;
862 1321 1109 1392 repletus
1137 1337 1282 1386 sum,
1312 1322 1554 1393 acceptis
1581 1322 1652 1377 ab
1683 1324 2064 1395 Epaphrodito
2095 1342 2218 1397 quae
2249 1326 2512 1392 misistis;
2545 1327 2749 1380 scilicet
2776 1327 2839 1377 in
2879 1323 3108 1377 odorem
3153 1320 3482 1376 suavitatis.
3535 1320 3798 1374 hostiam

484 1416 786 1480 acceptam,
810 1410 1123 1481 placentem
1144 1410 1280 1465 Deo.
1316 1411 1465 1466 Deus
1492 1417 1682 1466 autem
1712 1430 1871 1467 meus
1899 1413 2134 1485 impleat
2152 1431 2317 1469 omne
2340 1414 2680 1470 desiderium
2711 1419 2979 1479 vestrum,
3014 1411 3325 1466 secundum
3355 1408 3615 1465 divitias
3637 1424 3794 1474 suas,

484 1497 545 1552 in
572 1499 755 1569 gloria
780 1499 841 1553 in
870 1498 1096 1554 Christo
1122 1499 1275 1552 Jesu.
1306 1498 1419 1553 Deo
1448 1505 1639 1555 autem
1669 1507 1728 1556 et
1754 1502 1907 1556 Patri
1936 1509 2129 1558 nostro
2148 1504 2331 1573 gloria
2352 1505 2412 1559 in
2436 1504 2640 1559 saecula
2663 1502 3015 1557 saeculorum.
3044 1502 3245 1554 Amen.
3267 1498 3544 1553 Salutate
3557 1512 3798 1551 omnem

482 1592 743 1643 sanctum
761 1588 823 1642 in
842 1587 1064 1642 Christo
1091 1588 1241 1641 Jesu.
1280 1588 1541 1644 Salutant
1569 1607 1665 1645 vos
1692 1590 1790 1662 qui
1810 1608 2029 1646 mecum
2058 1598 2190 1647 sunt
2209 1593 2432 1648 fratres.
2465 1593 2726 1648 Salutant
2745 1608 2844 1646 vos
2868 1605 3064 1644 omnes
3084 1587 3285 1655 sancti,
3312 1585 3582 1641 maxime
3597 1591 3797 1640 autem

484 1675 583 1748 qui
610 1676 681 1731 de
718 1677 954 1731 Caesaris
982 1675 1149 1731 domo
1180 1681 1332 1731 sunt.
1364 1677 1560 1733 Gratia
1585 1679 1812 1735 Domini
1838 1680 2017 1735 nostri
2044 1682 2072 1736 J
2079 1697 2177 1735 esu
2204 1680 2414 1737 Christi
2437 1696 2566 1735 cum
2589 1678 2796 1751 spiritu
2828 1683 3032 1731 vestro.
3058 1676 3260 1732 Amen.

1829 1823 2433 1880 COMMENTARIUS.

486 1961 624 2017 tatis
660 1963 855 2017 ﬂorem
886 1964 1290 2035 resumpsistis,
1310 1970 1321 1997 ⁷
1344 1971 1408 2021 ut
1444 1965 1634 2038 aliqua
1676 1966 1817 2021 mihi
1858 1966 2090 2033 daretis,
2104 1968 2267 2033 Acit,
2290 1972 2357 2022 ut
2374 1967 2488 2022 tale
2509 1965 2723 2021 habens
2744 1964 3088 2029 institutum,
3119 1977 3234 2016 non
3255 1958 3637 2015 existimetur
3665 1971 3797 2010 con-

485 2049 629 2105 sicut
650 2050 785 2106 dare
813 2051 951 2107 mihi
981 2053 1272 2112 solebatis.
2163 2061 2420 2111 temnere
2445 2055 2545 2110 illa
2583 2070 2707 2126 quae
2733 2052 2804 2108 ab
2835 2052 2946 2106 illis
2964 2051 3138 2106 missa
3165 2054 3319 2110 sunt.

554 2137 642 2195 12.
676 2141 928 2195 AUGUST.
952 2141 1069 2199 (lib.
1102 2157 1163 2209 II,
1184 2145 1378 2210 Quaest.
1401 2145 1635 2211 Evang.,
1662 2147 1942 2216 quaest.,t.
1963 2144 2077 2212 1V.)
2231 2145 2322 2200 14.
2357 2145 2558 2199 ΒΑΜ-ει.
2597 2146 2667 2198 1η
2712 2145 2930 2197 ratione
2968 2143 3106 2195 dati.
3155 2138 3345 2203 Nulla,
3376 2137 3603 2208 inquit,
3649 2131 3793 2188 mihi

484 2227 553 2281 Et
574 2232 797 2283 satiari.
831 2230 1075 2285 Interest
1103 2248 1215 2286 non
1248 2231 1381 2304 quid
1411 2233 1497 2287 vel
1538 2238 1811 2304 quantum
1844 2232 2082 2287 alimen-
2164 2234 2378 2305 aliquid
2401 2232 2645 2288 Ecclesia
2665 2230 2840 2291 dedit.
2879 2227 3286 2284 considerando
3317 2225 3458 2298 quid
3503 2225 3701 2288 daret,
3732 2227 3791 2276 et

484 2320 674 2371 torum
713 2334 815 2389 pro
848 2321 1213 2389 congruentia
1265 2321 1556 2376 hominum
1602 2327 1773 2394 atque
1831 2338 2083 2393 personae
2165 2323 2299 2395 quid
2321 2339 2355 2376 a
2384 2338 2473 2377 me
2503 2321 2800 2391 acciperet.
2830 2320 2931 2374 Est
2954 2318 3102 2373 enim
3123 2316 3268 2372 ratio
3296 2314 3415 2369 dati
3440 2318 3505 2368 et
3537 2309 3786 2382 accepti,

486 2419 623 2470 suae,
644 2410 702 2460 et
728 2422 829 2476 pro
849 2423 964 2462 suae
986 2409 1317 2465 valetudinis
1346 2410 1678 2465 necessitate
1707 2410 1833 2482 quis
1877 2410 2083 2481 capiat,
2169 2411 2390 2482 quoties
2400 2408 2929 2482 perpenditurquod
2949 2406 3321 2478 accipitur,et,
3342 2401 3677 2457 secundum
3705 2398 3782 2462 id,

489 2493 588 2547 sed
613 2500 828 2563 quanta
844 2496 1108 2552 facilitate
1133 2504 1191 2552 et
1206 2500 1507 2554 serenitate
1535 2499 1712 2554 animi
1739 2505 2079 2565 careat,cum
2165 2499 2377 2571 aliquid
2409 2497 2756 2570 rependitur.

488 2580 577 2635 his
605 2583 692 2637 vel
719 2591 958 2655 oportet,
977 2587 1062 2640 vel
1083 2587 1251 2642 etiam
1270 2605 1460 2643 carere
1483 2604 1709 2643 necesse
1733 2593 1838 2653 est,
1865 2588 2081 2642 utillud
2233 2588 2322 2648 15.
2349 2590 2593 2644 Λυαῠδτ.
2629 2587 2745 2658 (lib.
2770 2599 2868 2640 xm
2921 2585 3129 2652 Con/es.
3161 2600 3210 2638 c.
3238 2580 3329 2650 ‘25,
3352 2586 3497 2637 tom.
3550 2577 3625 2649 1).
3659 2577 3781 2632 Non

488 2669 549 2723 in
572 2671 761 2725 animo
778 2673 1097 2730 Christiano
1118 2677 1212 2748 [at.
1226 2717 1240 2740 ,
1264 2675 1594 2749 ChristianiI
1614 2677 1918 2747 impleatur
1932 2676 2082 2747 quod
2164 2681 2298 2747 quia
2308 2693 2509 2747 quaero.
2533 2677 2761 2742 Datum,
2782 2680 2869 2729 est
2888 2690 2977 2729 res
2995 2674 3119 2743 ipsa
3138 2688 3307 2743 quam
3320 2671 3421 2726 dat
3433 2670 3540 2742 qui
3561 2669 3778 2737 imper-

487 2758 790 2829 Apostolus
817 2761 951 2818 dicit
980 2782 992 2817 :
1027 2765 1147 2820 Scio
1177 2771 1227 2820 et
1248 2769 1440 2820 minus
1463 2768 1679 2831 habere,
1710 2768 1819 2819 scio
1848 2767 2084 2820 etabun—
2162 2766 2304 2821 titur
2353 2766 2471 2820 haec
2497 2764 2832 2830 necessaria,
2880 2761 3053 2816 veluti
3106 2767 3193 2815 est
3234 2776 3529 2824 nummus,
3596 2754 3774 2817 cibus,

490 2848 627 2904 dare
644 2851 709 2903 in
729 2854 1057 2919 omnibus,et
1073 2857 1136 2908 in
1150 2854 1352 2925 [al.,in
1375 2854 1654 2925 omnibus]
1673 2855 2076 2922 imbutussum,
2162 2860 2348 2926 potus,
2381 2854 2798 2920 vestimentum,
2838 2856 3070 2917 tectum,
3115 2848 3483 2920 adjutorium.
3529 2846 3775 2901 Fructus

487 2940 538 2988 et
564 2939 788 3005 satiari,
817 2944 866 2994 et
882 2944 1114 3007 esurire,
1138 2948 1187 2997 et
1217 2945 1525 3010 abundare,
1549 2948 1599 2997 et
1613 2946 1921 3012 penuriam
1935 2946 2078 3012 pati.
2163 2947 2353 2999 autem
2379 2942 2528 2999 bona
2555 2958 2745 3015 opera,
2776 2946 2834 2997 et
2851 2946 3005 2996 recta
3031 2940 3291 2995 voluntas
3314 2936 3539 2993 datoris
3574 2937 3685 2989 est.

555 3022 628 3082 ‘13
650 3026 893 3085 AMBROS.
929 3031 1312 3086 Verumtamen
1335 3034 1466 3086 bene
1507 3033 1731 3100 fecistis.
1776 3031 1894 3086 Hoc
1934 3031 2085 3104 adje-

479 3199 3749 3234 ΜΨ

1567 3221 2007 3231 ..--ο----

629 3344 1220 3444 EPISTOLA
1301 3348 1403 3442 B.
1464 3348 1863 3446 PAULI
1934 3348 2504 3447 APOSTOLI
2576 3351 2746 3445 AD
2821 3342 3627 3446 COLOSSENSES

1114 3526 1300 3590 CUM
1335 3526 1912 3593 INTERJECTIS
1951 3529 2031 3592 Β.
2080 3527 2598 3593 LANF/MNCI
2637 3527 3128 3594 GLOSSULIS.

552 3745 1415 3834 ARGUMENTUM.Colossenses,et
1436 3768 1496 3822 hi
1517 3769 1662 3825 sicut
1688 3770 2077 3837 Laodicenses,
2101 3772 2462 3844 BArchippo,
2493 3772 2589 3843 qui
2604 3776 2662 3827 et
2691 3769 3067 3825 ministerium
3090 3770 3150 3824 in
3193 3785 3290 3824 eos
3343 3768 3583 3840 accepit.
3617 3764 3759 3833 Ergo

483 3860 619 3911 sunt
644 3856 858 3922 Asiani,
891 3862 948 3911 et
983 3856 1092 3927 ipsi
1130 3857 1396 3927 praeventi
1441 3863 1604 3913 erant
1657 3875 1692 3913 a
1732 3859 2077 3931 pseudoapo-
2156 3862 2458 3933 Apostolus
2472 3862 2594 3931 jam
2626 3861 2852 3931 ligatus,
2885 3858 3081 3915 scribit
3127 3858 3210 3914 eis
3264 3858 3336 3913 ab
3383 3858 3609 3929 Epheso
3663 3867 3762 3924 per

482 3945 663 4000 stolis.
693 3946 897 4001 Necad
915 3945 1018 4000 hos
1033 3945 1395 4016 accessitipse
1407 3947 1747 4018 Apostolus;
1771 3947 1869 4002 sed
1890 3954 1947 4002 et
1977 3949 2077 4003 hos
2156 3951 2460 4022 Tychicum
2489 3951 2788 4005 diaconum
2817 3955 2875 4005 et
2897 3948 3226 4004 Onesimum
3252 3947 3560 4019 acolytum.

483 4050 586 4106 per
603 4034 911 4105 Epistolam
942 4032 1191 4103 corrigit.
1228 4035 1538 4091 Audierant
1559 4037 1709 4091 enim
1734 4036 1968 4092 verbum
2005 4038 2077 4092 ab

1720 4167 1900 4230 I68
1937 4162 2173 4219 CAPUT
2211 4162 2518 4218 PRIMUM.

559 4284 613 4343 1.
641 4286 850 4340 Paulus
880 4285 1167 4357 apostolus
1197 4286 1331 4341 Jesu
1361 4286 1590 4352 Christi,
1622 4304 1736 4342 non
1766 4291 2014 4355 Ananiz,
2048 4304 2149 4359 per
2172 4288 2517 4342 voluntatem
2544 4286 2671 4353 Dei,
2701 4302 2814 4341 non
2846 4289 3082 4350 meritis,
3115 4285 3469 4351 velhominis,
3498 4281 3753 4339 etTimo-

488 4375 654 4430 theus
681 4374 876 4441 frater,
907 4374 987 4429 eis
1012 4374 1108 4445 qui
1139 4382 1271 4430 sunt
1302 4376 1568 4443 Colossis,
1594 4376 1824 4442 sanctis,
1848 4379 2159 4446 baptisatis,
2192 4383 2250 4430 et
2272 4374 2533 4430 ﬁdelibus
2554 4375 2842 4438 fratribus,
2862 4376 3265 4429 catechumenis
3284 4372 3342 4426 in
3358 4372 3586 4427 Christo
3601 4371 3747 4434 Jesu,

488 4468 553 4519 in
579 4465 681 4532 ﬁde
705 4464 932 4518 Christi.
966 4464 1164 4518 Gratia
1182 4464 1356 4529 vobis,
1390 4472 1446 4520 et
1474 4482 1579 4536 pax
1607 4481 1643 4519 a
1669 4465 1783 4520 Deo
1812 4466 1980 4520 Patre
2009 4471 2202 4520 nostro
2233 4472 2289 4519 et
2319 4463 2557 4518 Domino
2586 4464 2718 4519 Jesu
2751 4464 2994 4518 Christo.
3030 4462 3255 4516 Gratias
3277 4461 3501 4532 agimus
3536 4462 3666 4523 Deo,
3696 4457 3752 4508 et

486 4551 646 4607 Patri
678 4550 899 4605 Domini
927 4553 1104 4606 nostri
1131 4552 1263 4607 Jesu
1287 4553 1515 4617 Christi,
1545 4552 1597 4610 ‘2.
1631 4570 1854 4625 semper
1886 4570 1985 4625 pro
2011 4554 2166 4609 vobis
2196 4558 2443 4618 orantes,
2463 4552 2756 4608 audientes
2777 4552 2947 4606 ﬁdem
2969 4551 3284 4606 vestramin
3306 4550 3530 4604 Christo
3543 4548 3751 4609 Jesu,et

486 4640 843 4696 dilectionem
863 4657 1033 4711 quam
1063 4641 1282 4696 habetis
1310 4642 1365 4697 in
1397 4649 1619 4697 sanctos
1634 4660 1848 4708 omnes,
1865 4651 2097 4714 propter
2116 4659 2295 4713 spem,
2320 4658 2443 4712 quae
2469 4642 2713 4712 reposita
2734 4646 2821 4694 est
2846 4640 2999 4695 vobis
3019 4640 3079 4694 in
3099 4639 3257 4694 caelis
3290 4657 3303 4714 ξ
3333 4654 3504 4709 quam
3520 4630 3751 4691 audistis

487 4728 546 4784 in
577 4728 766 4799 verbo,
788 4731 1175 4799 praedicatione
1204 4732 1453 4787 veritatis
1482 4732 1785 4803 Evangelii,
1813 4732 1962 4803 quod
1995 4732 2245 4803 pervenit
2270 4730 2342 4784 ad
2381 4746 2497 4785 vos.
2529 4731 2582 4783 3.
2623 4729 2768 4783 sicut
2798 4736 2856 4783 et
2883 4729 2942 4783 in
2973 4729 3231 4783 universo
3283 4726 3492 4780 mundo
3545 4728 3646 4789 est,
3699 4724 3750 4771 et

488 4817 788 4873 fructiﬁcat
814 4823 872 4873 et
896 4818 1114 4885 crescit,
1144 4819 1289 4873 sicut
1315 4819 1370 4873 in
1403 4820 1576 4888 vobis,
1600 4825 1652 4878 4.
1680 4838 1747 4875 ex
1773 4837 1840 4876 ea
1866 4820 1956 4874 die
1973 4838 2087 4892 qua
2109 4820 2347 4874 audistis
2376 4824 2434 4873 et
2462 4817 2800 4888 cognovistis
2839 4817 3087 4887 gratiam
3129 4816 3232 4872 Dei
3280 4816 3339 4870 in
3373 4815 3626 4878 veritate,
3667 4824 3748 4863 7'?-

1846 4961 2441 5017 COMMENTARIUS.

560 5070 717 5127 CAP.
750 5069 795 5125 Ι.
830 5100 881 5111 -
918 5069 964 5123 Ι.
997 5071 1241 5124 Αωθιιοε.
1276 5070 1341 5124 In
1372 5069 1474 5123 hac
1527 5068 1775 5139 Epistola
1834 5069 2141 5132 ostenditC
2165 5076 2229 5124 ut
2256 5068 2477 5141 assequi
2504 5068 2728 5140 possitis
2758 5068 3007 5123 coelestia
3025 5068 3191 5122 bona.

486 5159 853 5216 eminentiam
865 5174 1060 5213 eorum
1078 5158 1174 5229 qui
1192 5157 1249 5212 in
1271 5157 1493 5213 Christo
1509 5163 1723 5227 sunt,et
1737 5158 2080 5228 superﬂuam
2232 5157 2292 5214 3.
2334 5157 2541 5211 Lassa.
2572 5158 2726 5213 Sicut
2756 5163 2804 5210 et
2826 5160 2889 5211 in
2913 5160 3171 5211 universo
3186 5155 3413 5209 mundo.
3438 5155 3522 5208 Ne
3544 5168 3603 5207 se
3613 5146 3750 5203 solos

484 5249 626 5320 legis
659 5247 992 5313 custodiam,
1046 5253 1103 5302 et
1162 5252 1290 5319 post
1333 5247 1449 5302 haec
1510 5246 1577 5300 ad
1629 5246 2076 5301 exhortationem
2160 5252 2362 5319 putent
2387 5263 2510 5301 esse
2536 5247 2904 5306 Christianos.
2937 5251 2995 5301 et
3014 5261 3112 5318 per
3138 5245 3242 5299 hoc
3266 5244 3546 5314 deceptos.
3571 5236 3668 5294 Vel
3687 5245 3750 5287 ne

485 5355 764 5410 egressus,
805 5354 976 5410 super
1012 5337 1204 5392 multis
1250 5353 1315 5391 ac
1357 5334 1687 5390 necessariis
1732 5333 1919 5401 rebus,
1966 5334 2075 5390 illis
2158 5336 2264 5392 sibi
2296 5342 2580 5406 arrogent,
2611 5336 2659 5391 si
2688 5336 2794 5392 soli
2832 5335 3222 5391 credidissent.

484 5427 754 5499 loquitur.
2226 5423 2279 5483 4.
2334 5426 2417 5481 Ea:
2468 5441 2530 5480 ea
2548 5427 2638 5481 die
2665 5441 2775 5496 qua
2795 5426 3051 5479 audistis.
3084 5421 3247 5477 Multi
3268 5420 3524 5488 audiunt,
3549 5422 3603 5473 et
3648 5422 3747 5467 non

554 5514 611 5572 2.
642 5515 862 5585 Semper
883 5531 987 5585 pro
1015 5515 1182 5570 vobis.
1205 5512 1356 5570 Ordo
1384 5517 1496 5567 est:
1527 5516 1754 5567 orantes
1796 5527 1897 5583 pro
1923 5512 2076 5567 vobis
2157 5517 2521 5582 cognoscunt,
2543 5510 2601 5564 id
2626 5516 2712 5564 est
2736 5509 3068 5581 approbant.

487 5608 715 5689 propter
743 5619 898 5674 spem
929 5620 1052 5685 quae
1076 5602 1323 5689 reposita
1345 5607 1431 5657 est
1462 5599 1616 5655 vobis
1644 5601 1703 5657 in
1723 5600 1893 5666 ccelis,
1927 5600 1983 5655 id
1994 5609 2079 5655 est
