3878 6368
82 316 165 374 321
682 312 760 368 1N
797 312 864 369 ι).
904 309 1122 367 mum
1163 306 1392 366 EPIST.
1432 298 1809 383 COMMENT.
1852 334 1918 347 -.
1957 305 2180 363 EPIST.
2220 288 2319 365 AD
2357 307 2650 365 caLoss.
3201 295 3311 367 322'

82 440 366 493 missionem
386 442 731 507 peccatorum
754 437 820 490 in
845 435 949 503 ﬁde
969 433 1193 499 Christi,
1206 431 1352 487 sicut
1368 426 1643 486 didicistis
1674 428 1725 483 5.
1758 426 1835 482 ab
1862 427 2127 501 Epaphra
2148 429 2481 485 charissima
2497 428 2550 484 6.
2583 445 2850 484 conservo
2872 432 3212 496 nostro,(hic
3237 444 3322 487 eos

84 530 421 592 instruxerat)
449 525 543 597 qui
573 530 660 579 est
688 522 868 578 ﬁdelis
892 538 994 595 pro
1024 520 1180 576 vobis
1209 520 1470 575 minister
1496 515 1710 575 Christi
1740 516 1897 584 Jesu,
1925 516 2023 587 qui
2050 516 2221 571 etiam
2250 517 2631 572 manifestavit
2649 516 2811 572 nobis
2839 517 3198 574 dilectionem
3224 536 3321 576 ve-

81 623 230 670 stram
259 614 316 669 in
344 614 564 686 spiritu.
599 613 751 677 Ideo,
793 627 927 682 quia
947 612 1106 671 ﬁdem
1137 610 1419 674 Christi,et
1437 609 1786 662 dilectionem
1816 604 2106 671 habetis,et
2129 622 2231 660 nos
2250 624 2315 660 ex
2335 622 2448 677 qua
2470 605 2562 661 die
2589 605 2925 672 audivimus,
2950 606 3048 661 hoc
3073 609 3148 662 ad
3174 609 3321 677 Epa-

83 706 222 774 phra,
254 719 364 758 non
390 717 675 758 cessamus
697 716 798 774 pro
827 699 981 755 vobis
1009 704 1254 764 orantes,
1283 703 1341 752 et
1367 696 1716 769 postulantes
1741 699 1804 748 ut
1830 692 2178 764 impleamini
2207 694 2497 765 agnitione
2522 695 2829 750 voluntatis
2857 696 3001 766 ejus,
3028 701 3091 750 ut
3115 699 3211 752 Dei
3237 713 3325 752 vo-

86 796 329 847 luntatem
354 792 666 860 agnoscatis
687 795 735 843 et
756 789 1053 857 impleatis,
1079 787 1139 841 in
1154 786 1310 840 omni
1339 782 1618 856 sapientia
1645 786 1703 836 et
1730 782 2018 836 intellectu
2046 782 2420 853 spirituali,ut
2430 781 2732 838 ambuletis
2757 783 2925 854 digne
2947 785 3062 840 Deo
3085 801 3187 857 per
3208 802 3327 840 om-

84 880 159 935 nia
182 880 460 953 placentes
482 898 497 946 ;
519 879 577 933 in
604 878 759 932 omni
788 892 957 948 opere
985 874 1132 930 bono
1159 874 1563 929 fructiﬁcantes
1597 875 1656 926 et
1683 877 1995 925 crescentes
2024 870 2081 924 in
2112 870 2347 925 scientia
2373 871 2493 937 Dei,
2520 871 2578 926 in
2607 870 2762 926 omni
2788 872 2995 927 virtute
3022 873 3322 928 confortati

89 968 366 1023 secundum
395 966 703 1039 potentiam
742 964 1016 1021 claritatis
1040 965 1179 1034 ejus,
1204 965 1266 1017 id
1299 966 1394 1025 est,
1426 961 1728 1015 secundum
1749 960 2150 1027 quodpotentia
2179 962 2456 1013 claritatis
2472 962 2589 1028 ejus
2611 965 2782 1029 potest
2799 977 2890 1015 ros
2908 963 3241 1029 con/artare,
3264 962 3324 1017 in

85 1057 212 1117 omni
245 1056 522 1129 patientia
548 1062 606 1110 et
631 1054 1061 1125 longanimitate
1091 1055 1222 1119 (ecce
1248 1052 1393 1120 quod
1419 1052 1567 1104 dixit
1582 1054 1644 1103 in
1660 1048 1816 1100 omni
1844 1048 2068 1112 virtute)
2098 1063 2226 1101 cum
2256 1047 2483 1117 gaudia,
2512 1048 2728 1117 gratias
2754 1055 2986 1120 agentes
3013 1050 3129 1105 Dea
3144 1050 3318 1119 Patri,

82 1145 159 1215 qui
185 1146 560 1199 illuminanda
586 1142 787 1213 dignos
816 1159 918 1197 nos
944 1141 1078 1196 fecit
1098 1146 1161 1194 ut
1192 1154 1424 1193 essemus
1468 1136 1524 1193 6.
1556 1138 1616 1192 in
1636 1141 1875 1206 partem,
1906 1137 1968 1188 id
1995 1140 2090 1198 est,
2111 1138 2559 1205 participatione,
2594 1137 2761 1191 sortis
2788 1144 3133 1205 sanctorum,
3159 1140 3327 1195 here-

82 1232 245 1285 ditatis
278 1234 462 1299 gratis
489 1231 648 1294 datz,
675 1228 730 1282 7.
762 1228 821 1282 in
842 1227 1057 1283 lumine
1088 1226 1296 1280 Christi
1322 1227 1625 1287 existentes,
1652 1219 1705 1279 8.
1725 1222 1823 1293 qui
1843 1222 2052 1294 eripuit
2077 1240 2180 1278 nos
2196 1224 2265 1277 de
2282 1229 2561 1295 potestate
2582 1224 2965 1291 tenebrarum,
2989 1228 3321 1294 daemonum,

81 1323 145 1374 ret
168 1321 590 1382 tenebrosorum,
630 1317 684 1372 9.
719 1322 776 1371 et
802 1315 1097 1371 transtulit
1126 1313 1186 1367 in
1210 1328 1444 1383 regnum
1460 1311 1587 1366 Filii
1613 1310 1926 1366 dilectionis
1954 1314 2282 1377 sum,dilecti
2299 1315 2409 1374 sui;
2434 1312 2492 1367 in
2513 1329 2643 1384 quo,
2663 1316 2726 1367 in
2747 1317 2906 1382 cujus
2924 1314 3325 1382 ﬁde,habemus

80 1406 493 1478 redemptionem
524 1422 627 1477 per
655 1404 988 1475 sanguinem
1014 1400 1549 1473 ejus,remissionem
1572 1404 1947 1471 peccatorum,
1984 1398 2069 1456 10.
2090 1400 2187 1471 qui
2217 1407 2304 1455 est
2326 1400 2514 1471 imago
2546 1403 2744 1468 (Filius
2763 1404 3209 1474 commendatur)
3223 1404 3326 1459 Dei

78 1495 673 1561 invisibilis,secundum
693 1495 1047 1548 divinitatem
1067 1491 1295 1560 aqualis
1332 1492 1506 1554 ιθ..
1540 1490 1715 1553 Patri,
1755 1485 1838 1558 ll,
1885 1487 1972 1545 12.
2001 1488 2410 1560 primogenitus
2431 1489 2613 1543 omnis
2640 1495 2911 1545 creatura:
2940 1496 3070 1545 ante
3101 1495 3320 1561 saecula,

78 1584 312 1655 quoniam
333 1583 394 1639 in
418 1583 541 1654 ipso
570 1598 668 1652 per
685 1584 869 1651 ipsum
898 1579 1125 1635 condita
1150 1582 1285 1633 sunt
1311 1577 1573 1632 universa
1597 1576 1657 1630 in
1688 1576 1864 1642 caelis,
1899 1583 1957 1631 et
1985 1576 2044 1632 in
2076 1584 2248 1645 terra,
2279 1578 2541 1646 visibilia,
2567 1584 2625 1633 et
2654 1579 2975 1646 invisibilia,
2999 1582 3202 1650 (partes
3240 1585 3337 1659 in,

78 1674 373 1740 visibilium)
406 1671 523 1726 sive
543 1669 755 1735 throni,
789 1669 905 1724 sive
933 1666 1371 1732 dominationes,
1400 1665 1515 1720 sive
1534 1664 2023 1737 principatus,sive
2052 1673 2360 1739 potestates
2384 1686 2398 1735 ;
2421 1684 2548 1736 ergo
2568 1684 2603 1723 a
2630 1670 2981 1737 pari,amnia
3000 1686 3100 1741 per
3116 1670 3326 1742 ipsum,

78 1764 221 1828 facta,
252 1767 309 1815 et
335 1760 394 1815 in
423 1760 548 1831 ipso
570 1764 780 1823 creata,
814 1759 1127 1817 existentia,
1153 1761 1446 1824 sunt,ergo
1475 1771 1511 1808 a
1537 1758 1821 1820 relatione,
1836 1763 1894 1810 et
1912 1756 2032 1828 ipse
2053 1763 2142 1811 est
2159 1763 2290 1812 ante
2315 1774 2531 1824 omnes,
2556 1764 2614 1813 et
2633 1758 2892 1813 omniain
2906 1758 3027 1830 ipso
3042 1764 3322 1815 constant.

79 1848 134 1903 Et
154 1848 263 1920 ipse
280 1853 368 1903 est
393 1852 568 1919 caput
592 1850 685 1901 sui
710 1845 978 1918 corporis,
1010 1846 1071 1900 id
1093 1849 1191 1910 est,
1216 1842 1491 1908 Ecclesiae,
1518 1842 1614 1914 qui
1634 1848 1720 1897 est
1747 1844 2085 1915 principium
2119 1849 2235 1914 ejus
2255 1847 2520 1912 Ecclesia,
2558 1845 2640 1903 l3.
2674 1847 3086 1918 primogenitus
3115 1850 3326 1917 (secun-

81 1938 191 1990 dum
214 1939 624 1991 humanitatem
653 1936 1021 2003 commendat)
1048 1950 1113 1987 ex
1143 1930 1401 1996 mortuis,
1432 1932 1492 1985 id
1520 1936 1595 1985 est
1623 1935 1785 2001 prior
1809 1937 2143 1988 resurrexit.
2166 1935 2256 1990 14.
2291 1935 2365 1990 Ut
2389 1934 2464 1989 sit
2500 1935 2558 1989 in
2589 1935 2851 1991 omnibus
2878 1936 3000 2008 ipse
3019 1936 3328 2008 primatum

81 2035 267 2093 tenens,
286 2028 398 2080 sive
418 2026 730 2080 secundum
749 2025 1122 2088 divinitatem,
1143 2024 1255 2076 sive
1282 2022 1688 2075 humanitatem
1720 2038 1737 2073 :
1774 2020 1864 2079 15.
1894 2021 2026 2094 quia
2042 2025 2173 2091 (ecce
2200 2024 2325 2092 cur)
2345 2022 2403 2077 in
2425 2022 2569 2095 ipso,
2604 2026 2762 2078 Patri
2794 2021 2879 2080 16.
2902 2025 3328 2097 complacuit,id

82 2118 157 2178 est,
183 2116 458 2184 placitum
489 2114 702 2177 habuit,
733 2127 955 2167 omnem
976 2109 1385 2183 plenitudinem
1412 2110 1837 2177 divinitatis,vel
1858 2114 2232 2166 membrorum
2258 2126 2523 2179 massam,
2543 2110 2966 2179 inhabitare,vet
2986 2113 3187 2167 habere
3208 2128 3330 2167 rea-

84 2205 203 2269 titer,
233 2210 290 2258 et
314 2219 418 2275 per
437 2218 590 2269 eum,
622 2203 927 2264 Christum,
955 2202 1172 2270 placuit
1197 2201 1358 2254 Patri
1389 2197 1749 2253 reconciliare
1776 2198 1983 2266 omnia,
2006 2198 2415 2270 in,per.ipsum,
2438 2199 2736 2270 pacificans
2756 2200 2844 2254 17.
2868 2216 2970 2271 per
2990 2200 3326 2272 sanguinem

83 2291 521 2362 crucisejus,sivae
534 2306 657 2362 quae
676 2290 735 2344 in
752 2288 1061 2356 terris,sive
1079 2305 1203 2359 quae
1221 2286 1280 2342 in
1301 2285 1454 2340 caelis
1471 2293 1618 2341 sunt.
1647 2288 1718 2343 Et
1734 2303 1831 2342 vos
1852 2290 2225 2343 reconciliavit
2238 2305 2364 2343 cum
2388 2287 2583 2343 essetis
2604 2287 2908 2360 aliquando
2927 2287 3014 2344 18.
3039 2288 3271 2345 alienati
3291 2305 3328 2344 a

84 2381 237 2445 [λαλεῖ
255 2379 470 2435 inimici
492 2378 931 2448 sensu,(c:vponit
951 2378 1240 2447 quomodo)
1256 2374 1316 2430 in
1336 2375 1599 2447 operibus
1615 2375 1796 2443 malis;
1813 2392 1963 2431 nunc
1980 2382 2171 2431 autem
2191 2376 2569 2432 reconciliavit
2585 2378 2888 2432 DeusPater
2900 2378 3009 2431 sibi
3023 2377 3082 2432 in
3094 2395 3330 2451 corpore

84 2467 234 2521 carnis
253 2468 537 2538 ejus,Filii
554 2469 647 2520 sui
654 2482 773 2537 .per
791 2463 1319 2530 mortem,exhibere
1339 2468 1401 2516 ut
1421 2464 1787 2529 erhibeamus,
1820 2468 1902 2518 vel
1931 2470 1993 2519 ut
2018 2469 2128 2534 ipse
2156 2467 2444 2531 exhiberet,
2467 2482 2563 2520 vos
2586 2470 2810 2520 sanctos
2830 2470 2888 2519 et
2914 2464 3327 2534 immaculatos,

85 2560 129 2608 et
156 2553 668 2627 irreprehensibiles
691 2570 880 2609 coram
909 2552 1051 2624 ipso,
1086 2568 1199 2606 non
1228 2554 1409 2605 solum
1438 2566 1625 2605 coram
1651 2552 1987 2619 hominibus;
2002 2556 2146 2624 quod
2174 2557 2299 2621 erit,
2322 2553 2371 2608 si
2398 2560 2587 2609 tamen
2606 2553 2951 2625 permanetis
2979 2553 3040 2609 in
3069 2555 3179 2610 ﬁde
3197 2554 3330 2610 fun-

87 2643 197 2710 dati,
226 2652 282 2699 et
304 2643 562 2711 stabiles,
598 2647 657 2697 et
685 2640 1001 2696 immobiles
1026 2657 1061 2695 a
1085 2656 1184 2711 spe
1202 2639 1507 2710 Evangelii,
1531 2641 1599 2693 ab
1629 2655 1686 2694 eo
1722 2641 1865 2709 quod
1873 2642 2155 2708 promittit
2179 2640 2564 2708 Evangelium,
2589 2638 2740 2709 quod
2769 2637 3024 2705 audistis,
3055 2636 3146 2694 19.
3179 2639 3331 2711 quod

85 2732 412 2801 praedicatum
442 2737 533 2786 est
557 2732 618 2785 in
645 2730 908 2785 universa
929 2730 1604 2798 creatura,principali,id
1632 2735 1729 2795 est,
1756 2729 2222 2799 hominibus,qua3
2249 2726 2355 2782 sub
2382 2728 2521 2781 ccelo
2542 2732 2646 2791 est,
2676 2728 2984 2795 Ipersuadet
3004 2732 3069 2782 ut
3096 2729 3331 2783 libenter

46 2886 53 2893 ο
85 2823 316 2893 audiant)
337 2822 509 2894 cujus
530 2821 856 2891 (Evangelii)
878 2819 1058 2873 tactus
1080 2808 1207 2873 sum
1227 2833 1331 2888 ego
1350 2816 1560 2872 Paulus
1580 2817 1855 2872 minister.
1876 2814 1948 2873 20
1970 2834 1981 2869 :
2008 2816 2116 2881 Qui
2135 2831 2287 2872 nunc
2304 2816 2523 2886 gaudeo
2540 2815 2600 2870 in
2622 2814 2975 2886 passionibus
3007 2831 3109 2886 pro
3147 2816 3325 2884 vobis,

1400 3065 1985 3124 COMMENTARIUS.

142 3294 185 3351 5.
215 3298 476 3353 Conserva
516 3300 717 3352 nostra.
743 3293 904 3351 Hunc
922 3294 1281 3349 commendat
1307 3290 1489 3347 sciens
1515 3308 1650 3364 quo~
1669 3302 1721 3362 Α
1803 3291 1888 3346 15.
1917 3290 2325 3360 Primogenitus
2341 3310 2406 3347 ea:
2424 3298 2681 3364 mortuis,
2712 3296 2768 3352 id
2787 3304 2894 3366 est,
2914 3298 3130 3371 primus
3146 3318 3330 3358 resur-

87 3400 213 3440 mam
237 3387 371 3442 utile
396 3391 488 3442 est
515 3390 581 3441 ut
599 3383 932 3439 venerabilis
953 3382 1026 3438 sit
1039 3381 1329 3454 discipulis
1359 3381 1653 3452 magister.
1736 3396 1897 3451 gens,
1924 3380 2056 3452 quia
2082 3381 2205 3453 ipsa
2251 3383 2585 3439 resurrectio
2615 3386 2871 3457 quaedam
2898 3390 3187 3460 generatio
3225 3400 3329 3460 est,

142 3472 190 3530 6.
217 3478 281 3530 In
307 3481 467 3545 parte
483 3476 647 3529 sortis
665 3479 1013 3530 sanctorum.
1052 3474 1187 3527 Sors
1217 3470 1423 3525 dicitur
1447 3475 1659 3525 aeterna
1737 3468 1886 3523 sicut
1912 3468 1971 3524 in
1998 3470 2298 3541 Evangelia
2339 3489 2351 3524 :
2387 3474 2456 3528 In
2506 3480 2915 3542 regeneratione
2955 3495 3082 3534 cum
3110 3482 3329 3548 sederit,

87 3560 371 3632 hereditas,
406 3563 544 3637 quia
571 3563 717 3618 sicut
742 3562 881 3617 illud
907 3561 1055 3633 quod
1085 3560 1229 3615 forte
1256 3560 1496 3631 capitur,
1542 3575 1656 3614 non
1739 3562 1845 3612 etc.

91 3652 276 3708 meritis
299 3652 652 3726 acquiritur;
680 3651 759 3707 sic
783 3667 852 3706 ea
875 3667 989 3706 non
1014 3649 1252 3717 meritis,
1280 3649 1379 3704 sed
1402 3648 1504 3703 Dei
1530 3665 1657 3719 gra-
1813 3645 1897 3702 14.
1925 3647 2173 3703 ΑΜΒκοε.
2203 3649 2266 3703 Ut
2285 3651 2357 3704 sit
2389 3649 2450 3704 in
2471 3653 2744 3708 omnibus.
2770 3654 2894 3709 Non
2916 3672 3144 3712 causam
3175 3658 3330 3725 dicit,

91 3738 155 3793 tia
176 3741 427 3798 donatur,
1740 3734 1839 3789 sed
1866 3735 2005 3790 illud
2035 3737 2183 3807 quod
2213 3738 2681 3809 consequebatur.

145 3829 196 3889 7.
224 3834 470 3888 Annos.
495 3833 566 3887 In
595 3834 830 3898 lumine,
854 3830 911 3885 id
934 3834 1038 3897 est,
1074 3845 1176 3901 per
1190 3844 1352 3884 suam
1384 3827 1657 3900 cognitio-
1817 3822 1900 3879 15.
1937 3824 2078 3891 Quia
2107 3827 2172 3878 in
2198 3827 2331 3895 ipso.
2351 3827 2764 3883 Plenitudinem
2781 3829 2882 3884 Dei
2910 3831 3213 3887 Ecclesium
3235 3850 3333 3888 vo-

92 3931 217 3978 nem.
1740 3917 1849 3975 cat,
1891 3916 1948 3966 et
1992 3911 2146 3980 dicit,
2189 3915 2459 3985 quoniam
2499 3916 2710 3987 placuit
2736 3918 2852 3973 Deo
2881 3918 2939 3973 in
2966 3920 3189 3975 Christo
3217 3938 3335 3977 om-

147 4006 193 4065 8.
214 4011 461 4069 Anausr.
497 4013 673 4080 (epist.
704 4007 809 4064 107
842 4010 915 4063 ad
943 4011 1189 4075 vitalem,
1238 4013 1379 4063 tom.
1407 4008 1503 4075 II.)
1551 4007 1659 4075 Qui
1740 4018 1868 4057 nem
1901 4002 2325 4073 plenitudinem,
2354 4010 2419 4059 ut
2436 4005 2586 4059 dicat
2609 4021 2834 4061 omnem
2862 4004 3180 4064 creaturam
3211 4027 3335 4081 quae

94 4101 270 4168 eripuit
300 4101 687 4155 nos.Potestas
711 4098 863 4153 enim
881 4097 1243 4153 tenebrarum
1266 4095 1402 4167 quid
1421 4101 1521 4162 est,
1547 4094 1659 4150 nisi
1741 4090 1811 4144 ab
1832 4107 1898 4145 eo
1920 4093 2135 4163 repleta
2163 4098 2267 4159 est,
2300 4092 2555 4165 probavit
2605 4093 2688 4147 illi
2732 4095 3091 4166 conjungere,
3117 4103 3175 4153 et
3228 4099 3334 4155 hoc

94 4191 311 4254 potestas
337 4187 549 4243 diaboli
568 4192 627 4241 et
644 4187 970 4258 angelorum
992 4185 1018 4239 ’ἲ
1044 4185 1140 4256 qui
1155 4201 1283 4239 cum
1308 4184 1547 4239 fuissent
1565 4199 1661 4237 an-
1740 4182 1912 4236 latius
1936 4182 2322 4254 consequitur.

94 4274 186 4343 geli
210 4277 363 4343 lucis,
408 4278 471 4332 in
515 4276 747 4331 veritate
797 4290 900 4347 per
948 4272 1189 4329 liberum
1217 4272 1513 4328 arbitrium
1545 4287 1657 4327 non
1817 4270 1901 4329 16.
1944 4271 2148 4325 Laure.
2201 4273 2542 4341 Gomptacuit
2571 4273 2635 4325 in
2672 4274 2809 4342 ipso.
2856 4272 3205 4346 Complacuit
3232 4275 3338 4331 sibi

96 4368 296 4433 stantes,
319 4367 452 4422 inde
471 4366 736 4421 cadentes
765 4363 895 4418 facti
916 4368 1051 4418 sunt
1073 4361 1334 4417 tenebrae.
1741 4358 1928 4425 Pater,
1957 4364 2022 4413 ut
2054 4359 2115 4413 in
2143 4358 2366 4414 Christo
2394 4357 2676 4414 habitaret
2698 4361 2883 4416 omnis
2900 4362 3190 4434 plenitudo
3217 4369 3338 4420 tam

149 4452 193 4508 9.
218 4458 457 4513 Anaus'r.
494 4454 611 4526 (lib.
643 4468 734 4520 xv,
767 4455 839 4509 De
870 4454 1053 4516 Trin.,
1083 4469 1132 4506 c.
1154 4449 1245 4517 19,
1271 4457 1389 4506 tom
1433 4449 1566 4521 Ill.)
1594 4452 1660 4505 Et
1742 4447 2053 4503 divinitatis
2081 4464 2251 4519 quam
2277 4447 2527 4503 omnium
2556 4448 2850 4505 virtutum.

97 4545 377 4600 transtulit.
410 4544 574 4610 Quod
605 4550 793 4599 autem
816 4542 1029 4597 dictum
1050 4546 1154 4607 est,
1192 4542 1324 4595 Filii
1364 4542 1659 4595 charitatis
1820 4534 1902 4593 l7.
1937 4539 2043 4592 Per
2077 4539 2411 4604 sanguinem
2437 4539 2635 4591 crucis.
2671 4536 2795 4601 Qua
2819 4537 2961 4593 hora
2986 4540 3222 4612 sanguis
3247 4556 3339 4596 re-

96 4645 201 4697 suz,
238 4633 371 4688 nihil
416 4631 573 4689 aliud
620 4631 969 4704 intelligatur
996 4646 1167 4703 quam
1203 4628 1329 4684 Filii
1368 4629 1455 4684 sui
1498 4628 1660 4684 electi
1682 4630 1727 4691 B
1751 4625 2091 4697 demptionis
2120 4625 2189 4680 de
2208 4626 2384 4680 latere
2410 4625 2637 4680 Domini
2653 4625 2710 4681 in
2725 4642 2889 4681 cruce
2918 4629 3213 4699 pendentis
3230 4631 3341 4686 exi-

100 4716 198 4785 [at.,
228 4720 454 4792 dilecti].
1746 4711 1842 4780 vit,
1876 4712 2169 4767 dimissum
2201 4717 2287 4767 est
2312 4718 2603 4784 peceatum
2623 4712 2757 4768 Adae
2770 4713 3018 4771 humano
3039 4716 3255 4787 generi,
3288 4723 3345 4772 et

160 4805 234 4861 10.
263 4810 511 4865 AMBROS.
567 4808 674 4875 Qui
704 4813 780 4862 est
809 4810 1014 4876 imago.
1063 4806 1130 4861 In
1169 4804 1398 4860 homine
1439 4804 1663 4859 Christo
1745 4800 2038 4872 paciﬁcate
2079 4805 2212 4856 sunt
2243 4801 2493 4855 coelestia
2514 4807 2571 4856 et
2596 4802 2906 4870 terrestria,
2936 4804 3070 4875 quia
3092 4811 3228 4861 tunc
3250 4823 3345 4877 pa-

100 4894 236 4961 quasi
265 4896 323 4951 in
350 4896 601 4967 imagine
651 4895 996 4963 invisibilem.
1015 4894 1172 4949 illam
1208 4893 1462 4948 videmus
1502 4898 1665 4948 natu-
1746 4889 1860 4945 tuit
1885 4888 2206 4944 hominibus
2236 4889 2503 4945 introitus
2532 4889 2593 4944 in
2620 4906 2858 4961 regnum
2887 4893 3174 4949 caelorum.

101 4994 236 5050 ram;
264 5000 393 5040 nam
421 5001 700 5058 apparens
729 4984 788 5039 in
825 4985 1015 5039 futuro
1043 4982 1306 5054 imaginis
1334 4981 1495 5038 nobis
1522 4982 1668 5037 ordi-
1824 4976 1910 5035 18.
1935 4981 2206 5045 Alienati,
2238 4978 2296 5032 id
2317 4982 2422 5045 est,
2456 4977 2727 5034 habentes
2747 4979 3055 5037 alienatum
3078 4987 3136 5037 et
3151 4981 3343 5037 inimi-

103 5082 212 5125 nem
247 5072 526 5141 retinebit,
582 5072 846 5145 quoniam
902 5072 963 5127 in
1006 5089 1073 5128 eo
1112 5071 1273 5144 quasi
1319 5070 1379 5127 in
1420 5071 1667 5142 imagine
1750 5083 1877 5123 cum
1908 5082 2260 5123 consensum.

107 5162 378 5226 quamdam
404 5162 650 5218 divinam
678 5162 1031 5217 continemus
1048 5166 1331 5216 naturam.
1822 5159 1907 5213 19.
1942 5161 2196 5213 AIBROS.
2229 5158 2382 5226 Quod
2424 5160 2803 5227 pradicatum.
2834 5160 3015 5215 Grave
3042 5159 3346 5217 admodum

162 5248 249 5307 1|.
281 5251 486 5308 Laure.
531 5253 941 5320 Primogenitus
1006 5251 1115 5306 Per
1160 5251 1267 5309 hoc
1309 5248 1511 5322 probat
1539 5247 1672 5322 quia
1754 5252 1876 5302 erat
1921 5252 1987 5302 ut
2031 5246 2383 5301 discederent
2410 5246 2481 5300 ab
2510 5246 2610 5301 illa
2643 5263 2705 5301 re
2731 5263 2853 5318 quae
2881 5247 2938 5301 in
2970 5246 3254 5303 communi
3275 5248 3345 5302 ab

108 5336 305 5403 genitus
330 5347 419 5396 est
445 5357 479 5396 a
505 5345 666 5414 patre
689 5345 821 5396 ante
849 5356 1076 5396 omnem
1104 5344 1443 5395 creaturam.
1754 5335 2015 5392 omnibus
2043 5334 2422 5417 clamabatur.

170 5424 246 5483 12.
270 5431 674 5499 Primogenitus
698 5434 983 5486 creaturae.
1008 5428 1187 5496 Prior,
1220 5428 1426 5502 inquit,
1443 5433 1530 5484 est
1558 5443 1672 5483 om-
1824 5425 1915 5483 20.
1946 5426 2152 5481 Lmen.
2190 5425 2297 5492 Qui
2322 5439 2477 5479 nunc
2502 5425 2729 5491 gaudeo.
2757 5422 2977 5495 Duplici
2999 5440 3168 5481 causa
3191 5442 3347 5483 com-

112 5511 284 5583 nibus;
314 5519 503 5575 omnia
521 5521 675 5575 enim
703 5535 769 5575 eo
796 5523 931 5575 sunt
942 5517 1286 5591 posteriora;
1322 5532 1455 5573 nam
1482 5516 1675 5573 omnia
1755 5514 1987 5571 mendat
2029 5530 2109 5580 se,
2143 5511 2277 5585 quia
2313 5511 2543 5585 patitur,
2577 5516 2635 5566 et
2660 5510 2871 5582 gaudet
2906 5511 2967 5566 in
2997 5514 3349 5585 passionibu's

112 5598 170 5657 ab
185 5618 246 5661 ea
273 5612 404 5665 sunt
429 5613 638 5665 creata.
1756 5620 1855 5678 pro
1873 5603 1957 5659 eis
1985 5602 2179 5659 illatis.
