3878 6342
543 264 649 323 πε
1544 254 1609 307 Β.
1648 249 2063 307 W01
2102 243 2458 302 CANTHAR.
2499 239 2841 296 ARGHIEP.
3711 236 3804 291 3%

540 394 603 444 et
630 385 912 457 adimpleo
938 382 1031 441 21.
1063 377 1489 452 eaquadesunt—
1509 375 1834 448 passionum
1857 373 2090 440 Christi,
2119 372 2179 426 in
2206 384 2373 424 carne
2401 381 2549 431 mea,
2572 381 2673 439 pro
2703 379 2940 435 corpore
2968 364 3113 434 ejus,
3144 362 3294 434 quod
3329 366 3421 417 est
3438 362 3706 426 Ecclesia,
3727 378 3808 416 cu-

535 477 635 546 jus
654 451 895 531 Ecclesia:
922 472 1105 526 factus
1131 451 1257 522 sum
1287 483 1390 537 ego
1422 465 1681 538 minister
1705 463 2015 518 secundum
2035 457 2511 531 dispensationem
2540 455 2832 521 Evangelii
2860 452 2981 513 Dei,
3015 469 3127 506 non
3154 453 3556 523 hominis,quae
3586 451 3718 504 data
3734 456 3808 504 est

543 538 685 618 inihi
714 562 772 616 in
796 577 909 624 vos,
945 564 1012 614 ut
1045 557 1311 626 impleam
1342 552 1572 607 verbum
1617 552 1717 606 Dei
1752 553 1889 622 (ecce
1925 552 2167 617 verbum)
2201 545 2532 618 mysterium
2575 543 3009 604 incarnationis,
3040 540 3189 611 quod
3222 538 3621 595 absconditum
3656 539 3758 593 fuit
3778 556 3807 592 a

544 649 782 715 saeculis,
805 656 863 703 et
886 642 1344 720 generationibus
1362 643 1680 710 praeteritis,
1712 655 1862 693 nunc
1876 644 2066 692 autem
2094 639 2159 690 in
2175 641 2410 703 tempore
2430 632 2804 701 plenitudinis
2833 628 3253 684 manifestatum
3284 634 3370 683 est
3388 628 3607 683 sanctis
3647 631 3810 691 [65

550 742 694 813 ejus,
716 718 920 811 quibus
942 734 1121 788 voluit
1148 732 1297 787 Deus
1323 735 1487 784 notas
1516 728 1701 782 facere
1728 726 1952 781 divitias
1977 725 2194 795 gloriae,
2224 726 2514 790 gloriosas,
2544 725 2625 777 vel
2653 723 2885 789 gloriosi
2909 719 3249 774 sacramenti
3281 719 3450 789 hujus
3475 718 3810 787 pradicandi

547 807 608 886 in
633 807 917 900 gen—tibus,
948 822 1099 896 quod
1127 827 1214 875 est
1234 818 1513 878 Christus.
1542 819 1682 887 (ecce
1708 814 2145 878 sacramentum)
2175 812 2235 865 in
2258 810 2415 865 vobis
2441 814 2694 878 gentibus
2723 826 2850 880 spes
2869 809 3082 878 gloriae,
3111 824 3210 877 per
3240 824 3399 877 quem
3443 808 3684 875 speratis
3704 807 3810 870 glo-

549 920 789 985 riﬁcari,
822 930 989 987 quem
1011 928 1114 966 nos
1143 908 1565 971 annuntiamus,
1604 904 1973 974 corripientes
2018 904 2207 971 primo
2231 917 2455 954 omnem
2484 900 2791 964 hominem,
2818 903 2961 952 male
2991 902 3285 960 viventem,
3315 902 3379 951 ut
3411 897 3727 963 resipiscat,
3757 900 3811 947 et

541 981 662 1083 post
681 981 944 1059 docelites
972 1002 1134 1068 ﬁdem
1160 998 1369 1053 Christi
1396 996 1455 1050 in
1480 995 1633 1049 omni
1663 992 1961 1065 sapientia,
1979 994 2058 1045 vel
2083 992 2147 1043 de
2175 992 2404 1051 divinis,
2435 993 2516 1044 vel
2545 991 2608 1042 de
2638 991 2930 1051 humanis,
2952 990 3025 1041 ad
3052 989 3151 1051 hoc
3169 989 3431 1051 docentes,
3454 982 3553 1040 22.
3579 988 3643 1038 ut
3669 981 3811 1036 exhi-

544 1074 779 1149 beamus
797 1106 1021 1145 omnem
1048 1086 1331 1142 hominem
1361 1085 1671 1155 perfectum
1700 1083 1761 1136 in
1799 1080 2024 1136 Christo
2052 1080 2207 1145 Jesu,
2235 1079 2295 1132 in
2322 1094 2433 1150 quo
2460 1082 2518 1131 et
2546 1075 2762 1136 laboro,
2794 1075 3061 1130 certando
3093 1091 3205 1127 non
3224 1075 3465 1140 viribus,
3499 1074 3563 1127 id
3584 1076 3681 1137 est,
3712 1088 3809 1124 me-

552 1187 700 1251 ritis,
730 1184 824 1238 sed
849 1179 1159 1237 secundum
1186 1174 1573 1248 operationem
1602 1174 1744 1243 ejus,
1787 1188 1957 1243 quam
1984 1173 2250 1239 operatur
2273 1167 2332 1221 in
2374 1184 2486 1233 me,
2516 1166 2574 1220 in
2606 1165 2815 1219 virtute
2841 1181 2965 1229 sua,
3000 1180 3111 1218 non
3139 1180 3282 1217 mea.

1985 1280 2223 1340 CAPUT
2253 1283 2325 1337 Π.

621 1418 675 1473 1.
708 1414 849 1470 Volo
871 1413 1021 1468 enim
1043 1426 1139 1463 vos
1161 1408 1303 1463 scire
1316 1406 1540 1477 qualem
1561 1403 1998 1458 sollicitudinem
2014 1398 2252 1454 habeam
2271 1415 2371 1469 pro
2393 1397 2563 1463 vobis,
2588 1400 2649 1477 et
2668 1404 2769 1468 pro
2790 1397 2861 1451 iis
2878 1399 2974 1468 qui
2999 1394 3133 1451 sunt
3168 1386 3466 1458 Laodicia},
3504 1392 3565 1447 et
3591 1390 3785 1462 quicun

550 1525 660 1582 que
688 1522 801 1560 non
825 1503 1085 1557 viderunt
1106 1497 1304 1551 faciem
1340 1510 1524 1548 meam
1555 1493 1611 1547 in
1643 1508 1829 1549 carne,
1855 1491 2284 1559 prmsentialitcr
2314 1492 2380 1541 ut
2408 1486 2768 1541 consolentur
2800 1489 2911 1554 ipsi
2935 1486 3107 1539 corda
3151 1484 3425 1555 ipsorum,
3459 1480 3720 1535 instructi
3752 1480 3804 1531 in

539 1566 845 1655 1iharitate,
863 1590 917 1647 2.
943 1590 999 1642 et
1016 1589 1075 1641 in
1100 1594 1293 1641 omnes
1318 1583 1541 1636 divitias
1572 1578 1936 1654 plenitudinis
1968 1576 2302 1639 intellectus,
2327 1575 2384 1628 in
2409 1574 2753 1645 agnitionem
2775 1572 3030 1644 mysterii
3053 1572 3155 1627 Dei
3178 1571 3447 1636 Patris,et
3464 1569 3680 1625 Christi
3698 1566 3813 1621 Iesu

549 1685 610 1740 in
640 1698 750 1755 quo
774 1683 908 1735 sunt
926 1688 1119 1732 omnes
1145 1671 1399 1728 thesauri
1419 1670 1706 1741 sapientiae
1725 1668 1789 1722 de
1812 1668 2038 1729 divinis,
2054 1671 2111 1719 et
2131 1664 2377 1718 scientiae
2394 1665 2455 1717 de
2481 1665 2748 1729 moribus,
2774 1660 3105 1715 absconditi.
3135 1661 3253 1714 Hoc
3266 1664 3458 1714 autem
3472 1659 3688 1718 dico.ut
3705 1660 3813 1711 sitis

552 1772 834 1833 instructi,
861 1774 919 1822 et
944 1770 1008 1821 ut
1033 1781 1196 1820 nemo
1219 1778 1314 1816 vos
1344 1759 1589 1829 decipiat
1616 1757 1647 1813 3
1690 1758 1747 1811 in
1778 1755 2143 1817 sublimitate,
2178 1768 2501 1805 sermonum
2524 1755 2746 1820 loquens
2776 1752 3168 1814 dialecticc,vet
3192 1750 3461 1802 rhetorice
3482 1751 3550 1801 in
3583 1747 3819 1799 sublimi-

555 1864 663 1915 tate
692 1862 935 1914 locorum
965 1856 1015 1910 et
1040 1855 1513 1922 syllogismorum.
1544 1847 1598 1904 4.
1633 1848 1776 1901 Nam
1810 1843 1913 1898 etsi
1938 1846 2169 1912 corpore
2200 1841 2401 1893 absens
2434 1856 2581 1904 sum,
2613 1838 2711 1892 sed
2735 1837 2934 1909 Spiritu
2965 1836 3262 1890 vobiscum
3296 1852 3421 1889 sum
3446 1855 3458 1902 ;
3491 1834 3819 1905 g’audens,et

550 1938 747 2007 videns
775 1948 1027 2004 ordinem
1055 1916 1386 2005 vestrum,et
1411 1941 1827 1993 ﬁrmamentum
1859 1936 1997 2003 ejus,
2014 1948 2136 2001 quae
2157 1928 2216 1981 in
2234 1928 2455 1982 Christo
2482 1928 2585 1989 est,
2614 1916 2743 1980 fidei
2768 1925 3306 1995 vestrae.Sicutergo
3337 1922 3816 1991 accepistisJesum

555 2030 844 2096 Christum
875 2036 1176 2091 Dominum
1200 2038 1477 2093 nostrum,
1506 2029 1564 2083 in
1582 2028 1703 2098 ipso
1727 2023 2031 2085 ambulate,
2067 2016 2302 2072 radicati
2323 2021 2380 2070 et
2408 2015 2839 2086 superaedificati
2869 2015 2924 2067 in
2945 2015 3085 2085 ipso,
3122 2020 3180 2067 et
3206 2011 3526 2067 conﬁrmati
3550 2010 3816 2073 ﬁde,sicut

552 2130 611 2186 et
636 2126 931 2189 didicistis,
964 2118 1317 2178 abundantes
1343 2121 1400 2174 in
1424 2118 1520 2172 illo
1550 2097 1619 2171 ini
1637 2114 1949 2187 gratiarum
1982 2103 2429 2163 actione.Videte
2460 2120 2528 2156 ne
2559 2103 2683 2173 quis
2714 2120 2806 2156 vos
2825 2102 3068 2173 decipiat
3094 2118 3194 2172 per
3214 2097 3814 2172 philosophiam.diale-

552 2220 776 2282 elisum,
811 2218 870 2270 et
896 2215 1121 2271 inanem
1149 2209 1447 2274 fallaciam,
1475 2206 1717 2275 loquens.
1747 2202 1801 2256 5.
1831 2199 2138 2275 secundum
2156 2193 2518 2249 traditionem
2543 2193 2934 2255 hominum,ut
2956 2193 3289 2248 Aristoteles.
3327 2188 3702 2244 5.seCundum
3724 2185 3817 2239 ele-

552 2308 747 2361 menta
989 2300 1202 2365 mundi,
1219 2303 1276 2352 et
1304 2313 1417 2351 non
1446 2293 1753 2350 secundum
1779 2283 2148 2350 Christum,7.
2173 2283 2306 2353 quia
2332 2282 2387 2334 in
2411 2281 2531 2351 ipso
2554 2278 2837 2333 inhabitat
2857 2279 3040 2333 omnis
3062 2276 3352 2349 plenitudo
3374 2276 3688 2331 divinitatis
3707 2290 3812 2328 cor-

554 2365 1103 2467 poralite—i‘,redliter,
1129 2403 1241 2441 non
1262 2384 1598 2439 umbrah’ler
1617 2386 1675 2435 et
1685 2379 1818 2434 estis
1838 2378 1895 2431 in
1912 2377 2008 2430 illo
2018 2389 2130 2443 ,per
2147 2370 2540 2440 illum,repleti
2562 2368 3114 2438 charismatibus,qui
3137 2374 3222 2421 est
3242 2372 3429 2437 caput,
3445 2365 3808 2435 principium.

557 2482 740 2538 ‘omnis
769 2478 1137 2552 principatus,
1170 2475 1227 2529 et
1253 2470 1581 2545 potestatis;
1603 2469 1659 2523 8.
1691 2468 1751 2521 in
1776 2482 1906 2537 quo,
1937 2468 1999 2517 in
2031 2465 2189 2530 cujus
2213 2461 2333 2527 ﬁde,
2364 2464 2422 2512 et
2448 2457 2763 2512 circumcisi
2791 2456 2924 2510 estis
2953 2454 3006 2512 9.
3025 2455 3454 2511 circumcisione
3476 2471 3593 2510 non
3626 2466 3810 2505 manu-

1896 2582 2489 2644 COMMENTARIUS.

627 2717 720 2775 21.
755 2708 835 2771 Ed
866 2727 985 2783 qua
1011 2712 1227 2763 desunt.
1250 2702 1549 2760 Passiones
1562 2698 1769 2756 Christi
1790 2697 2020 2752 fuerunt
2038 2693 2219 2752 vin-A
2250 2776 2285 2783 ῃ
2305 2688 2341 2742 6
2384 2690 2635 2744 ΑιΒιιοε.
2654 2690 2966 2745 Secundum
2995 2693 3278 2753 elementa,
3303 2687 3363 2742 id
3391 2694 3501 2753 est,
3530 2685 3819 2742 secundum

557 2808 703 2871 cule,
738 2771 923 2876 spata,
964 2796 1202 2868 colaphi,
1233 2794 1485 2857 verbera,
1529 2790 1601 2845 ad
1642 2794 1955 2843 extremum
2001 2798 2155 2837 mors
2234 2776 2453 2831 dierum
2484 2784 2541 2831 et
2569 2782 2887 2848 temporum
2917 2777 3348 2832 observantiam.
3370 2776 3668 2831 Elementa
3683 2771 3816 2827 enim

557 2899 682 2970 ipsa
708 2913 721 2962 ;
758 2906 996 2964 quorum
1027 2892 1245 2958 partem
1266 2884 1383 2953 jam
1414 2897 1473 2934 se
1504 2894 1752 2951 passum,
1782 2880 1999 2946 partem
2022 2887 2152 2942 pas-
2232 2866 2430 2919 mundi
2458 2866 2595 2919 dicit
2619 2867 2794 2919 solem
2837 2873 2893 2918 et
2930 2866 3141 2929 lunam,
3178 2883 3244 2919 ex
3290 2864 3495 2935 quibus
3534 2863 3746 2917 dierum
3771 2863 3818 2910 et

557 2948 753 3042 sinum
784 2996 843 3035 se
863 2994 986 3033 esse
1022 2976 1249 3029 fatetur.
1283 2971 1543 3025 Fortasse
1572 2982 1641 3019 ea
1668 2980 1790 3035 quae
1825 2962 2029 3015 desunt
2056 2975 2151 3013 vo-
2241 2959 2557 3024 temporum
2588 2971 2786 3009 cursus
2817 2954 2959 3008 effici
2988 2954 3230 3009 videtur.
3517 2948 3521 2951 λ

557 3080 650 3130 cat
678 3071 874 3126 mortis
905 3063 1210 3135 angustias,
1242 3076 1382 3130 quas
1417 3056 1601 3110 adhuc
1627 3068 1823 3125 passus
1860 3066 1973 3104 non
2002 3050 2151 3103 erat.

556 3164 629 3217 Et
654 3166 741 3214 est
767 3157 903 3212 ordo
937 3173 949 3207 :
984 3148 1296 3221 adimplebo
1313 3147 1371 3201 in
1388 3160 1556 3199 carne
1576 3158 1701 3196 mea
1726 3157 1821 3195 eas
1851 3137 2156 3210 passiones.

629 3244 722 3300 22.
751 3244 999 3297 Alanos.
1022 3238 1081 3291 Ut
1109 3234 1454 3288 exhibeamus
1486 3243 1722 3282 omnem.
1754 3222 2158 3279 Perfectionem

559 3340 774 3391 statum
818 3328 1073 3383 futurum
1103 3326 1267 3376 vocat
1308 3318 1399 3375 cui
1445 3316 1576 3371 boni
1608 3314 1750 3368 nihil
1778 3313 1973 3366 deesse
2003 3309 2157 3363 vide-

559 3424 791 3566 bltgftP.
821 3507 893 3561 Il.
928 3533 993 3544 —-
1040 3499 1089 3557 1.
1132 3499 1336 3555 Lsxrn.
1382 3496 1499 3549 Volo
1537 3497 1689 3547 enim
1727 3508 1815 3545 vos
1852 3493 2013 3557 scire,
2048 3493 2153 3543 etc.

558 3598 728 3657 Ratio
756 3612 857 3652 cur
881 3611 941 3649 se
969 3591 1225 3646 laborare
1251 3583 1473 3649 dixerit,
1489 3582 1745 3636 videlicet
1774 3596 1845 3633 ne
1873 3579 2155 3634 diceretur

559 3706 624 3743 ex
639 3684 916 3758 jactantia
944 3680 1147 3735 dixisse
1175 3678 1379 3730 laboro.

626 3752 680 3831 ᾖ.
727 3777 797 3832 In
836 3786 1020 3828 omnes
1048 3769 1275 3821 divitias
1315 3761 1688 3832 plenitudinis
1728 3758 2050 3812 intellectus.
2080 3752 2156 3806 Ut

556 3866 802 3923 habeant
815 3860 1044 3916 divitem
1068 3861 1127 3911 et
1145 3855 1373 3925 plenum
1388 3846 2156 3914 intellectum,cognoscentes

2311 3040 2363 3096 7.
2422 3040 2671 3097 Auacsr.
2718 3042 2832 3105 (lib.
2864 3057 2959 3105 xu,
3017 3044 3085 3096 De
3124 3043 3310 3097 Genes.
3357 3043 3432 3095 ad
3463 3044 3600 3103 litt.,
3627 3053 3741 3107 cap.
3772 3029 3814 3094 7.

2240 3136 2376 3184 tom.
2410 3132 2487 3185 IIl
2516 3134 2536 3200 )
2559 3134 2699 3198 Quia
2720 3134 2783 3185 in
2804 3133 2917 3199 ipso
2938 3132 3169 3187 habitat.
3196 3130 3339 3194 Quia
3353 3129 3638 3183 inhabitat
3657 3121 3821 3178 omnis

2239 3219 2529 3291 plenitudo
2558 3220 2865 3274 divinitatis
2907 3219 3275 3291 corporaliter
3301 3234 3486 3289 neque
3520 3216 3669 3271 enim
3697 3208 3820 3265 divi-

2240 3308 2389 3362 nitas
2417 3326 2620 3380 corpus
2649 3314 2753 3373 est,
2787 3308 2883 3361 sed
2925 3308 3058 3378 quia
3085 3312 3437 3361 sacramenta
3462 3303 3682 3360 Veteris
3707 3300 3820 3352 Tes-

2239 3397 2477 3451 tamenti
2518 3396 2765 3470 appellat
2813 3397 3040 3451 umbras
3091 3397 3304 3461 futuri;
3340 3400 3573 3467 prOpter
3611 3388 3820 3447 umbra-

2240 3504 2363 3540 rum
2387 3487 2862 3557 comparationem
2902 3486 3268 3556 corporaliter
3312 3483 3453 3538 dixit
3482 3480 3731 3537 habitare
3770 3476 3822 3528 in

2236 3576 2461 3630 Christo
2492 3575 2897 3646 plenitudinem
2947 3573 3276 3635 divinitatis,
3322 3571 3473 3643 quod
3503 3572 3563 3625 in
3608 3569 3702 3622 illo
3729 3566 3818 3619 im-

2236 3666 2498 3735 pleantur
2524 3665 2715 3718 omnia
2757 3682 2878 3735 quae
2914 3665 2992 3734 [at
3022 3704 3035 3730 ,
3070 3663 3155 3736 in]
3194 3664 3302 3717 illis
3332 3662 3550 3718 umbris
3600 3661 3820 3730 ﬁgurata

2236 3760 2388 3819 sunt,
2421 3771 2487 3808 ac
2515 3754 2560 3808 si
2587 3754 2998 3825 quodammodo
3025 3752 3353 3807 umbrarum
3378 3752 3606 3806 illarum
3624 3750 3738 3820 ipse
3756 3742 3819 3795 sit

2238 3859 2461 3913 corpus,
2500 3843 2606 3897 hoc
2649 3849 2736 3896 est
2774 3844 3089 3912 ﬁgurarum
3127 3842 3353 3896 illarum
3384 3847 3441 3895 et
3471 3834 3817 3911 signiﬁcatio-

556 3952 890 4029 mysterium
913 3948 1019 4004 Dei
1041 3943 1244 4007 Patris,
1269 3940 1418 4012 quod
1443 3944 1531 3992 est
1557 3935 1822 4029 Christus
1841 3934 2023 4029 Jefus.
2051 3928 2156 3993 Qui
2175 4006 2219 4029 Π
2239 3948 2375 4029 num
2406 3932 2525 4003 ipse
2552 3931 2626 3986 sit
2653 3931 2880 3985 veritas.

558 4006 987 4112 erilimvperlecte
1025 4034 1133 4089 scit
1158 4006 1465 4093 Christum,
1495 4025 1601 4079 scit
1629 4022 1763 4094 quid
1783 4006 2005 4112 deDeo
2032 4006 2220 4112 δερ-Β
2309 4019 2364 4073 8,
2420 4023 2666 4103 Amph-vr.
2726 4019 2838 4090 (ιίι),
2889 4034 3004 4087 κη’
3055 4024 3248 4074 contra
3301 4021 3512 4086 Faustq
3570 4033 3687 4088 cap.
3738 4006 3814 4066 29.

558 4097 817 4186 tiendiim
845 4127 937 4192 sit,
962 4130 1019 4178 et
1034 4119 1334 4193 quomodo,
1352 4122 1410 4171 et
1437 4114 1496 4168 in
1516 4112 1717 4184 quibus
1746 4108 2040 4162 vivendum
2061 4106 2151 4160 sit.
2238 4114 2377 4163 tom.
2405 4110 2501 4178 Vl)
2537 4097 2605 4164 Ῐη
2630 4125 2736 4178 quo
2762 4111 3099 4163 circumcisi.
3135 4108 3281 4172 Quid
3303 4107 3586 4178 signiﬁcat
3608 4104 3819 4159 circum-

631 4219 692 4274 3.
719 4220 787 4273 In
817 4213 1176 4274 sublimitate,
1210 4208 1265 4261 id
1298 4210 1403 4267 est,
1434 4203 1493 4257 in
1511 4199 1808 4256 altitudine
1836 4195 2153 4259 verborum,
2239 4198 2373 4253 cisio
2396 4198 2600 4264 carnis,
2622 4198 2731 4252 nisi
2763 4197 3222 4270 exspoliationem
3259 4195 3638 4261 mortalitatis,
3667 4200 3814 4262 quam

561 4313 620 4364 et
651 4304 1125 4379 syllogismorum,
1165 4264 1231 4350 et
1273 4264 1511 4349 aliorum
1561 4303 1832 4361 generum
1865 4285 2158 4379 disputan-
2241 4288 2311 4342 de
2349 4288 2562 4340 carnali
2599 4264 2965 4358 generatione
3025 4286 3353 4357 portamus?
3402 4286 3521 4340 haec
3560 4288 3645 4339 est
3696 4264 3817 4332 fides

561 4374 733 4460 tium;
759 4374 873 4447 non
902 4394 1083 4445 artem
1117 4380 1441 4456 disputandi
1465 4379 1765 4450 vituperat,
1796 4374 1896 4429 sed
1933 4390 2157 4446 perver-
2241 4380 2463 4431 nostra.

562 4503 691 4544 sum
711 4479 1124 4556 disputantium
1153 4490 1340 4531 usum.

2311 4462 2364 4521 9.
2424 4466 2852 4521 Circumcisione
2910 4482 3023 4520 non
3075 4466 3425 4532 mam/faeta.
3485 4452 3814 4518 Resurrectio

2254 4552 2302 4556 μ
2362 4552 2372 4556 -
2438 4553 2447 4556 -
2635 4553 2645 4556 _
2917 4553 2926 4556 ,
3078 4554 3124 4556 η
3322 4553 3357 4556 __
3560 4552 3569 4556 _
3652 4549 3662 4556 _
3796 4537 3808 4556 ,

633 4576 688 4630 4.
713 4537 858 4629 Nain
878 4572 977 4625 etsi
1005 4581 1226 4643 corpore
1253 4564 1444 4617 absens
1474 4559 1705 4615 sum.Ac
1734 4555 1782 4610 si
1817 4552 2110 4643 quisdicat
2140 4568 2154 4607 :
2242 4552 2453 4608 Christi
2475 4569 2599 4624 quae
2622 4553 2770 4608 facta
2799 4553 2967 4608 tertio
2997 4554 3277 4625 quidema
3306 4553 3395 4606 die
3424 4549 3711 4624 passionis,
3730 4537 3814 4597 sed

562 4665 700 4720 Vult
725 4678 827 4718 nos
848 4657 1050 4731 aliquis
1080 4630 1377 4725 decipere?
1401 4650 1483 4705 ita
1509 4667 1521 4716 ;
1550 4647 1648 4703 sed
1666 4662 1784 4713 vos,
1800 4641 2004 4713 inquit,
2025 4657 2158 4694 con-
2241 4648 2434 4696 octavo
2463 4642 2523 4696 in
2551 4642 2747 4696 diebus
2776 4642 3161 4709 hebdomadis,
3187 4642 3313 4713 ipsa
3337 4658 3441 4695 nos
3468 4630 3812 4695 circumcidit.

562 4763 656 4811 tra
679 4754 805 4808 illos
833 4726 1045 4805 ﬁrmati
1073 4742 1207 4801 estis
1226 4743 1285 4797 in
1303 4741 1433 4795 fide.
1457 4736 1618 4803 Quod
1648 4735 1784 4790 satis
1808 4733 1943 4800 scio,
1968 4745 2161 4802 quam-
2243 4732 2388 4785 Audi
2416 4732 2771 4786 circumcisos
2802 4748 2937 4786 vera
2963 4737 3142 4803 petra,
3175 4731 3446 4803 Apostolo
3466 4726 3809 4785 admonente:

563 4844 647 4900 vis
671 4842 892 4897 absens.
1948 4896 1951 4899 ν
2242 4820 2305 4876 Si
2328 4837 2452 4888 ergo
2483 4823 2865 4875 resurreristis
2894 4837 3021 4874 cum
3051 4822 3285 4886 Christo,
3316 4836 3435 4890 qua;
3457 4832 3676 4873 sursum
3700 4809 3815 4865 sunt

635 4931 688 4990 5.
723 4929 1034 4987 Secundum
1049 4923 1422 4979 traditionem.
1447 4912 1823 4969 Tradiderunt
1842 4907 2158 4981 philosophi
2241 4913 2433 4978 sapite,
2468 4911 2565 4964 ubi
2595 4910 2844 4965 Christus
2873 4915 2947 4963 est
2987 4913 3050 4963 ίη
3095 4912 3318 4964 demum
3344 4910 3444 4963 per;
3470 4909 3684 4967 sedens;
3711 4910 3814 4967 qua:

559 5024 726 5094 (quos
754 5016 1009 5072 homines
1028 5012 1207 5075 vocat)
1229 5009 1555 5061 Creatorem
1584 4999 1834 5054 omnium
1867 5014 1978 5051 non
1996 5013 2158 5067 posse
2239 5016 2465 5053 sursum
2492 5004 2624 5052 sunt
2644 5002 2888 5068 quwrite,
2911 5014 3023 5052 non
3041 5015 3161 5068 quas
3179 5014 3343 5067 super
3371 5002 3406 5050 ιο
3425 5000 3601 5050 rram.
3634 4986 3815 5047 Resur-

562 5073 685 5094 ην
710 5073 719 5074 κ
1188 5073 1193 5075 .

561 5110 687 5168 ﬁeri
725 5112 1075 5170 creaturam;
1130 5095 1417 5154 hominem
1454 5106 1566 5145 non
1616 5087 1866 5159 potuisse
1908 5086 2063 5140 nasci
2091 5102 2156 5139 ex
2239 5087 2384 5141 rexit
2407 5086 2662 5141 Christus
2690 5086 2923 5141 abstulit
2945 5086 3106 5141 nobis
3130 5085 3411 5141 desideria
3429 5081 3688 5145 carnalia,
3708 5073 3815 5129 abs-

561 5199 777 5272 virgine
803 5216 815 5250 :
844 5192 1143 5251 Hominem
1175 5176 1725 5272 mortuum‘revivere
1746 5192 1859 5229 non
1888 5175 2153 5245 potuisse,
2174 5200 2218 5264 ρ
2241 5175 2376 5231 tulit
2421 5175 2902 5246 concupiscentias
2956 5176 3166 5242 malas;
3209 5174 3445 5229 abstulit
3488 5169 3813 5244 superﬂuum

575 5249 771 5272 .-σηη
806 5249 811 5250 γ
846 5249 891 5251 ,κ

564 5287 984 5344 considerantes
1002 5279 1283 5335 elementa
1303 5266 1519 5324 mundi.
1551 5265 1657 5318 has
1676 5263 1918 5319 visibiles
1947 5271 2160 5318 creatu-
2177 5249 2218 5264 ν
2241 5281 2365 5318 cum
2402 5281 2512 5335 quo
2542 5264 2660 5319 nati
2686 5264 2875 5331 eratis,
2909 5269 2966 5318 et
2992 5265 3171 5318 multo
3217 5265 3376 5336 pejus
3407 5262 3556 5335 quod
3583 5256 3717 5314 male
3743 5249 3812 5302 vi-

564 5393 679 5443 ras,
709 5376 769 5429 in
800 5372 1007 5445 quibus
1031 5361 1298 5429 animalia
1331 5373 1454 5430 quae
1482 5359 1811 5417 nascuntur,
1847 5369 1912 5445 ex
1956 5353 2160 5435 utrius-
2240 5353 2417 5408 vendo
2448 5353 2829 5421 addideratis;
2887 5353 3202 5408 circumcisi
3253 5370 3355 5425 per
3378 5354 3619 5425 petram,
3651 5352 3835 5416 quare.

566 5481 678 5538 que
706 5479 869 5521 sexus
909 5452 1302 5515 commistione
1345 5447 1709 5518 generantur,
1756 5448 1813 5496 et
1857 5440 1918 5495 in
1959 5440 2159 5515 quibus
2245 5442 2429 5497 adhuc
2460 5441 2655 5514 sapitis
2685 5459 2854 5513 super
2880 5443 3126 5496 terram?

568 5530 843 5627 quidquid
872 5548 1110 5606 moritur
1136 5541 1287 5597 ultra
1305 5536 1490 5592 viVere
1515 5530 1861 5605 inipossibile
1884 5537 1986 5586 est.
