3878 6364
98 290 187 353 ass
706 291 783 349 IN
821 296 888 349 D.
931 296 1145 350 PAULI
1184 295 1406 351 EPIST.
1449 294 1821 351 conisum.
1864 323 1933 336 -
1973 253 2197 352 aels'r.
2238 295 2334 352 ΑΒ
2375 297 2666 353 COLOSS.
3201 304 3307 363 πε

96 420 223 474 facta
254 420 376 492 (hac
405 426 454 475 et
484 422 835 474 circumcisio
868 420 1098 485 Christi,
1132 423 1270 474 vitia
1303 422 1660 486 mortiﬁcare)
1677 419 1736 475 in
1762 419 2164 490 exspoliatione
2187 421 2438 491 corporis
2460 420 2664 487 carnis,-
2687 423 2792 476 sed
2815 423 2874 476 in
2894 424 3314 484 circumcisione

97 509 713 574 Christi,circumcisione
733 511 1044 577 spirituali,
1070 512 1276 562 scilicet
1296 508 1607 580 consepulti
1625 512 1863 576 (ea-ponit
1880 510 2166 577 quomodo)
2188 510 2239 563 ei
2261 509 2325 562 in
2338 508 2704 580 baptismo.iu
2727 526 2837 581 quo
2857 516 2914 565 et
2930 517 3310 571 resurrexistis

93 601 272 652 am’tiis
300 614 396 668 per
425 598 592 651 ﬁdem
621 597 964 669 operationis
992 597 1110 662 Dei,
1133 614 1303 665 quam
1333 601 1586 664 operatus
1615 599 1777 650 estin
1800 597 2016 650 Christo
2041 600 2177 661 (ecce
2205 599 2462 666 operatio}
2486 599 2580 668 qui
2616 599 2909 654 suscitavit
2933 587 3310 658 illumamor—

92 686 205 741 tuis.
219 686 278 741 Et
301 703 394 740 vos
408 687 760 752 (determinat
779 687 1044 753 quomodo
1064 688 1336 738 intellewit
1356 688 1418 738 in
1439 702 1547 754 quo
1574 689 1622 738 et
1642 688 2042 748 resurrexistis)
2062 703 2188 740 cum
2221 686 2432 740 mortui
2458 686 2654 740 essetis
2673 686 2734 742 in
2749 687 2986 752 delictis,
3002 687 3075 745 10.
3091 698 3148 745 et
3167 709 3312 762 pras-

90 775 221 846 putio
246 775 425 829 carnis
457 781 669 839 vestrae,
694 787 740 828 et
763 791 889 827 cum
916 777 977 827 in
1001 775 1314 841 gentilitate
1344 778 1546 838 essetis,
1579 771 1982 826 conviviﬁcavit
2001 790 2130 828 cum
2157 774 2275 837 illo,
2309 774 2547 837 donans,
2584 777 2921 842 condonans,
2949 777 3102 832 vobis
3123 781 3314 836 omnia

89 863 261 917 delicta
285 863 370 919 ll.
396 863 592 917 delens
623 863 769 934 quod
785 863 1050 916 adversus
1075 879 1197 926 nos,
1220 865 1524 915 utilitatem
1540 865 1806 922 nostram,
1834 868 1954 914 erat
1975 862 2407 934 chirographum
2439 861 2518 918 l2.
2542 863 2929 934 decreti,un
2955 872 3077 920 erat
3095 875 3314 924 contra-

88 951 206 1003 n'um
233 949 407 1014 nobis,
436 951 576 1003 idem
593 951 738 1018 quod
761 951 1022 1002 adversus
1047 966 1142 1002 nos
1167 968 1180 1007 ;
1204 952 1284 1001 vel
1311 951 1664 1001 contrarium
1691 951 1888 1001 nostra:
1910 954 2166 1016 utilitati,
2187 959 2244 1005 et
2263 951 2450 1023 ipsum
2469 951 2601 1006 tulit
2625 957 2846 1018 (murus
2867 957 3015 1008 enim
3029 963 3148 1011 erat
3165 961 3314 1012 inter

89 1054 163 1090 nos
187 1043 230 1091 et
253 1039 447 1106 Deum)
464 1039 534 1091 de
564 1038 748 1091 medio
769 1041 964 1100 nostri,
989 1043 1037 1090 et
1060 1040 1172 1102 [)ei,
1199 1037 1701 1105 afﬁgens,abolens,
1729 1033 1866 1087 illud
1890 1039 2056 1102 cruci,
2083 1057 2182 1106 per
2202 1045 2502 1105 crucem,et
2528 1039 2610 1096 13.
2632 1042 2947 1111 exspolians
2965 1043 3312 1116 principatus

83 1129 382 1189 Judaorum,
407 1131 493 1180 vel
523 1129 854 1192 dazmonum,
882 1133 938 1179 et
965 1131 1291 1195 potestates,
1309 1125 1559 1178 traduxit
1577 1123 1939 1189 conﬁdenter,
1976 1126 2055 1182 14.
2085 1129 2266 1197 palam
2292 1128 2668 1198 triumphans,
2698 1133 2778 1182 vel
2800 1132 3039 1196 vincens,
3064 1137 3144 1187 vel
3167 1137 3312 1202 refu-

85 1217 220 1275 ciens,
239 1213 364 1266 illos
377 1214 436 1266 in
452 1213 898 1284 semetipso,non
914 1215 976 1266 in
999 1215 1115 1266 a’liu
1134 1216 1403 1268 cre-rcitu.
1421 1215 1486 1266 In
1507 1228 1612 1279 quo
1635 1211 1852 1265 Christo
1873 1218 2188 1269 circumcisi
2206 1220 2352 1282 estis,
2373 1219 2792 1270 circumcisione
2811 1234 2921 1271 non
2943 1225 3120 1274 manu
3135 1224 3305 1288 facta.

89 1302 150 1367 15,
181 1300 256 1365 16,
303 1307 477 1366 Idl,
522 1302 600 1366 l7,
648 1301 732 1358 l8.
773 1303 952 1355 Nemo
983 1317 1118 1370 ergo
1151 1317 1246 1354 vos
1271 1302 1486 1370 judicet
1504 1301 1562 1352 in
1590 1299 1730 1363 cibo,
1760 1292 1925 1356 autin
1947 1303 2290 1372 potu,autin
2313 1307 2472 1373 parte
2497 1304 2607 1357 diei
2631 1301 2778 1367 festi,
2797 1309 2860 1357 ut
2879 1321 2967 1358 vos
2987 1309 3161 1374 faciat
3171 1313 3311 1377 par-'-

83 1380 276 1458 impare
295 1394 447 1457 [Estis
475 1391 817 1453 Iudaeorum,
837 1397 954 1454 aut,
975 1393 1199 1454 scilicet,
1232 1387 1560 1445 neomeniaa.
1586 1404 1735 1441 novae
1757 1392 1924 1455 lunae,
1951 1389 2130 1457 19,20.
2164 1398 2262 1446 aut
2293 1391 2688 1460 sabbatorum,
2709 1391 2771 1447 21
2809 1409 2934 1463 quae
2951 1397 3082 1449 sunt
3109 1397 3312 1451 umbra

78 1477 396 1543 futurorum;
429 1495 652 1549 corpus,
688 1482 916 1541 veritas,
952 1485 1145 1532 autem
1171 1477 1399 1531 Christi.
1433 1475 1716 1532 22.Nemo
1739 1491 1835 1529 vos
1866 1478 2114 1544 seducet,
2147 1478 2237 1539 Q3,
2271 1478 2358 1534 24.
2395 1480 2586 1534 volens
2608 1479 2664 1532 in
2699 1471 3038 1547 humilitate,
3061 1484 3211 1550 facta
3242 1489 3308 1539 in

78 1582 132 1630 se,
158 1572 208 1619 et
232 1567 505 1636 religione
523 1568 874 1637 angelorum,
889 1572 970 1620 aet
986 1568 1355 1634 impendenda
1380 1566 1806 1633 angelis,rlicens
1825 1583 1947 1636 quae
1971 1583 2084 1620 non
2101 1568 2236 1620 vidit
2255 1575 2310 1621 et
2331 1568 2627 1622 ambulans
2653 1569 2864 1623 frustra
2887 1570 3121 1625 inﬂatus
3139 1580 3308 1628 sensu

77 1655 230 1708 carnis
252 1659 453 1719 suae,si
481 1659 889 1724 spcratsatcari
907 1671 958 1708 se
977 1657 1202 1708 carnali
1224 1658 1417 1721 lege,et
1447 1669 1516 1706 ea:
1540 1655 1636 1706 hoc
1657 1656 1886 1721 iii/latus
1902 1659 1992 1719 sit,
2017 1660 2194 1710 etnon
2219 1662 2436 1718 tenens,
2454 1662 2641 1728 caput,
2673 1657 2734 1710 id
2761 1662 2856 1723 est,
2896 1659 3202 1727 Christum,
3237 1677 3306 1716 ex

76 1758 164 1810 quo
187 1747 358 1795 totum
391 1757 617 1812 corpus,
632 1744 889 1806 Ecclesia,
920 1756 1021 1813 per
1048 1757 1224 1795 nexus
1244 1745 1492 1809 ﬁdelium
1519 1746 1576 1794 et
1601 1742 2022 1808 coniunctiones
2055 1744 2545 1799 subministratum
2575 1749 2631 1799 et
2662 1751 3067 1812 construe-turn,
3099 1751 3303 1804 crescit

77 1831 121 1883 in
144 1839 516 1901 augmentum,
549 1834 621 1884 ad
651 1834 933 1898 honorem,
964 1833 1062 1885 Dei
1080 1865 1093 1887 .-
1129 1830 1220 1898 “2'5,
1255 1829 1343 1885 ‘26.
1370 1830 1428 1884 Si
1458 1846 1590 1899 ergo
1619 1831 1826 1883 mortui
1853 1832 1986 1886 estis
2013 1834 2112 1904 (ad
2139 1835 2236 1886 hoc
2259 1837 2402 1902 quod
2431 1837 2576 1888 dixit
2596 1838 2903 1904 consepulti
2933 1839 2995 1890 in
3027 1835 3311 1908 baptismo)

1361 1933 1952 2002 COMMENTARIUS.

129 2034 204 2090 l0.
230 2039 477 2094 AUGUST.
517 2037 685 2108 (epist.
707 2035 792 2100 59,
819 2038 892 2089 ad
909 2037 1050 2090 Paul
1086 2039 1146 2088 in
1172 2040 1356 2104 quaest.
1383 2036 1417 2088 7
1468 2040 1510 2088 t.
1546 2035 1641 2100 ΙΙ.)
1658 2033 1913 2100 Afestos,
1952 2052 2074 2106 quae
2105 2043 2268 2090 erant
2290 2037 2489 2091 umbra
2519 2042 2764 2093 venturae
2794 2031 3104 2107 felicitatis;
3146 2043 3314 2113 spiri-

77 2122 124 2175 El
146 2130 395 2193 praeputio
427 2130 645 2182 carnis.
676 2118 1016 2195 Praeputium
1048 2129 1224 2185 vocat,
1256 2124 1404 2193 quod
1427 2123 1637 2193 signiﬁ-

77 2217 203 2265 catur
227 2215 500 2287 praeputio
531 2213 636 2268 hoc
660 2219 746 2267 est
773 2214 979 2267 delicta
1008 2211 1275 2276 carnalia,
1305 2211 1508 2282 quibus
1548 2227 1635 2264 ex-

73 2301 278 2369 poliandi
303 2321 521 2358 sumus.

130 2388 199 2446 14.
224 2393 477 2450 AMBROS.
505 2393 698 2448 Delens
727 2394 869 2462 quod
887 2393 1179 2445 adversum
1199 2407 1313 2444 nos.
1336 2389 1632 2458 Chirogra-

75 2478 212 2546 phum
240 2482 536 2536 adversum
571 2499 670 2535 nos
691 2481 872 2551 legem
895 2485 1053 2534 vocat
1081 2497 1146 2533 eo
1180 2480 1328 2550 quod
1359 2483 1482 2533 erat
1500 2489 1629 2531 cen-

75 2567 213 2622 traria
235 2570 388 2624 nobis
414 2572 520 2625 hoc
549 2578 634 2624 est
658 2587 769 2623 non
792 2570 1121 2640 permittens
1146 2568 1368 2638 assequi
1398 2572 1627 2638 propter

76 2671 204 2709 suam
236 2659 745 2729 scrupulositatem.
780 2659 936 2711 Hanc
984 2657 1188 2710 delevit
1228 2657 1636 2710 resurrectione

77 2747 121 2796 et
139 2744 567 2802 immortalitate.

134 2832 204 2889 1'2.
234 2836 433 2892 Lmen.
473 2839 685 2892 Decreti
741 2837 1040 2890 Decretum
1079 2835 1180 2890 Dei
1229 2834 1352 2896 fuit,
1388 2837 1452 2888 de
1485 2837 1634 2902 ligno

77 2923 190 2987 quod
212 2930 278 2976 est
310 2928 370 2978 in
398 2928 581 2979 medio
609 2927 884 2994 paradisi,
919 2941 984 2979 ne
1013 2925 1282 2980 comedas.
1322 2924 1501 2993 Hujus
1535 2923 1636 2976 de-

78 3009 189 3064 creti
209 3011 386 3068 violati
415 3013 854 3084 chirographum
885 3015 964 3078 (id
993 3017 1088 3078 est,
1114 3011 1407 3080 memoria)
1434 3011 1637 3065 delevit

80 3097 216 3164 Deus,
245 3103 463 3170 quando
495 3110 785 3172 peccatum
809 3101 973 3172 primi
1005 3101 1252 3171 parentis
1276 3101 1520 3154 humano
1537 3118 1637 3170 ge-

79 3187 193 3253 neri,
231 3206 325 3259 per
355 3191 528 3246 ﬁdem
557 3191 850 3261 sanguinis
886 3190 1093 3243 Christi
1125 3189 1338 3244 dimisit
1376 3196 1433 3242 et
1461 3189 1638 3260 ipsius

80 3277 513 3341 praevaricationis
543 3286 830 3348 peccatum
858 3278 1120 3332 ol-livioni
1141 3277 1394 3332 tradidit.

133 3364 208 3417 13.
245 3368 588 3437 Exspatians.
631 3368 900 3440 Spoliavit
923 3368 1180 3422 Christus
1207 3367 1510 3420 infernales
1541 3383 1641 3436 po-

82 3455 276 3508 testates
315 3457 618 3512 animabus
667 3474 806 3528 quas
864 3457 1164 3519 habebant,
1225 3456 1309 3510 vel
1366 3456 1641 3510 habiturae

83 3549 228 3608 erant,
262 3544 318 3598 in
354 3563 524 3600 cruce
554 3548 802 3618 pendens
831 3546 914 3599 vel
952 3547 1022 3600 ad
1049 3546 1267 3599 inferna
1297 3545 1639 3598 descendens

83 3630 290 3687 traduxit
313 3636 546 3688 easdem
575 3642 901 3706 potestates,
943 3635 999 3687 id
1025 3641 1128 3695 est,
1167 3633 1236 3688 ab
1271 3634 1515 3687 Ecclesia
1537 3649 1640 3687 sua

85 3721 450 3790 exterminavit,
479 3724 624 3776 sicut
652 3724 708 3776 in
749 3723 1045 3793 Evangelio
1075 3723 1212 3776 dixit
1247 3741 1258 3774 :
1293 3725 1456 3776 Nune
1482 3725 1642 3789 prin-

85 3821 173 3873 ceps
199 3810 352 3880 hujus
382 3814 590 3866 mundi
608 3815 860 3881 ejicielur
874 3815 1042 3879 foras.
1078 3812 1178 3866 Vel
1207 3811 1397 3864 fideles
1427 3827 1557 3864 suos
1573 3811 1641 3862 de

87 3891 280 3953 infernis
307 3918 501 3955 secum
531 3901 688 3955 duxit
718 3901 1080 3965 conﬁdenter,
1116 3901 1267 3954 velut
1295 3900 1462 3952 homo
1493 3899 1640 3952 Deus

88 3983 178 4036 sine
205 3997 435 4058 peccato.

149 4072 218 4129 14.
250 4080 459 4144 Palam,
491 4079 546 4132 id
569 4084 672 4142 est,
707 4079 767 4133 in
794 4096 977 4143 cruce,
1000 4079 1084 4130 vel
1112 4082 1239 4131 cam
1268 4075 1536 4146 angelicis
1567 4076 1640 4128 lc-

88 4160 306 4227 gionibus
350 4169 419 4222 ad
459 4169 682 4222 interna
708 4167 1069 4232 descendens,
1104 4166 1461 4236 triumphans
1491 4165 1634 4228 illos,

89 4246 235 4318 idest,
265 4255 487 4311 vincens
519 4258 575 4311 in
603 4257 920 4327 semetipso,
955 4255 1011 4309 id
1042 4259 1144 4319 est,
1180 4255 1236 4308 in
1268 4255 1527 4326 passione
1553 4253 1641 4307 sui

91 4345 318 4411 corporis,
346 4347 403 4400 in
433 4347 736 4418 praesentia
761 4362 876 4399 suae
907 4345 1236 4414 majestatis.

1718 2123 1886 2177 tualis
1934 2125 2025 2194 υἱ,
2065 2124 2460 2198 spiritualiter]
2494 2133 2686 2180 autem
2735 2127 3075 2195 intellectus,
3106 2131 3313 2185 veritas

1719 2218 1774 2264 et
1803 2229 2030 2282 corpus.

1788 2299 1876 2355 '19.
1908 2304 2152 2355 AUGUST.
2184 2304 2306 2372 (0r.
2343 2305 2556 2360 advers.
2595 2304 2827 2361 Judaeos.
2859 2322 2906 2359 c.
2945 2305 2992 2373 1,
3021 2311 3158 2362 tom.
3190 2307 3312 2377 VI.)

1712 2391 1822 2443 Aut
1855 2388 2236 2446 Sabbato'rum.
2273 2393 2338 2448 In
2381 2393 2478 2447 illo
2520 2394 2771 2464 requiem
2801 2399 2929 2449 eum
2978 2396 3312 2464 invenimus,

1712 2493 1844 2531 vere
1887 2477 2319 2542 sabbatizamus,
2355 2484 2411 2533 et
2463 2499 2616 2536 novae
2645 2483 2792 2536 lunae
2822 2482 3155 2551 observatio,
3189 2485 3317 2540 vitae

1718 2582 1871 2620 novae
1890 2568 2259 2621 sanctificatio
2278 2573 2381 2626 est.
2397 2573 2455 2623 et
2479 2571 2694 2624 Pascha
2709 2578 2963 2625 nostrum
2991 2573 3316 2628 immolatus

1719 2661 1805 2709 est
1820 2654 2092 2724 Christus,
2127 2664 2184 2711 et
2214 2674 2472 2726 azymum
2506 2665 2761 2713 nostrum
2795 2660 3088 2715 sinceritas
3109 2662 3315 2716 verita-

1717 2744 1812 2809 tis,
1837 2745 2172 2800 fermentum
2196 2747 2448 2800 veritatis
2470 2745 2553 2818 [at
2584 2765 2716 2814 ,non
2741 2749 2953 2804 habens
2970 2751 3313 2825 vetustatis];

1719 2841 1776 2887 et
1803 2833 1850 2886 si
1889 2851 2000 2905 qua
2027 2835 2137 2888 alia
2165 2843 2318 2896 sunt,
2370 2836 2428 2889 in
2459 2837 2663 2902 quibus
2690 2854 2838 2892 nunc
2886 2839 3174 2893 immorari
3203 2843 3316 2894 nan

1719 2938 1859 2992 opus
1880 2930 1984 2982 est.
2020 2940 2142 2994 quae
2174 2924 2282 2978 illis
2305 2925 2583 2979 veteribus
2601 2926 2937 2982 adumbrata
2959 2935 3091 2982 sunt
3117 2929 3313 2999 signis,

1718 3010 1778 3065 in
1808 3011 1914 3064 isto
1937 3011 2146 3065 habent
2176 3012 2368 3075 finem,
2402 3014 2562 3082 cujus
2593 3014 2752 3084 regni
2783 3031 2894 3068 non
2924 3015 3032 3069 erit
3057 3017 3203 3071 ﬁnis.

1791 3098 1880 3154 '20.
1915 3100 2118 3154 Lam-‘11.
2172 3102 2280 3154 Aut
2328 3101 2716 3156 Sabbatorum.
2754 3103 2888 3158 Dies
2915 3103 3063 3170 festi,
3104 3105 3311 3177 inquit,

1722 3188 2033 3243 neomeniae
2063 3194 2119 3243 et
2159 3189 2404 3244 Sabbata
2443 3190 2838 3261 signiﬁcabant
2889 3193 3097 3259 futura,
3161 3201 3214 3249 et
3256 3201 3317 3248 in

1660 3269 1706 3328 B
1722 3276 1846 3346 ipsa
1857 3275 2268 3345 signiﬁcatione
2287 3283 2450 3331 erant
2466 3295 2668 3349 corpus
2695 3279 2925 3344 Christi,
2942 3281 2999 3334 id
3016 3287 3120 3345 est,
3140 3282 3317 3354 signi-

1726 3364 1969 3418 ﬁcabant
1997 3383 2200 3438 corpus
2233 3367 2460 3430 Christi,
2483 3368 2568 3421 vel
2591 3374 2944 3438 assumptum
2975 3388 3040 3424 ex
3063 3371 3308 3442 Virgine,

1727 3454 1811 3507 vel
1856 3455 2182 3520 Ecclesium,
2211 3456 2394 3526 qualis
2421 3472 2572 3509 nunc
2595 3467 2704 3522 est,
2735 3458 2822 3511 vel
2869 3457 2932 3513 in
2972 3459 3084 3514 alio
3115 3462 3318 3515 saeculo

1723 3542 1930 3597 futura.

1790 3632 1883 3685 2'1.
1915 3634 2165 3687 AMBROS.
2194 3634 2318 3700 Qua:
2350 3639 2481 3688 sunt
2526 3637 2750 3697 umbra,
2784 3634 2840 3688 id
2869 3640 2973 3702 est,
3005 3635 3064 3691 in
3092 3653 3320 3710 compa-

1723 3720 1940 3774 ratione
1973 3721 2290 3776 futurorum
2323 3722 2535 3777 umbrae
2564 3729 2697 3778 sunt
2717 3724 2907 3778 omnia
2935 3725 3065 3791 ista,
3085 3727 3234 3781 unde
3248 3727 3321 3782 ad

1724 3810 2157 3880 significantium
2187 3811 2420 3876 umbrae,
2444 3829 2647 3884 corpus
2693 3813 2918 3883 adjecit,
2951 3815 3056 3868 hoc
3083 3816 3273 3871 dicens
3300 3834 3314 3870 :

1725 3901 1997 3964 Quoniam
2019 3901 2267 3954 Christus
2287 3904 2488 3954 veritas
2513 3906 2606 3955 est.

1796 3986 1884 4043 25:.
1912 3989 2117 4042 LANFR.
2151 3989 2318 4041 Nemo
2347 4005 2435 4042 vos
2465 3991 2706 4043 seducet.
2734 3990 2933 4057 Nemo,
2975 3990 3177 4062 inquit,
3225 4009 3322 4047 vos

1723 4076 1983 4146 decipiat,
2019 4077 2205 4130 volens
2234 4077 2570 4149 persuadere
2600 4078 2754 4132 vobis
2781 4095 2848 4132 ea
2876 4096 3000 4150 qua
3030 4097 3324 4153 nunquam

1695 4205 1698 4208 .
1721 4165 2015 4231 intellexit,
2031 4166 2330 4220 ostendens
2354 4165 2508 4220 vobis
2536 4166 2596 4220 in
2624 4167 2924 4239 semetipso
2945 4169 3326 4226 humilitatem

1725 4259 1785 4308 et
1805 4254 2132 4324 religionem
2154 4255 2504 4325 angelorum,
2538 4260 2603 4308 ut
2630 4255 2794 4309 citius
2825 4256 2904 4310 eis
2931 4257 3174 4312 credatis
3213 4262 3327 4316 An-

1729 4343 1886 4412 gelos
1916 4351 2106 4398 autem
2133 4349 2296 4397 vocat
2315 4343 2400 4397 vel
2430 4343 2682 4399 ccelestes
2716 4345 2973 4416 spiritus,
2995 4347 3082 4400 vel
3103 4353 3325 4402 sanctos

151 4428 219 4485 15.
245 4435 406 4491 Nemo
425 4451 573 4503 ergo.
608 4435 750 4499 Quia
799 4451 932 4505 ergo
970 4435 1028 4488 in
1077 4431 1299 4487 Christo
1336 4433 1647 4487 circumcisi
1730 4433 2141 4511 praedicatores.

93 4518 198 4571 estis
223 4524 493 4593 spirituali
513 4523 949 4588 circumcisione,
978 4537 1142 4577 nemo
1162 4539 1259 4576 vos
1279 4522 1417 4576 nihil
1433 4522 1642 4577 deben-

1800 4520 1889 4577 ‘23.
1920 4509 2154 4576 Eranos.
2185 4523 2367 4576 Valens
2388 4524 2452 4574 in
2470 4522 2808 4577 humilitate.
2831 4509 3158 4580 Adorabant
3176 4527 3328 4581 enim

95 4608 158 4659 tes
186 4586 284 4680 legi
317 4615 551 4682 judicet,
583 4613 640 4667 id
667 4620 775 4676 est,
797 4586 1145 4667 damnabiles
1171 4611 1360 4678 faciat,
1401 4613 1642 4666 suadens
1663 4586 1707 4645 Ο
1729 4610 1986 4664 militiam
2003 4609 2145 4664 coeli.
2166 4609 2507 4666 UndeAmos
2530 4627 2542 4662 :
2585 4613 2836 4666 Tradidit
2862 4629 2947 4676 eos
2971 4617 3034 4666 ut
3055 4617 3328 4670 servirent

94 4694 191 4749 cibo
209 4702 282 4754 vel
309 4711 441 4773 potu
471 4703 773 4769 abstinere,
796 4702 878 4756 vel
906 4701 988 4756 uti
1017 4698 1358 4755 Judzeorum.

153 4782 221 4840 16.
249 4790 498 4847 AIBBGS.
553 4794 723 4846 Nemo
759 4807 885 4859 ergo
935 4805 1042 4856 eos,
1091 4791 1147 4844 id
1191 4795 1296 4856 est,
1342 4804 1508 4845 nemo
1549 4805 1645 4844 vos

97 4871 315 4946 decipiat,
330 4887 428 4935 aut
454 4881 711 4935 braviurn
738 4887 985 4935 vestrum
1013 4881 1192 4934 tollat.

155 4961 224 5018 17.
257 4967 476 5024 Hmaos.
511 4972 682 5024 Nemo
696 4983 786 5024 eos
804 4973 1033 5038 jutlicet.
1074 4970 1252 5024 Nemo
1279 4983 1376 5023 vos
1401 4973 1646 5039 superet,

100 5062 234 5106 nemo
258 5057 550 5113 adversum
579 5074 678 5113 vos
705 5058 962 5112 brevium
991 5058 1247 5128 accipiat,
1262 5058 1408 5111 sicut
1439 5057 1567 5127 quis
1591 5073 1651 5111 ιιι

101 5145 362 5201 certamine
388 5148 684 5219 iniquitate
710 5147 996 5218 agonistas‘,
1011 5148 1095 5200 vel
1121 5147 1342 5202 insidiis
1361 5147 1653 5216 magistro-

105 5240 203 5282 rum
226 5235 398 5302 perdit
417 5237 692 5292 bravium.

162 5317 232 5373 18.
265 5324 421 5381 Nemo
459 5329 796 5396 vosjjudicct.
831 5327 1014 5382 Nemo
1063 5341 1160 5378 vos
1204 5323 1438 5394 judicet,
1482 5328 1542 5377 et
1581 5323 1650 5376 de

106 5400 174 5458 his
191 5409 274 5478 qui
299 5416 589 5486 magistros
621 5415 758 5487 legis
785 5432 905 5470 esse
921 5412 1231 5485 jactant,in
1261 5413 1383 5466 cibo
1413 5418 1470 5467 et
1491 5419 1646 5484 potu.

109 5497 227 5560 Quod
258 5500 360 5555 alia
387 5505 594 5560 munda
623 5512 772 5570 sunt,
806 5505 918 5559 alia
940 5501 1252 5566 immunda,
1285 5509 1383 5557 aut
1411 5502 1470 5556 in
1493 5508 1653 5573 parte

109 5579 198 5637 diei
222 5587 357 5660 festi,
387 5599 451 5649 ut
478 5594 622 5652 alios
644 5594 764 5650 dies
788 5582 960 5650 festos
983 5598 1186 5665 putent
1212 5608 1353 5660 esse,
1371 5591 1512 5647 alios
1543 5607 1656 5648 non

1729 4703 1949 4754 militia
1972 4702 2109 4753 cwli.

1797 4789 1888 4846 24.
1914 4791 2159 4845 Auenos.
2207 4789 2390 4842 Volcns
2417 4791 2481 4842 in
2503 4790 2843 4846 humilitate.-
2884 4791 3093 4856 Nolite,
3120 4792 3325 4866 inquit,

1729 4878 2022 4932 intendere
2050 4876 2161 4931 illis
2191 4877 2290 4948 qui
2317 4877 2545 4947 angelos
2573 4876 2768 4932 dicunt
2803 4878 3088 4950 indignari
3141 4883 3188 4935 si
3239 4883 3330 4936 lex

1731 4983 1846 5020 non
1890 4965 2061 5019 fuerit
2087 4965 2385 5045 custodita,
2416 4982 2480 5020 eo
2511 4967 2658 5037 quod
2690 4983 2790 5037 per
2816 4969 3045 5046 angelos
3083 4969 3171 5023 lex
3197 4970 3332 5024 data

1734 5073 1855 5109 esse
1899 5054 2126 5108 dicatur
2150 5061 2208 5108 et
2234 5041 2614 5108 humilitatem
2643 5044 2946 5127 quamdam
2976 5041 3327 5123 simulantes,

1737 5145 2032 5198 ostendere
2085 5149 2390 5214 properant
2417 5143 2579 5214 quasi
2605 5144 2701 5215 qui
2747 5146 2930 5216 legem
2971 5152 3329 5200 contemnere

1742 5239 2028 5288 metuant.

1803 5321 1892 5378 25.
1933 5323 1996 5378 Si
2026 5323 2240 5375 mortui
2269 5324 2412 5381 estis.
2468 5321 2526 5376 Si
2575 5321 2654 5376 sic
2684 5321 2975 5376 constituti
3004 5323 3142 5378 estis
3169 5326 3331 5396 quasi

1735 5410 1829 5484 qui
1853 5413 1972 5481 jam
2002 5410 2337 5465 commortui
2361 5409 2494 5465 estis
2528 5409 2770 5486 Christo,
2791 5417 2848 5464 et
2875 5401 3330 5470 consurrexistis.

1735 5501 1854 5556 Hoc
1880 5500 2016 5555 dicit
2038 5499 2107 5554 ab
2126 5499 2418 5554 elementis
2447 5498 2642 5552 mundi
2667 5497 2856 5577 hujus.

1811 5588 1904 5646 26.
1931 5590 2176 5648 Ηιειοις.
2210 5588 2276 5645 Si
2306 5588 2522 5643 mortui
2552 5588 2703 5642 estis.
2748 5587 3044 5645 Elementa
3073 5593 3336 5664 mundi,a
