3878 6346
572 286 681 353 3'27
1553 285 1616 344 Β.
1657 287 2076 348 LANFRANCI
2112 284 2471 345 CAN'I‘UAR.
2511 283 2850 343 ARCHIEP.
3735 277 3831 341 328

571 433 700 472 cum
724 416 948 472 Christo
968 400 1146 470 27.31)
1175 412 1471 468 elementis
1501 414 1625 480 (per
1643 415 1932 476 elementa.
1950 415 2254 481 animalia,
2275 426 2372 480 per
2398 412 2699 469 animalia.
2726 424 2919 464 carnes
2942 428 2957 472 ;
2988 423 3300 479 peroarnes
3323 409 3731 464 abstinentiam
3750 409 3828 460 in-

580 506 781 574 telligo)
808 505 979 575 hujus
1002 501 1219 565 mundi,
1250 518 1286 555 a
1318 503 1641 556 carnalibus
1670 505 2032 557 observantiis
2056 521 2072 567 ;
2095 519 2130 557 a
2161 502 2432 556 creaturis
2459 499 2830 560 observandis,
2862 503 2924 551 ut
2949 499 3228 561 millibus,
3253 503 3302 552 et
3322 499 3555 563 ceteris,
3581 495 3723 569 quid
3741 495 3832 551 ad-

574 595 686 649 huc
730 599 1005 663 tanquam
1030 591 1276 645 viventes
1307 590 1367 645 in
1397 590 1625 655 mundo,
1656 592 1963 644 secundum
1985 593 2284 650 mundum,
2316 591 2376 643 id
2393 593 2485 654 est,
2518 592 2793 651 carnales,
2815 587 3155 643 decernitis?
3183 589 3449 642 dicentes:
3480 602 3557 642 ne
3586 585 3835 656 tetigeri-

571 682 667 742 tis.
706 698 826 751 quae
856 684 919 735 in
949 685 1059 749 lege
1076 680 1460 749 prohibentur,
1501 694 1684 749 neque
1710 680 2093 748 gustaveritis,
2139 695 2322 751 neque
2348 676 2851 739 contrectaveritis,
2887 691 3012 747 quae
3042 682 3175 730 sunt
3205 675 3396 731 omnia
3435 676 3495 730 in
3540 674 3836 731 interitum

578 774 785 825 animae
811 769 934 841 ipso
958 785 1081 833 usu,
1116 785 1176 821 ea
1202 770 1322 822 dico
1350 769 1515 831 dicta,
1548 767 1857 822 secundum
1897 775 2179 840 praecepta
2205 772 2263 820 et
2297 766 2582 820 doctrinas
2621 765 2913 819 hominum
2941 783 2954 831 ;
2988 781 3112 836 quae
3137 769 3270 819 sunt
3296 764 3577 819 rationem
3618 764 3837 835 quidem

589 863 773 925 '39
795 857 1061 913 habentia
1076 855 1370 927 sapientiae
1399 854 1457 909 in
1488 855 1908 926 superstitione,
1941 873 2059 925 quas
2092 857 2354 910 videnlur
2392 856 2489 921 agi
2523 855 2825 908 secundum
2854 868 3046 906 eorum
3075 855 3507 921 seperstilionem
3526 854 3833 921 sapienter,

579 955 635 1003 et
655 947 975 1002 humilitate
1003 949 1153 1015 ﬁcta,
1183 943 1277 1002 28.
1319 950 1377 999 et
1402 960 1512 998 non
1546 944 1617 998 ad
1639 945 1982 1016 parcendum
2010 942 2249 1016 corpori,
2282 958 2395 997 non
2420 942 2478 996 in
2508 940 2719 996 honore
2747 940 2934 1011 aliquo
2963 940 3034 996 ad
3053 940 3410 996 saturitatem
3448 940 3663 995 carnis.

2049 1059 2283 1115 CAPUT
2319 1056 2424 1114 III.

650 1175 698 1230 '1.
724 1175 920 1246 Igitur,
948 1176 1041 1242 (ad
1064 1175 1122 1228 id
1135 1174 1279 1243 quod
1302 1174 1465 1237 dixit,
1484 1174 1546 1227 in
1570 1189 1677 1242 quo
1698 1177 1747 1227 et
1768 1176 2177 1245 resurremistis)
2201 1174 2249 1228 si
2273 1170 2702 1227 oonsurrexistis
2730 1186 2859 1225 cum
2884 1169 3261 1242 Christo,qum
3286 1186 3513 1226 sursum
3536 1174 3681 1225 sunt
3700 1186 3836 1242 qua:-

577 1264 705 1329 ritc,
740 1263 835 1318 ubi
864 1262 1124 1318 Christus
1156 1261 1319 1316 estin
1350 1260 1580 1315 dextera
1609 1261 1709 1315 Dei
1738 1261 1940 1315 sedens
1968 1264 2196 1331 aequalis
2228 1264 2419 1316 Patri:
2442 1279 2566 1334 quae
2591 1278 2817 1317 sursum
2840 1267 2974 1316 sunt
3002 1261 3202 1333 sapite,
3234 1277 3348 1316 non
3375 1278 3502 1334 quae
3533 1276 3714 1332 super
3737 1266 3837 1316 ter-

574 1368 721 1407 ram.
752 1353 996 1419 Singula
1025 1352 1285 1419 singulis.
1316 1348 1372 1404 ‘2.
1403 1349 1610 1403 Mortui
1632 1350 1783 1403 enim
1808 1350 1962 1415 estis,
1995 1357 2055 1404 et
2074 1350 2190 1405 vita
2215 1355 2399 1405 vestra
2426 1358 2513 1406 est
2540 1352 2867 1406 abscondita
2892 1368 3021 1405 cum
3051 1351 3275 1406 Christo
3320 1353 3584 1406 absconso
3605 1350 3667 1405 in
3697 1350 3828 1405 Deo.

577 1441 721 1495 Cum
749 1445 936 1493 autem
966 1438 1222 1492 Christus
1252 1437 1595 1509 apparuerit,
1630 1438 1742 1492 vita
1770 1445 1984 1505 vestra;
2014 1441 2176 1508 (nam
2196 1439 2408 1495 Christo
2452 1446 2751 1509 apparente
2776 1442 3065 1509 apparebit
3104 1444 3221 1495 vita
3260 1442 3464 1509 vestra)
3489 1446 3633 1495 tunc
3660 1444 3718 1495 et
3753 1454 3837 1492 vos

576 1526 919 1599 apparebitis
948 1543 1077 1581 cum
1101 1525 1221 1596 ipso
1251 1526 1311 1579 in
1328 1525 1525 1596 gloria.
1556 1527 1677 1581 Huc
1701 1543 1871 1595 usque
1889 1528 1953 1579 de
1975 1529 2099 1593 ﬁde,
2134 1544 2286 1582 nunc
2302 1529 2367 1582 de
2393 1531 2662 1583 moribus.
2681 1529 3014 1583 Mortificate
3035 1545 3189 1599 ergo,
3220 1534 3281 1582 ut
3302 1545 3430 1583 cum
3451 1528 3676 1584 Christo
3689 1531 3836 1586 viva-

577 1620 666 1679 tis,
692 1616 747 1671 3.
770 1614 1022 1670 membra
1046 1619 1231 1668 vestra
1252 1624 1464 1682 (pravos
1494 1614 1677 1683 actus)
1705 1630 1828 1685 quae
1857 1620 1989 1668 sunt
2016 1631 2187 1686 super
2201 1621 2413 1670 terram
2440 1634 2453 1683 ;
2486 1627 2618 1681 (ecce
2643 1634 2761 1686 qua
2790 1620 3056 1685 membra)
3079 1616 3528 1682 fornicationem,
3555 1617 3839 1673 recedendo

576 1722 613 1758 a
636 1702 1181 1769 Deo,immunditiam
1213 1705 1275 1757 in
1290 1705 1742 1770 consanguineos,
1766 1701 2059 1758 libidinem
2082 1708 2276 1758 contra
2307 1705 3113 1777 naturam,concupiscentiam
3134 1706 3342 1760 malam
3366 1722 3479 1760 non
3494 1706 3837 1769 habitorum,

582 1799 643 1849 et
670 1792 966 1848 avaritiam
986 1784 1326 1850 habitorum.
1353 1806 1476 1860 quae
1504 1795 1593 1845 est
1620 1789 2053 1844 simulacrorum
2071 1790 2126 1844 4.
2160 1790 2423 1853 servitus.
2453 1798 2684 1864 propter
2719 1810 2844 1865 qua:
2872 1795 3195 1862 supradicta
3243 1793 3396 1848 venit
3423 1792 3511 1848 ira
3545 1793 3654 1848 Dei
3682 1809 3843 1864 super

580 1882 727 1939 ﬁlios
746 1881 1150 1953 (intransitive)
1167 1878 1578 1935 incredulitatis
1602 1897 1615 1947 ;
1646 1878 1705 1933 in
1735 1878 1939 1950 quibus
1964 1882 2118 1934 vitiis
2145 1886 2204 1934 et
2225 1896 2322 1934 vos
2343 1879 2678 1936 ambulastis
2699 1880 3023 1953 aliquando,
3055 1897 3186 1935 cum
3228 1881 3491 1935 viveretis
3512 1880 3652 1935 illis.
3683 1881 3839 1935 Nunc

590 1978 780 2029 autem
802 1971 1065 2044 deponite
1080 1976 1138 2026 et
1165 1987 1262 2025 νοις
1289 1969 1499 2034 omnia,
1521 1968 2978 2040 scilicet.iram,indignationem,malitiam,rapinam,
2997 1967 3406 2040 blasphemiam
3430 1970 3495 2022 in
3513 1969 3713 2034 Deum,
3735 1972 3842 2023 tur-

583 2079 712 2134 pem
746 2059 1390 2129 sermonemjocularia,
1408 2057 1479 2111 de
1499 2072 1594 2111 ore
1617 2060 1823 2110 vestro.
1838 2055 2025 2111 Nolite
2038 2055 2267 2111 mentiri
2295 2056 2537 2113 invicem
2567 2058 3012 2129 5.exspoliantes
3031 2074 3128 2112 vos
3146 2063 3392 2112 veterem
3415 2057 3838 2113 hominemcum

583 2150 803 2207 actibus
834 2148 969 2214 suis,
995 2164 1176 2203 massa
1204 2148 1497 2211 vitiorum,
1520 2143 1576 2200 6.
1606 2150 1663 2199 et
1685 2143 1985 2200 induentes
2006 2161 2213 2200 novum
2234 2162 2387 2212 eum,
2404 2146 2457 2201 7.
2484 2146 2580 2218 qui
2603 2151 2906 2201 renovatur
2923 2142 2976 2201 8.
3001 2144 3060 2200 in
3086 2144 3433 2215 agnitionem
3448 2146 3549 2200 Dei
3560 2146 3640 2199 ad
3662 2160 3841 2214 cogno-

577 2242 842 2296 scendum
869 2242 1055 2304 [69
1068 2234 1574 2301 Deum,sccundum
1596 2233 1902 2305 imaginem
1912 2235 2035 2305 ejus
2054 2235 2192 2308 (ecce
2209 2235 2306 2287 ubi
2318 2239 2623 2289 renovatur
2640 2237 2703 2289 in
2721 2238 2936 2300 anima,
2953 2236 3158 2288 scilicet
3175 2236 3239 2287 in
3261 2249 3322 2288 ea
3328 2238 3491 2302 parte
3505 2250 3630 2303 quae
3645 2234 3838 2288 similis

584 2335 661 2385 est
681 2329 949 2398 Creatori)
968 2327 1065 2399 qui
1084 2325 1294 2381 creavit
1306 2325 1486 2379 illum.
1500 2322 1607 2379 Ubi
1628 2326 1712 2392 (in
1733 2340 1845 2393 qua
1865 2326 2215 2378 renovatione
2232 2327 2427 2378 nullus
2442 2325 2740 2391 eawipilur,
2768 2338 2863 2376 nec
2877 2327 3098 2391 propter
3106 2337 3397 2390 personam
3416 2320 3716 2394 accipitur)
3738 2335 3841 2376 non

582 2423 666 2473 est
683 2416 911 2489 gentilis
930 2420 1173 2480 tantum,
1192 2420 1249 2469 et
1272 2411 1891 2477 Judaeus,circumcisio,
1918 2420 1976 2467 et
1986 2413 2341 2484 praeputium,
2364 2410 2664 2475 Barbarus,
2680 2417 2738 2465 et
2756 2411 2982 2482 Scytha,
3006 2426 3218 2478 servus,
3235 2415 3293 2465 et
3314 2408 3473 2476 liber;
3508 2411 3611 2466 sed
3633 2411 3832 2475 omnia,

582 2512 639 2562 et
656 2506 716 2561 in
744 2504 1002 2561 omnibus
1022 2505 1234 2559 habitat
1259 2503 1738 2571 Christus,recipit
1757 2502 2009 2556 Christus
2030 2505 2388 2559 exomnibus.
2414 2500 2640 2557 Induite
2666 2517 2760 2555 vos
2783 2517 2917 2571 ergo
2952 2501 3168 2571 (pravos
3192 2506 3347 2555 actus
3376 2504 3439 2555 in
3468 2504 3623 2556 vobis
3655 2505 3839 2557 morti-

1930 2624 2517 2680 COMMENTARIUS.

582 2747 787 2823 quibus
813 2748 1021 2802 mortui
1044 2761 1258 2812 sumus,
1305 2745 1395 2798 lex
1426 2744 1606 2816 Moysi
1656 2742 2024 2813 intelligenda
2061 2748 2165 2809 est,
2188 2745 2232 2803 A
2324 2739 2379 2797 2.
2401 2741 2645 2795 AUGUST.
2674 2739 2791 2807 (lib.
2825 2740 2897 2793 De
2926 2756 3137 2793 resurr.
3171 2744 3320 2794 mort
3347 2782 3365 2805 ,
3397 2738 3551 2795 inter
3576 2740 3727 2811 frag.
3758 2738 3836 2799 3i,

578 2837 783 2910 quibus
812 2836 972 2909 quasi
1009 2833 1323 2900 elementis,
1355 2838 1413 2888 et
1440 2832 1729 2904 religionis
1776 2830 2017 2886 exordiis
2058 2831 2171 2885 Do-
2253 2833 2395 2884 tom.
2426 2829 2475 2883 Χ
2500 2830 2522 2899 )
2548 2830 2892 2896 Mortiﬁcate.
2917 2828 3204 2901 Spiritalia
3230 2828 3495 2900 nequitia:
3515 2829 3657 2885 dicit
3673 2844 3841 2884 mem-

574 2927 716 2985 mini
741 2925 1008 2982 discimus
1036 2923 1316 2996 quomodo
1343 2923 1622 2978 elementa
1648 2921 2003 2993 appellantur
2029 2920 2176 2974 litte-
2256 2916 2360 2972 bra
2382 2934 2550 2988 super
2582 2923 2816 2972 terram.
2849 2917 2996 2972 Nam
3034 2918 3309 2990 sequitur,
3342 2922 3400 2973 et
3417 2918 3651 2989 exponit
3678 2916 3842 2973 avari-

573 3035 670 3086 ιω,
698 3033 800 3089 per
819 3032 978 3087 quas,
1014 3012 1262 3085 syllabas
1297 3028 1363 3067 ac
1389 3010 1556 3067 verba
1580 3009 1994 3081 conjungimus,
2018 3014 2076 3063 et
2102 3008 2174 3063 ad
2256 3007 2416 3074 tiam,
2448 3006 2889 3073 immunditiam,
2918 3011 3046 3072 etc.,
3076 3023 3197 3078 quae
3226 3006 3341 3062 illic
3379 3007 3729 3080 exsequitur.
3761 3022 3840 3062 ea:-

572 3104 871 3160 texendam
891 3101 1203 3157 orationem
1228 3099 1584 3171 procedimus
1608 3115 1620 3151 :
1656 3097 1736 3151 sic
1759 3097 2051 3152 elementis
2069 3097 2175 3151 Ve-
2255 3098 2571 3168 spoliantes,
2603 3103 2710 3151 etc.

572 3192 712 3248 teris
748 3189 1093 3246 Testamenti
1137 3194 1203 3243 ut
1236 3188 1307 3241 ad
1338 3186 1724 3257 Evangelicam
1760 3185 2167 3257 plenitudinem
2320 3186 2372 3241 3.
2404 3186 2617 3243 Lmen.
2656 3186 2901 3240 Membra
2931 3190 3128 3249 vestra,
3171 3185 3229 3239 id
3269 3189 3374 3251 est,
3409 3190 3601 3256 partes
3646 3184 3838 3241 veteris

572 3279 783 3343 veniat,
806 3278 985 3332 sancti
1012 3277 1117 3330 viri
1146 3276 1404 3331 eruditur
1426 3275 1683 3329 intantia.

645 3367 738 3426 27.
769 3367 971 3421 Lmen.
1004 3366 1081 3419 Ab
1108 3366 1406 3421 elementis.
1440 3363 1732 3417 Elementa
1761 3368 1919 3417 vocat
1955 3363 2058 3417 has
2086 3363 2169 3417 vi-

574 3455 764 3513 sibiles
792 3461 1098 3520 creaturas,
1134 3470 1257 3525 quae
1299 3452 1358 3507 in
1401 3457 1524 3506 tota
1575 3451 1941 3506 universitate
1979 3457 2167 3523 partes

574 3544 773 3602 mundi
803 3549 937 3599 sunt
990 3542 1069 3608 Si,
1102 3541 1307 3613 inquit,
1332 3558 1461 3596 cum
1501 3540 1669 3595 (idem
1701 3540 1907 3596 Christi
1937 3557 2167 3612 accepe-

504 3681 518 3693 .
571 3634 718 3700 ritis,
759 3631 987 3699 mortui,
1029 3631 1086 3685 id
1124 3636 1227 3696 est,
1277 3628 1527 3701 separati
1559 3629 1692 3684 estis
1719 3630 1791 3684 ab
1828 3629 2171 3684 abstinentia

570 3729 960 3780 creaturarum
988 3719 1451 3786 mundi,Judaico
1480 3718 1592 3774 ritu
1625 3718 2012 3785 abstinebatis,
2035 3718 2169 3792 quid

570 3815 757 3870 adhuc
797 3819 1071 3883 tanquam
1113 3809 1361 3864 viventes
1412 3808 1470 3863 in
1526 3808 1722 3863 eadem
1780 3815 2169 3864 creaturarum

571 3902 771 3961 mundi
797 3898 1140 3956 abstinentia
1158 3898 1391 3954 Iudaico
1422 3897 1535 3953 ritu
1560 3898 1860 3953 decernitis
1880 3898 2128 3953 dicentes
2153 3916 2166 3953 :

572 3994 658 4051 Ne
677 3993 989 4059 tetigeritis,
1016 4005 1189 4059 neque
1214 3990 1587 4057 gustaverilis,
1622 3993 1730 4042 etc.
1760 3988 1954 4042 Potest
1996 3987 2168 4042 etiam

2248 3274 2510 3339 hominis,
2545 3274 2641 3345 qui
2695 3273 3028 3329 universitas
3077 3272 3288 3345 peccati
3344 3272 3707 3344 intelligitur,
3761 3271 3838 3326 vel

2249 3362 2630 3418 membrorum
2659 3370 2981 3418 nostrorum
3010 3361 3504 3435 concupiscentiae.

2321 3451 2374 3509 4.
2401 3452 2669 3509 Servitus.
2690 3451 2746 3509 Η
2764 3470 2812 3507 ›ο
2830 3451 2962 3507 dicit
2983 3458 3212 3524 propter
3236 3451 3510 3523 imagines
3539 3451 3840 3523 imperato-

2250 3557 2376 3596 rum
2416 3558 2538 3612 quze
2568 3541 2816 3596 nummis
2836 3540 3198 3613 reperiuntur
3214 3541 3540 3612 insculptas;
3574 3541 3727 3596 unde
3755 3536 3842 3610 qui

2251 3629 2498 3685 nummis
2525 3630 2839 3685 inserviunt
2867 3629 3028 3702 quasi
3064 3629 3248 3698 idolis,
3291 3636 3347 3685 et
3383 3630 3702 3686 simulacris
3732 3642 3841 3683 ser-

2251 3718 2367 3774 vire
2395 3718 2674 3775 videntur.

2326 3826 2377 3881 5.
2408 3828 2652 3882 Auousr.
2711 3826 2824 3895 (lib.
2856 3841 2987 3882 xnv
3033 3832 3231 3883 contra
3273 3828 3483 3894 Faust.,
3536 3831 3680 3882 tom.
3726 3823 3837 3888 VI.)

2252 3915 2632 3985 Ewspoliantes
2662 3921 2913 3971 veterem.
2934 3915 3188 3972 Veterem
3208 3915 3493 3971 hominem
3522 3915 3666 3971 nihil
3697 3911 3837 3969 aliud

2250 4006 2553 4077 Apostolus
2581 4006 2735 4072 dicit,
2768 4022 2934 4077 quam
2965 4011 3206 4061 veterem
3238 4005 3429 4071 vitam,
3461 4021 3585 4076 qum
3621 4004 3681 4059 in
3718 4018 3836 4075 pec-

571 4080 813 4151 intelligi
832 4096 959 4134 cum
998 4078 1057 4149 [Γ
1069 4120 1087 4145 ,
1115 4077 1207 4147 de]
1232 4075 1475 4142 Christo,
1495 4075 1655 4147 quasi
1683 4075 1897 4131 diceret
1927 4094 1940 4129 :
1964 4076 2012 4131 si
2027 4092 2168 4131 mor-

2267 4075 2381 4150 δέω
2400 4100 2504 4161 est,
2536 4094 2594 4149 in
2620 4111 2730 4166 quo
2760 4075 3067 4151 secundum
3092 4094 3271 4149 Adam
3289 4075 3524 4150 vivetur.

572 4170 659 4226 tui
715 4168 847 4225 estis
900 4167 1046 4222 sicut
1096 4171 1154 4220 et
1202 4165 1479 4231 Christus,
1537 4165 1595 4220 id
1647 4170 1752 4231 est,
1818 4170 1876 4220 et
1922 4165 2170 4221 Ecclesia

573 4259 804 4317 Christi.

572 4363 581 4375 '
645 4347 735 4407 28.
768 4348 835 4402 Et
862 4348 936 4400 ad
962 4361 1075 4400 non
1108 4345 1451 4412 parcendum
1489 4346 1725 4413 corpori.
1766 4342 1920 4409 Quae,
1961 4344 2171 4400 scilicet

574 4453 773 4493 carnes
799 4434 991 4490 suillas
1012 4449 1126 4488 non
1147 4449 1269 4487 esse
1305 4432 1692 4499 comedendas,
1714 4433 2021 4488 constituta
2038 4440 2171 4488 sunt

575 4528 647 4583 ad
685 4542 796 4581 non
835 4523 1178 4596 parcendum
1215 4521 1456 4593 corpori,
1496 4527 1562 4576 ut
1596 4538 1797 4594 corpus
1846 4522 2165 4592 afﬂigatur;

574 4616 699 4672 cibo
723 4613 874 4670 enim
912 4611 1225 4667 substracta
1245 4627 1446 4682 corpus
1487 4610 1776 4682 afﬂigitur.
1792 4611 1893 4665 Vel
1911 4627 2023 4665 non
2039 4617 2173 4666 sunt

574 4704 879 4761 constituta
909 4701 979 4756 ad
1006 4700 1350 4772 parcendum
1377 4699 1616 4772 corpori,
1650 4700 1754 4754 hoc
1777 4708 1864 4754 est
1891 4700 1960 4753 ad
1992 4700 2171 4771 provi-

574 4793 820 4850 dendum
836 4789 1057 4862 corpori
1075 4794 1287 4857 nostro;
1310 4806 1438 4844 cum
1457 4789 1607 4843 enim
1630 4805 1666 4842 a
1693 4788 1999 4843 mortiferis
2030 4787 2167 4843 cibis

573 4883 940 4946 abstinemus,
958 4877 1178 4951 corpori
1199 4885 1393 4933 nostro
1413 4877 1789 4949 providemus.
1814 4877 1920 4932 Sed
1939 4884 2169 4949 propter

570 4975 679 5030 hoc
716 4987 831 5028 non
859 4969 1146 5024 abstinent
1183 4967 1362 5023 Judaei
1407 4966 1478 5021 ab
1505 4965 1831 5038 hujusmodi
1874 4966 2165 5036 carnibus;

572 5080 676 5119 nec
705 5061 833 5117 ideo
865 5058 1014 5132 quod
1044 5056 1340 5113 honestius
1363 5055 1542 5129 possit
1577 5054 1825 5111 saturari
1851 5054 1978 5110 aliis
1999 5072 2170 5129 quam

569 5150 867 5225 prohibitis
894 5146 1173 5204 carnibus.

642 5240 803 5298 CAP.
833 5238 941 5295 III.
980 5263 1049 5279 -
1079 5235 1134 5291 1.
1167 5233 1429 5290 AUGUST.
1472 5234 1648 5299 (Cant.
1671 5235 1936 5290 Faustum
1965 5233 2063 5290 lib.
2088 5248 2164 5303 x1,

2323 4201 2382 4260 6.
2412 4204 2616 4258 Lassa.
2645 4204 2938 4257 lnducntes
2969 4217 3194 4266 novum,
3219 4200 3278 4255 id
3305 4206 3411 4267 est,
3434 4200 3732 4256 induentes
3748 4214 3835 4253 vos

2253 4291 2577 4359 novitatem,
2608 4291 2774 4345 facite
2798 4308 2894 4346 vos
2923 4307 3127 4346 novum
3149 4290 3453 4345 hominem.

2320 4396 2373 4451 7.
2400 4397 2649 4453 Anausr.
2680 4396 2793 4463 (lib.
2825 4411 2913 4450 xxv
2940 4397 3014 4450 De
3048 4397 3277 4461 Trinil.,
3312 4411 3359 4448 c.
3410 4394 3493 4461 16,
3537 4399 3678 4450 tom.
3719 4393 3831 4459 III.)

2252 4487 2359 4553 Qui
2377 4492 2695 4540 renovatur.
2717 4487 2832 4541 Ista
2855 4485 3160 4547 renovatio.
3192 4489 3279 4539 est
3289 4484 3614 4539 reformatio
3642 4481 3833 4538 mentis

2253 4575 2559 4630 secundum
2579 4576 2780 4637 Deum.
2800 4576 2887 4630 vel
2915 4575 3222 4630 secundum
3251 4575 3556 4646 imaginem
3581 4575 3716 4640 Dei;
3744 4570 3833 4626 sed

2250 4663 2378 4718 ideo
2406 4663 2612 4719 dicitur
2641 4664 2952 4719 secundum
2980 4664 3179 4729 Deum,
3223 4680 3295 4718 ne
3329 4664 3638 4719 secundum
3675 4662 3833 4717 aliam

2249 4759 2566 4808 creaturam
2595 4753 2715 4808 ﬁeri
2739 4759 2985 4824 putetur.
3021 4753 3153 4809 Ideo
3172 4759 3361 4808 autem
3381 4752 3831 4808 secundumima-

2247 4841 2434 4912 ginem
2466 4842 2583 4909 Dei,
2617 4848 2681 4897 ut
2719 4842 2778 4897 in
2799 4858 2867 4896 ea
2894 4858 2955 4896 re
2984 4842 3339 4913 intelligatur
3381 4842 3506 4897 fieri
3534 4843 3651 4897 haec
3676 4855 3831 4896 reno-

2249 4930 2415 4997 vatio,
2449 4931 2547 4987 ubi
2574 4937 2661 4987 est
2687 4930 2873 5003 imago
2902 4930 3025 4997 Dei,
3050 4931 3107 4986 id
3133 4937 3237 4997 est,
3266 4931 3326 4986 in
3351 4936 3556 4986 mente.
3590 4932 3715 4986 Non
3738 4928 3831 4982 ita-

2250 5037 2361 5091 que
2379 5020 2459 5076 sic
2484 5020 2867 5092 intelligamus
2903 5020 3214 5076 secundum
3251 5020 3556 5092 imaginem
3592 5021 3714 5091 ejus
3741 5014 3830 5089 qui

2250 5109 2459 5164 creavit
2485 5127 2643 5179 eum;
2676 5110 2837 5183 quasi
2862 5110 2974 5166 alia
3001 5117 3090 5166 est
3116 5110 3305 5183 imago
3333 5111 3642 5167 secundum
3669 5123 3827 5183 quam

2249 5204 2569 5269 renovatur,
2598 5216 2710 5256 non
2729 5200 2851 5273 ipsa
2878 5216 3002 5273 quae
3019 5205 3337 5261 renovatur.

570 5346 694 5402 cap.
726 5325 781 5395 7,
821 5325 925 5383 sub
970 5326 1182 5391 ﬁnem.)
1224 5325 1411 5392 Igitur
1455 5323 1507 5377 si
1552 5326 2000 5380 consurrexistis.
2039 5324 2231 5391 NonC
2319 5322 2380 5382 8.
2410 5325 2617 5383 Lmrn.
2648 5327 2713 5382 In
2737 5327 3109 5395 agnitionem.
3146 5326 3212 5385 In
3235 5324 3522 5399 agnitione
3548 5324 3650 5382 Dei
3677 5340 3825 5381 reno-

570 5416 768 5490 utique
790 5412 1199 5471 resurreximus
1226 5411 1372 5467 sicut
1400 5411 1680 5473 Christus.
1706 5412 1804 5468 sed
1844 5420 2037 5469 tamen
2079 5430 2163 5470 se-
2242 5419 2406 5470 vatur
2427 5414 2595 5471 homo
2619 5414 2690 5469 ad
2707 5414 3011 5489 imaginem
3035 5416 3138 5473 Dei
3166 5435 3184 5472 :
3208 5416 3326 5472 hac
3350 5420 3438 5471 est
3461 5414 3611 5470 enim
3648 5415 3823 5483 imago

572 5504 819 5561 cundum
838 5520 996 5576 spem
1017 5517 1141 5574 quae
1160 5499 1218 5555 in
1238 5499 1335 5555 illo
1365 5497 1671 5573 [al.,nobis
1701 5500 1760 5556 in
1781 5499 1897 5575 illo]
1924 5509 2029 5571 est,
2039 5503 2160 5575 jam
2243 5503 2366 5568 Dei,
2396 5503 2463 5559 ad
2491 5519 2660 5576 quam
2689 5504 2899 5560 creavit
2934 5503 3241 5568 hominem.
3265 5511 3331 5561 ut
3367 5504 3623 5561 videlicet
3656 5502 3820 5559 ratio-

573 5610 677 5653 nos
704 5608 835 5650 cum
860 5592 958 5653 illo
986 5589 1357 5649 resurrexisse
1374 5593 1617 5648 testatus
1645 5597 1750 5647 est.

2243 5591 2388 5650 nalis
2411 5598 2580 5664 esset,
2608 5597 2668 5650 et
2683 5593 2931 5651 celestia
2958 5609 3184 5668 semper
3207 5593 3489 5667 diligeret.
