3878 6368
122 262 212 319 329
743 257 822 313 IN
858 256 926 312 D.
966 256 1183 313 PAULI
1220 256 1444 317 EPIST.
1485 257 1858 315 COMMENT.
1900 288 1966 300 --
2005 257 2236 323 EPIST.
2274 261 2372 321 AD
2411 261 2703 321 COLOSS.
3245 265 3358 331 330

122 386 289 451 βοίδια
307 384 513 436 viscera
534 385 718 435 autem
737 381 1130 434 misericordia
1157 379 1399 451 induite)
1420 380 1564 435 sicut
1587 380 1749 435 electi
1767 381 1889 447 Dei,
1909 382 2109 449 sancti,
2133 387 2191 437 et
2208 383 2419 452 dilecti,
2451 384 2684 453 viscera,
2713 391 2921 455 partes,
2956 388 3357 449 misericordias

118 474 253 545 (ecce)
283 469 702 540 benignitatem,
735 469 1136 532 humilitatem,
1166 468 1523 539 modestiam,
1552 470 1882 547 patientiam
1909 488 1921 535 ;
1954 476 2353 542 supportantes
2388 489 2477 528 vos
2496 473 2753 542 invicem,
2786 481 2845 531 et
2871 477 3145 536 donantes
3171 481 3359 537 vobis-

120 558 367 630 metipsis,
389 558 438 612 si
467 558 590 630 quis
620 559 886 612 adversus
917 557 1164 628 aliquem
1188 557 1358 611 habet
1373 558 1680 628 querelam,
1705 559 1852 613 sicut
1871 564 1930 614 et
1957 560 2230 616 Dominus
2258 562 2488 616 donavit
2508 562 2678 629 vobis,
2709 564 2791 619 ita
2817 571 2873 620 et
2900 583 3016 622 vos.
3045 569 3228 640 Super
3243 587 3361 626 om-

120 648 201 702 nia
221 652 402 701 autem
429 647 566 712 haec,
599 646 933 701 charitatem
962 644 1184 708 habete,
1213 647 1333 698 sitis
1360 646 1692 713 habentes,9.
1716 648 1887 718 quod,
1910 651 1971 703 id
1987 655 2066 703 est
2093 650 2451 710 charitas,est
2472 650 2751 708 vinculum
2780 656 3154 726 perfectionis,
3170 675 3361 715 massa

120 739 392 800 virtutum,
420 738 504 790 vel
528 738 919 805 perfectorum,
943 739 999 788 et
1029 751 1135 805 pax
1154 734 1380 801 Christi,
1404 751 1515 803 qua
1536 739 1913 791 reconciliavit
1936 739 2185 792 homines
2203 741 2574 806 Deo,exsultet
2599 741 2657 796 in
2686 743 2946 799 cordibus
2963 747 3364 813 vestris,e:csul-

121 829 223 878 tare
246 825 413 891 faciat
439 825 605 878 corda
633 829 830 889 uestra,
855 824 914 877 in
942 839 1075 894 qua,
1096 840 1198 892 per
1222 840 1411 892 quam,
1436 828 1493 877 et
1519 824 1699 879 vocati
1723 826 1877 892 estis,
1912 829 2054 894 sitis,
2084 827 2145 882 in
2174 844 2287 883 uno
2327 845 2579 899 corpore,
2606 832 2863 901 Ecclesia,
2895 840 2953 889 et
2977 836 3128 906 grati
3159 842 3361 905 estote,

117 915 307 981 gratias
333 915 502 980 agite.
532 912 801 978 Verbum,
827 914 1167 981 praedicatio,
1191 912 1400 967 Christi
1427 912 1646 967 habitet
1673 913 1732 969 in
1759 914 1914 969 vobis
1932 914 2305 983 abundanter,
2332 917 2393 971 in
2416 919 2570 973 omni
2593 920 3046 992 sapientia,sitis,
3077 926 3361 995 docentes,

119 1007 166 1055 et
181 1006 591 1055 commonentes
619 1001 1150 1072 vosmetipsos,(ecce
1178 1005 1242 1055 in
1273 1018 1383 1070 qua
1402 1005 1700 1072 sapientia)
1733 1004 1982 1074 psalmis,
2009 1005 2255 1076 hymnis,
2284 1011 2343 1060 et
2370 1007 2601 1062 canticis
2632 1009 3041 1081 spiritualibus,
3072 1014 3132 1069 in
3151 1015 3360 1086 gratia,

117 1093 409 1158 gratiarum
433 1092 663 1154 actione,
690 1095 983 1144 cantantes
1003 1091 1063 1144 in
1091 1089 1352 1144 cordibus
1373 1090 1591 1156 vestris,
1625 1106 1739 1146 non
1768 1108 1859 1146 ore
1880 1097 2118 1157 tantum,
2140 1094 2276 1161 Deo,
2297 1111 2408 1150 non
2427 1097 2764 1152 hominibus.
2801 1101 2864 1154 Ut
2893 1102 3130 1156 breviter
3148 1106 3296 1158 vobis
3313 1110 3367 1160 et

118 1180 478 1233 abundantius
512 1180 691 1233 dicam
712 1198 727 1232 :
752 1180 932 1234 Omne
945 1179 1335 1250 quodcumque
1363 1179 1546 1233 facitis
1569 1180 1628 1234 in
1646 1180 1814 1236 verbo
1834 1186 1933 1236 aut
1956 1182 2012 1236 in
2034 1184 2418 1253 opere,omnia
2434 1184 2495 1239 in
2518 1186 2746 1242 nomine
2762 1187 2985 1244 Domini
3001 1189 3033 1244 J
3035 1206 3134 1246 esu
3154 1192 3368 1250 Christi

118 1269 277 1335 facite,
307 1266 524 1338 gratias
553 1272 784 1338 agentes
804 1268 938 1333 Deo,
979 1273 1037 1322 et
1065 1268 1221 1322 Patri
1250 1284 1351 1339 per
1397 1267 1604 1339 ipsum,
1634 1271 1821 1324 Jesum
1850 1272 2226 1325 mediatorem.
2248 1273 2537 1342 Mulieres,
2560 1274 2796 1332 subditae
2828 1282 3006 1333 estote
3034 1278 3188 1343 viris,
3220 1279 3365 1336 sicut

118 1360 316 1426 oportet
341 1356 401 1410 in
433 1355 695 1410 Domino.
726 1354 866 1420 Viri,
892 1355 1112 1426 diligite
1139 1372 1340 1410 uxores
1361 1361 1596 1423 vestras,
1630 1363 1688 1413 et
1705 1359 1879 1414 nolite
1892 1360 2072 1414 amari
2097 1377 2217 1416 esse
2247 1362 2316 1416 ad
2344 1362 2649 1431 illas.Filii,
2673 1364 2892 1421 obedite
2910 1368 3239 1438 parentibus
3267 1386 3370 1441 per

118 1444 319 1512 omnia;
348 1445 455 1498 hoc
482 1445 636 1499 enim
663 1445 931 1516 placitum
963 1450 1050 1498 est
1075 1444 1135 1498 in
1154 1443 1645 1513 Domino.Patres,
1677 1448 1850 1501 nolite
1866 1448 1938 1502 ad
1965 1448 2411 1520 indignationem
2439 1467 2741 1522 provocare
2760 1455 2906 1509 ﬁlios
2932 1461 3236 1524 vestros,ut
3254 1474 3370 1516 non

117 1532 297 1603 pusillo
326 1533 540 1599 animo,
568 1535 632 1587 in
652 1534 933 1602 patiendo,
961 1537 1061 1586 aut
1083 1535 1365 1601 fugiendo,
1406 1534 1562 1588 ﬁant.
1601 1535 1776 1603 Servi,
1799 1535 2018 1591 obedite
2048 1554 2150 1609 per
2168 1538 2359 1594 omnia
2385 1540 2628 1596 dominis
2655 1543 3113 1609 carnalibus,non
3134 1546 3208 1601 ad
3233 1563 3370 1603 ocu-

120 1620 218 1675 lum
243 1621 571 1688 servientes,
604 1621 765 1693 quasi
792 1621 1116 1676 hominibus
1137 1622 1441 1693 placentes,
1473 1623 1573 1677 sed
1601 1624 1660 1678 in
1687 1624 2046 1696 simplicitate
2074 1628 2277 1695 cordis,
2308 1628 2574 1685 timentes
2595 1630 2774 1688 Deum
2802 1634 3046 1689 Patrem.
3067 1634 3371 1700 Quodcun-

121 1725 217 1779 que
242 1709 440 1776 facitis,
467 1727 537 1764 ex
567 1710 754 1764 animo
804 1709 1138 1782 operamini,
1171 1710 1318 1765 sicut
1358 1712 1620 1782 Domino,
1647 1718 1704 1767 et
1726 1729 1840 1768 non
1867 1714 2209 1781 hominibus,
2245 1732 2358 1771 non
2385 1721 2738 1786 respicientes
2775 1720 2912 1789 quid
2951 1723 3198 1778 homines
3216 1730 3371 1791 sunt,

117 1798 332 1855 scientes
362 1801 517 1872 quod
545 1817 581 1855 a
604 1801 844 1856 Domino
875 1800 1159 1871 accipietis
1207 1801 1637 1857 retributionem
1665 1803 2026 1858 hereditatis.
2060 1803 2145 1860 10.
2179 1804 2418 1860 Domino
2446 1806 2669 1862 Christo
2697 1808 2919 1866 servite.
2951 1810 3043 1869 11.
3076 1812 3187 1878 Qui
3222 1813 3374 1870 enim

118 1888 361 1959 injuriam
388 1889 545 1959 facit,
582 1890 818 1961 accipiet
843 1889 902 1944 id
932 1888 1082 1961 quod
1109 1890 1300 1962 inique
1330 1891 1542 1962 gessit;
1565 1896 1624 1946 et
1648 1907 1762 1946 non
1787 1898 1874 1947 est
1897 1909 2268 1964 personarum
2296 1895 2544 1967 acceptio
2570 1897 2720 1968 apud
2746 1897 2947 1956 Deum.

1558 2016 1794 2073 CAPUT
1823 2017 1919 2073 IV.

175 2121 404 2189 Domini,
419 2120 574 2193 quod
587 2121 806 2192 justum
818 2124 903 2175 est
930 2124 988 2175 et
1015 2136 1241 2192 aequum
1270 2120 1445 2175 servis
1457 2123 1982 2192 praestate,scientes
2013 2126 2163 2196 quod
2194 2130 2253 2180 et
2282 2143 2375 2181 vos
2402 2126 2707 2183 Dominum
2732 2129 2954 2186 habetis
2980 2131 3041 2187 in
3066 2133 3373 2190 ccelo.Ora-

122 2208 241 2263 tioni
269 2209 496 2277 instate,
527 2209 827 2280 vigilantes
845 2209 905 2263 in
936 2226 1005 2263 ea
1020 2210 1080 2264 in
1099 2210 1415 2281 gratiarum
1437 2211 1676 2280 actione,
1705 2219 1931 2268 orantes
1942 2214 2109 2269 simul
2129 2221 2187 2269 et
2202 2232 2304 2286 pro
2325 2214 2485 2270 nobis
2513 2221 2580 2271 ut
2595 2217 2746 2273 Deus
2755 2218 2975 2290 aperiat
2989 2219 3149 2276 nobis
3164 2222 3377 2278 ostium

124 2301 374 2354 sermonis
401 2301 474 2355 ad
501 2300 846 2371 loquendum
874 2299 1210 2371 mysterium
1232 2300 1523 2366 Christi,os
1549 2301 1624 2354 ad
1637 2304 2079 2370 praedicandum,
2111 2306 2194 2358 vel
2213 2321 2268 2358 os
2296 2310 2336 2370 ι
2358 2309 2480 2371 αθ
2500 2307 2846 2372 auditorum,
2872 2311 2935 2362 id
2949 2315 3144 2375 est,cor
3160 2326 3373 2377 eorum,

130 2390 354 2461 (propter
390 2389 566 2461 quod,
597 2393 732 2459 quia
752 2391 1063 2457 manifesto,
1100 2390 1272 2444 etiam
1303 2389 1517 2444 vinctus
1544 2391 1710 2457 sum),
1732 2393 1815 2445 ita
1836 2395 2053 2459 aperiat
2076 2395 2300 2459 ostium,
2331 2397 2397 2446 ut
2420 2392 2773 2449 manifestem
2802 2394 2962 2462 illud,
2982 2396 3065 2451 ita
3076 2407 3143 2452 ut
3158 2402 3382 2469 oportet

125 2477 442 2548 meloqui.In
455 2477 739 2548 sapientia
768 2477 1052 2531 ambulate
1075 2478 1147 2531 ad
1176 2494 1271 2532 eos
1288 2484 1372 2539 (ne
1393 2479 1769 2546 blasphement
1795 2479 2298 2551 Christianitatem)
2310 2480 2405 2552 qui
2432 2481 2570 2536 foris
2591 2484 3137 2552 sunt,inﬁdetes,1,2.
3157 2490 3381 2559 tempus

127 2568 239 2633 quia
263 2570 404 2621 male
429 2565 1022 2633 vixistis,redimentes
1051 2568 1177 2621 bene
1197 2567 1447 2621 vivendo.
1463 2567 1728 2621 3.Sermo
1761 2574 1944 2622 vester
1967 2585 2194 2638 semper
2217 2569 2276 2624 in
2294 2569 2608 2640 gratiasale
2634 2572 2709 2626 sit
2735 2573 3377 2644 conditus,temperatus,

127 2658 180 2706 ut
199 2654 377 2709 sciatis
411 2654 694 2726 quomodo
724 2659 979 2726 oporteat
1012 2671 1106 2708 vos
1135 2654 1440 2726 unicuique
1464 2655 1826 2726 respondere.
1862 2657 1997 2721 Quae
2023 2657 2174 2712 circa
2215 2675 2307 2713 me
2346 2666 2498 2722 sunt,
2525 2660 2715 2715 omnia
2746 2661 2896 2716 vobis
2923 2668 3059 2717 nota
3079 2663 3248 2718 faciet
3272 2664 3384 2735 Ty-

127 2742 310 2810 chicus,
332 2744 700 2799 charissimus
723 2743 918 2809 frater,
950 2749 1007 2798 et
1034 2744 1216 2799 ﬁdelis
1230 2744 1484 2798 minister
1506 2750 1564 2798 et
1588 2760 1887 2799 conservus
1914 2746 1972 2800 in
2001 2746 2258 2813 Domino,
2293 2764 2460 2819 quem
2491 2749 2618 2803 misi
2644 2750 2716 2804 ad
2748 2766 2844 2804 vos
2868 2751 2939 2805 ad
2968 2751 3076 2806 hoc
3103 2751 3383 2823 ipsum,ut

127 2840 399 2903 cognoscat
424 2851 553 2905 qua:
581 2833 731 2888 circa
764 2849 860 2888 vos
879 2838 1014 2888 sunt
1039 2839 1097 2888 et
1119 2834 1439 2888 consoletur
1469 2833 1638 2888 corda
1664 2838 2004 2899 vestra,cum
2036 2835 2300 2890 Onesimo
2331 2836 2680 2904 charissima,
2715 2843 2773 2892 et
2795 2839 2947 2893 ﬁdeli
2984 2838 3159 2894 fratre
3190 2840 3288 2910 qui
3315 2856 3385 2896 ex

127 2921 258 2976 vobis
277 2929 360 2977 est
385 2924 736 2994 (Colossensis
757 2927 915 2980 erat).
941 2922 1165 2990 Omnia,
1201 2939 1325 2993 quae
1363 2922 1453 2976 hic
1481 2927 1747 2993 aguntur,
1783 2928 1919 2977 nota
1960 2922 2170 2978 facient
2203 2923 2619 2982 vobis.Salutat
2637 2942 2734 2980 vos
2760 2927 3120 2983 Aristarchus
3147 2944 3384 3000 concapo
3476 2949 3481 2954 ’

129 3008 256 3065 tivus
282 3029 458 3081 meus,
490 3011 546 3068 4.
582 3016 640 3066 et
666 3011 888 3066 Marcus
915 3010 1284 3066 consobrinus
1315 3011 1605 3077 Barnabee,
1648 3011 1717 3065 de
1755 3028 1865 3082 quo
1891 3012 2182 3083 accepistis
2211 3014 2480 3068 mandata
2507 3031 2543 3068 a
2572 3030 2659 3069 me
2686 3030 2754 3068 ne
2781 3032 2908 3070 eum
2938 3018 3281 3085 reciperetis,
3329 3032 3382 3087 si

127 3101 318 3156 venerit
339 3103 569 3156 Marcus
585 3101 658 3155 ad
682 3101 1220 3171 vos,nunc,excipite
1239 3100 1429 3168 illum;
1463 3106 1520 3156 et
1547 3099 1583 3155 J
1587 3116 1715 3154 esus
1737 3105 2048 3170 (proprium
2070 3105 2287 3170 nomen)
2311 3103 2410 3174 qui
2438 3102 2645 3158 dicitur
2667 3103 3093 3173 justus,salutat
3118 3121 3229 3171 vos;
3259 3106 3380 3176 qui,

128 3192 576 3257 supradicti,sunt
589 3207 655 3244 ex
673 3189 1114 3253 circumcisione,
1132 3190 1193 3244 hi
1213 3190 1317 3244 soli
1342 3194 1476 3244 sunt
1500 3190 1789 3260 adjutores
1811 3190 1922 3245 mei
1950 3191 2012 3246 in
2032 3208 2205 3262 regno
2232 3191 2352 3257 Dei,
2380 3192 2477 3264 qui
2508 3191 2649 3247 mihi
2667 3193 2898 3248 fuerunt
2915 3193 3136 3249 solatio.
3160 3194 3387 3250 Salutat

128 3291 209 3331 vos
235 3279 539 3351 Epaphras,
565 3279 661 3351 qui
685 3297 751 3334 ex
779 3279 933 3334 vobis
958 3284 1062 3346 est,
1096 3295 1291 3333 servus
1316 3278 1528 3333 Christi
1551 3277 1588 3333 J
1591 3295 1710 3345 esu,
1733 3296 1956 3351 semper
1983 3280 2254 3336 sollicitus
2284 3297 2385 3353 pro
2405 3280 2561 3336 vobis
2588 3282 2648 3336 in
2674 3282 3104 3349 orationibus,5.
3136 3288 3202 3338 ut
3223 3283 3388 3340 stetis

128 3367 332 3434 perfecti
352 3376 410 3424 et
436 3368 593 3441 pleni
626 3369 685 3423 in
714 3368 867 3423 omni
888 3368 1175 3423 voluntate
1213 3368 1334 3422 Dei.
1371 3368 1781 3423 Testimonium
1812 3368 1965 3422 enim
1994 3368 2095 3432 illi,
2129 3369 2416 3438 Epaphras,
2459 3369 2745 3440 perhibeo,
2775 3370 2924 3442 quod
2944 3369 3116 3426 habet
3136 3371 3382 3426 multum

129 3452 352 3511 laborem
373 3475 481 3530 pro
511 3457 685 3522 vobis,
717 3463 775 3512 et
791 3442 893 3530 pro
917 3457 987 3512 iis
1009 3458 1105 3529 qui
1122 3462 1257 3513 sunt
1281 3447 1573 3523 Laodicize,
1601 3462 1658 3511 et
1686 3457 1784 3528 qui
1806 3457 2113 3529 Hierapoli.
2144 3456 2370 3513 Salutat
2395 3474 2492 3513 vos
2511 3458 2691 3514 Lucas
2713 3459 2964 3515 medicus
2993 3459 3385 3527 charissimus,

132 3548 180 3597 et
200 3544 412 3604 Demas.
447 3548 706 3603 Salutate
732 3548 938 3602 fratres
968 3547 1065 3619 qui
1086 3553 1220 3601 sunt
1244 3545 1536 3613 Laodiciae,
1567 3550 1625 3600 et
1648 3546 1990 3618 Nympham,
2020 3552 2078 3602 et
2096 3564 2219 3619 quae
2245 3548 2307 3602 in
2345 3547 2510 3603 domo
2540 3548 2663 3619 ejus
2694 3553 2781 3603 est
2798 3549 3124 3606 Ecclesiam.
3158 3549 3227 3605 Et
3256 3566 3388 3606 cum

128 3630 252 3690 lecta
273 3626 441 3692 fuerit
473 3637 627 3709 apud
655 3653 751 3692 vos
776 3636 1027 3708 Epistola
1053 3636 1190 3704 haec,
1208 3635 1375 3691 facite
1402 3640 1466 3690 ut
1497 3640 1555 3690 et
1582 3635 1643 3689 in
1670 3636 2098 3692 Laodicensium
2118 3636 2364 3692 Ecclesia
2383 3637 2609 3708 legatur
2634 3636 2688 3707 6,
2721 3637 2774 3694 7.
2798 3643 2857 3694 et
2880 3654 3008 3695 eam
3034 3655 3159 3712 qua:
3181 3638 3390 3695 Laodi-

1454 3761 2052 3821 COMMENTARIUS.

187 3866 236 3921 9.
262 3870 504 3927 AMnnos.
542 3869 696 3939 Quod
729 3875 805 3925 est
828 3872 1139 3925 vinculum.
1171 3868 1240 3924 In
1261 3869 1470 3935 futuro,
1502 3869 1706 3940 inquit,
1731 3872 1782 3929 Α
1863 3868 1916 3922 4.
1951 3869 2019 3922 Et
2044 3866 2288 3923 Marcus.
2330 3868 2569 3939 Propter
2612 3867 2763 3923 hunc
2816 3869 3069 3925 Marcum
3113 3867 3389 3926 dissensio

135 3959 311 4013 saeculo
329 3960 426 4014 ubi
450 3960 894 4025 constiterimus,
918 3958 1180 4013 charitati
1198 3957 1447 4029 colligati
1476 3957 1712 4012 invicem
1792 3957 1901 4011 fuit
1928 3956 2076 4012 inter
2123 3957 2363 4011 Paulum
2418 3962 2475 4011 et
2519 3958 2855 4025 Barnabam,
2889 3956 3035 4012 sicut
3060 3956 3121 4012 in
3156 3957 3390 4015 Actibus

136 4049 590 4116 permanebimus,
622 4049 836 4104 nullam
868 4046 1283 4119 separationem
1320 4045 1558 4101 ulterius
1586 4063 1714 4101 sus-
1796 4046 2178 4116 apostolorum
2223 4045 2433 4116 legitur
2460 4046 2592 4115 (Act.
2618 4063 2706 4112 xv,
2740 4044 2852 4116 39).
2883 4046 3005 4110 Quo
3042 4045 3256 4113 audito,
3283 4047 3386 4104 Co-

136 4133 381 4197 tinentes.
1795 4132 2072 4190 lossenses
2098 4139 2164 4189 ut
2197 4134 2474 4189 auderent
2502 4134 2592 4204 [f.,
2622 4151 2739 4188 non
2768 4129 3066 4206 auderent]
3108 4151 3213 4190 nec
3238 4136 3391 4192 Mar-

198 4224 273 4281 10.
302 4228 757 4285 LANFR.DominO
781 4229 1013 4284 Christo.
1044 4224 1216 4291 Quasi
1235 4225 1449 4281 diceret
1471 4242 1482 4279 :
1505 4226 1717 4290 Quam-
1798 4241 1926 4280 cum
1958 4241 2061 4279 nec
2085 4222 2401 4279 Barnabam
2431 4222 2698 4294 recipere.
2716 4224 2825 4279 nisi
2851 4223 3193 4296 imperatum
3220 4225 3302 4281 eis
3320 4225 3392 4281 ab

142 4311 212 4367 vis
236 4315 456 4385 jubeam
499 4317 773 4388 quosdam
802 4333 870 4372 ex
903 4315 1059 4370 vobis
1087 4314 1292 4370 debere
1319 4315 1445 4370 aliis
1467 4314 1719 4370 subditos
1797 4314 2065 4386 Apostolo
2089 4313 2323 4381 fuisset;
2347 4313 2419 4368 ad
2447 4316 2753 4384 utrumque
2786 4313 2936 4368 enim
2961 4313 3162 4369 referri
3183 4320 3391 4387 potest,

144 4407 540 4476 esse,quosdam
572 4406 827 4477 diligere,
850 4405 991 4460 alios
1020 4404 1146 4459 aliis
1171 4403 1398 4459 obedire
1431 4410 1489 4458 et
1516 4410 1722 4459 caetera
1800 4404 1871 4459 de
1906 4420 2084 4475 quo...

140 4504 246 4560 quae
261 4496 657 4566 sequuntur,in
679 4495 769 4550 his
797 4499 992 4550 tamen
1019 4493 1280 4548 omnibus
1299 4493 1538 4549 Domino
1554 4493 1721 4549 Chri-
1872 4491 1924 4549 5.
1971 4494 2216 4549 Αυαυετ.
2269 4494 2385 4560 (lib.
2441 4494 2516 4548 De
2563 4497 2798 4562 corrept.
2847 4498 2895 4547 et
2938 4499 3113 4562 grat.,
3171 4510 3294 4566 cap.
3335 4499 3390 4564 '7,

142 4582 216 4634 sto
242 4584 455 4640 servite.
1798 4589 1844 4639 t.
1874 4581 2021 4640 VII).
2054 4583 2115 4638 Ut
2142 4584 2293 4637 stetis
2315 4583 2564 4651 perfecti.
2592 4582 2710 4637 Nec
2750 4581 2906 4637 aliud
2926 4598 3175 4651 oramus,
3206 4588 3272 4639 ut
3298 4582 3398 4655 qui

206 4668 284 4724 11.
308 4673 412 4740 Qui
438 4675 592 4728 enim
614 4675 919 4743 iniuriam.
952 4673 1119 4728 Ratio
1147 4672 1439 4744 superiora
1451 4672 1713 4744 probans,
1799 4678 1914 4728 stat
1939 4677 2067 4731 stet,
2100 4670 2207 4725 nisi
2244 4675 2312 4725 ut
2337 4676 2672 4742 perseveret.
2705 4672 2849 4727 Item
2885 4672 2916 4726 J
2921 4672 3061 4728 udas
3085 4673 3396 4745 apostolus,

154 4755 213 4811 ab
239 4774 297 4813 eo
322 4761 441 4817 loco
470 4778 583 4833 quo
608 4761 828 4817 dicatur
851 4782 868 4818 :
890 4764 1167 4828 Mulieres,
1199 4766 1306 4816 etc.
1798 4776 1925 4816 cum
1957 4759 2094 4814 dicit
2124 4776 2137 4813 :
2187 4760 2258 4813 Ei
2294 4764 2482 4813 autem
2508 4763 2608 4828 qui
2622 4764 2812 4829 potens
2853 4765 2930 4815 est
2967 4777 3288 4817 conservare
3314 4777 3398 4817 eos

206 4846 349 4903 CAP.
384 4851 480 4910 IV.
512 4850 638 4905 —‘l.
673 4853 917 4907 uanos.
957 4852 1184 4919 Tempus
1204 4852 1550 4906 redimentes.
1574 4851 1721 4906 Pree-
1802 4849 1923 4919 [al.,
1955 4847 2066 4917 vos]
2084 4849 2203 4901 sine
2230 4848 2542 4914 offensione,
2572 4853 2623 4902 et
2650 4852 2980 4904 constituere
3006 4856 3136 4905 ante
3182 4866 3402 4920 conspe-

149 4948 259 4989 sens
283 4943 502 5012 tempus
522 4939 596 4995 ad
623 4939 930 4995 utilitatem
961 4944 1214 4995 nostram
1240 4945 1648 5011 comparantes.
1803 4942 1952 4991 ctum
1976 4938 2167 5005 gloriae
2182 4952 2293 4990 sua:
2312 4938 2699 4992 immaculatos
2719 4941 2784 4992 in
2805 4940 3224 4995 laetitia.Nonne
3243 4955 3403 5010 aper-

209 5021 257 5077 2.
288 5027 456 5085 Gneo.
489 5030 717 5100 Tempus
739 5029 1348 5099 redimentes.Tempus
1377 5029 1602 5100 quidem
1630 5045 1722 5083 re-
1803 5025 2020 5080 tissime
2059 5023 2305 5079 ostendit
2333 5023 2442 5078 Dei
2469 5024 2682 5081 donum
2708 5041 2833 5081 esse
2880 5025 2940 5082 in
2968 5026 3115 5082 bono
3138 5043 3401 5099 perseve-

156 5108 411 5185 dimlmus,
453 5119 678 5189 quando
727 5124 1047 5174 anteactam
1094 5116 1290 5183 vitam,
1339 5133 1507 5188 quam
1564 5117 1725 5173 lasci-
1805 5132 1932 5169 rare
1954 5130 2133 5185 usque
2157 5113 2215 5168 in
2248 5114 2417 5168 ﬁnem
2437 5113 2463 5166 ?

154 5196 331 5287 viendo
350 5207 716 5277 perdidimus,
740 5208 927 5264 ﬂendo
946 5222 1293 5280 reparamus.
1368 5259 1405 5287 ρ,
1746 5193 1788 5254 Β
1877 5204 1931 5259 6.
1954 5204 2165 5260 Laure.
2199 5204 2267 5258 Et
2298 5220 2418 5258 eam
2442 5219 2562 5273 quae
2591 5203 3024 5260 Laodicensium.
3055 5204 3138 5260 De
3175 5203 3404 5260 dubita-

209 5286 257 5345 3.
296 5293 498 5351 Lassa.
549 5296 740 5353 Sermo
775 5303 953 5353 vester
994 5300 1059 5351 in
1093 5297 1303 5365 gratia.
1342 5296 1445 5352 IIic
1473 5297 1719 5368 gratiam
1803 5292 2052 5349 tionibus
2083 5293 2199 5348 suis
2229 5292 2599 5347 Laodicenses
2646 5292 2942 5363 epistolam
2972 5293 3043 5347 ad
3071 5294 3406 5365 Apostolum

153 5385 293 5434 vocat
328 5383 533 5441 bonam
578 5385 1014 5455 observantiam,
1049 5400 1172 5457 qua:
1221 5401 1322 5455 per
1346 5387 1591 5457 gratiam
1616 5385 1722 5441 Dei
1806 5383 2171 5454 scripserunt,
2201 5398 2371 5453 quam
2399 5381 2701 5452 Apostolus
2732 5381 2973 5435 Colossis
2993 5381 3104 5451 legi
3130 5382 3403 5455 prmcipit,

151 5461 313 5537 datur,
352 5472 497 5530 sicut
534 5476 606 5531 ad
654 5476 957 5548 Ephesios:
993 5477 1057 5532 Ut
1085 5477 1173 5533 det
1203 5479 1449 5548 gratiam
1485 5477 1724 5530 aud-ien-
1807 5478 1873 5526 ut
1937 5488 2133 5526 eorum
2176 5469 2604 5525 Laodicensium
2659 5485 2813 5523 nunc
2865 5467 2985 5523 visa
3035 5470 3405 5541 dubitatione,

155 5554 296 5615 tibus.
1399 5604 1409 5612 .
1810 5562 1991 5618 sciant
2015 5559 2148 5632 quid
2177 5556 2569 5632 respondeant,
2602 5561 2661 5613 et
2701 5573 2827 5613 eam
2875 5575 3045 5631 quam
3090 5560 3172 5616 eis
3217 5562 3416 5637 scribit

369 5661 628 5729 ΡΑΤιοι.
675 5666 792 5729 CL.

3092 5654 3160 5721 il
