3878 6396
538 288 641 346 331
1526 284 1591 338 Β.
1634 282 2047 338 LANFRANCI
2087 282 2445 336 CANTUAR.
2487 281 2824 336 ARCHIEP.
3696 283 3783 342 332

535 413 789 472 censium
814 415 919 476 est,
952 428 1048 472 vos
1069 409 1286 480 legatis.
1324 409 1394 463 Et
1421 409 1590 462 dicite
1623 408 1901 477 Archippo
1935 429 1946 460 :
1989 406 2128 457 Vide
2156 405 2552 469 ministerium,
2589 407 2735 478 quod
2778 404 3038 475 accepisti
3068 404 3126 457 in
3154 404 3415 468 Domino,
3447 410 3508 458 ut
3537 406 3670 460 illud
3693 409 3784 461 im.

533 504 710 575 pleas.
737 500 1033 567 Salutatio,
1051 516 1176 553 mea
1206 515 1378 552 manu
1405 497 1580 551 Pauli.
1617 494 1669 560 8,
1695 495 1748 550 9.
1771 495 2050 548 Memores
2081 499 2260 547 estote
2281 495 2626 548 vinculorum
2641 512 2914 548 meorum.
2943 494 3141 547 Gratia
3173 496 3268 547 Dei
3287 494 3588 550 vobiscum.
3610 499 3783 554 Amen.

1879 601 2470 656 COMMENTARIUS.

538 697 846 776 Epistolam
871 697 977 766 (54)
1008 695 1113 767 ipsi
1140 693 1576 749 Laodicensibus
1605 693 1714 762 legi
1748 691 1988 755 faciant;
2021 689 2135 740 haec
2156 693 2196 746 Α
2220 691 2655 759 reprehensione
2686 689 3091 744 inferebantur.

539 773 597 845 Si.
617 790 763 844 eSSet
791 781 1040 852 APOStOIi
1060 781 1128 834 ad
1155 780 1540 843 LﬂOdicenSeS,
1560 777 1767 830 diceret
1791 793 1904 831 11011
1933 773 2130 832 LaOdi-
2287 776 2338 832 8.
2372 781 2630 832 .llemorcs
2659 784 2833 831 estote.
2871 780 2986 831 Hoc
3008 783 3111 842 est,
3137 778 3206 831 ad
3235 794 3416 832 meam
3446 779 3791 834 imitationem

539 871 812 936 sensium,
850 875 905 922 et
938 870 1233 944 plusquam
1264 867 1528 936 tredecim
1561 867 1647 936 ιβ,
1683 862 2130 938 quatuordeeim]
2216 884 2317 936 pro
2346 868 2580 924 veritate
2605 868 2778 920 nolite
2807 867 3016 940 pigere.

541 967 728 1023 essent
756 959 1014 1037 Epistolas
1045 957 1222 1018 Pauli.
2287 956 2340 1008 9.
2375 957 2582 1009 LANFR.
2620 958 2882 1008 .llcmores
2933 962 3091 1008 estote
3141 959 3495 1010 vinculorum
3545 973 3787 1010 meorum.

615 1051 666 1108 7.
698 1049 952 1109 Attenes.
990 1048 1050 1100 Et
1071 1063 1190 1101 eam
1211 1062 1328 1113 qua:
1365 1045 1797 1098 Laodicensium.
1831 1044 2131 1114 Apostolus
2216 1047 2490 1099 Memores
2549 1061 2642 1098 eos
2685 1061 2806 1096 esse
2853 1044 3202 1098 vinculorum
3243 1061 3472 1097 suorum
3500 1051 3673 1115 rogat,
3698 1047 3789 1107 vel,

541 1153 655 1200 non
683 1137 754 1196 ad
780 1136 1147 1196 Laodicenses
1201 1134 1353 1199 dicit,
1402 1133 1498 1187 sed
1540 1151 1604 1185 ex
1646 1133 1928 1198 Laodicia,
1963 1150 2132 1203 quam
2217 1140 2282 1186 ut
2308 1151 2406 1204 pro
2439 1152 2502 1186 eo
2537 1133 2817 1186 vinculato
2851 1138 3014 1186 orent
3041 1133 3124 1186 vel
3152 1139 3216 1186 ut
3244 1135 3561 1187 necessaria
3601 1133 3792 1188 submi-

532 1225 616 1290 jlli
645 1225 988 1298 scripserunt
1026 1224 1096 1276 ad
1129 1223 1471 1295 Apostolum,
1507 1223 1563 1276 in
1599 1240 1706 1294 qua
1737 1223 1926 1292 aliqua
1965 1222 2133 1290 digna
2218 1223 2482 1276 nistrent.

605 1312 707 1382 (54)
733 1314 918 1390 Negat
940 1312 1286 1374 Lanfrancus
1311 1311 1484 1384 Epist.
1509 1311 1581 1364 ad
1610 1311 1936 1363 Laodicens.
1967 1327 2086 1364 esse
2111 1312 2172 1364 B.
2201 1311 2378 1366 Pauli.

542 1581 1077 1678 EPISTULA
1143 1579 1242 1674 B.
1298 1579 1641 1674 PAULI
1716 1578 2271 1674 APOSTOLI
2349 1580 2502 1676 AD
2565 1579 3694 1678 THESSALONICENSES
3731 1580 3788 1674 Ι.

1183 1761 1364 1824 CUM
1403 1759 1980 1828 INTERJECTIS
2023 1759 2103 1822 B.
2150 1757 2658 1824 LANFRANCI
2709 1759 3176 1824 GLOSSULIS

608 2041 649 2099 1
669 2039 720 2097 τ
739 2039 778 2099 ι
813 2033 1822 2090 ARGUMENTUM.—Thessalonicenses
1853 2036 1986 2084 sunt
2010 2032 2122 2084 Ma-
2207 2031 2358 2083 falsis
2389 2031 2656 2100 apostolis
2675 2029 3029 2086 dicebantur.
3062 2031 3175 2083 Hos
3195 2030 3787 2102 collaudatApostolus,

521 2123 784 2188 eedones,
824 2122 938 2193 qui,
973 2128 1198 2192 accepto
1227 2121 1394 2175 verbo
1433 2122 1707 2184 veritatis,
1754 2122 2124 2191 perstiterunt
2207 2119 2456 2174 scribens
2489 2120 2570 2174 eis
2597 2119 2667 2173 ab
2693 2119 2937 2176 Athenis
2969 2136 3069 2189 per
3095 2120 3400 2190 Tychicum
3428 2120 3720 2178 diaconum
3743 2123 3792 2170 et

524 2212 584 2265 in
614 2213 724 2265 tlde
753 2211 923 2264 etiam
965 2210 1023 2264 in
1052 2210 1439 2280 persecutione
1468 2210 1671 2264 civium
1696 2225 1948 2262 suorum.
1972 2210 2125 2262 Prae-
2209 2209 2542 2262 Onesimum
2571 2209 2912 2278 acolythum.

522 2305 683 2354 terea
705 2316 810 2354 nec
833 2305 1166 2370 receperunt
1193 2299 1362 2352 falsos
1394 2300 1692 2368 apostolos,
1715 2313 1817 2351 nec
1847 2315 1914 2350 ea
1943 2315 2064 2367 quae
2095 2315 2128 2351 a

1883 2423 2115 2476 CAPUT
2155 2423 2461 2477 PRIMUM.

595 2528 646 2596 .1,
675 2529 728 2586 2.
760 2530 988 2593 Paulus,
1011 2534 1070 2582 et
1091 2529 1383 2600 Sylvanus,
1413 2532 1470 2582 et
1483 2527 1830 2590 Timotheus,
1864 2529 2119 2584 Ecclesiae
2148 2528 2729 2584 Thessalonicensium
2753 2531 3057 2590 constituti,
3078 2529 3136 2584 in
3159 2528 3274 2582 Deo
3299 2529 3466 2582 Patre
3483 2535 3543 2584 et
3568 2531 3784 2584 Domino

519 2620 656 2680 Jesu
686 2619 929 2680 Christo.
965 2617 1161 2672 Gratia
1191 2617 1343 2675 vobis
1377 2623 1432 2668 et
1462 2633 1584 2689 pax.
1619 2617 1843 2670 Gratias
1875 2618 2092 2686 agimus
2121 2619 2234 2672 Deo
2266 2635 2487 2688 semper
2528 2634 2626 2689 pro
2658 2617 2916 2670 omnibus
2949 2617 3118 2684 vobis,
3160 2618 3492 2676 memoriam
3519 2619 3684 2677 vestri
3715 2620 3785 2671 fa-

517 2706 735 2768 cientes
758 2706 816 2763 in
848 2705 1194 2763 orationibus
1224 2704 1432 2760 nostris
1464 2704 1583 2758 sine
1615 2703 2051 2770 intermissione,
2088 2723 2364 2761 memores
2396 2707 2580 2777 operis
2615 2706 2742 2759 ﬁdei
2774 2713 2968 2760 vestrce
3000 2709 3144 2776 quod
3173 2711 3338 2775 erigit
3364 2710 3492 2775 ﬁdes
3520 2697 3785 2772 restrach

517 2796 664 2871 quod
687 2811 774 2848 vos
805 2797 985 2864 ﬁdeles
1013 2796 1219 2861 facitis,
1245 2798 1299 2848 et
1325 2793 1555 2860 laboris,
1588 2798 1643 2845 et
1675 2793 1982 2859 charitatis,
2026 2799 2312 2861 largiendo
2342 2801 2520 2849 vestra
2553 2799 2702 2861 aliis,
2730 2801 2785 2847 et
2817 2795 3166 2848 sustinentiae
3196 2800 3528 2860 tolera-utier,
3555 2797 3668 2868 spei
3697 2797 3788 2850 Do-

516 2883 658 2944 mini
688 2884 867 2943 nostri
895 2885 1028 2942 Jesu
1062 2882 1270 2936 Christi
1298 2883 1493 2936 habits
1526 2879 1575 2936 3.
1612 2887 1740 2936 ante
1773 2883 1948 2934 Deum
1981 2887 2035 2935 et
2068 2884 2290 2942 Patrem
2315 2888 2592 2948 nostrum,
2630 2900 2738 2936 non
2765 2885 2838 2936 ad
2859 2887 3078 2936 oculum
3105 2885 3415 2948 honu’num,
3449 2888 3503 2937 4.
3541 2885 3763 2940 scientes

513 2973 718 3037 fratres
746 2973 933 3030 dilecti
964 2990 996 3028 a
1027 2973 1160 3036 Deo,
1204 2974 1405 3024 sci’icet
1438 2988 1562 3036 esse,
1593 2970 1920 3023 electionem
1953 2978 2213 3039 vestram,
2254 2978 2381 3043 (cccc
2412 2989 2514 3024 cur
2539 2975 2677 3024 sciat
2707 2989 2789 3028 cos
2812 2988 2846 3024 α
2883 2973 2982 3024 Dco
3014 2989 3116 3024 csse
3147 2974 3349 3026 electos)
3382 2974 3516 3042 quia
3543 2975 3754 3043 Evange
3779 2977 3786 3022 Ξ

515 3061 654 3124 lium
685 3067 963 3128 nostrum,
995 3078 1106 3116 non
1135 3061 1241 3118 fuit
1267 3059 1337 3115 ad
1364 3076 1454 3113 vos
1486 3060 1543 3114 in
1575 3076 1831 3112 sermone
1862 3065 2102 3126 tantum,
2131 3063 2226 3116 sed
2252 3068 2308 3116 et
2330 3062 2386 3115 in
2403 3061 2606 3114 virtute
2640 3062 3076 3123 man-acutorum,
3114 3061 3162 3123 5,
3195 3066 3251 3113 et
3276 3061 3333 3112 in
3366 3061 3581 3132 Spiritu
3609 3067 3784 3115 sancto

514 3153 641 3214 dato
669 3153 835 3212 vobis.
862 3156 918 3206 et
948 3152 1006 3207 in
1027 3149 1375 3220 plenitudine
1401 3150 1598 3216 multa,
1626 3153 1803 3216 plene,
1837 3146 1886 3203 6.
1921 3151 2066 3212 sicut
2106 3153 2279 3213 scitis,
2314 3156 2370 3203 et
2400 3153 2480 3204 ita
2523 3167 2625 3202 esse
2668 3166 2758 3204 vos
2789 3151 2960 3212 scitis,
2999 3150 3192 3219 quales
3223 3149 3496 3202 fuerimus
3535 3151 3594 3204 in
3624 3151 3765 3203 vobis

517 3244 600 3298 υβι
640 3243 704 3293 in
729 3241 900 3305 nobis,
928 3245 1155 3312 propter
1175 3255 1269 3296 vos
1323 3237 1374 3291 7.
1409 3239 1477 3294 Et
1502 3256 1596 3290 vos
1625 3238 1937 3292 imitatores
1974 3239 2150 3292 nostri
2182 3238 2310 3291 facti
2342 3239 2495 3302 estis,
2533 3245 2588 3291 et
2632 3238 2874 3298 Domini,
2917 3237 3253 3308 excipientes
3284 3237 3513 3290 verbum
3541 3239 3598 3292 in
3627 3238 3786 3292 tribu-

514 3328 732 3386 latione
751 3329 947 3391 multa,
980 3344 1147 3398 quam
1165 3329 1531 3396 patiebamini
1553 3343 1655 3393 pro
1689 3328 1919 3392 Christo,
1947 3325 2000 3382 8.
2028 3345 2153 3380 cum
2187 3328 2392 3396 gaudio
2420 3328 2660 3400 Spiritus
2687 3327 2885 3397 sancti,
2923 3329 3066 3395 quod
3089 3329 3251 3379 dabat
3281 3327 3527 3394 Spiritus
3549 3333 3779 3391 sanctus,

513 3418 597 3480 ita
620 3421 685 3477 ut
711 3417 840 3474 facti
872 3416 992 3470 sitis
1013 3416 1193 3472 forma
1221 3414 1480 3474 omnibus
1509 3414 1863 3469 credentibus
1897 3422 1930 3482 |
1957 3421 2072 3482 7";
2105 3416 2163 3478 in
2196 3416 2540 3481 Macedonia,
2577 3422 2632 3472 et
2660 3416 2719 3468 in
2749 3416 2973 3469 Achaia.
3015 3414 3066 3469 9.
3097 3416 3144 3467 Α
3172 3415 3328 3468 vobis
3358 3415 3506 3468 enim
3544 3416 3785 3469 diffama-

513 3512 607 3568 tus
637 3512 724 3564 est
751 3522 934 3564 sermo
966 3505 1209 3569 Domini,
1241 3521 1352 3562 non
1383 3505 1563 3560 solum
1596 3504 1653 3556 in
1681 3503 2005 3556 Macedonia
2053 3511 2109 3557 et
2155 3504 2213 3556 in
2261 3505 2489 3570 Achaia,
2526 3506 2623 3557 sed
2657 3512 2713 3557 et
2740 3505 2796 3557 in
2827 3505 2978 3557 omni
3008 3505 3129 3557 loco
3161 3504 3299 3556 fides
3323 3510 3528 3562 vestra.
3561 3521 3680 3574 quae
3711 3507 3786 3557 est

515 3596 589 3658 ad
619 3596 798 3657 Deum
835 3594 1080 3665 profecta
1117 3600 1220 3657 est,
1258 3594 1337 3650 ita
1356 3599 1419 3647 ut
1442 3610 1551 3650 non
1574 3593 1646 3646 sit
1671 3593 1829 3646 nobis
1860 3609 2083 3646 necesse
2107 3597 2166 3647 de
2195 3597 2296 3661 ﬁth
2324 3603 2498 3648 vestra
2531 3595 2837 3667 quidquam
2870 3596 3044 3666 loqui.
3084 3593 3194 3670 Ipsi
3225 3595 3374 3647 enim
3397 3595 3466 3650 de
3504 3596 3687 3654 nobis,
3714 3603 3786 3653 ret

515 3686 682 3748 vobis,
724 3683 1082 3747 annuntiant,
1116 3683 1336 3752 qualem
1360 3682 1653 3735 introitum
1678 3681 2038 3734 habuerimus
2064 3683 2132 3736 ad
2168 3701 2281 3747 vos,
2321 3687 2377 3736 id
2409 3690 2482 3736 est
2508 3688 2639 3751 quia
2666 3701 2777 3747 nos,
2807 3689 2854 3736 et
2879 3685 3325 3751 pl'azth'cationem
3352 3689 3602 3738 nostram
3632 3687 3785 3738 liben-

515 3779 597 3827 ter
633 3775 906 3836 audistis;
942 3777 997 3825 et
1027 3771 1304 3841 quomodo
1343 3771 1592 3823 conversi
1624 3771 1757 3823 estis
1788 3771 1858 3822 ad
1888 3771 2066 3823 Deum
2109 3788 2143 3824 a
2184 3772 2518 3837 simulacris,
2560 3771 2647 3829 '10.
2685 3772 2911 3832 servire,
2947 3773 3018 3823 ad
3041 3773 3412 3840 serviendum,
3446 3773 3563 3826 Deo
3596 3773 3710 3826 vivo
3736 3786 3786 3833 et

515 3879 670 3928 vero,
697 3868 756 3916 et
786 3866 1128 3932 exspectare,
1159 3861 1233 3912 ad
1262 3862 1681 3927 exspectandum
1728 3858 1937 3913 Filium
1969 3861 2091 3929 ejus
2120 3861 2189 3917 de
2216 3862 2367 3917 cmlis
2421 3861 2527 3920 (11.
2559 3877 2727 3931 quem
2758 3860 3050 3918 suscitavit
3079 3877 3145 3916 ex
3169 3861 3427 3932 mortuis)
3451 3861 3666 3931 Iesum,
3697 3854 3785 3932 qui

505 3952 720 4023 eripuit
743 3968 849 4005 nos
877 3949 950 4004 ab
979 3949 1065 4003 ira
1088 3953 1340 4001 ventura.
2201 3967 2206 3969 -
2337 3949 2343 3954 '

1852 4037 2443 4094 COMMENTARIUS.

571 4145 735 4199 CAP.
764 4145 877 4198 l.—
908 4144 962 4198 1.
991 4145 1237 4198 ΑΜΒιιοε.
1270 4143 1570 4220 Apostolus
1598 4143 1822 4214 scripsit
1852 4145 1923 4196 ad
1947 4145 2114 4198 Thes-
2135 4149 2180 4207 B
2201 4164 2296 4200 cos
2326 4147 2395 4202 ad
2428 4149 2797 4200 reverentiam
2821 4145 3111 4200 invitaret.

515 4234 890 4287 salonicenses
920 4233 1066 4285 hanc
1093 4233 1331 4302 primam
1367 4232 1692 4301 Epistolam,
1729 4233 1966 4286 laudans
2018 4251 2112 4286 eos
2270 4235 2319 4290 7.
2355 4237 2417 4288 Et
2455 4252 2542 4288 vos
2582 4238 2904 4289 imitatores.
2937 4234 3162 4289 Domini
3202 4239 3780 4295 commemorationem

514 4323 663 4393 quod
693 4321 1069 4375 sustinuerint
1093 4321 1332 4374 ﬁdeliter
1358 4321 1418 4372 in
1447 4321 1694 4373 adversis
1721 4338 1820 4390 pro
1852 4323 1961 4375 {ide
1991 4339 2113 4376 cer-
2194 4326 2406 4378 faciens
2433 4325 2641 4394 optime
2665 4324 2883 4377 videtur
2911 4325 3359 4385 exhortationem
3386 4327 3603 4385 fecisse.

508 4417 715 4465 tantes.
758 4409 996 4464 Instruit
1041 4425 1166 4461 vero
1224 4426 1317 4462 eos
1357 4415 1413 4462 et
1441 4410 1508 4462 de
1539 4409 1648 4462 illis
1675 4427 1797 4479 quae
1825 4412 1974 4481 apud
2014 4429 2108 4465 eos
2268 4415 2318 4468 8.
2349 4416 2483 4468 Cum
2507 4416 2730 4481 gaudio.
2763 4414 2958 4483 Neque
2983 4413 3133 4468 enim
3158 4415 3323 4470 aliter
3347 4418 3663 4486 gauderent
3688 4431 3780 4488 pro

511 4499 972 4553 inconvenienter
999 4498 1118 4566 geri
1148 4508 1499 4568 cognoverat.
2187 4503 2298 4556 illis
2323 4521 2448 4573 quae
2480 4504 2730 4557 nondum
2762 4503 3113 4557 videbantur.

579 4587 630 4642 2.
686 4589 889 4642 LANFR.
947 4590 1177 4641 Paulus.
1225 4589 1348 4640 Non
1391 4588 1551 4657 ponit
1592 4605 1797 4642 nomen
1826 4589 1993 4642 otﬁoii
2021 4590 2106 4643 sui
2259 4592 2307 4647 9.
2344 4593 2545 4646 Lassa.
2593 4596 2632 4646 A
2694 4594 2841 4645 vobis
2885 4596 3035 4646 enim
3080 4595 3402 4659 di/famatus
3445 4600 3544 4649 est.
3572 4595 3783 4651 Diceret

507 4677 827 4747 Apostolus,
882 4676 1026 4730 sicut
1072 4676 1130 4729 in
1162 4676 1285 4730 aliis
1322 4677 1603 4747 Epistolis,
1662 4679 1963 4731 ostendens
2005 4681 2105 4733 hos
2189 4681 2314 4750 quis
2357 4700 2367 4734 :
2405 4682 2668 4736 Sciebant
2697 4688 2832 4734 tunc
2853 4681 3184 4738 Macedones
3214 4683 3515 4738 etAchaici
3541 4701 3640 4738 eos
3668 4699 3781 4736 ver-

504 4781 630 4820 esse
663 4765 834 4820 bonos
861 4771 918 4820 et
945 4765 1239 4836 perfectos.
2187 4769 2321 4823 bum
2349 4771 2572 4824 Domini
2604 4771 2900 4840 accepisse.
2933 4771 3020 4824 Ad
3049 4771 3155 4824 hoc
3202 4773 3505 4842 respondet
3533 4791 3544 4824 :
3575 4775 3618 4828 Α
3643 4773 3782 4828 vobis

578 4853 629 4912 3.
661 4857 908 4910 AMBROS.
944 4858 1081 4909 Ante
1103 4857 1293 4909 Deum.
1322 4856 1396 4909 Ut
1425 4855 1575 4909 dicat
1604 4874 1615 4908 :
1643 4858 1908 4926 quoniam
1931 4857 2105 4926 placi-
2186 4863 2336 4913 enim
2381 4863 2702 4927 (ti/[amatus
2751 4865 2846 4928 est,
2894 4876 3077 4913 sermo
3108 4860 3349 4915 habetur
3369 4862 3439 4915 de
3461 4861 3615 4916 vobis
3641 4864 3780 4915 inter

503 4951 565 5000 ta
594 4946 710 5000 Deo
743 4945 852 4998 ista
881 4943 1075 4998 facitis.
2185 4965 2280 5001 eos
2301 4948 2371 5001 de
2403 4949 2513 5001 ﬁde
2551 4955 2755 5002 vestra.

571 5035 626 5088 4.
682 5034 904 5090 Larum.
937 5031 1194 5099 Scientes,
1243 5035 1448 5101 fratres
1496 5035 1703 5086 dilecti.
1734 5033 1958 5087 Gratias
1987 5037 2102 5106 agi-
2253 5037 2338 5090 10.
2369 5039 2613 5094 AMBROS.
2647 5039 2865 5092 Servi-re
2914 5039 3018 5091 Deo
3048 5041 3187 5092 vivo.
3221 5040 3548 5095 Notandum
3577 5045 3662 5096 est
3689 5056 3777 5094 au-

501 5141 645 5191 mus,
678 5124 762 5177 vel
784 5123 916 5194 quia
940 5123 1146 5177 scimus
1169 5123 1520 5186 electionem,
1545 5123 1628 5175 vel
1655 5129 1710 5174 et
1735 5139 1848 5186 vos,
1873 5123 2092 5192 fratres,
2180 5131 2296 5178 tem
2319 5127 2467 5196 quod
2495 5127 2550 5178 in
2579 5126 3010 5180 simulacrorum
3037 5128 3393 5184 abdicatione
3412 5130 3598 5186 Deum
3613 5136 3669 5184 et
3695 5129 3773 5182 vi-

501 5213 636 5267 estis
665 5212 980 5265 imitatores
1010 5211 1206 5264 nostri.
2183 5232 2309 5267 vum
2333 5221 2388 5267 et
2412 5232 2602 5268 verum
2631 5233 2752 5269 esse
2783 5217 3040 5270 asseruit.

571 5303 622 5356 5.
657 5302 723 5354 Et
754 5302 972 5367 Spiritu
1011 5305 1213 5365 sancto,
1265 5299 1320 5351 id
1351 5304 1454 5358 est,
1488 5299 1544 5352 in
1573 5302 1890 5354 ostensione
1919 5305 2097 5357 sancti
2249 5303 2340 5358 11.
2375 5307 2618 5357 Amus'r.
2659 5305 2770 5371 (lib.
2799 5319 2866 5358 xv
2897 5308 2974 5359 De
3005 5309 3154 5360 eicit.
3175 5309 3294 5373 Dei,
3323 5325 3370 5361 c.
3402 5307 3492 5373 25,
3524 5313 3661 5363 tom.
3684 5307 3768 5375 V).

498 5390 763 5460 Spiritus,
786 5403 885 5458 per
913 5405 1079 5463 quem
1100 5388 1391 5441 credentes
1422 5389 1735 5458 spiritualia
1758 5391 2095 5446 charismata
2180 5392 2351 5456 Quem
2399 5396 2702 5446 suscitavit.
2734 5395 2824 5447 Ira
2867 5395 2968 5448 Dei
3003 5411 3116 5449 non
3161 5396 3512 5466 perturbatio
3540 5404 3646 5464 est,
3675 5395 3769 5450 sed

447 5495 451 5500 ·
498 5478 808 5548 accepistis.
2117 5477 2163 5535 Ο
2171 5482 2448 5551 judicium
2482 5500 2591 5553 quo
2613 5482 2896 5552 irrogatur
2916 5501 3083 5554 pinna
3109 5491 3357 5556 peccato.

571 5565 628 5622 6.
661 5565 916 5624 AMBROS.
951 5568 1105 5622 Sicut
1134 5569 1304 5623 scit-is.
1333 5568 1570 5640 PrOpter
1602 5584 1700 5625 vos
1721 5570 1826 5624 hoc
1855 5570 2006 5639 dicit,
2029 5578 2094 5626 ut
