3878 6400
127 333 220 407 333
735 329 812 382 1N
850 329 916 381 D.
957 323 1174 382 PAULI
1212 322 1433 393 EPIST.
1477 321 1851 388 GOMMENT.
1900 354 1965 412 έ-
2007 326 2230 393 EPIST.
2271 329 2294 382 Ι
2331 329 2429 382 AD
2466 331 2712 386 THESS.
3231 337 3358 412 334

1557 408 1910 512 CAPUTIL'

181 564 227 615 1.
257 562 394 617 Nam
421 560 527 632 ipsi
553 559 730 623 scitis,
764 559 986 622 fratres,
1031 555 1327 614 introitum
1357 559 1610 611 nostrum
1643 556 1713 610 ad
1745 572 1858 618 vos,
1894 554 1946 612 '2.
1979 556 2111 626 quia
2139 573 2252 611 non
2286 557 2493 622 inanis.
2543 576 2769 628 vacuus,
2801 564 2884 618 uel
2921 567 3050 627 levis
3077 565 3184 625 fuit
3215 587 3228 622 :
3259 567 3360 629 ad

124 656 235 707 ante
261 649 402 719 passi
429 653 622 714 multa,
657 652 715 704 et
736 645 1094 701 contumeliis
1120 643 1302 700 affecti
1334 643 1500 709 (sicut
1527 642 1699 712 scitis)
1729 643 1787 698 in
1817 643 2109 714 Philippis,
2143 645 2404 702 ﬁduciam
2436 647 2734 708 habuimus
2761 649 2820 707 in
2850 651 2967 708 Deo
2983 659 3179 714 austro
3205 655 3360 725 loqui

123 740 180 796 ad
207 754 290 794 vos
318 737 676 806 Evangelium
709 735 809 793 Dei
834 735 893 790 in
929 734 1108 789 multa
1141 731 1535 787 sollicitudine.
1573 732 1690 788 Ideo
1715 734 1979 797 ﬁduciam
2004 735 2321 790 habuimus.
2356 735 2687 792 Exhortatio
2718 739 2868 794 enim
2889 746 3083 799 nostra
3109 759 3223 806 non
3245 746 3360 811 fuit

122 829 178 882 de
198 843 392 892 errore,
412 841 595 896 neque
622 825 691 880 de
707 823 1084 886 immunditia,
1106 837 1287 891 neque
1316 821 1374 876 in
1404 821 1550 876 idolo
1576 820 1710 886 ;sed
1735 821 1880 876 sicut
1910 821 2128 891 probati
2149 839 2342 878 sumus
2365 842 2400 881 a
2423 825 2558 891 Deo,
2577 831 2638 892 ut
2657 827 2982 888 crederetur
3003 830 3163 890 nobis
3180 829 3362 892 Evan-

116 916 320 986 gelium,
352 922 412 969 ut
431 917 729 982 probemur
748 931 783 967 α
817 915 914 966 Deo
943 914 1104 979 digni
1131 927 1236 966 esse
1259 911 1402 977 quod
1433 911 1584 964 nobis
1613 925 1779 962 suum
1811 911 1998 962 credat
2027 911 2410 978 Evangelium,
2439 912 2519 966 ita
2540 914 2843 984 loquimur,
2877 915 2927 972 3.
2954 934 3068 977 non
3087 920 3249 990 quasi
3265 921 3362 981 ho-

117 1005 333 1063 minibus
371 1005 677 1075 placentes,
707 1003 806 1058 sed
840 1003 956 1058 Deo
993 1001 1089 1070 qui
1135 999 1352 1070 probat,
1391 1001 1604 1063 laudat,
1633 998 1802 1052 corda
1831 1003 2042 1052 nostra.
2074 999 2268 1068 Neque
2317 1000 2466 1056 enim
2491 1006 2764 1070 placentes
2791 1008 3030 1076 (probat)
3055 1008 3361 1082 aliquando

116 1096 302 1153 fuimus
328 1094 385 1150 in
415 1109 675 1149 sermone
699 1091 1056 1154 adulationis,
1089 1089 1233 1144 sicut
1252 1087 1404 1142 scitis
1428 1105 1439 1153 ;
1474 1103 1656 1155 neque
1679 1086 1736 1140 in
1757 1086 2045 1148 occasione
2071 1088 2340 1153 avaritiae,
2370 1105 2472 1156 pro
2503 1094 2658 1146 luero
2672 1095 3050 1159 praedicantes.
3083 1097 3231 1156 Deus
3249 1104 3363 1157 tea-

116 1185 174 1240 tis
199 1190 304 1248 est;
338 1182 393 1239 4.
415 1199 521 1236 nec
548 1185 763 1249 fuimus
793 1184 1106 1249 quaerentes
1125 1178 1476 1246 pradicando
1495 1175 1566 1230 ab
1583 1174 1906 1234 hominibus
1933 1175 2191 1244 gloriam,
2225 1194 2408 1247 neque
2436 1195 2470 1235 ε.
2494 1179 2672 1249 vobis,
2695 1180 2757 1250 (α
2783 1185 3062 1251 partibus)
3087 1201 3274 1257 neque
3290 1187 3360 1245 ab

117 1272 240 1329 aliis.
272 1272 412 1328 Cum
444 1286 738 1341 possemus
766 1267 921 1322 vobis
952 1266 1108 1322 oneri
1141 1283 1280 1331 esse,
1311 1267 1625 1331 gloriando,
1650 1281 1707 1317 ve

1822 1270 1931 1318 stra
1953 1268 2314 1332 suscipiendo,
2338 1272 2402 1320 ut
2427 1271 2536 1321 alii
2563 1268 2773 1334 Christi
2793 1273 3031 1340 apostoli
3057 1292 3071 1345 ε
3103 1275 3202 1333 sed
3225 1276 3360 1338 facti

115 1380 283 1418 sumus
315 1361 553 1433 parvuli,
588 1360 824 1414 humiles
846 1363 895 1411 et
926 1355 1284 1420 inmunean
1317 1353 1499 1406 medio
1521 1357 1788 1416 vestrum,
1822 1353 1871 1406 5.
1905 1358 2176 1423 tanquam
2206 1355 2252 1408 si
2282 1356 2490 1420 nutrix,
2524 1373 2641 1424 qua:
2674 1364 2849 1416 mater
2877 1366 2972 1426 est,
3004 1361 3190 1420 foveat
3216 1364 3364 1423 ﬁlios

115 1468 240 1516 suos,
272 1467 382 1506 non
411 1452 640 1504 alienos.
677 1447 760 1500 Ita
785 1444 1170 1500 desiderantes
1201 1458 1315 1506 vos,
1349 1439 1548 1510 cupide
1588 1440 1909 1496 volebamus
1935 1442 2160 1496 tradere
2187 1442 2342 1501 vobis
2371 1461 2484 1500 non
2515 1446 2695 1502 solum
2715 1448 3079 1518 Evangelium
3112 1451 3234 1517 Dei,
3261 1452 3363 1511 sed

115 1541 262 1596 etiam
297 1540 515 1596 animas
547 1542 769 1592 nostras
797 1539 857 1588 ut
881 1550 984 1602 pro
1011 1535 1156 1586 vobis
1180 1545 1524 1584 mereremur
1561 1535 1685 1598 (ecce
1701 1534 1824 1595 cur)
1855 1531 2121 1599 quoniam
2152 1538 2188 1596 ι
2212 1535 2330 1596 .3
2357 1533 2671 1591 charissimi
2694 1536 2856 1594 nobis
2883 1538 3016 1595 facti
3035 1539 3190 1605 estis,
3220 1542 3365 1608 quod

114 1633 179 1683 ita
205 1646 303 1682 esse
321 1630 510 1695 scitis;
543 1627 623 1682 vel
651 1641 763 1679 non
787 1626 1003 1690 fuimus
1037 1623 1182 1674 vobis
1211 1623 1369 1674 oneri
1397 1624 1574 1672 vestra
1603 1616 1941 1686 capiendati.
1975 1621 2248 1677 Memores
2278 1622 2593 1678 enimestis
2623 1624 2824 1682 fratres
2855 1625 3062 1684 laboris
3095 1629 3274 1686 nostri
3308 1635 3366 1686 et

116 1717 437 1786 fatigationis
471 1717 604 1785 (ecce
629 1715 822 1777 labor),
855 1715 1036 1774 nocte,
1071 1715 1126 1764 et
1153 1709 1243 1761 die
1266 1713 1581 1778 operantes,
1617 1723 1687 1760 ne
1719 1723 1886 1777 quem
1916 1714 2164 1764 vestrum
2207 1726 2592 1778 gravaremus,
2627 1714 2758 1776 (ecce
2796 1714 3083 1786 fatigatio)
3107 1717 3369 1786 pradica-

116 1807 274 1859 vimus
303 1806 360 1858 in
389 1804 547 1858 vobis
578 1802 943 1871 Evangelium
996 1799 1117 1853 Dei.
1162 1798 1274 1850 Vos
1318 1801 1489 1849 testes
1533 1796 1685 1861 estis,
1737 1801 1793 1848 et
1839 1797 2008 1863 Deus,
2043 1815 2210 1866 quam
2242 1806 2455 1864 sancte,
2498 1817 2610 1856 non
2635 1803 2938 1867 adulando,
2975 1809 3035 1862 et
3053 1805 3227 1873 justo,
3254 1823 3368 1864 non

115 1900 309 1962 propter
341 1898 568 1947 lucrum
590 1892 964 1959 praedicando,
999 1893 1055 1940 et
1092 1887 1210 1940 sine
1239 1886 1486 1955 querela,
1520 1884 1692 1946 vobis,
1735 1885 1831 1953 qui
1876 1885 2211 1951 credidistis,
2237 1887 2465 1953 fuimus,
2495 1892 2781 1955 a/fuimus,
2816 1891 2960 1944 sicut
2983 1893 3161 1960 scitis,
3194 1895 3371 1965 quali-

117 1990 188 2036 ter
211 1997 667 2052 unumquemque
695 1985 943 2033 vestrum
977 1977 1143 2044 (sicut
1189 1981 1349 2045 pater
1397 1974 1539 2027 ﬁlios
1581 1977 1728 2028 suos)
1759 1973 2122 2043 deprecantes
2151 1989 2248 2028 vos
2288 1981 2345 2029 et
2373 1978 2745 2040 consolantes,
2780 1980 3061 2034 testiﬁcati
3088 1999 3285 2041 sumus
3305 1990 3372 2038 ut

117 2071 450 2134 ambularetis
482 2071 652 2140 digne
682 2069 820 2134 Deo,
851 2068 946 2138 qui
975 2067 1192 2119 vocavit
1227 2081 1322 2118 vos
1348 2064 1407 2116 in
1436 2079 1601 2115 suum
1630 2077 1866 2130 regnum
1898 2069 1954 2116 et
1979 2063 2217 2133 gloriam
2270 2069 2403 2132 quia
2431 2070 2635 2119 vocavit
2663 2083 2750 2119 vos
2781 2069 2920 2120 Deus
2949 2075 2996 2121 et
3026 2086 3114 2123 vos
3145 2076 3369 2134 tantum

117 2163 555 2217 desiderabamus.
582 2159 710 2212 Ideo
742 2164 797 2210 et
823 2174 926 2210 nos
949 2157 1160 2226 gratias
1191 2154 1412 2222 agimus
1445 2152 1558 2204 Deo
1588 2151 1708 2203 sine
1736 2151 2170 2214 intermissione,
2205 2150 2256 2206 7.
2295 2153 2579 2230 quoniam,
2613 2171 2741 2208 cum
2773 2157 3125 2226 accepissetis
3146 2177 3180 2214 a
3208 2159 3370 2228 nobis

117 2249 315 2303 verbum
343 2249 574 2302 auditus
605 2247 703 2300 Dei
732 2247 1014 2314 (perquod
1033 2246 1269 2298 auditur
1292 2244 1446 2304 Deus,
1483 2246 1542 2293 ut
1575 2267 1588 2294 :
1623 2241 1729 2306 Qui
1755 2256 1843 2292 vos
1868 2241 2047 2304 audit,
2072 2257 2155 2292 me
2181 2243 2358 2306 audit)
2389 2243 2681 2312 accepistis
2709 2243 2866 2308 illud,
2893 2260 3005 2298 non
3045 2252 3111 2299 ut
3139 2247 3373 2303 verbum

120 2339 404 2402 hominum,
439 2354 555 2390 non
576 2339 782 2400 viliter,
816 2334 912 2387 sed
938 2334 1100 2388 (sicut
1129 2339 1214 2384 est
1235 2335 1384 2397 vere)
1419 2328 1650 2382 verbum
1679 2328 1797 2384 Dei.
1829 2328 1924 2402 qui
1955 2335 2220 2398 operatur
2246 2329 2305 2382 in
2333 2329 2486 2383 vobis
2521 2333 2620 2397 (vel
2648 2335 2947 2398 miracula,
2972 2335 3059 2388 vel
3082 2338 3225 2403 quod
3252 2353 3370 2398 cre-

121 2428 273 2491 ditis),
305 2426 402 2498 qui
429 2424 768 2479 credidistis.
794 2425 923 2476 Alia
951 2425 1098 2474 ratio
1128 2435 1230 2473 cur
1258 2422 1471 2486 gratias
1494 2421 1641 2483 agat,
1675 2421 1755 2470 vel
1786 2423 2016 2470 ostensio
2041 2420 2184 2486 quod
2213 2421 2275 2471 in
2305 2421 2380 2471 eis
2409 2426 2682 2486 operetur.
2721 2419 2777 2475 8.
2809 2422 2922 2475 Vos
2953 2423 3102 2476 enim
3130 2424 3374 2498 imitato-

125 2533 196 2568 res
226 2516 348 2572 facti
375 2514 532 2580 estis,
566 2514 787 2576 fratres,
810 2509 1186 2564 Ecclesiarum
1217 2507 1338 2571 Dei,
1373 2522 1495 2576 quae
1517 2510 1648 2557 sunt
1673 2504 1730 2557 in
1759 2506 1968 2571 Judaea,
2015 2507 2071 2559 in
2102 2507 2324 2560 Christo
2354 2507 2390 2560 J
2395 2523 2512 2571 esu,
2544 2511 2606 2561 in
2628 2511 2729 2576 ﬁde
2756 2511 2989 2575 Christi;
3024 2515 3086 2565 in
3115 2513 3212 2567 hoc
3239 2517 3374 2570 imi-

123 2609 294 2658 tatores
326 2607 464 2673 facti
484 2606 637 2665 estis,
670 2600 801 2671 quia
827 2600 1021 2653 eadem
1051 2597 1199 2668 passi
1231 2596 1362 2650 estis
1394 2601 1450 2647 et
1478 2610 1574 2646 vos
1604 2610 1636 2646 a
1665 2594 2070 2648 contribulibus
2093 2595 2311 2660 vestris,
2353 2598 2627 2663 gent-ibus,
2678 2598 2823 2652 sicut
2867 2605 2926 2653 et
2972 2601 3079 2682 ipsi
3106 2617 3139 2654 a
3168 2603 3376 2659 Judaais

122 2694 198 2765 qui
226 2699 278 2750 et
302 2692 608 2746 Dominum
639 2689 964 2743 occiderunt
991 2688 1181 2740 Jesum
1216 2688 1281 2750 (si
1308 2701 1388 2736 nm
1418 2684 1688 2742 persecuti
1707 2689 1836 2736 sunt
1862 2689 1914 2736 et
1939 2700 2026 2736 vos
2044 2689 2458 2752 persequentur)
2478 2691 2535 2738 et
2555 2687 2876 2756 prophetas,
2903 2693 2959 2742 et
2975 2705 3076 2743 nos
3097 2691 3375 2760 persecuti

121 2787 246 2844 sunt,
277 2788 331 2836 et
361 2782 473 2835 Deo
504 2795 618 2833 non
649 2780 888 2852 placent,
921 2782 978 2831 et
1007 2775 1265 2830 omnibus
1290 2771 1632 2835 hominibus,
1669 2773 1912 2823 utilitati
1941 2776 2194 2824 omnium
2237 2773 2549 2838 hominum,
2597 2775 2983 2841 adversantur,
3015 2778 3376 2847 prohibentes

126 2886 209 2928 nos
226 2887 334 2939 pra
362 2871 587 2925 invidia
617 2866 877 2936 gentibus
896 2864 1069 2935 loqui,
1098 2863 1418 2932 praedicare,
1451 2867 1516 2913 ut
1537 2859 1700 2912 salvae
1728 2859 1886 2926 ﬁant,
1917 2865 1981 2912 ut
2000 2859 2271 2929 impleant
2298 2862 2478 2913 Judaei
2505 2867 2732 2930 peccata
2763 2880 2865 2916 sua
2894 2879 3133 2935 semper,
3167 2871 3250 2931 ut,
3277 2869 3376 2936 qui

126 2961 176 3013 in
200 2961 442 3012 sordibus
475 2963 571 3022 est,
601 2958 866 3008 sordescat
897 2954 1076 3006 adhuc
1092 2969 1113 3019 ;
1144 2949 1398 3021 pervenit
1427 2949 1578 3002 enim
1610 2949 1762 3014 {quia
1771 2949 1896 3014 jam
1922 2949 2277 3016 prajudicati
2304 2951 2462 3016 sunt)
2501 2950 2587 3002 ira
2617 2949 2718 3003 Dei
2759 2967 2928 3021 super
2954 2953 3101 3017 illos,
3137 2957 3200 3007 in
3218 2971 3372 3024 supe-

123 3050 247 3100 riori
271 3064 479 3114 eorum,
512 3049 596 3098 vel
628 3045 874 3111 desuper,
899 3041 953 3096 9.
979 3058 1176 3111 usque,
1205 3042 1486 3092 duratura
1514 3052 1682 3103 neque
1707 3034 1765 3087 in
1797 3035 1966 3088 finem
1994 3039 2180 3089 saeculi
2199 3055 2210 3088 :
2244 3052 2346 3089 nos
2367 3042 2578 3096 autem,
2599 3038 2823 3105 fratres,
2851 3040 3086 3100 desolati
3109 3045 3243 3110 quia
3272 3045 3374 3097 ab-

127 3142 274 3189 sentes
296 3152 490 3189 sumus
521 3151 557 3187 a
581 3131 733 3192 vobis
777 3132 846 3184 ad
887 3137 1109 3200 tempus
1135 3129 1305 3193 horae,
1339 3129 1535 3192 verbis,
1565 3130 1622 3178 et
1663 3129 1911 3198 aspectu,
1943 3139 2056 3176 non
2086 3124 2271 3189 corde,
2326 3125 2704 3188 abundantius
2746 3127 3136 3193 festinavimus
3174 3129 3376 3192 faciem

124 3233 337 3278 vestram
365 3225 560 3280 videre
586 3239 712 3276 cum
737 3221 913 3277 multo
937 3219 1234 3282 desiderio,
1269 3215 1534 3287 quoniam
1563 3213 1842 3267 voluimus
1869 3212 2058 3265 venire
2099 3213 2169 3265 ad
2197 3230 2314 3279 vos,
2345 3229 2448 3283 ego
2474 3214 2698 3284 quidem
2739 3217 2947 3272 Paulus
2983 3220 3069 3287 (ne
3096 3221 3377 3274 videretur

122 3313 298 3368 divisse
326 3317 387 3370 de
410 3316 568 3376 aliis,
595 3328 706 3370 non
736 3313 798 3364 de
828 3310 925 3380 se),
961 3316 1018 3363 et
1046 3307 1220 3362 semel
1245 3311 1301 3359 et
1321 3305 1546 3369 iterum,
1565 3305 1659 3366 bis,
1686 3302 1778 3355 sed
1807 3301 2098 3371 impedivit
2128 3319 2229 3355 nos
2257 3303 2529 3370 (quadam
2565 3306 2973 3372 tribulationes,
3004 3309 3085 3370 vel
3110 3310 3172 3361 in
3202 3323 3379 3366 mem-

124 3402 218 3456 bris
236 3407 384 3465 suis)
420 3403 680 3457 Satanas.
717 3402 872 3454 Ratio
901 3415 1004 3453 cur
1042 3400 1226 3450 venire
1254 3396 1534 3447 desideret.
1583 3392 1719 3454 Quae
1763 3396 1847 3444 est
1875 3391 2024 3444 enim
2048 3396 2243 3444 nostra
2269 3407 2414 3461 spes,
2444 3396 2545 3445 aut
2569 3393 2864 3462 gaudium,
2897 3400 2998 3449 aut
3025 3411 3232 3451 corona
3258 3399 3378 3472 glo-

122 3489 241 3542 ria?
264 3492 457 3545 Nonne
482 3507 580 3544 vos
609 3492 740 3542 ante
771 3487 1071 3541 Dominum
1104 3486 1132 3538 J
1139 3501 1296 3538 esum
1328 3482 1614 3536 Christum
1641 3496 1758 3548 spes
1782 3485 1972 3533 nostra
2009 3486 2056 3533 et
2087 3482 2360 3548 gaudium
2391 3480 2526 3534 estis
2553 3481 2611 3534 in
2641 3482 2884 3537 adventu
2926 3483 3047 3554 ejus
3065 3485 3092 3538 7
3130 3486 3252 3541 Ideo
3280 3474 3380 3543 vo-

126 3581 396 3644 lumus(vel
426 3583 548 3634 sola
572 3577 980 3646 antipophora),
1011 3591 1108 3628 vos
1145 3573 1294 3626 enim
1327 3571 1460 3624 estis
1488 3569 1672 3642 gloria
1697 3574 1891 3630 nostra
1917 3573 1975 3624 et
2002 3569 2292 3638 gaudium.

1461 3718 1499 3782 ι
1520 3716 1638 3780 g4
1672 3711 1906 3770 CAPUT
1937 3711 2034 3766 III.

186 3839 406 3910 Propter
429 3837 604 3910 quod.
633 3838 766 3905 quia
787 3835 913 3888 estis
937 3847 1051 3899 spes
1073 3834 1283 3892 nostra,
1315 3841 1424 3882 non
1457 3822 1798 3878 sustinentes
1821 3818 2082 3888 amplius,
2111 3816 2323 3910 placuit
2365 3818 2541 3884 nobis,
2567 3821 2712 3910 mihi
2725 3822 2855 3910 soli,
2888 3836 3180 3910 remanere
3206 3822 3378 3883 Athe-

129 3925 217 3994 nis,
246 3907 392 3998 solis,
420 3907 481 3984 et
502 3926 759 3981 misimus
799 3937 977 3991 nuper
1019 3922 1073 3974 1.
1108 3917 1464 3974 Timotheum
1512 3912 1744 3966 fratrem
1789 3913 2041 3962 nostrum
2075 3917 2132 3961 et
2159 3907 2480 3966 ministrum
2497 3909 2599 3964 Dei
2628 3908 2687 3967 in
2718 3909 3018 3979 Evangelia
3046 3909 3275 3979 Christi,
3303 3911 3378 3966 ad

1455 4050 2042 4109 COMMENTARIUS.

189 4193 334 4251 CAP.
367 4195 443 4250 Π,
479 4225 542 4239 ...
583 4191 632 4248 1,
673 4192 882 4250 Lupa.
913 4191 1061 4247 Nam
1091 4189 1199 4256 ipsi
1242 4188 1413 4240 scitis.
1447 4182 1562 4252 Ipsi
1592 4197 1694 4236 an-
1716 4188 1766 4246 Α
1855 4174 1910 4228 5.
1943 4176 2185 4230 Auous'r.
2224 4179 2396 4232 (enar.
2430 4177 2494 4228 in
2518 4191 2600 4244 ps.
2643 4189 2790 4243 XLIX,
2838 4174 2984 4234 circa
3019 4178 3208 4244 finem,
3233 4184 3373 4240 tam.

132 4283 368 4337 nuntiant
397 4283 550 4354 quod
589 4298 781 4334 verum
816 4286 932 4345 est;
964 4296 1060 4334 vos
1105 4276 1254 4332 enim
1286 4274 1436 4330 scitis
1476 4271 1697 4342 qualem
1783 4264 1952 4354 Vlill-
1990 4265 2271 4354 Tanquam
2299 4265 2586 4354 είῗζῑλυίνίιτ-
2610 4264 2736 4320 Non
2763 4265 2950 4328 nutrix
2970 4265 3116 4324 ﬁlios
3135 4266 3373 4335 alienos,

133 4351 552 4428 introitumin
583 4370 697 4425 alia
725 4370 891 4431 ratio,
915 4383 1015 4425 cur
1037 4367 1087 4420 ei
1113 4383 1226 4420 non
1267 4365 1341 4417 sit
1369 4377 1594 4416 necesse
1627 4360 1700 4411 lo-
1783 4352 1879 4406 sed
1905 4352 2092 4410 nutrix
2122 4353 2311 4406 fovens
2339 4351 2482 4408 ﬁlios
2511 4369 2660 4409 suos.

137 4461 230 4528 ψιὶυ
278 4462 396 4526 νεὶ,
462 4459 672 4531 ετίρυὶι
725 4476 827 4512 D08
885 4457 954 4514 ab
1008 4457 1093 4512 ira
1131 4460 1384 4519 ventum,
1425 4467 1555 4505 nam
1594 4448 1701 4518 ίρεί
1854 4456 1907 4515 6.
1941 4460 2146 4514 LANFR.
2179 4461 2439 4514 Memores
2465 4463 2638 4516 enim.
2661 4460 2922 4516 Ostendit
2950 4463 3228 4532 quomodo
3257 4463 3378 4520 ani-

135 4549 266 4604 scitis
310 4551 610 4610 introitum
645 4553 924 4615 nostrum,
966 4551 1176 4617 quanta
1227 4544 1285 4597 in
1331 4559 1396 4596 eo
1434 4539 1584 4612 passi
1615 4555 1704 4591 su-
1786 4565 1957 4614 mam,
1991 4548 2047 4603 id
2081 4553 2164 4602 est
2195 4548 2365 4603 vitam
2393 4565 2590 4614 δαείη.-
2610 4550 2689 4606 eis
2719 4550 2972 4605 tradidit.

136 4648 258 4727 mus.
579 4725 588 4727 _
655 4726 658 4727 ν
891 4725 898 4727 _
1037 4725 1045 4727 _
1119 4724 1134 4727 ﬂ
1183 4723 1210 4727 __
1284 4718 1314 4727 η
1501 4715 1510 4725 _
1641 4713 1672 4727 ,ι
1858 4654 1909 4709 7.
1967 4657 2212 4709 AMBROS.
2259 4658 2532 4722 Quoniam
2581 4673 2710 4710 cum
2758 4660 3109 4726 acoepissetis.
3169 4659 3379 4714 Eorum

193 4722 241 4779 2.
282 4727 528 4784 uanos.
557 4725 697 4790 Ουτά
727 4739 840 4780 ηοη
875 4725 1071 4776 inanis
1100 4723 1233 4810 fuit;
1280 4718 1466 4810 Scaifisi
1498 4718 1700 4810 inquit“
1785 4744 2007 4797 laudem
2041 4718 2459 4810 commemorat,
2482 4751 2546 4799 ut
2575 4745 2801 4799 illorum
2830 4718 3178 4801 alacritatem
3209 4749 3381 4803 susci-

141 4815 374 4881 quoniam
403 4832 518 4869 non
544 4813 799 4868 absolute
837 4828 1021 4882 neque
1059 4808 1295 4864 fortuitu
1327 4806 1398 4861 ad
1426 4821 1520 4858 vos
1550 4804 1704 4856 veni-
1786 4839 1885 4886 tet.
1920 4834 2054 4896 Qum
2079 4850 2212 4903 erga
2241 4851 2299 4887 se
2328 4840 2461 4888 sunt
2489 4841 2988 4902 commemorat,“
3007 4853 3103 4891 eos
3131 4837 3203 4891 ad
3228 4855 3381 4893 mve__

141 4916 263 4968 mus,
292 4905 386 4960 sed
416 4903 569 4976 passi
597 4903 793 4958 Iun-ita.
1787 4922 2027 4976 rentiam
2059 4923 2320 4976 adducat.

199 4995 244 5045 3.
273 4994 474 5050 LLRFB.
504 4994 627 5050 Non
653 4994 813 5060 quasi
833 4991 1150 5046 hominibus
1173 4983 1705 5056 placentes.Placere

145 5079 264 5136 etin
290 5081 455 5151 bono,
495 5086 554 5138 et
578 5080 638 5136 in
671 5080 818 5136 malo
861 5078 1166 5141 invenitur,
1202 5075 1299 5129 sed
1328 5077 1398 5127 de
1441 5088 1550 5142 quo
1582 5071 1705 5140 pla-

145 5170 280 5225 cendi
329 5173 471 5227 mihi
522 5170 612 5226 hic
656 5170 810 5227 locus
857 5168 950 5228 sit.
991 5165 1287 5235 subjungit
1321 5183 1331 5216 :
1360 5165 1427 5216 In
1459 5177 1705 5215 ser-mone

147 5260 479 5317 adulationis.
512 5259 747 5314 Adulari
790 5259 940 5312 enim
969 5257 1030 5311 in
1081 5255 1228 5308 malo
1258 5269 1479 5323 semper
1503 5250 1707 5306 inveni-

1859 5226 1912 5279 9.
1948 5227 2151 5281 LANFR.
2200 5229 2368 5297 Usque
2404 5232 2466 5281 in.
2516 5231 2701 5294 ﬁnem.
2753 5229 2940 5298 Usque
2975 5228 3032 5282 in
3065 5229 3232 5286 ﬁnem
3264 5230 3384 5302 qui-

147 5351 241 5402 n".
467 5315 477 5317 ἡ
1381 5315 1398 5323 ’
1792 5315 1921 5368 dum
1953 5316 2129 5370 ,Ιυάεεὶ
2153 5315 2424 5371 increduli
2447 5321 2640 5385 erunt;
2665 5323 2801 5372 tunc
2821 5317 2968 5384 enim
2996 5317 3178 5382 omnis
3208 5318 3383 5384 Israel

1801 5405 2123 5460 salvabitur.

1857 5028 1908 5082 8.
1957 5031 2044 5082 Vos
2093 5033 2244 5083 enim
2288 5030 2782 5094 imitatores.Bene
2807 5037 2998 5086 autern
3038 5049 3132 5086 eos
3169 5037 3255 5086 est
3286 5034 3381 5087 ad-

1787 5120 2065 5184 hortatus,
2092 5135 2541 5173 commemorans
2569 5119 2714 5184 illos,
2739 5127 2801 5174 ut
2833 5127 2888 5173 et
2916 5121 3020 5196 ipsi
3042 5121 3378 5182 sustineant.

208 5439 254 5492 4.
278 5441 647 5498 Ammoth'ee
664 5443 981 5508 quaerentes.
1015 5435 1353 5493 (lautissima
1386 5431 1715 5502 posuit,non

149 5536 418 5592 querentes
436 5548 459 5599 ,-
498 5531 605 5585 hoc
646 5535 733 5585 est
764 5545 880 5585 non
907 5529 1012 5586 hoc
1032 5525 1407 5596 auspicantes,
1433 5539 1532 5576 nec
1565 5522 1707 5578 hanc
1731 5516 1776 5574 B
1871 5512 2028 5567 CAP.
2061 5515 2292 5572 ΙΙΙ-«1.
2320 5516 2522 5570 Lssra.
2549 5512 3042 5572 TimolheumNon
3068 5511 3126 5570 in
3152 5513 3389 5574 hacvioe

151 5614 395 5674 habentes
420 5624 576 5675 actus
609 5620 787 5674 nostri
817 5616 1209 5677 intentionem,
1810 5617 1938 5655 cum
1976 5604 2082 5658 hac
2113 5604 2363 5676 Epistola
2389 5602 2542 5656 misit
2568 5617 2722 5662 eum,
2752 5601 2849 5655 sed
2888 5599 3216 5672 priusquam
3245 5604 3391 5668 hanc
