3878 6374
541 327 648 388 335
1534 328 1600 382 Β.
1639 326 2052 381 LANFRANCI
2091 325 2448 380 CANTUAR.
2488 324 2820 379 ARCHIEP.
3708 323 3800 381 336

550 451 972 509 conﬁrmandos
999 469 1096 506 vos
1117 451 1182 506 in
1201 453 1322 520 ﬁde,
1355 455 1410 506 et
1425 450 1797 506 exhortandos
1818 453 1879 504 in
1897 452 2141 503 moribus
2169 466 2270 520 pro
2298 449 2408 503 ﬁde
2436 453 2639 512 vestra,
2671 453 2735 502 ut
2763 462 2928 500 nemo
2959 449 3250 500 moveatur
3277 446 3331 499 in
3359 445 3804 502 tribulationibus

539 539 686 606 istis,
718 553 854 607 quas
877 539 1154 606 patimini
1177 555 1190 604 ;
1223 553 1318 590 nec
1346 539 1543 590 debetis
1563 536 1802 598 moveri;
1832 533 1886 590 2.
1919 535 2026 605 ipsi
2057 535 2207 590 enim
2238 537 2388 590 scitis
2421 537 2568 608 quod
2597 537 2653 590 in
2685 537 2788 589 hoc
2813 535 2980 606 positi
3009 534 3204 599 simus,
3241 540 3298 586 ut
3324 537 3637 602 patiamur.
3670 537 3802 590 Nam

542 633 750 682 etcum
779 625 930 697 apud
953 642 1050 679 vos
1078 641 1348 690 essemus,
1383 623 1820 696 pnedicebamus
1851 622 2006 676 vobis
2037 640 2297 693 passuros
2338 643 2440 679 nos
2477 625 2888 684 tribulationes,
2919 623 3062 676 sicut
3093 627 3150 676 et
3172 623 3384 676 factum
3415 629 3522 687 est,
3554 629 3611 678 et
3638 625 3801 678 scitis.

540 715 867 786 Propterea,
902 716 1037 782 quia
1062 715 1506 776 tribulabamini,
1531 717 1588 766 et
1617 728 1720 781 ego
1749 711 1991 780 amplius
2019 728 2131 766 non
2160 713 2464 775 sustinens,
2514 711 2641 765 misi
2685 712 2754 765 ad
2783 710 3222 780 cognoscendam
3253 711 3419 764 ﬁdem
3451 717 3715 778 vestram,
3741 729 3806 767 ne

540 803 689 858 forte
714 801 1018 856 tentaverit
1037 818 1133 855 vos
1158 801 1206 855 is
1245 801 1342 872 qui
1368 805 1570 865 tentat,
1605 801 1873 862 diabolus,
1907 805 1963 852 et
1991 799 2172 854 inanis
2201 802 2302 854 ﬁat
2328 801 2489 854 labor
2503 808 2714 854 noster.
2745 801 2908 853 Nunc
2937 805 3124 852 autem
3143 799 3399 853 veniente
3425 800 3722 855 Timotheo
3741 803 3806 855 ad

540 908 646 946 nos
674 909 709 946 a
738 889 894 944 vobis
928 895 985 944 et
1013 890 1385 944 annuntiante
1415 888 1576 942 nobis
1608 888 1772 940 ﬁdem
1805 893 1861 941 et
1891 887 2224 942 charitatem
2253 894 2516 956 vestram,
2541 895 2599 943 et
2627 889 2760 960 quia
2787 889 3120 942 memoriam
3151 888 3330 942 nostri
3360 889 3582 942 habetis
3610 889 3804 945 bonam

541 995 787 1050 semper,
816 978 1200 1032 desiderantes
1222 994 1324 1031 nos
1353 977 1562 1040 videre,
1589 975 1735 1030 sicut
1755 980 1809 1029 et
1837 991 1937 1029 nos
1967 993 2188 1046 quoque
2218 995 2332 1042 vos,
2360 979 2484 1032 ideo
2515 977 2786 1032 consolati
2821 977 3269 1045 sumus.fratres,
3298 976 3356 1030 in
3385 976 3560 1044 vobis,
3591 980 3716 1033 licet
3741 984 3806 1034 si-

515 1085 664 1122 Jmus
688 1067 745 1120 in
769 1067 921 1120 omni
952 1067 1285 1120 necessitate
1311 1070 1369 1118 et
1403 1064 1764 1118 tribulatione
1794 1069 2006 1130 nostra,
2041 1082 2142 1135 per
2168 1066 2334 1119 ﬁdem
2364 1071 2628 1129 vestram,
2661 1066 2924 1136 quoniam
2957 1082 3106 1119 nunc
3137 1065 3390 1134 vivimus,
3415 1069 3740 1134 gaudemus,
3763 1069 3804 1120 si

539 1173 638 1211 vos
667 1156 832 1210 statis
858 1156 917 1208 in
950 1155 1386 1218 Domino.Quam
1417 1153 1568 1207 enim
1595 1155 1826 1221 dignam
1843 1155 2156 1222 gratiarum
2188 1155 2462 1208 actionem
2489 1171 2788 1225 possumus
2810 1155 2925 1208 Deo
2947 1154 3260 1208 retribuere
3283 1171 3381 1226 pro
3399 1155 3554 1210 vobis
3571 1156 3632 1210 in
3657 1155 3802 1210 omni

533 1243 742 1316 gaudio
780 1260 890 1314 quo
926 1244 1240 1314 gaudemus
1272 1248 1501 1314 propter
1521 1258 1615 1295 vos
1645 1247 1777 1295 ante
1806 1242 1981 1296 Deum
2014 1249 2288 1307 nostrum,
2323 1249 2486 1296 nocte
2540 1259 2605 1296 ac
2645 1243 2735 1296 die
2773 1243 3156 1297 abundantius
3187 1250 3414 1298 orantes
3437 1250 3501 1298 ut
3521 1245 3802 1299 videamus

529 1332 730 1388 faciem
761 1336 1004 1385 vestram
1036 1338 1095 1386 et
1121 1331 1500 1402 compleamus
1529 1347 1595 1383 ea
1621 1347 1744 1400 qum
1769 1330 1973 1383 desunt
2001 1332 2132 1384 ﬁdei
2157 1339 2354 1386 vestrae
2373 1331 2401 1384 ξ’
2446 1336 2667 1386 nullam
2711 1336 2922 1401 utique.
2974 1333 3098 1403 Ipse
3136 1338 3328 1386 autem
3372 1333 3521 1387 Deus
3560 1341 3617 1388 et
3645 1335 3804 1388 Pater

531 1426 744 1486 noster,
771 1427 830 1474 et
855 1419 1127 1474 Dominus
1151 1421 1176 1473 J
1185 1436 1314 1474 esus
1343 1419 1614 1474 Christus.
1641 1419 1848 1488 dirigat
1867 1419 2011 1472 viam
2037 1425 2286 1474 nostram
2309 1420 2378 1474 ad
2403 1437 2518 1474 vos.
2549 1421 2661 1474 Vos
2687 1427 2876 1474 autem
2907 1421 3182 1475 Dominus
3201 1422 3539 1492 multiplicet
3558 1427 3618 1477 et
3640 1423 3804 1478 abun-

531 1509 668 1563 dare
697 1507 869 1562 faciat
887 1508 1218 1562 charitatem
1244 1513 1482 1561 vestram
1517 1509 1574 1560 in
1601 1507 1836 1560 invicem
1863 1515 1918 1560 et
1947 1506 2003 1560 in
2028 1525 2242 1575 omnes,
2277 1509 2750 1579 quemadmodum
2779 1516 2834 1563 et
2864 1527 2966 1562 nos
2994 1509 3053 1562 in
3081 1509 3257 1578 vobis,
3285 1513 3488 1565 scilicet
3516 1514 3802 1566 abundan-

533 1600 646 1651 tius
673 1597 961 1661 charitate,
999 1597 1070 1650 ad
1098 1595 1484 1650 conﬁrmanda
1516 1595 1687 1648 corda
1722 1601 1908 1648 vestra
1937 1595 2056 1648 sine
2087 1597 2330 1665 querela,
2377 1613 2444 1650 ne
2481 1599 2622 1650 Deus
2649 1603 2921 1665 queratur
2947 1597 3012 1650 de
3041 1599 3208 1664 vobis,
3263 1603 3326 1651 ut
3371 1601 3493 1652 sitis
3541 1603 3626 1654 vel
3667 1606 3721 1653 et
3748 1601 3801 1654 in

527 1685 844 1750 sanctitate,
870 1690 1000 1738 ante
1029 1684 1208 1739 Deum
1241 1690 1298 1738 et
1335 1684 1562 1738 Patrem
1597 1689 1874 1750 nostrum,
1907 1683 1966 1736 in
2003 1684 2265 1751 adventu,
2299 1688 2363 1763 in
2391 1687 2480 1738 die
2499 1687 2734 1753 judicii.
2772 1685 2994 1739 Domini
3019 1686 3197 1740 nostri
3249 1688 3382 1741 Jesu
3413 1687 3646 1756 Christi,
3681 1705 3802 1742 cum

527 1772 790 1828 omnibus
820 1772 1026 1827 sanctis
1055 1774 1194 1844 ejus.
1228 1774 1428 1827 Amen.

1979 1923 2212 1978 CAPUT
2250 1925 2346 1979 IV.

2172 2016 2203 2050 δ

587 2085 642 2140 1.
665 2085 746 2142 De
765 2089 986 2150 caetero,
1017 2085 1080 2138 dc
1102 2085 1235 2137 aliis
1264 2085 1564 2151 praceptis,
1595 2099 1748 2153 ergo,
1769 2083 1994 2148 fratres,
2019 2098 2285 2152 rogamus
2307 2099 2422 2150 vos,
2448 2087 2506 2137 et
2527 2083 2904 2151 obsecramus,
2921 2083 2978 2138 in
2998 2083 3237 2140 Domino
3253 2085 3283 2138 Ι
3287 2101 3406 2152 esu,
3438 2090 3503 2140 ut
3529 2087 3799 2158 quemad-

513 2174 746 2230 modum
763 2173 1057 2246 accepistis
1079 2187 1114 2225 a
1133 2169 1294 2225 nobis
1323 2172 1603 2241 quomodo
1634 2177 1892 2242 oporteat
1916 2187 2010 2224 vos
2037 2170 2328 2227 ambulare
2357 2180 2413 2227 et
2439 2174 2659 2244 placere
2691 2175 2826 2235 Deo,
2849 2175 2930 2227 sic
2968 2179 3024 2226 et
3052 2173 3372 2240 ambuletis,
3404 2179 3468 2228 ut
3495 2175 3794 2230 abundetis

509 2264 712 2334 magis.
736 2263 900 2320 Scitis
913 2263 1064 2317 enim
1090 2277 1232 2332 quae,
1267 2277 1436 2328 quam
1464 2265 1963 2331 sancta,przecepta
1991 2261 2242 2317 dederim
2269 2261 2424 2315 vobis
2470 2269 2502 2326 ﬂ
2527 2267 2646 2326 θεῖ
2671 2279 2772 2332 per
2795 2261 3100 2316 Dominum
3131 2263 3484 2317 Jesum.Ecce
3503 2269 3794 2334 praecepta.

510 2351 643 2406 Haec
671 2357 759 2406 est
785 2352 936 2406 enim
967 2350 1225 2403 voluntas
1259 2349 1361 2402 Dei
1381 2349 1748 2402 sanctiﬁcatio
1774 2355 1980 2416 vestra,
2015 2349 2066 2402 2.
2102 2355 2166 2404 ut
2196 2350 2526 2404 abstineatis
2555 2368 2650 2404 vos
2681 2368 2714 2404 a
2739 2351 3213 2420 fornicatione,ut
3241 2352 3382 2405 sciat
3409 2353 3798 2424 unusquisque

506 2445 756 2494 vestrum
779 2457 876 2494 vas
903 2455 1068 2494 suum
1103 2436 1390 2508 possidere
1419 2436 1478 2490 in
1507 2437 1946 2492 sanctiﬁcatione
1975 2445 2032 2492 et
2052 2438 2286 2501 honore,
2319 2437 2350 2494 3
2403 2455 2516 2493 non
2539 2439 2598 2493 in
2627 2440 2886 2510 passione
2911 2439 3194 2504 desiderii,
3239 2457 3408 2509 quam
3445 2441 3792 2495 desiderium

493 2527 880 2598 perﬁcit,sicut
907 2532 966 2582 et
991 2532 1340 2598 gentes,quze
1370 2526 1634 2596 ignorant
1649 2529 1857 2595 Deum;
1884 2534 1941 2582 et
1969 2545 2040 2581 ne
2062 2527 2188 2598 quis
2213 2527 2966 2596 supergrediatur,adgrarcl
3005 2531 3068 2580 in
3099 2529 3417 2594 negotio,vel
3437 2530 3798 2596 superbiendo

497 2633 682 2688 neque
709 2615 1126 2678 circumveniat,
1152 2617 1525 2684 promittendo
1556 2618 1700 2671 nihil
1733 2620 1932 2679 dando,
1951 2617 2007 2670 in
2037 2615 2280 2686 negotio,
2314 2618 2376 2668 in
2397 2619 2590 2684 aliqua
2620 2632 2697 2680 re,
2731 2617 2966 2670 fratrem
2993 2617 3455 2686 suum,quoniam
3477 2615 3682 2671 vindex
3704 2621 3788 2670 est

501 2703 776 2760 Dominus
803 2704 874 2758 de
895 2703 984 2760 bis
1015 2703 1446 2766 omnibus,sicut
1459 2705 1816 2774 praediximus
1845 2704 2114 2774 vobis,(ne
2141 2706 2264 2756 sitis
2293 2705 2705 2770 fornicarii,rel
2731 2707 2931 2766 sancti,
2961 2709 3017 2756 et
3045 2704 3330 2758 testiﬁcati
3361 2705 3644 2759 sumus.4.
3667 2707 3790 2760 Non

508 2792 662 2846 enim
693 2791 908 2846 vocavit
935 2808 1036 2846 nos
1058 2793 1208 2845 Deus
1233 2791 1291 2844 in
1321 2790 1760 2858 immunditiam,
1781 2796 1974 2847 utsitis
2006 2791 2412 2855 immundi,sed
2433 2791 2490 2844 in
2507 2791 3023 2844 sanctiﬁcationem.
3042 2793 3094 2846 5.
3121 2793 3336 2862 Itaque,
3365 2796 3498 2861 quia
3524 2798 3786 2848 voluntas

503 2881 604 2936 Dei
624 2885 718 2944 est,
747 2883 914 2934 nolite
933 2895 1220 2949 spernere;
1248 2879 1345 2950 qui
1375 2880 1509 2940 haec,
1537 2883 1804 2935 mandata
1831 2883 1948 2947 Dei,
1980 2879 2215 2951 spernit,
2247 2896 2359 2934 non
2391 2879 2674 2934 hominem
2705 2880 2939 2950 spernit,
2974 2879 3072 2933 sed
3103 2881 3300 2945 Deum,
3337 2880 3432 2951 qui
3462 2898 3577 2936 non
3609 2887 3788 2937 solum

499 2971 790 3039 superiora
809 2971 1075 3038 praecipit,
1107 2969 1198 3022 sed
1225 2967 1394 3022 etiam
1425 2965 1476 3024 6.
1513 2969 1668 3024 dedit
1697 2969 1969 3040 Spiritum
1990 2986 2155 3024 suum
2184 2973 2440 3021 sanctum
2475 2967 2533 3021 in
2554 2967 2731 3022 nobis.
2765 2969 2846 3022 De
2884 2969 3158 3022 charitate
3185 2975 3376 3022 autem
3405 2969 3785 3024 fraternitatis

503 3073 618 3112 non
646 3073 875 3112 necesse
902 3056 1177 3111 habemus
1205 3055 1450 3110 scribere
1480 3057 1635 3110 vobis
1660 3076 1672 3125 ;
1709 3056 1760 3112 7.
1787 3057 1896 3128 ipsi
1922 3056 2070 3111 enim
2100 3075 2194 3111 vos
2221 3073 2255 3110 a
2283 3058 2397 3110 Deo
2421 3057 2695 3110 didicistis
2724 3063 2788 3111 ut
2810 3057 3059 3127 diligatis
3089 3057 3345 3112 invicem.
3369 3056 3422 3114 8.
3465 3059 3696 3114 Etenim
3727 3060 3792 3113 il-

501 3146 602 3201 lud
629 3145 812 3202 facitis
829 3145 888 3200 in
903 3161 1097 3199 omnes
1124 3144 1324 3198 fratres
1353 3145 1411 3198 in
1440 3144 1699 3200 universa
1726 3146 2064 3200 Macedonia.
2105 3144 2156 3202 9.
2181 3145 2464 3215 Rogamus
2493 3151 2684 3200 autem
2713 3161 2828 3209 vos,
2859 3146 3081 3212 fratres,
3100 3151 3164 3200 ut
3189 3145 3484 3200 abundetis
3514 3149 3720 3218 magis,
3743 3151 3796 3200 et

505 3248 740 3304 operam
769 3232 914 3288 detis
943 3238 1007 3286 ut
1029 3232 1204 3302 quieti
1227 3232 1372 3297 sitis,
1405 3239 1460 3288 et
1489 3239 1552 3288 ut
1578 3239 1826 3288 vestrum
1857 3235 2144 3304 negotium
2190 3233 2392 3304 agatis,
2431 3239 2489 3286 et
2537 3233 2848 3304 operemini
2898 3233 3158 3288 manibus
3207 3235 3426 3301 vestris,
3470 3235 3620 3288 sicut
3662 3253 3796 3306 pra:-

505 3321 759 3393 cepimus
790 3320 960 3387 vobis,
994 3326 1052 3375 et
1076 3327 1140 3375 ut
1155 3321 1388 3376 honeste
1417 3322 1715 3377 ambuletis
1743 3324 1814 3377 ad
1839 3341 1933 3378 eos
1963 3324 2060 3394 qui
2109 3322 2244 3377 foris
2273 3327 2426 3386 sunt,
2461 3328 2519 3377 et
2561 3324 2772 3378 nullius
2808 3323 3023 3394 aliquid
3065 3323 3416 3378 desideratis.
3447 3322 3536 3390 10,
3579 3323 3676 3391 11,
3703 3324 3790 3381 1‘2.

504 3411 786 3466 Nolumus
823 3394 1025 3466 autem.
1041 3427 1138 3464 vos
1166 3410 1446 3480 ignorare,
1478 3411 1703 3482 fratres,
1730 3412 1800 3466 de
1827 3411 2256 3477 dormientibus,
2292 3412 2586 3478 defunctis,
2622 3417 2684 3465 ut
2712 3429 2826 3466 non
2851 3411 3282 3480 contristemini,
3313 3413 3460 3466 sicut
3488 3417 3548 3466 et
3577 3413 3792 3478 caeteri,

1888 3563 2480 3619 COMMENTARIUS.

509 3715 818 3788 Epistolam
846 3714 1116 3772 mitteret.
1144 3713 1409 3787 Alioquin
1439 3731 1550 3770 non
1571 3732 1697 3770 cum
1722 3732 1787 3770 eo
1800 3713 2168 3776 salutassetA
2255 3713 2308 3772 6.
2343 3719 2502 3771 Dedit
2532 3719 2800 3786 spiritum
2831 3733 3018 3771 suum.
3073 3715 3138 3770 Id
3171 3720 3258 3770 est
3289 3715 3422 3788 quia
3463 3733 3578 3772 non
3608 3719 3792 3774 solum

509 3821 605 3860 eos
631 3805 691 3860 in
715 3805 1010 3878 prooemio.

577 3893 634 3952 2.
665 3897 778 3965 Ipsi
803 3897 954 3950 enim
983 3897 1154 3948 scitis.
1191 3894 1432 3948 Causam
1465 3892 1745 3948 submovit
1768 3911 1866 3948 cur
1899 3893 2106 3948 moveri

509 3999 605 4038 eos
631 4000 746 4038 non
775 3989 1052 4055 oporteat,
1072 3982 1366 4053 ipsamque
1387 3981 1777 4036 auctoritatem
1811 3983 1896 4054 [[2,
1921 3989 2108 4038 aucto-

508 4069 707 4143 ritate]
731 4088 924 4126 eorum
957 4073 1273 4126 conﬁrmat.

583 4159 642 4216 3.
674 4160 818 4215 Nam
861 4165 910 4214 et
967 4176 1094 4214 cum
1123 4161 1276 4228 apud
1304 4176 1411 4214 vos.
1441 4159 1709 4215 Eamdem
1740 4177 1963 4216 causam
2005 4178 2110 4216 sua

510 4247 848 4303 auctoritate
877 4249 1189 4302 conﬁrmat.

581 4336 736 4392 CAP.
765 4335 854 4391 IV.
891 4366 952 4378 -
990 4334 1038 4392 l.
1070 4338 1322 4394 Anaaos.
1355 4339 1432 4392 De
1451 4344 1656 4406 cetera,
1685 4341 1909 4407 fratres.
1939 4339 2106 4393 Post-

511 4440 682 4495 quam
713 4424 908 4478 laudes
935 4427 1360 4493 consummavit,
1391 4443 1530 4498 quas
1559 4445 1729 4499 super
1753 4427 1884 4482 ﬁdei
1909 4445 2104 4482 eorum

511 4512 730 4566 dixerat
763 4512 1094 4568 inﬁrmitate
1133 4515 1222 4584 [f.,
1274 4514 1592 4588 ﬁrmitate],
1644 4513 1906 4571 hortatur
1934 4523 1999 4572 ut
2037 4517 2108 4570 de

453 4588 460 4595 ’
509 4606 714 4656 caetero
741 4600 868 4654 vitae
893 4617 1088 4656 eorum
1120 4601 1467 4672 diligentiam
1497 4603 1820 4658 adhibeant.

581 4687 636 4744 2.
667 4689 876 4744 LANFR.
912 4690 977 4744 Ut
1000 4691 1321 4744 abstineatis
1375 4707 1485 4756 vos,
1519 4698 1625 4746 etc.
1670 4691 1915 4762 Praecepi
1952 4691 2106 4746 vobis

505 4784 574 4835 ut
592 4777 924 4833 abstineatis
947 4795 981 4832 a
1007 4778 1396 4847 fornicatione,
1420 4787 1548 4847 etc.,
1583 4797 1761 4852 usque
1793 4782 1862 4836 ad
1887 4782 2010 4848 hoc,
2044 4788 2107 4836 ut

506 4869 632 4922 silis
650 4869 850 4934 sancti,
877 4869 1022 4936 quod
1057 4872 1174 4924 vult
1203 4870 1475 4923 Dominus
1499 4874 1556 4924 et
1579 4869 1684 4924 hoc
1711 4877 1796 4924 est
1833 4888 1844 4923 :
1878 4872 2000 4925 Haec
2030 4884 2106 4932 est

509 4961 662 5012 enim
689 4959 946 5010 voluntas
971 4957 1090 5012 Dei.

584 5044 637 5102 3.
665 5047 790 5102 Non
819 5047 883 5100 in
900 5049 1166 5114 passione.
1197 5044 1388 5100 Passio
1414 5045 1698 5115 desiderii,
1731 5046 1952 5119 quando
1974 5065 2101 5120 pec-

505 5140 694 5192 catum
719 5135 1092 5200 desideratur,
1129 5140 1184 5189 et
1214 5151 1326 5189 non
1354 5137 1661 5206 perﬁcitur.

575 5223 773 5282 4.1Von
793 5226 946 5278 enim
978 5226 1204 5278 vocavit.
1231 5223 1590 5278 Contrarium
1619 5225 1878 5293 destruit,
1909 5233 1972 5282 ut
1991 5233 2102 5283 sta-

504 5318 632 5368 tuat
657 5313 899 5368 alterum
923 5312 1293 5377 contrarium,
1324 5311 1381 5366 id
1404 5318 1508 5380 est,
1537 5330 1788 5369 essemus
1810 5317 2026 5371 mundi.

575 5401 629 5454 5.
662 5404 847 5471 Itaque
873 5404 973 5470 qui
1004 5404 1114 5456 haec
1143 5404 1373 5470 spernit.
1413 5402 1528 5456 Hoc
1568 5420 1633 5458 ex
1672 5405 1948 5476 superiori
1977 5424 2100 5462 sen-

503 5489 683 5544 tentia
708 5489 1010 5561 colligitur,
1043 5506 1156 5560 qua
1191 5487 1332 5544 dixit
1355 5503 1372 5546 :
1424 5491 1546 5546 [Lac
1571 5498 1645 5546 est
1667 5496 1817 5548 enim
1843 5498 2096 5552 voluntas

502 5579 620 5634 Dei.

2185 3806 2478 3876 superiora
2503 3811 2779 3876 praecepta
2808 3804 3146 3876 praedicandi
3175 3805 3337 3860 nobis
3363 3807 3574 3860 invexit
3603 3808 3708 3862 sed
3731 3814 3792 3864 ut

2186 3895 2417 3965 majoris
2446 3894 2796 3949 auctoritatis
2841 3894 2898 3948 in
2932 3895 3284 3965 praedicando
3318 3911 3570 3950 essemus
3603 3897 3784 3969 Spiri-

2188 3989 2310 4038 tum
2331 3988 2587 4038 sanctum
2618 4000 2784 4038 suum
2811 3982 2972 4038 nobis
3001 3983 3176 4038 dedit.

2260 4069 2313 4126 7.
2356 4073 2470 4140 Ipsi
2492 4089 2579 4125 ros
2608 4073 2900 4137 didicistis,
2929 4087 3030 4142 per
3060 4069 3487 4142 inspirationem
3516 4072 3788 4139 divinam,

2191 4161 2277 4214 vel
2307 4177 2408 4232 per
2435 4159 2814 4231 evangelicum
2868 4166 3228 4232 praeceptum,
3263 4159 3360 4214 ubi
3407 4177 3443 4216 a
3470 4161 3701 4219 Christo
3727 4164 3795 4218 de

2193 4250 2490 4304 dilectione
2519 4250 2858 4320 praecipitur.

2259 4338 2312 4394 8.
2337 4340 2554 4393 Etenim
2583 4341 2789 4406 facitis.
2819 4337 2942 4394 Alia
2965 4355 3135 4394 causa
3161 4356 3261 4394 cur
3279 4339 3349 4394 de
3376 4339 3658 4396 charitate
3679 4358 3791 4398 non

2190 4428 2398 4482 habeat
2427 4427 2508 4482 eis
2536 4445 2762 4482 necesse
2781 4427 3048 4484 scribere.

2261 4515 2314 4572 9.
2346 4519 2617 4584 Rogamus
2647 4535 2752 4584 vos,
2786 4523 2890 4572 etc.
2925 4519 3136 4573 Contra
3160 4535 3254 4574 eos
3285 4519 3380 4590 qui
3425 4518 3792 4590 inquirebant

2193 4606 2382 4660 omnia
2413 4605 2596 4671 otiosi,
2630 4607 2771 4660 nihil
2802 4605 3142 4662 laborantes.

2259 4695 2348 4752 10.
2392 4697 2666 4750 Nolumus
2683 4701 2869 4750 autem
2890 4712 2996 4752 vos.
3033 4697 3115 4751 Ad
3150 4696 3276 4752 illos
3302 4695 3398 4768 qui
3425 4695 3702 4752 dolebant
3721 4698 3789 4752 de

2191 4783 2404 4842 amicis.
2433 4785 2592 4855 quasi
2621 4801 2733 4838 non
2765 4785 3190 4839 resurrecturis.

2268 4872 2610 4929 11.Aueusr.
2629 4877 2818 4940 (serm.
2849 4872 2933 4938 31,
2966 4876 3038 4928 De
3052 4875 3389 4943 verb.Apost.
3422 4891 3543 4946 cap,
3563 4873 3615 4938 7,
3644 4881 3786 4930 tom.

2189 4962 2276 5031 Χ).
2309 4963 2582 5016 Nolumus
2630 4969 2814 5016 autem
2861 4963 3007 5016 Nam
3060 4963 3186 5017 ideo
3227 4969 3284 5017 et
3311 4963 3661 5018 dormientes
3693 4981 3790 5019 eos

2187 5051 2450 5122 appellat.
2489 5051 2792 5122 Scriptura:
2813 5051 3172 5105 veracissima
3191 5052 3626 5117 consuetudo,ut
3655 5069 3788 5108 cum

2187 5140 2531 5194 dormientes
2561 5139 2839 5206 audimus,
2863 5139 3224 5211 evigilaturos
3252 5139 3486 5194 minime
3513 5139 3787 5212 despere-

2184 5245 2330 5284 mus.

2255 5321 2308 5373 2.
2339 5320 2580 5375 AMBROS.
2606 5321 2877 5375 Nolumus
2925 5323 3130 5372 autem.
3161 5321 3309 5374 Bene
3341 5334 3455 5372 non
3482 5317 3782 5373 tristitiam

2181 5407 2515 5468 ademit,sed
2536 5408 2870 5463 immensam
2897 5424 3022 5462 eam
3046 5407 3333 5478 perhibuit
3355 5407 3781 5478 comparatione

2179 5497 2647 5566 adversariorum,
2704 5499 2775 5553 ad
2815 5497 3208 5552 verecundiam
3249 5513 3344 5552 eos
3387 5497 3687 5565 devocans,
3722 5503 3782 5552 et

2180 5587 2329 5658 quod
2352 5587 2434 5642 illi
2463 5603 2577 5642 non
2601 5587 2811 5644 habent
2835 5603 3012 5660 spem.
