  <div class='ocr_page' id='page_1' title='image "/cluster/home/n/w/nwhite01/storage/ocr_20150623/150/umn.31951002477443u/210.png"; bbox 0 0 3878 6356; ppageno 0'>
   <div class='ocr_carea' id='block_1_1' title="bbox 116 307 3387 407">
    <p class='ocr_par' dir='ltr' id='par_1_1' title="bbox 116 307 3387 407">
     <span class='ocr_line' id='line_1_1' title="bbox 116 307 3387 407; baseline 0.006 -44"><span class='ocrx_word' id='word_1_1' title='bbox 116 307 212 375; x_wconf 70' lang='grc' dir='ltr'>33ῗ</span> <span class='ocrx_word' id='word_1_2' title='bbox 760 311 840 366; x_wconf 87' lang='grc' dir='ltr'><strong>ΙΝ</strong></span> <span class='ocrx_word' id='word_1_3' title='bbox 875 310 944 367; x_wconf 95' lang='lat' dir='ltr'>D.</span> <span class='ocrx_word' id='word_1_4' title='bbox 986 309 1202 368; x_wconf 87' lang='lat' dir='ltr'>PAULI</span> <span class='ocrx_word' id='word_1_5' title='bbox 1239 311 1464 369; x_wconf 87' lang='lat' dir='ltr'>EPIST.</span> <span class='ocrx_word' id='word_1_6' title='bbox 1506 312 1875 371; x_wconf 84' lang='lat' dir='ltr'>COMMENT.</span> <span class='ocrx_word' id='word_1_7' title='bbox 1920 348 1984 362; x_wconf 89' lang='lat'>--</span> <span class='ocrx_word' id='word_1_8' title='bbox 2026 316 2253 373; x_wconf 87' lang='lat' dir='ltr'>EPIST.</span> <span class='ocrx_word' id='word_1_9' title='bbox 2288 318 2321 399; x_wconf 25' lang='lat' dir='ltr'>II</span> <span class='ocrx_word' id='word_1_10' title='bbox 2359 318 2456 374; x_wconf 89' lang='lat' dir='ltr'>AD</span> <span class='ocrx_word' id='word_1_11' title='bbox 2493 320 2740 383; x_wconf 87' lang='lat' dir='ltr'>THESS.</span> 
     </span>
    </p>
   </div>
   <div class='ocr_carea' id='block_1_2' title="bbox 116 432 3377 511">
    <p class='ocr_par' dir='ltr' id='par_1_2' title="bbox 116 432 3377 511">
     <span class='ocr_line' id='line_1_2' title="bbox 116 432 3377 511; baseline 0.003 -24"><span class='ocrx_word' id='word_1_12' title='bbox 116 432 205 505; x_wconf 86' lang='lat' dir='ltr'>qui</span> <span class='ocrx_word' id='word_1_13' title='bbox 229 448 387 505; x_wconf 80' lang='lat' dir='ltr'>Spem</span> <span class='ocrx_word' id='word_1_14' title='bbox 420 437 844 490; x_wconf 78' lang='lat' dir='ltr'>resurrectionis</span> <span class='ocrx_word' id='word_1_15' title='bbox 872 452 984 490; x_wconf 87' lang='lat' dir='ltr'>non</span> <span class='ocrx_word' id='word_1_16' title='bbox 1013 436 1199 491; x_wconf 86' lang='lat' dir='ltr'>habet.</span> <span class='ocrx_word' id='word_1_17' title='bbox 1234 438 1292 492; x_wconf 90' lang='lat' dir='ltr'>Si</span> <span class='ocrx_word' id='word_1_18' title='bbox 1319 439 1470 492; x_wconf 91' lang='lat' dir='ltr'>enim</span> <span class='ocrx_word' id='word_1_19' title='bbox 1496 440 1778 495; x_wconf 79' lang='lat' dir='ltr'>credimus</span> <span class='ocrx_word' id='word_1_20' title='bbox 1822 442 1971 511; x_wconf 92' lang='lat' dir='ltr'>quod</span> <span class='ocrx_word' id='word_1_21' title='bbox 2012 443 2041 496; x_wconf 89' lang='lat' dir='ltr'><strong>J</strong></span> <span class='ocrx_word' id='word_1_22' title='bbox 2047 458 2175 496; x_wconf 92' lang='lat' dir='ltr'>esus</span> <span class='ocrx_word' id='word_1_23' title='bbox 2204 447 2461 497; x_wconf 90' lang='lat' dir='ltr'>mortuus</span> <span class='ocrx_word' id='word_1_24' title='bbox 2486 449 2576 497; x_wconf 90' lang='lat' dir='ltr'>est</span> <span class='ocrx_word' id='word_1_25' title='bbox 2601 448 2658 498; x_wconf 91' lang='lat' dir='ltr'>et</span> <span class='ocrx_word' id='word_1_26' title='bbox 2685 443 3012 506; x_wconf 85' lang='lat' dir='ltr'>resurrexit,</span> <span class='ocrx_word' id='word_1_27' title='bbox 3044 447 3377 511; x_wconf 82' lang='lat' dir='ltr'>(resurgent,</span> 
     </span>
    </p>
   </div>
   <div class='ocr_carea' id='block_1_3' title="bbox 118 522 3386 608">
    <p class='ocr_par' dir='ltr' id='par_1_3' title="bbox 118 522 3386 608">
     <span class='ocr_line' id='line_1_3' title="bbox 118 522 3386 608; baseline 0.003 -35"><span class='ocrx_word' id='word_1_28' title='bbox 118 538 236 574; x_wconf 83' lang='lat' dir='ltr'>nam</span> <span class='ocrx_word' id='word_1_29' title='bbox 267 522 528 575; x_wconf 74' lang='lat' dir='ltr'>Christus</span> <span class='ocrx_word' id='word_1_30' title='bbox 550 527 871 589; x_wconf 68' lang='lat' dir='ltr'><strong><em>resurrexit,</em></strong></span> <span class='ocrx_word' id='word_1_31' title='bbox 899 527 1041 593; x_wconf 80' lang='lat' dir='ltr'>quod</span> <span class='ocrx_word' id='word_1_32' title='bbox 1068 527 1370 596; x_wconf 75' lang='lat' dir='ltr'>credimus]</span> <span class='ocrx_word' id='word_1_33' title='bbox 1395 529 1445 595; x_wconf 93' lang='lat' dir='ltr'>(a</span> <span class='ocrx_word' id='word_1_34' title='bbox 1474 525 1677 597; x_wconf 88' lang='lat' dir='ltr'>simili)</span> <span class='ocrx_word' id='word_1_35' title='bbox 1698 528 1779 581; x_wconf 88' lang='lat' dir='ltr'>ita</span> <span class='ocrx_word' id='word_1_36' title='bbox 1806 534 1863 582; x_wconf 86' lang='lat' dir='ltr'>et</span> <span class='ocrx_word' id='word_1_37' title='bbox 1884 530 2034 583; x_wconf 88' lang='lat' dir='ltr'>Deus</span> <span class='ocrx_word' id='word_1_38' title='bbox 2055 546 2150 583; x_wconf 88' lang='lat' dir='ltr'>eos</span> <span class='ocrx_word' id='word_1_39' title='bbox 2173 531 2267 600; x_wconf 90' lang='lat' dir='ltr'>qui</span> <span class='ocrx_word' id='word_1_40' title='bbox 2296 531 2650 586; x_wconf 80' lang='lat' dir='ltr'>dormierunt</span> <span class='ocrx_word' id='word_1_41' title='bbox 2668 549 2775 608; x_wconf 84' lang='lat' dir='ltr'>per_</span> <span class='ocrx_word' id='word_1_42' title='bbox 2792 534 2983 587; x_wconf 90' lang='lat' dir='ltr'>Jesum</span> <span class='ocrx_word' id='word_1_43' title='bbox 3001 530 3240 584; x_wconf 85' lang='lat' dir='ltr'>adducet</span> <span class='ocrx_word' id='word_1_44' title='bbox 3258 545 3386 584; x_wconf 92' lang='lat' dir='ltr'>cum</span> 
     </span>
    </p>
   </div>
   <div class='ocr_carea' id='block_1_4' title="bbox 115 608 3383 692">
    <p class='ocr_par' dir='ltr' id='par_1_4' title="bbox 115 608 3383 692">
     <span class='ocr_line' id='line_1_4' title="bbox 115 608 3383 692; baseline 0.002 -30"><span class='ocrx_word' id='word_1_45' title='bbox 115 625 172 663; x_wconf 92' lang='lat' dir='ltr'>eo</span> <span class='ocrx_word' id='word_1_46' title='bbox 197 608 282 680; x_wconf 91' lang='lat' dir='ltr'>(ab</span> <span class='ocrx_word' id='word_1_47' title='bbox 305 613 645 665; x_wconf 79' lang='lat' dir='ltr'>auctoritate</span> <span class='ocrx_word' id='word_1_48' title='bbox 671 614 784 679; x_wconf 86' lang='lat' dir='ltr'>sui,</span> <span class='ocrx_word' id='word_1_49' title='bbox 824 618 875 666; x_wconf 86' lang='lat' dir='ltr'>et</span> <span class='ocrx_word' id='word_1_50' title='bbox 915 614 1052 677; x_wconf 89' lang='lat' dir='ltr'>Dei).</span> <span class='ocrx_word' id='word_1_51' title='bbox 1086 612 1172 668; x_wconf 85' lang='lat'>13.</span> <span class='ocrx_word' id='word_1_52' title='bbox 1205 615 1322 668; x_wconf 88' lang='lat' dir='ltr'>Hoc</span> <span class='ocrx_word' id='word_1_53' title='bbox 1352 615 1501 669; x_wconf 90' lang='lat' dir='ltr'>enim</span> <span class='ocrx_word' id='word_1_54' title='bbox 1531 615 1685 669; x_wconf 84' lang='lat' dir='ltr'>vobis</span> <span class='ocrx_word' id='word_1_55' title='bbox 1714 616 1951 671; x_wconf 87' lang='lat' dir='ltr'>dicimus</span> <span class='ocrx_word' id='word_1_56' title='bbox 1981 619 2038 672; x_wconf 90' lang='lat' dir='ltr'>in</span> <span class='ocrx_word' id='word_1_57' title='bbox 2079 618 2246 672; x_wconf 90' lang='lat' dir='ltr'>verbo</span> <span class='ocrx_word' id='word_1_58' title='bbox 2277 619 2520 685; x_wconf 88' lang='lat' dir='ltr'>Domini,</span> <span class='ocrx_word' id='word_1_59' title='bbox 2554 621 2687 691; x_wconf 85' lang='lat' dir='ltr'>quia</span> <span class='ocrx_word' id='word_1_60' title='bbox 2717 637 2839 683; x_wconf 80' lang='lat' dir='ltr'>nos.</span> <span class='ocrx_word' id='word_1_61' title='bbox 2875 620 2970 692; x_wconf 91' lang='lat' dir='ltr'>qui</span> <span class='ocrx_word' id='word_1_62' title='bbox 2986 619 3253 683; x_wconf 84' lang='lat' dir='ltr'>.vivimus,</span> <span class='ocrx_word' id='word_1_63' title='bbox 3286 617 3383 688; x_wconf 89' lang='lat' dir='ltr'>qui</span> 
     </span>
    </p>
   </div>
   <div class='ocr_carea' id='block_1_5' title="bbox 112 698 3385 778">
    <p class='ocr_par' dir='ltr' id='par_1_5' title="bbox 112 698 3385 778">
     <span class='ocr_line' id='line_1_5' title="bbox 112 698 3385 778; baseline 0.003 -27"><span class='ocrx_word' id='word_1_64' title='bbox 112 698 307 752; x_wconf 85' lang='lat' dir='ltr'>residui</span> <span class='ocrx_word' id='word_1_65' title='bbox 337 714 543 752; x_wconf 90' lang='lat' dir='ltr'>sumus</span> <span class='ocrx_word' id='word_1_66' title='bbox 569 698 629 753; x_wconf 91' lang='lat' dir='ltr'>in</span> <span class='ocrx_word' id='word_1_67' title='bbox 658 700 962 755; x_wconf 84' lang='lat' dir='ltr'>adventum</span> <span class='ocrx_word' id='word_1_68' title='bbox 994 701 1238 768; x_wconf 88' lang='lat' dir='ltr'>Domini,</span> <span class='ocrx_word' id='word_1_69' title='bbox 1263 720 1376 757; x_wconf 88' lang='lat' dir='ltr'>non</span> <span class='ocrx_word' id='word_1_70' title='bbox 1404 704 1806 774; x_wconf 67' lang='lat' dir='ltr'>praeveniemus</span> <span class='ocrx_word' id='word_1_71' title='bbox 1833 723 1927 760; x_wconf 92' lang='lat' dir='ltr'>eos</span> <span class='ocrx_word' id='word_1_72' title='bbox 1953 706 2048 778; x_wconf 90' lang='lat' dir='ltr'>qui</span> <span class='ocrx_word' id='word_1_73' title='bbox 2068 707 2436 773; x_wconf 84' lang='lat' dir='ltr'>dormierunt,</span> <span class='ocrx_word' id='word_1_74' title='bbox 2465 710 2559 763; x_wconf 85' lang='lat' dir='ltr'>sed</span> <span class='ocrx_word' id='word_1_75' title='bbox 2584 712 2756 764; x_wconf 80' lang='lat' dir='ltr'>simul</span> <span class='ocrx_word' id='word_1_76' title='bbox 2786 712 3095 778; x_wconf 86' lang='lat' dir='ltr'>rapiemur.</span> <span class='ocrx_word' id='word_1_77' title='bbox 3117 708 3205 761; x_wconf 83' lang='grc'>14.</span> <span class='ocrx_word' id='word_1_78' title='bbox 3237 706 3385 771; x_wconf 87' lang='lat' dir='ltr'>Quo-</span> 
     </span>
    </p>
   </div>
   <div class='ocr_carea' id='block_1_6' title="bbox 110 785 3385 866">
    <p class='ocr_par' dir='ltr' id='par_1_6' title="bbox 110 785 3385 866">
     <span class='ocr_line' id='line_1_6' title="bbox 110 785 3385 866; baseline 0.003 -28"><span class='ocrx_word' id='word_1_79' title='bbox 110 785 250 839; x_wconf 86' lang='lat' dir='ltr'>niam</span> <span class='ocrx_word' id='word_1_80' title='bbox 278 785 402 856; x_wconf 89' lang='lat' dir='ltr'>ipse</span> <span class='ocrx_word' id='word_1_81' title='bbox 432 787 713 842; x_wconf 89' lang='lat' dir='ltr'>Dominus</span> <span class='ocrx_word' id='word_1_82' title='bbox 741 788 799 843; x_wconf 92' lang='lat' dir='ltr'>in</span> <span class='ocrx_word' id='word_1_83' title='bbox 822 791 989 860; x_wconf 87' lang='lat' dir='ltr'>jussu</span> <span class='ocrx_word' id='word_1_84' title='bbox 1025 793 1231 855; x_wconf 90' lang='lat' dir='ltr'>Patris,</span> <span class='ocrx_word' id='word_1_85' title='bbox 1254 794 1336 845; x_wconf 85' lang='lat' dir='ltr'>vel</span> <span class='ocrx_word' id='word_1_86' title='bbox 1355 794 1556 860; x_wconf 85' lang='lat' dir='ltr'>jubens</span> <span class='ocrx_word' id='word_1_87' title='bbox 1586 797 1646 846; x_wconf 89' lang='lat' dir='ltr'>ut</span> <span class='ocrx_word' id='word_1_88' title='bbox 1681 795 1842 858; x_wconf 90' lang='lat' dir='ltr'>Deus,</span> <span class='ocrx_word' id='word_1_89' title='bbox 1876 800 1933 848; x_wconf 93' lang='lat' dir='ltr'>et</span> <span class='ocrx_word' id='word_1_90' title='bbox 1972 796 2032 849; x_wconf 93' lang='lat' dir='ltr'>in</span> <span class='ocrx_word' id='word_1_91' title='bbox 2062 813 2192 850; x_wconf 87' lang='lat' dir='ltr'>voce</span> <span class='ocrx_word' id='word_1_92' title='bbox 2229 796 2572 866; x_wconf 85' lang='lat' dir='ltr'>archangeli,</span> <span class='ocrx_word' id='word_1_93' title='bbox 2614 801 2669 851; x_wconf 87' lang='lat' dir='ltr'>et</span> <span class='ocrx_word' id='word_1_94' title='bbox 2699 797 2759 850; x_wconf 90' lang='lat' dir='ltr'>in</span> <span class='ocrx_word' id='word_1_95' title='bbox 2790 795 2925 851; x_wconf 90' lang='lat' dir='ltr'>tuba</span> <span class='ocrx_word' id='word_1_96' title='bbox 2951 795 3056 861; x_wconf 88' lang='lat' dir='ltr'>Dei</span> <span class='ocrx_word' id='word_1_97' title='bbox 3083 793 3385 849; x_wconf 87' lang='lat' dir='ltr'>descendet</span> 
     </span>
    </p>
   </div>
   <div class='ocr_carea' id='block_1_7' title="bbox 109 874 3384 955">
    <p class='ocr_par' dir='ltr' id='par_1_7' title="bbox 109 874 3384 955">
     <span class='ocr_line' id='line_1_7' title="bbox 109 874 3384 955; baseline 0.002 -27"><span class='ocrx_word' id='word_1_98' title='bbox 109 875 170 928; x_wconf 89' lang='lat' dir='ltr'>de</span> <span class='ocrx_word' id='word_1_99' title='bbox 186 874 345 944; x_wconf 73' lang='lat' dir='ltr'>cmlo,</span> <span class='ocrx_word' id='word_1_100' title='bbox 366 880 425 930; x_wconf 89' lang='lat' dir='ltr'>et</span> <span class='ocrx_word' id='word_1_101' title='bbox 454 878 668 931; x_wconf 86' lang='lat' dir='ltr'>mortui</span> <span class='ocrx_word' id='word_1_102' title='bbox 699 879 795 949; x_wconf 91' lang='lat' dir='ltr'>qui</span> <span class='ocrx_word' id='word_1_103' title='bbox 822 879 881 933; x_wconf 91' lang='lat' dir='ltr'>in</span> <span class='ocrx_word' id='word_1_104' title='bbox 909 879 1132 934; x_wconf 81' lang='lat' dir='ltr'>Christo</span> <span class='ocrx_word' id='word_1_105' title='bbox 1156 886 1310 949; x_wconf 89' lang='lat' dir='ltr'>sunt,</span> <span class='ocrx_word' id='word_1_106' title='bbox 1334 883 1481 948; x_wconf 89' lang='lat' dir='ltr'>boni,</span> <span class='ocrx_word' id='word_1_107' title='bbox 1514 888 1813 951; x_wconf 86' lang='lat' dir='ltr'>resurgent</span> <span class='ocrx_word' id='word_1_108' title='bbox 1841 883 2025 953; x_wconf 89' lang='lat' dir='ltr'>primi.</span> <span class='ocrx_word' id='word_1_109' title='bbox 2057 882 2139 939; x_wconf 84' lang='lat'>15.</span> <span class='ocrx_word' id='word_1_110' title='bbox 2170 885 2383 939; x_wconf 86' lang='lat' dir='ltr'>Deinde</span> <span class='ocrx_word' id='word_1_111' title='bbox 2414 901 2535 950; x_wconf 88' lang='lat' dir='ltr'>nos,</span> <span class='ocrx_word' id='word_1_112' title='bbox 2572 892 2610 950; x_wconf 87' lang='grc' dir='ltr'>ι</span> <span class='ocrx_word' id='word_1_113' title='bbox 2632 889 2754 950; x_wconf 59' lang='lat'>&#39;36</span> <span class='ocrx_word' id='word_1_114' title='bbox 2777 885 2873 955; x_wconf 91' lang='lat' dir='ltr'>qui</span> <span class='ocrx_word' id='word_1_115' title='bbox 2899 884 3151 948; x_wconf 83' lang='lat' dir='ltr'>vivimus,</span> <span class='ocrx_word' id='word_1_116' title='bbox 3179 881 3276 953; x_wconf 92' lang='lat' dir='ltr'>qui</span> <span class='ocrx_word' id='word_1_117' title='bbox 3298 897 3384 936; x_wconf 88' lang='lat' dir='ltr'>re-</span> 
     </span>
    </p>
   </div>
   <div class='ocr_carea' id='block_1_8' title="bbox 107 963 3380 1044">
    <p class='ocr_par' dir='ltr' id='par_1_8' title="bbox 107 963 3380 1044">
     <span class='ocr_line' id='line_1_8' title="bbox 107 963 3380 1044; baseline 0.002 -28"><span class='ocrx_word' id='word_1_118' title='bbox 107 963 423 1033; x_wconf 89' lang='lat' dir='ltr'>linquimur,</span> <span class='ocrx_word' id='word_1_119' title='bbox 459 965 634 1018; x_wconf 86' lang='lat' dir='ltr'>simul</span> <span class='ocrx_word' id='word_1_120' title='bbox 657 965 944 1035; x_wconf 88' lang='lat' dir='ltr'>rapiemur</span> <span class='ocrx_word' id='word_1_121' title='bbox 975 984 1100 1021; x_wconf 88' lang='lat' dir='ltr'>cum</span> <span class='ocrx_word' id='word_1_122' title='bbox 1132 969 1243 1022; x_wconf 89' lang='lat' dir='ltr'>illis</span> <span class='ocrx_word' id='word_1_123' title='bbox 1268 969 1324 1021; x_wconf 89' lang='lat' dir='ltr'>in</span> <span class='ocrx_word' id='word_1_124' title='bbox 1353 968 1592 1023; x_wconf 89' lang='lat' dir='ltr'>nubibus</span> <span class='ocrx_word' id='word_1_125' title='bbox 1612 971 1914 1036; x_wconf 79' lang='lat' dir='ltr'>ferentibus</span> <span class='ocrx_word' id='word_1_126' title='bbox 1939 988 2033 1025; x_wconf 87' lang='lat' dir='ltr'>nos</span> <span class='ocrx_word' id='word_1_127' title='bbox 2064 972 2281 1025; x_wconf 81' lang='lat' dir='ltr'>obviam</span> <span class='ocrx_word' id='word_1_128' title='bbox 2305 972 2529 1026; x_wconf 87' lang='lat' dir='ltr'>Christo</span> <span class='ocrx_word' id='word_1_129' title='bbox 2549 973 2607 1026; x_wconf 90' lang='lat' dir='ltr'>in</span> <span class='ocrx_word' id='word_1_130' title='bbox 2633 989 2789 1041; x_wconf 90' lang='lat' dir='ltr'>aera,</span> <span class='ocrx_word' id='word_1_131' title='bbox 2814 978 2872 1033; x_wconf 84' lang='lat' dir='ltr'>et</span> <span class='ocrx_word' id='word_1_132' title='bbox 2899 972 2981 1026; x_wconf 90' lang='lat' dir='ltr'>sic</span> <span class='ocrx_word' id='word_1_133' title='bbox 3005 987 3230 1044; x_wconf 86' lang='lat' dir='ltr'>semper</span> <span class='ocrx_word' id='word_1_134' title='bbox 3255 985 3380 1025; x_wconf 91' lang='lat' dir='ltr'>cum</span> 
     </span>
    </p>
   </div>
   <div class='ocr_carea' id='block_1_9' title="bbox 106 1051 2679 1125">
    <p class='ocr_par' dir='ltr' id='par_1_9' title="bbox 106 1051 2679 1125">
     <span class='ocr_line' id='line_1_9' title="bbox 106 1051 2679 1125; baseline 0.003 -20"><span class='ocrx_word' id='word_1_135' title='bbox 106 1051 330 1106; x_wconf 89' lang='lat' dir='ltr'>Domino</span> <span class='ocrx_word' id='word_1_136' title='bbox 352 1051 596 1107; x_wconf 87' lang='lat' dir='ltr'>erimus.</span> <span class='ocrx_word' id='word_1_137' title='bbox 630 1054 845 1124; x_wconf 88' lang='lat' dir='ltr'>Itaque,</span> <span class='ocrx_word' id='word_1_138' title='bbox 879 1059 1015 1125; x_wconf 83' lang='lat' dir='ltr'>quia</span> <span class='ocrx_word' id='word_1_139' title='bbox 1040 1060 1118 1110; x_wconf 86' lang='lat' dir='ltr'>sic</span> <span class='ocrx_word' id='word_1_140' title='bbox 1145 1060 1409 1125; x_wconf 75' lang='lat' dir='ltr'>futurum</span> <span class='ocrx_word' id='word_1_141' title='bbox 1441 1064 1537 1121; x_wconf 75' lang='lat' dir='ltr'>est,</span> <span class='ocrx_word' id='word_1_142' title='bbox 1562 1058 1933 1113; x_wconf 90' lang='lat' dir='ltr'>consolamini</span> <span class='ocrx_word' id='word_1_143' title='bbox 1962 1060 2203 1115; x_wconf 89' lang='lat' dir='ltr'>invicem</span> <span class='ocrx_word' id='word_1_144' title='bbox 2236 1061 2296 1115; x_wconf 91' lang='lat' dir='ltr'>in</span> <span class='ocrx_word' id='word_1_145' title='bbox 2318 1060 2504 1116; x_wconf 84' lang='lat' dir='ltr'>verbis</span> <span class='ocrx_word' id='word_1_146' title='bbox 2535 1061 2679 1116; x_wconf 85' lang='lat' dir='ltr'>istis.</span> 
     </span>
    </p>
   </div>
   <div class='ocr_carea' id='block_1_10' title="bbox 1561 1209 1908 1268">
    <p class='ocr_par' dir='ltr' id='par_1_10' title="bbox 1561 1209 1908 1268">
     <span class='ocr_line' id='line_1_10' title="bbox 1561 1209 1908 1268; baseline 0.014 -6"><span class='ocrx_word' id='word_1_147' title='bbox 1561 1209 1795 1265; x_wconf 90' lang='lat' dir='ltr'>CAPUT</span> <span class='ocrx_word' id='word_1_148' title='bbox 1839 1211 1882 1264; x_wconf 90' lang='lat' dir='ltr'><strong>V</strong></span> <span class='ocrx_word' id='word_1_149' title='bbox 1895 1255 1908 1268; x_wconf 93' lang='lat'>.</span> 
     </span>
    </p>
   </div>
   <div class='ocr_carea' id='block_1_11' title="bbox 165 1330 3380 1407">
    <p class='ocr_par' dir='ltr' id='par_1_11' title="bbox 165 1330 3380 1407">
     <span class='ocr_line' id='line_1_11' title="bbox 165 1330 3380 1407; baseline 0.002 -25"><span class='ocrx_word' id='word_1_150' title='bbox 165 1330 371 1383; x_wconf 79' lang='lat' dir='ltr'>Diceret</span> <span class='ocrx_word' id='word_1_151' title='bbox 385 1334 521 1398; x_wconf 89' lang='lat' dir='ltr'>quis</span> <span class='ocrx_word' id='word_1_152' title='bbox 536 1351 552 1384; x_wconf 91' lang='lat'><em>:</em></span> <span class='ocrx_word' id='word_1_153' title='bbox 575 1332 802 1398; x_wconf 80' lang='lat' dir='ltr'>Quando</span> <span class='ocrx_word' id='word_1_154' title='bbox 819 1332 916 1385; x_wconf 85' lang='lat' dir='ltr'>hoc</span> <span class='ocrx_word' id='word_1_155' title='bbox 933 1335 1038 1385; x_wconf 89' lang='lat' dir='ltr'>erit</span> <span class='ocrx_word' id='word_1_156' title='bbox 1052 1338 1076 1385; x_wconf 89' lang='lat'><em>?</em></span> <span class='ocrx_word' id='word_1_157' title='bbox 1100 1330 1144 1388; x_wconf 89' lang='grc'>1.</span> <span class='ocrx_word' id='word_1_158' title='bbox 1160 1332 1241 1386; x_wconf 93' lang='lat' dir='ltr'>De</span> <span class='ocrx_word' id='word_1_159' title='bbox 1262 1331 1608 1403; x_wconf 85' lang='lat' dir='ltr'>temporibus</span> <span class='ocrx_word' id='word_1_160' title='bbox 1634 1332 1910 1397; x_wconf 75' lang='lat' dir='ltr'>autem,2.</span> <span class='ocrx_word' id='word_1_161' title='bbox 1926 1339 1983 1387; x_wconf 92' lang='lat' dir='ltr'>et</span> <span class='ocrx_word' id='word_1_162' title='bbox 2000 1334 2318 1400; x_wconf 88' lang='lat' dir='ltr'>momentis,</span> <span class='ocrx_word' id='word_1_163' title='bbox 2334 1335 2558 1400; x_wconf 87' lang='lat' dir='ltr'>fratres,</span> <span class='ocrx_word' id='word_1_164' title='bbox 2572 1352 2686 1390; x_wconf 90' lang='lat' dir='ltr'>non</span> <span class='ocrx_word' id='word_1_165' title='bbox 2701 1336 2965 1407; x_wconf 84' lang='lat' dir='ltr'>indigetis</span> <span class='ocrx_word' id='word_1_166' title='bbox 2984 1340 3050 1391; x_wconf 89' lang='lat' dir='ltr'>ut</span> <span class='ocrx_word' id='word_1_167' title='bbox 3066 1335 3380 1391; x_wconf 84' lang='lat' dir='ltr'>scribamus</span> 
     </span>
    </p>
   </div>
   <div class='ocr_carea' id='block_1_12' title="bbox 107 1417 3380 1494">
    <p class='ocr_par' dir='ltr' id='par_1_12' title="bbox 107 1417 3380 1494">
     <span class='ocr_line' id='line_1_12' title="bbox 107 1417 3380 1494; baseline 0.004 -27"><span class='ocrx_word' id='word_1_168' title='bbox 107 1417 261 1471; x_wconf 89' lang='lat' dir='ltr'>vobis.</span> <span class='ocrx_word' id='word_1_169' title='bbox 365 1419 485 1488; x_wconf 90' lang='lat' dir='ltr'>Ipsi</span> <span class='ocrx_word' id='word_1_170' title='bbox 516 1420 666 1472; x_wconf 89' lang='lat' dir='ltr'>enim</span> <span class='ocrx_word' id='word_1_171' title='bbox 698 1419 996 1489; x_wconf 84' lang='lat' dir='ltr'>diligenter</span> <span class='ocrx_word' id='word_1_172' title='bbox 1017 1420 1169 1474; x_wconf 87' lang='lat' dir='ltr'>scitis</span> <span class='ocrx_word' id='word_1_173' title='bbox 1191 1421 1324 1491; x_wconf 82' lang='lat' dir='ltr'>quia</span> <span class='ocrx_word' id='word_1_174' title='bbox 1352 1421 1471 1473; x_wconf 84' lang='lat' dir='ltr'>dies</span> <span class='ocrx_word' id='word_1_175' title='bbox 1499 1421 1740 1487; x_wconf 87' lang='lat' dir='ltr'>Domini,</span> <span class='ocrx_word' id='word_1_176' title='bbox 1767 1422 1912 1476; x_wconf 90' lang='lat' dir='ltr'>sicut</span> <span class='ocrx_word' id='word_1_177' title='bbox 1931 1423 2022 1476; x_wconf 87' lang='lat' dir='ltr'>fur</span> <span class='ocrx_word' id='word_1_178' title='bbox 2042 1423 2099 1477; x_wconf 88' lang='lat' dir='ltr'>in</span> <span class='ocrx_word' id='word_1_179' title='bbox 2122 1429 2304 1488; x_wconf 79' lang='lat' dir='ltr'>nocte,</span> <span class='ocrx_word' id='word_1_180' title='bbox 2328 1427 2643 1492; x_wconf 85' lang='lat' dir='ltr'>improviso,</span> <span class='ocrx_word' id='word_1_181' title='bbox 2667 1442 2793 1480; x_wconf 91' lang='lat' dir='ltr'>cum</span> <span class='ocrx_word' id='word_1_182' title='bbox 2819 1428 2927 1480; x_wconf 87' lang='lat' dir='ltr'>alii</span> <span class='ocrx_word' id='word_1_183' title='bbox 2944 1431 3076 1480; x_wconf 88' lang='lat' dir='ltr'>sunt</span> <span class='ocrx_word' id='word_1_184' title='bbox 3096 1428 3159 1479; x_wconf 91' lang='lat' dir='ltr'>in</span> <span class='ocrx_word' id='word_1_185' title='bbox 3179 1428 3380 1494; x_wconf 82' lang='lat' dir='ltr'>quiete,</span> 
     </span>
    </p>
   </div>
   <div class='ocr_carea' id='block_1_13' title="bbox 107 1505 3383 1585">
    <p class='ocr_par' dir='ltr' id='par_1_13' title="bbox 107 1505 3383 1585">
     <span class='ocr_line' id='line_1_13' title="bbox 107 1505 3383 1585; baseline 0.004 -27"><span class='ocrx_word' id='word_1_186' title='bbox 107 1505 175 1559; x_wconf 87' lang='lat' dir='ltr'>ita</span> <span class='ocrx_word' id='word_1_187' title='bbox 201 1507 405 1564; x_wconf 88' lang='lat' dir='ltr'>veniet.</span> <span class='ocrx_word' id='word_1_188' title='bbox 429 1508 484 1560; x_wconf 79' lang='grc'><strong>4.</strong></span> <span class='ocrx_word' id='word_1_189' title='bbox 515 1506 567 1562; x_wconf 55' lang='lat' dir='ltr'>Ei.</span> <span class='ocrx_word' id='word_1_190' title='bbox 598 1508 739 1561; x_wconf 89' lang='lat' dir='ltr'>Cum</span> <span class='ocrx_word' id='word_1_191' title='bbox 762 1508 911 1562; x_wconf 89' lang='lat' dir='ltr'>enim</span> <span class='ocrx_word' id='word_1_192' title='bbox 934 1513 1219 1563; x_wconf 69' lang='lat' dir='ltr'>swcutares</span> <span class='ocrx_word' id='word_1_193' title='bbox 1247 1510 1525 1563; x_wconf 85' lang='lat' dir='ltr'>dixerint:</span> <span class='ocrx_word' id='word_1_194' title='bbox 1556 1511 1667 1563; x_wconf 87' lang='lat' dir='ltr'>Pax</span> <span class='ocrx_word' id='word_1_195' title='bbox 1699 1516 1754 1563; x_wconf 89' lang='lat' dir='ltr'>et</span> <span class='ocrx_word' id='word_1_196' title='bbox 1783 1511 2056 1564; x_wconf 86' lang='lat' dir='ltr'>securitas</span> <span class='ocrx_word' id='word_1_197' title='bbox 2080 1518 2171 1577; x_wconf 86' lang='lat' dir='ltr'>est,</span> <span class='ocrx_word' id='word_1_198' title='bbox 2208 1518 2343 1566; x_wconf 91' lang='lat' dir='ltr'>tunc</span> <span class='ocrx_word' id='word_1_199' title='bbox 2366 1514 2696 1583; x_wconf 88' lang='lat' dir='ltr'>repentinus</span> <span class='ocrx_word' id='word_1_200' title='bbox 2720 1514 2800 1568; x_wconf 89' lang='lat' dir='ltr'>eis</span> <span class='ocrx_word' id='word_1_201' title='bbox 2830 1515 3186 1585; x_wconf 87' lang='lat' dir='ltr'>superveniet</span> <span class='ocrx_word' id='word_1_202' title='bbox 3212 1515 3383 1570; x_wconf 87' lang='lat' dir='ltr'>inter-</span> 
     </span>
    </p>
   </div>
   <div class='ocr_carea' id='block_1_14' title="bbox 104 1594 3378 1671">
    <p class='ocr_par' dir='ltr' id='par_1_14' title="bbox 104 1594 3378 1671">
     <span class='ocr_line' id='line_1_14' title="bbox 104 1594 3378 1671; baseline 0.003 -24"><span class='ocrx_word' id='word_1_203' title='bbox 104 1594 220 1660; x_wconf 83' lang='lat' dir='ltr'>itus,</span> <span class='ocrx_word' id='word_1_204' title='bbox 241 1595 388 1649; x_wconf 86' lang='lat' dir='ltr'>sicut</span> <span class='ocrx_word' id='word_1_205' title='bbox 409 1596 578 1650; x_wconf 90' lang='lat' dir='ltr'>dolor</span> <span class='ocrx_word' id='word_1_206' title='bbox 598 1598 656 1650; x_wconf 93' lang='lat' dir='ltr'>in</span> <span class='ocrx_word' id='word_1_207' title='bbox 675 1602 837 1651; x_wconf 91' lang='lat' dir='ltr'>utero</span> <span class='ocrx_word' id='word_1_208' title='bbox 858 1597 1108 1661; x_wconf 87' lang='lat' dir='ltr'>habenti,</span> <span class='ocrx_word' id='word_1_209' title='bbox 1129 1603 1184 1651; x_wconf 90' lang='lat' dir='ltr'>et</span> <span class='ocrx_word' id='word_1_210' title='bbox 1203 1614 1314 1651; x_wconf 90' lang='lat' dir='ltr'>non</span> <span class='ocrx_word' id='word_1_211' title='bbox 1342 1598 1628 1667; x_wconf 71' lang='lat' dir='ltr'>effugient,</span> <span class='ocrx_word' id='word_1_212' title='bbox 1650 1615 1832 1651; x_wconf 88' lang='lat' dir='ltr'>omnes</span> <span class='ocrx_word' id='word_1_213' title='bbox 1853 1604 2188 1653; x_wconf 78' lang='lat' dir='ltr'>morientur.</span> <span class='ocrx_word' id='word_1_214' title='bbox 2210 1603 2331 1654; x_wconf 82' lang='lat' dir='ltr'>Illis</span> <span class='ocrx_word' id='word_1_215' title='bbox 2353 1604 2715 1657; x_wconf 85' lang='lat' dir='ltr'>nescientibus</span> <span class='ocrx_word' id='word_1_216' title='bbox 2732 1606 3073 1671; x_wconf 82' lang='lat' dir='ltr'>superveniet</span> <span class='ocrx_word' id='word_1_217' title='bbox 3093 1606 3378 1658; x_wconf 63' lang='lat' dir='ltr'>interitus,</span> 
     </span>
    </p>
   </div>
   <div class='ocr_carea' id='block_1_15' title="bbox 104 1686 3374 1762">
    <p class='ocr_par' dir='ltr' id='par_1_15' title="bbox 104 1686 3374 1762">
     <span class='ocr_line' id='line_1_15' title="bbox 104 1686 3374 1762; baseline 0.003 -27"><span class='ocrx_word' id='word_1_218' title='bbox 104 1688 222 1751; x_wconf 88' lang='lat' dir='ltr'>quia</span> <span class='ocrx_word' id='word_1_219' title='bbox 241 1690 373 1737; x_wconf 86' lang='lat' dir='ltr'>sunt</span> <span class='ocrx_word' id='word_1_220' title='bbox 402 1689 471 1738; x_wconf 85' lang='lat' dir='ltr'>in</span> <span class='ocrx_word' id='word_1_221' title='bbox 507 1687 760 1739; x_wconf 81' lang='lat' dir='ltr'>tenebris.</span> <span class='ocrx_word' id='word_1_222' title='bbox 793 1686 905 1740; x_wconf 84' lang='lat' dir='ltr'>Vos</span> <span class='ocrx_word' id='word_1_223' title='bbox 937 1692 1147 1750; x_wconf 88' lang='lat' dir='ltr'>autem,</span> <span class='ocrx_word' id='word_1_224' title='bbox 1179 1687 1403 1751; x_wconf 85' lang='lat' dir='ltr'>fratres,</span> <span class='ocrx_word' id='word_1_225' title='bbox 1435 1703 1547 1740; x_wconf 90' lang='lat' dir='ltr'>non</span> <span class='ocrx_word' id='word_1_226' title='bbox 1577 1687 1711 1739; x_wconf 88' lang='lat' dir='ltr'>estis</span> <span class='ocrx_word' id='word_1_227' title='bbox 1740 1687 1798 1740; x_wconf 91' lang='lat' dir='ltr'>in</span> <span class='ocrx_word' id='word_1_228' title='bbox 1827 1687 2076 1741; x_wconf 89' lang='lat' dir='ltr'>tenebris</span> <span class='ocrx_word' id='word_1_229' title='bbox 2111 1694 2479 1757; x_wconf 81' lang='lat' dir='ltr'>peccatorum,</span> <span class='ocrx_word' id='word_1_230' title='bbox 2528 1696 2593 1745; x_wconf 91' lang='lat' dir='ltr'>ut</span> <span class='ocrx_word' id='word_1_231' title='bbox 2636 1708 2733 1744; x_wconf 89' lang='lat' dir='ltr'>vos</span> <span class='ocrx_word' id='word_1_232' title='bbox 2790 1691 2910 1745; x_wconf 89' lang='lat' dir='ltr'>dies</span> <span class='ocrx_word' id='word_1_233' title='bbox 2946 1691 3062 1757; x_wconf 85' lang='lat' dir='ltr'>illa,</span> <span class='ocrx_word' id='word_1_234' title='bbox 3103 1696 3374 1762; x_wconf 84' lang='lat' dir='ltr'>tanquam</span> 
     </span>
    </p>
   </div>
   <div class='ocr_carea' id='block_1_16' title="bbox 102 1771 3379 1849">
    <p class='ocr_par' dir='ltr' id='par_1_16' title="bbox 102 1771 3379 1849">
     <span class='ocr_line' id='line_1_16' title="bbox 102 1771 3379 1849; baseline 0.003 -26"><span class='ocrx_word' id='word_1_235' title='bbox 102 1771 181 1825; x_wconf 87' lang='lat' dir='ltr'>fur</span> <span class='ocrx_word' id='word_1_236' title='bbox 196 1775 546 1840; x_wconf 82' lang='lat' dir='ltr'>improvisos,</span> <span class='ocrx_word' id='word_1_237' title='bbox 572 1774 1039 1844; x_wconf 87' lang='lat' dir='ltr'>comprehendat;</span> <span class='ocrx_word' id='word_1_238' title='bbox 1065 1792 1178 1828; x_wconf 85' lang='lat' dir='ltr'>non</span> <span class='ocrx_word' id='word_1_239' title='bbox 1198 1779 1321 1828; x_wconf 85' lang='lat' dir='ltr'>estis</span> <span class='ocrx_word' id='word_1_240' title='bbox 1348 1778 1411 1827; x_wconf 87' lang='lat' dir='ltr'>in</span> <span class='ocrx_word' id='word_1_241' title='bbox 1437 1778 1689 1839; x_wconf 85' lang='lat' dir='ltr'>tenebris,</span> <span class='ocrx_word' id='word_1_242' title='bbox 1712 1791 1905 1829; x_wconf 90' lang='lat' dir='ltr'>omnes</span> <span class='ocrx_word' id='word_1_243' title='bbox 1928 1777 2077 1830; x_wconf 90' lang='lat' dir='ltr'>enim</span> <span class='ocrx_word' id='word_1_244' title='bbox 2099 1794 2194 1830; x_wconf 89' lang='lat' dir='ltr'>vos</span> <span class='ocrx_word' id='word_1_245' title='bbox 2222 1778 2323 1831; x_wconf 88' lang='lat' dir='ltr'>ﬁlii</span> <span class='ocrx_word' id='word_1_246' title='bbox 2345 1778 2485 1832; x_wconf 90' lang='lat' dir='ltr'>lucis</span> <span class='ocrx_word' id='word_1_247' title='bbox 2511 1781 2661 1844; x_wconf 78' lang='lat' dir='ltr'>estis,</span> <span class='ocrx_word' id='word_1_248' title='bbox 2684 1783 2734 1849; x_wconf 92' lang='lat' dir='ltr'>(a</span> <span class='ocrx_word' id='word_1_249' title='bbox 2753 1780 2900 1849; x_wconf 83' lang='lat' dir='ltr'>pari)</span> <span class='ocrx_word' id='word_1_250' title='bbox 2916 1785 2973 1833; x_wconf 90' lang='lat' dir='ltr'>et</span> <span class='ocrx_word' id='word_1_251' title='bbox 2999 1779 3100 1833; x_wconf 82' lang='lat' dir='ltr'>filii</span> <span class='ocrx_word' id='word_1_252' title='bbox 3119 1780 3232 1833; x_wconf 91' lang='lat' dir='ltr'>diei</span> <span class='ocrx_word' id='word_1_253' title='bbox 3251 1795 3379 1849; x_wconf 86' lang='lat' dir='ltr'>ergo</span> 
     </span>
    </p>
   </div>
   <div class='ocr_carea' id='block_1_17' title="bbox 108 1860 3380 1936">
    <p class='ocr_par' dir='ltr' id='par_1_17' title="bbox 108 1860 3380 1936">
     <span class='ocr_line' id='line_1_17' title="bbox 108 1860 3380 1936; baseline 0.003 -24"><span class='ocrx_word' id='word_1_254' title='bbox 108 1862 149 1925; x_wconf 81' lang='grc' dir='ltr'>(α</span> <span class='ocrx_word' id='word_1_255' title='bbox 174 1860 480 1922; x_wconf 86' lang='lat' dir='ltr'>contrario)</span> <span class='ocrx_word' id='word_1_256' title='bbox 510 1878 623 1915; x_wconf 92' lang='lat' dir='ltr'>non</span> <span class='ocrx_word' id='word_1_257' title='bbox 653 1879 847 1916; x_wconf 91' lang='lat' dir='ltr'>sumus</span> <span class='ocrx_word' id='word_1_258' title='bbox 880 1864 1077 1929; x_wconf 88' lang='lat' dir='ltr'>noctis,</span> <span class='ocrx_word' id='word_1_259' title='bbox 1117 1880 1298 1933; x_wconf 89' lang='lat' dir='ltr'>neque</span> <span class='ocrx_word' id='word_1_260' title='bbox 1330 1863 1712 1932; x_wconf 69' lang='lat' dir='ltr'>tenebrarum.</span> <span class='ocrx_word' id='word_1_261' title='bbox 1739 1863 1922 1933; x_wconf 87' lang='lat' dir='ltr'>Igitur</span> <span class='ocrx_word' id='word_1_262' title='bbox 1944 1881 2057 1919; x_wconf 89' lang='lat' dir='ltr'>non</span> <span class='ocrx_word' id='word_1_263' title='bbox 2083 1866 2451 1930; x_wconf 83' lang='lat' dir='ltr'>dormiamus,</span> <span class='ocrx_word' id='word_1_264' title='bbox 2472 1867 2620 1921; x_wconf 92' lang='lat' dir='ltr'>sicut</span> <span class='ocrx_word' id='word_1_265' title='bbox 2648 1873 2705 1921; x_wconf 91' lang='lat' dir='ltr'>et</span> <span class='ocrx_word' id='word_1_266' title='bbox 2729 1867 2948 1935; x_wconf 72' lang='lat' dir='ltr'>caeteri;</span> <span class='ocrx_word' id='word_1_267' title='bbox 2982 1873 3118 1936; x_wconf 84' lang='lat' dir='ltr'>quia</span> <span class='ocrx_word' id='word_1_268' title='bbox 3148 1883 3262 1921; x_wconf 85' lang='lat' dir='ltr'>non</span> <span class='ocrx_word' id='word_1_269' title='bbox 3285 1884 3380 1921; x_wconf 89' lang='lat' dir='ltr'>su-</span> 
     </span>
    </p>
   </div>
   <div class='ocr_carea' id='block_1_18' title="bbox 109 1952 3381 2020">
    <p class='ocr_par' dir='ltr' id='par_1_18' title="bbox 109 1952 3381 2020">
     <span class='ocr_line' id='line_1_18' title="bbox 109 1952 3381 2020; baseline 0.003 -20"><span class='ocrx_word' id='word_1_270' title='bbox 109 1965 214 2000; x_wconf 88' lang='lat' dir='ltr'>mus</span> <span class='ocrx_word' id='word_1_271' title='bbox 244 1953 441 2013; x_wconf 87' lang='lat' dir='ltr'>noctis,</span> <span class='ocrx_word' id='word_1_272' title='bbox 473 1966 590 2004; x_wconf 88' lang='lat' dir='ltr'>non</span> <span class='ocrx_word' id='word_1_273' title='bbox 620 1968 963 2018; x_wconf 75' lang='lat' dir='ltr'>quiescamus</span> <span class='ocrx_word' id='word_1_274' title='bbox 993 1955 1056 2005; x_wconf 87' lang='lat' dir='ltr'>in</span> <span class='ocrx_word' id='word_1_275' title='bbox 1081 1955 1334 2020; x_wconf 78' lang='lat' dir='ltr'>peccatis,</span> <span class='ocrx_word' id='word_1_276' title='bbox 1359 1953 1457 2006; x_wconf 91' lang='lat' dir='ltr'>sed</span> <span class='ocrx_word' id='word_1_277' title='bbox 1488 1952 1780 2020; x_wconf 86' lang='lat' dir='ltr'>vigilemus</span> <span class='ocrx_word' id='word_1_278' title='bbox 1812 1955 1875 2005; x_wconf 86' lang='lat' dir='ltr'>in</span> <span class='ocrx_word' id='word_1_279' title='bbox 1908 1954 2079 2016; x_wconf 86' lang='lat' dir='ltr'>bonis,</span> <span class='ocrx_word' id='word_1_280' title='bbox 2104 1960 2162 2006; x_wconf 88' lang='lat' dir='ltr'>et</span> <span class='ocrx_word' id='word_1_281' title='bbox 2189 1954 2360 2007; x_wconf 88' lang='lat' dir='ltr'>sobrii</span> <span class='ocrx_word' id='word_1_282' title='bbox 2386 1955 2583 2019; x_wconf 89' lang='lat' dir='ltr'>simus,</span> <span class='ocrx_word' id='word_1_283' title='bbox 2607 1972 2720 2009; x_wconf 85' lang='lat' dir='ltr'>non</span> <span class='ocrx_word' id='word_1_284' title='bbox 2749 1958 2912 2010; x_wconf 84' lang='lat' dir='ltr'>ebrii.</span> <span class='ocrx_word' id='word_1_285' title='bbox 2941 1956 3048 2019; x_wconf 86' lang='lat' dir='ltr'>Qui</span> <span class='ocrx_word' id='word_1_286' title='bbox 3072 1956 3222 2009; x_wconf 90' lang='lat' dir='ltr'>enim</span> <span class='ocrx_word' id='word_1_287' title='bbox 3252 1957 3381 2009; x_wconf 85' lang='lat' dir='ltr'>dor-</span> 
     </span>
    </p>
   </div>
   <div class='ocr_carea' id='block_1_19' title="bbox 107 2034 3377 2113">
    <p class='ocr_par' dir='ltr' id='par_1_19' title="bbox 107 2034 3377 2113">
     <span class='ocr_line' id='line_1_19' title="bbox 107 2034 3377 2113; baseline 0.002 -24"><span class='ocrx_word' id='word_1_288' title='bbox 107 2038 292 2104; x_wconf 87' lang='lat' dir='ltr'>miunt,</span> <span class='ocrx_word' id='word_1_289' title='bbox 316 2034 369 2092; x_wconf 88' lang='lat'>6.</span> <span class='ocrx_word' id='word_1_290' title='bbox 388 2046 561 2093; x_wconf 90' lang='lat' dir='ltr'>nocte</span> <span class='ocrx_word' id='word_1_291' title='bbox 582 2040 889 2103; x_wconf 87' lang='lat' dir='ltr'>dormiunt,</span> <span class='ocrx_word' id='word_1_292' title='bbox 915 2044 1085 2094; x_wconf 79' lang='lat' dir='ltr'>noctis</span> <span class='ocrx_word' id='word_1_293' title='bbox 1110 2047 1260 2105; x_wconf 85' lang='lat' dir='ltr'>sunt,</span> <span class='ocrx_word' id='word_1_294' title='bbox 1290 2047 1347 2094; x_wconf 89' lang='lat' dir='ltr'>et</span> <span class='ocrx_word' id='word_1_295' title='bbox 1375 2041 1470 2112; x_wconf 88' lang='lat' dir='ltr'>qui</span> <span class='ocrx_word' id='word_1_296' title='bbox 1500 2040 1641 2093; x_wconf 87' lang='lat' dir='ltr'>ebrii</span> <span class='ocrx_word' id='word_1_297' title='bbox 1671 2050 1822 2103; x_wconf 84' lang='lat' dir='ltr'>sunt,</span> <span class='ocrx_word' id='word_1_298' title='bbox 1856 2046 2018 2094; x_wconf 90' lang='lat' dir='ltr'>nocte</span> <span class='ocrx_word' id='word_1_299' title='bbox 2047 2040 2187 2095; x_wconf 90' lang='lat' dir='ltr'>ebrii</span> <span class='ocrx_word' id='word_1_300' title='bbox 2215 2048 2363 2106; x_wconf 86' lang='lat' dir='ltr'>sunt,</span> <span class='ocrx_word' id='word_1_301' title='bbox 2394 2046 2565 2095; x_wconf 84' lang='lat' dir='ltr'>noctis</span> <span class='ocrx_word' id='word_1_302' title='bbox 2596 2048 2752 2099; x_wconf 88' lang='lat' dir='ltr'>sunt.</span> <span class='ocrx_word' id='word_1_303' title='bbox 2782 2044 2896 2096; x_wconf 90' lang='lat' dir='ltr'>Nos</span> <span class='ocrx_word' id='word_1_304' title='bbox 2925 2052 3114 2097; x_wconf 90' lang='lat' dir='ltr'>autem</span> <span class='ocrx_word' id='word_1_305' title='bbox 3140 2043 3236 2113; x_wconf 91' lang='lat' dir='ltr'>qui</span> <span class='ocrx_word' id='word_1_306' title='bbox 3263 2042 3377 2096; x_wconf 90' lang='lat' dir='ltr'>diei</span> 
     </span>
    </p>
   </div>
   <div class='ocr_carea' id='block_1_20' title="bbox 110 2126 3380 2200">
    <p class='ocr_par' dir='ltr' id='par_1_20' title="bbox 110 2126 3380 2200">
     <span class='ocr_line' id='line_1_20' title="bbox 110 2126 3380 2200; baseline 0.002 -23"><span class='ocrx_word' id='word_1_307' title='bbox 110 2141 306 2184; x_wconf 81' lang='lat' dir='ltr'>sumus.</span> <span class='ocrx_word' id='word_1_308' title='bbox 344 2126 525 2181; x_wconf 89' lang='lat' dir='ltr'>sobrii</span> <span class='ocrx_word' id='word_1_309' title='bbox 556 2127 752 2190; x_wconf 87' lang='lat' dir='ltr'>simus,</span> <span class='ocrx_word' id='word_1_310' title='bbox 787 2129 1187 2196; x_wconf 80' lang='lat' dir='ltr'>(intransitive)</span> <span class='ocrx_word' id='word_1_311' title='bbox 1220 2127 1404 2181; x_wconf 88' lang='lat' dir='ltr'>induti</span> <span class='ocrx_word' id='word_1_312' title='bbox 1427 2128 1656 2181; x_wconf 86' lang='lat' dir='ltr'>loricam</span> <span class='ocrx_word' id='word_1_313' title='bbox 1688 2128 1817 2182; x_wconf 88' lang='lat' dir='ltr'>ﬁdei</span> <span class='ocrx_word' id='word_1_314' title='bbox 1847 2134 1902 2182; x_wconf 83' lang='lat' dir='ltr'>et</span> <span class='ocrx_word' id='word_1_315' title='bbox 1930 2129 2239 2195; x_wconf 86' lang='lat' dir='ltr'>charitatis,</span> <span class='ocrx_word' id='word_1_316' title='bbox 2267 2136 2323 2184; x_wconf 88' lang='lat' dir='ltr'>et</span> <span class='ocrx_word' id='word_1_317' title='bbox 2349 2131 2568 2200; x_wconf 87' lang='lat' dir='ltr'>galeam</span> <span class='ocrx_word' id='word_1_318' title='bbox 2597 2147 2754 2200; x_wconf 89' lang='lat' dir='ltr'>spem</span> <span class='ocrx_word' id='word_1_319' title='bbox 2782 2131 2998 2197; x_wconf 88' lang='lat' dir='ltr'>salutis,</span> <span class='ocrx_word' id='word_1_320' title='bbox 3034 2137 3082 2185; x_wconf 87' lang='lat' dir='ltr'>et</span> <span class='ocrx_word' id='word_1_321' title='bbox 3106 2134 3380 2200; x_wconf 85' lang='lat' dir='ltr'>possimus</span> 
     </span>
    </p>
   </div>
   <div class='ocr_carea' id='block_1_21' title="bbox 110 2216 3376 2289">
    <p class='ocr_par' dir='ltr' id='par_1_21' title="bbox 110 2216 3376 2289">
     <span class='ocr_line' id='line_1_21' title="bbox 110 2216 3376 2289; baseline 0.003 -24"><span class='ocrx_word' id='word_1_322' title='bbox 110 2229 314 2281; x_wconf 60' lang='lat' dir='ltr'>sperare</span> <span class='ocrx_word' id='word_1_323' title='bbox 332 2218 578 2269; x_wconf 85' lang='lat' dir='ltr'>salutem</span> <span class='ocrx_word' id='word_1_324' title='bbox 600 2216 863 2286; x_wconf 86' lang='lat' dir='ltr'>quoniam</span> <span class='ocrx_word' id='word_1_325' title='bbox 896 2233 1009 2270; x_wconf 90' lang='lat' dir='ltr'>non</span> <span class='ocrx_word' id='word_1_326' title='bbox 1037 2217 1226 2286; x_wconf 89' lang='lat' dir='ltr'>posuit</span> <span class='ocrx_word' id='word_1_327' title='bbox 1251 2232 1353 2269; x_wconf 91' lang='lat' dir='ltr'>nos</span> <span class='ocrx_word' id='word_1_328' title='bbox 1382 2216 1530 2269; x_wconf 92' lang='lat' dir='ltr'>Deus</span> <span class='ocrx_word' id='word_1_329' title='bbox 1553 2217 1612 2269; x_wconf 91' lang='lat' dir='ltr'>in</span> <span class='ocrx_word' id='word_1_330' title='bbox 1641 2217 1806 2281; x_wconf 88' lang='lat' dir='ltr'>iram,</span> <span class='ocrx_word' id='word_1_331' title='bbox 1834 2218 1931 2271; x_wconf 91' lang='lat' dir='ltr'>sed</span> <span class='ocrx_word' id='word_1_332' title='bbox 1957 2218 2014 2271; x_wconf 91' lang='lat' dir='ltr'>in</span> <span class='ocrx_word' id='word_1_333' title='bbox 2044 2218 2471 2289; x_wconf 87' lang='lat' dir='ltr'>acquisitionem</span> <span class='ocrx_word' id='word_1_334' title='bbox 2498 2219 2696 2272; x_wconf 90' lang='lat' dir='ltr'>salutis</span> <span class='ocrx_word' id='word_1_335' title='bbox 2726 2235 2827 2289; x_wconf 91' lang='lat' dir='ltr'>per</span> <span class='ocrx_word' id='word_1_336' title='bbox 2855 2219 3154 2273; x_wconf 89' lang='lat' dir='ltr'>Dominum</span> <span class='ocrx_word' id='word_1_337' title='bbox 3196 2227 3235 2285; x_wconf 83' lang='grc' dir='ltr'>ι</span> <span class='ocrx_word' id='word_1_338' title='bbox 3255 2225 3376 2285; x_wconf 60' lang='grc' dir='ltr'>αα</span> 
     </span>
    </p>
   </div>
   <div class='ocr_carea' id='block_1_22' title="bbox 111 2304 3382 2376">
    <p class='ocr_par' dir='ltr' id='par_1_22' title="bbox 111 2304 3382 2376">
     <span class='ocr_line' id='line_1_22' title="bbox 111 2304 3382 2376; baseline 0.003 -22"><span class='ocrx_word' id='word_1_339' title='bbox 111 2307 348 2356; x_wconf 88' lang='lat' dir='ltr'>nostrum</span> <span class='ocrx_word' id='word_1_340' title='bbox 380 2304 580 2357; x_wconf 85' lang='lat' dir='ltr'>Jesum</span> <span class='ocrx_word' id='word_1_341' title='bbox 614 2304 897 2358; x_wconf 88' lang='lat' dir='ltr'>Christum</span> <span class='ocrx_word' id='word_1_342' title='bbox 930 2305 1026 2375; x_wconf 89' lang='lat' dir='ltr'>qui</span> <span class='ocrx_word' id='word_1_343' title='bbox 1074 2311 1328 2358; x_wconf 91' lang='lat' dir='ltr'>mortuus</span> <span class='ocrx_word' id='word_1_344' title='bbox 1358 2310 1444 2357; x_wconf 87' lang='lat' dir='ltr'>est</span> <span class='ocrx_word' id='word_1_345' title='bbox 1488 2322 1588 2376; x_wconf 91' lang='lat' dir='ltr'>pro</span> <span class='ocrx_word' id='word_1_346' title='bbox 1640 2306 1821 2372; x_wconf 89' lang='lat' dir='ltr'>nobis,</span> <span class='ocrx_word' id='word_1_347' title='bbox 1858 2305 1916 2362; x_wconf 87' lang='lat'>7.</span> <span class='ocrx_word' id='word_1_348' title='bbox 1956 2312 2021 2360; x_wconf 89' lang='lat' dir='ltr'>ut</span> <span class='ocrx_word' id='word_1_349' title='bbox 2062 2308 2176 2361; x_wconf 89' lang='lat' dir='ltr'>sive</span> <span class='ocrx_word' id='word_1_350' title='bbox 2208 2307 2520 2376; x_wconf 86' lang='lat' dir='ltr'>vigilemus,</span> <span class='ocrx_word' id='word_1_351' title='bbox 2556 2308 2671 2361; x_wconf 90' lang='lat' dir='ltr'>sive</span> <span class='ocrx_word' id='word_1_352' title='bbox 2717 2307 3066 2362; x_wconf 88' lang='lat' dir='ltr'>dormiamus</span> <span class='ocrx_word' id='word_1_353' title='bbox 3109 2313 3258 2375; x_wconf 89' lang='lat' dir='ltr'>actu,</span> <span class='ocrx_word' id='word_1_354' title='bbox 3299 2311 3382 2363; x_wconf 83' lang='lat' dir='ltr'>vel</span> 
     </span>
    </p>
   </div>
   <div class='ocr_carea' id='block_1_23' title="bbox 113 2393 3381 2465">
    <p class='ocr_par' dir='ltr' id='par_1_23' title="bbox 113 2393 3381 2465">
     <span class='ocr_line' id='line_1_23' title="bbox 113 2393 3381 2465; baseline 0.002 -24"><span class='ocrx_word' id='word_1_355' title='bbox 113 2395 432 2455; x_wconf 86' lang='lat' dir='ltr'>moriamur,</span> <span class='ocrx_word' id='word_1_356' title='bbox 467 2393 641 2446; x_wconf 90' lang='lat' dir='ltr'>simul</span> <span class='ocrx_word' id='word_1_357' title='bbox 688 2410 814 2446; x_wconf 90' lang='lat' dir='ltr'>cum</span> <span class='ocrx_word' id='word_1_358' title='bbox 853 2393 948 2445; x_wconf 91' lang='lat' dir='ltr'>illo</span> <span class='ocrx_word' id='word_1_359' title='bbox 992 2393 1259 2446; x_wconf 85' lang='lat' dir='ltr'>vivamus.</span> <span class='ocrx_word' id='word_1_360' title='bbox 1299 2393 1537 2462; x_wconf 79' lang='lat' dir='ltr'>PrOpter</span> <span class='ocrx_word' id='word_1_361' title='bbox 1566 2394 1732 2463; x_wconf 91' lang='lat' dir='ltr'>quod,</span> <span class='ocrx_word' id='word_1_362' title='bbox 1783 2397 1917 2463; x_wconf 88' lang='lat' dir='ltr'>quia</span> <span class='ocrx_word' id='word_1_363' title='bbox 1964 2411 2053 2449; x_wconf 88' lang='lat' dir='ltr'>vos</span> <span class='ocrx_word' id='word_1_364' title='bbox 2092 2398 2223 2460; x_wconf 82' lang='lat' dir='ltr'>dies,</span> <span class='ocrx_word' id='word_1_365' title='bbox 2267 2398 2407 2451; x_wconf 85' lang='lat' dir='ltr'>Deus</span> <span class='ocrx_word' id='word_1_366' title='bbox 2440 2412 2553 2450; x_wconf 86' lang='lat' dir='ltr'>non</span> <span class='ocrx_word' id='word_1_367' title='bbox 2595 2398 3007 2465; x_wconf 85' lang='lat' dir='ltr'>comprehendet</span> <span class='ocrx_word' id='word_1_368' title='bbox 3034 2398 3381 2464; x_wconf 81' lang='lat' dir='ltr'>improvisos,</span> 
     </span>
    </p>
   </div>
   <div class='ocr_carea' id='block_1_24' title="bbox 113 2479 3384 2555">
    <p class='ocr_par' dir='ltr' id='par_1_24' title="bbox 113 2479 3384 2555">
     <span class='ocr_line' id='line_1_24' title="bbox 113 2479 3384 2555; baseline 0.002 -24"><span class='ocrx_word' id='word_1_369' title='bbox 113 2479 466 2534; x_wconf 87' lang='lat' dir='ltr'>consolamini</span> <span class='ocrx_word' id='word_1_370' title='bbox 494 2480 756 2547; x_wconf 88' lang='lat' dir='ltr'>invicem,</span> <span class='ocrx_word' id='word_1_371' title='bbox 791 2486 847 2534; x_wconf 89' lang='lat' dir='ltr'>et</span> <span class='ocrx_word' id='word_1_372' title='bbox 873 2481 1145 2535; x_wconf 75' lang='lat' dir='ltr'>aediﬁcate</span> <span class='ocrx_word' id='word_1_373' title='bbox 1181 2483 1538 2548; x_wconf 86' lang='lat' dir='ltr'>alterutrum,</span> <span class='ocrx_word' id='word_1_374' title='bbox 1572 2482 1717 2538; x_wconf 88' lang='lat' dir='ltr'>sicut</span> <span class='ocrx_word' id='word_1_375' title='bbox 1768 2489 1824 2536; x_wconf 87' lang='lat' dir='ltr'>et</span> <span class='ocrx_word' id='word_1_376' title='bbox 1853 2484 2055 2538; x_wconf 90' lang='lat' dir='ltr'>facitis.</span> <span class='ocrx_word' id='word_1_377' title='bbox 2099 2486 2386 2555; x_wconf 84' lang='lat' dir='ltr'>Rogamus</span> <span class='ocrx_word' id='word_1_378' title='bbox 2414 2491 2605 2539; x_wconf 86' lang='lat' dir='ltr'>autem</span> <span class='ocrx_word' id='word_1_379' title='bbox 2633 2502 2747 2551; x_wconf 91' lang='lat' dir='ltr'>vos,</span> <span class='ocrx_word' id='word_1_380' title='bbox 2781 2485 3002 2551; x_wconf 86' lang='lat' dir='ltr'>fratres,</span> <span class='ocrx_word' id='word_1_381' title='bbox 3031 2483 3086 2551; x_wconf 91' lang='lat'>8,</span> <span class='ocrx_word' id='word_1_382' title='bbox 3119 2489 3186 2539; x_wconf 90' lang='lat' dir='ltr'>ut</span> <span class='ocrx_word' id='word_1_383' title='bbox 3217 2500 3384 2538; x_wconf 85' lang='lat' dir='ltr'>nove-</span> 
     </span>
    </p>
   </div>
   <div class='ocr_carea' id='block_1_25' title="bbox 111 2565 3385 2644">
    <p class='ocr_par' dir='ltr' id='par_1_25' title="bbox 111 2565 3385 2644">
     <span class='ocr_line' id='line_1_25' title="bbox 111 2565 3385 2644; baseline 0.003 -26"><span class='ocrx_word' id='word_1_384' title='bbox 111 2565 220 2619; x_wconf 80' lang='lat' dir='ltr'>ritis</span> <span class='ocrx_word' id='word_1_385' title='bbox 265 2584 378 2633; x_wconf 90' lang='lat' dir='ltr'>eos,</span> <span class='ocrx_word' id='word_1_386' title='bbox 426 2570 784 2636; x_wconf 82' lang='lat' dir='ltr'>benefaciatis</span> <span class='ocrx_word' id='word_1_387' title='bbox 816 2571 1273 2638; x_wconf 63' lang='lat' dir='ltr'>pradicatoribus</span> <span class='ocrx_word' id='word_1_388' title='bbox 1303 2573 1515 2634; x_wconf 80' lang='lat' dir='ltr'>vestris,</span> <span class='ocrx_word' id='word_1_389' title='bbox 1553 2571 1649 2640; x_wconf 91' lang='lat' dir='ltr'>qui</span> <span class='ocrx_word' id='word_1_390' title='bbox 1693 2571 1953 2626; x_wconf 88' lang='lat' dir='ltr'>laborant</span> <span class='ocrx_word' id='word_1_391' title='bbox 1996 2574 2145 2628; x_wconf 88' lang='lat' dir='ltr'>inter</span> <span class='ocrx_word' id='word_1_392' title='bbox 2184 2591 2299 2639; x_wconf 91' lang='lat' dir='ltr'>vos,</span> <span class='ocrx_word' id='word_1_393' title='bbox 2345 2580 2403 2628; x_wconf 90' lang='lat' dir='ltr'>et</span> <span class='ocrx_word' id='word_1_394' title='bbox 2441 2579 2691 2644; x_wconf 82' lang='lat' dir='ltr'>praesunt</span> <span class='ocrx_word' id='word_1_395' title='bbox 2729 2574 2883 2627; x_wconf 87' lang='lat' dir='ltr'>vobis</span> <span class='ocrx_word' id='word_1_396' title='bbox 2929 2573 2989 2627; x_wconf 92' lang='lat' dir='ltr'>in</span> <span class='ocrx_word' id='word_1_397' title='bbox 3030 2573 3291 2638; x_wconf 91' lang='lat' dir='ltr'>Domino,</span> <span class='ocrx_word' id='word_1_398' title='bbox 3326 2579 3385 2627; x_wconf 87' lang='lat' dir='ltr'>et</span> 
     </span>
    </p>
   </div>
   <div class='ocr_carea' id='block_1_26' title="bbox 114 2654 3386 2735">
    <p class='ocr_par' dir='ltr' id='par_1_26' title="bbox 114 2654 3386 2735">
     <span class='ocr_line' id='line_1_26' title="bbox 114 2654 3386 2735; baseline 0.003 -28"><span class='ocrx_word' id='word_1_399' title='bbox 114 2663 321 2711; x_wconf 89' lang='lat' dir='ltr'>monent</span> <span class='ocrx_word' id='word_1_400' title='bbox 346 2674 465 2724; x_wconf 89' lang='lat' dir='ltr'>vos,</span> <span class='ocrx_word' id='word_1_401' title='bbox 500 2657 558 2712; x_wconf 93' lang='lat'>9.</span> <span class='ocrx_word' id='word_1_402' title='bbox 606 2664 671 2713; x_wconf 92' lang='lat' dir='ltr'>ut</span> <span class='ocrx_word' id='word_1_403' title='bbox 698 2657 953 2713; x_wconf 89' lang='lat' dir='ltr'>habeatis</span> <span class='ocrx_word' id='word_1_404' title='bbox 982 2658 1108 2712; x_wconf 89' lang='lat' dir='ltr'>illos</span> <span class='ocrx_word' id='word_1_405' title='bbox 1139 2658 1517 2713; x_wconf 84' lang='lat' dir='ltr'>abundantius</span> <span class='ocrx_word' id='word_1_406' title='bbox 1546 2654 1606 2713; x_wconf 90' lang='lat' dir='ltr'>in</span> <span class='ocrx_word' id='word_1_407' title='bbox 1638 2660 1912 2715; x_wconf 87' lang='lat' dir='ltr'>charitate</span> <span class='ocrx_word' id='word_1_408' title='bbox 1939 2667 2172 2733; x_wconf 89' lang='lat' dir='ltr'>propter</span> <span class='ocrx_word' id='word_1_409' title='bbox 2197 2679 2338 2735; x_wconf 80' lang='lat' dir='ltr'>Opus</span> <span class='ocrx_word' id='word_1_410' title='bbox 2365 2665 2571 2717; x_wconf 87' lang='lat' dir='ltr'>bonum</span> <span class='ocrx_word' id='word_1_411' title='bbox 2593 2664 3007 2732; x_wconf 56' lang='lat' dir='ltr'>pradicationis</span> <span class='ocrx_word' id='word_1_412' title='bbox 3044 2661 3292 2730; x_wconf 89' lang='lat' dir='ltr'>illorum,</span> <span class='ocrx_word' id='word_1_413' title='bbox 3326 2665 3386 2716; x_wconf 88' lang='lat' dir='ltr'>et</span> 
     </span>
    </p>
   </div>
   <div class='ocr_carea' id='block_1_27' title="bbox 1429 2801 2025 2857">
    <p class='ocr_par' dir='ltr' id='par_1_27' title="bbox 1429 2801 2025 2857">
     <span class='ocr_line' id='line_1_27' title="bbox 1429 2801 2025 2857; baseline 0 -2"><span class='ocrx_word' id='word_1_414' title='bbox 1429 2801 2025 2857; x_wconf 83' lang='lat' dir='ltr'>COMMENTARIUS.</span> 
     </span>
    </p>
   </div>
   <div class='ocr_carea' id='block_1_28' title="bbox 166 2920 3385 2996">
    <p class='ocr_par' dir='ltr' id='par_1_28' title="bbox 166 2920 3385 2996">
     <span class='ocr_line' id='line_1_28' title="bbox 166 2920 3385 2996; baseline 0.003 -20"><span class='ocrx_word' id='word_1_415' title='bbox 166 2920 249 2978; x_wconf 86' lang='grc'>13.</span> <span class='ocrx_word' id='word_1_416' title='bbox 281 2925 388 2977; x_wconf 81' lang='lat' dir='ltr'>Hoc</span> <span class='ocrx_word' id='word_1_417' title='bbox 423 2925 579 2978; x_wconf 84' lang='lat' dir='ltr'>vobis</span> <span class='ocrx_word' id='word_1_418' title='bbox 625 2925 884 2986; x_wconf 82' lang='lat' dir='ltr'>dicimus,</span> <span class='ocrx_word' id='word_1_419' title='bbox 915 2925 1021 2979; x_wconf 90' lang='lat' dir='ltr'>hoc</span> <span class='ocrx_word' id='word_1_420' title='bbox 1051 2930 1154 2992; x_wconf 87' lang='lat' dir='ltr'>est,</span> <span class='ocrx_word' id='word_1_421' title='bbox 1188 2926 1496 2980; x_wconf 90' lang='lat' dir='ltr'>secundum</span> <span class='ocrx_word' id='word_1_422' title='bbox 1532 2926 1756 2983; x_wconf 88' lang='lat' dir='ltr'>reve-A</span> <span class='ocrx_word' id='word_1_423' title='bbox 1783 2929 1956 2989; x_wconf 87' lang='lat' dir='ltr'>tione;</span> <span class='ocrx_word' id='word_1_424' title='bbox 1999 2925 2264 2979; x_wconf 89' lang='lat' dir='ltr'>continuo</span> <span class='ocrx_word' id='word_1_425' title='bbox 2301 2925 2592 2996; x_wconf 84' lang='lat' dir='ltr'>subjunxit</span> <span class='ocrx_word' id='word_1_426' title='bbox 2623 2947 2635 2981; x_wconf 92' lang='lat'><strong>:</strong></span> <span class='ocrx_word' id='word_1_427' title='bbox 2676 2928 2823 2981; x_wconf 88' lang='lat' dir='ltr'>Nam</span> <span class='ocrx_word' id='word_1_428' title='bbox 2854 2929 3084 2980; x_wconf 85' lang='lat' dir='ltr'>virtutes</span> <span class='ocrx_word' id='word_1_429' title='bbox 3123 2929 3385 2986; x_wconf 73' lang='lat' dir='ltr'>calorum</span> 
     </span>
    </p>
   </div>
   <div class='ocr_carea' id='block_1_29' title="bbox 112 3008 3386 3083">
    <p class='ocr_par' dir='ltr' id='par_1_29' title="bbox 112 3008 3386 3083">
     <span class='ocr_line' id='line_1_29' title="bbox 112 3008 3386 3083; baseline 0.002 -21"><span class='ocrx_word' id='word_1_430' title='bbox 112 3008 378 3065; x_wconf 86' lang='lat' dir='ltr'>lationem-</span> <span class='ocrx_word' id='word_1_431' title='bbox 1783 3017 2150 3070; x_wconf 86' lang='lat' dir='ltr'>movebuntur</span> <span class='ocrx_word' id='word_1_432' title='bbox 2165 3034 2182 3079; x_wconf 88' lang='lat'><strong><em>;</em></strong></span> <span class='ocrx_word' id='word_1_433' title='bbox 2206 3021 2257 3069; x_wconf 86' lang='lat' dir='ltr'>et</span> <span class='ocrx_word' id='word_1_434' title='bbox 2278 3020 2410 3068; x_wconf 84' lang='lat' dir='ltr'>tunc</span> <span class='ocrx_word' id='word_1_435' title='bbox 2426 3017 2687 3069; x_wconf 86' lang='lat' dir='ltr'>videbunt</span> <span class='ocrx_word' id='word_1_436' title='bbox 2702 3018 2887 3083; x_wconf 79' lang='lat' dir='ltr'>ﬁlium</span> <span class='ocrx_word' id='word_1_437' title='bbox 2902 3016 3145 3069; x_wconf 87' lang='lat' dir='ltr'>hominis</span> <span class='ocrx_word' id='word_1_438' title='bbox 3164 3017 3386 3069; x_wconf 83' lang='lat' dir='ltr'>venien-</span> 
     </span>
    </p>
   </div>
   <div class='ocr_carea' id='block_1_30' title="bbox 174 3097 3385 3173">
    <p class='ocr_par' dir='ltr' id='par_1_30' title="bbox 174 3097 3385 3173">
     <span class='ocr_line' id='line_1_30' title="bbox 174 3097 3385 3173; baseline 0.002 -20"><span class='ocrx_word' id='word_1_439' title='bbox 174 3097 246 3153; x_wconf 77' lang='grc'>14.</span> <span class='ocrx_word' id='word_1_440' title='bbox 282 3102 567 3167; x_wconf 77' lang='lat' dir='ltr'>Quoniam</span> <span class='ocrx_word' id='word_1_441' title='bbox 612 3104 724 3169; x_wconf 84' lang='lat' dir='ltr'>ipse</span> <span class='ocrx_word' id='word_1_442' title='bbox 772 3103 1060 3157; x_wconf 80' lang='lat' dir='ltr'>Dominus.</span> <span class='ocrx_word' id='word_1_443' title='bbox 1109 3105 1335 3159; x_wconf 88' lang='lat' dir='ltr'>Jussum</span> <span class='ocrx_word' id='word_1_444' title='bbox 1380 3105 1463 3157; x_wconf 87' lang='lat' dir='ltr'>vel</span> <span class='ocrx_word' id='word_1_445' title='bbox 1505 3103 1700 3158; x_wconf 89' lang='lat' dir='ltr'>tubam</span> <span class='ocrx_word' id='word_1_446' title='bbox 1785 3110 1891 3158; x_wconf 88' lang='lat' dir='ltr'>tem</span> <span class='ocrx_word' id='word_1_447' title='bbox 1913 3120 2039 3158; x_wconf 86' lang='lat' dir='ltr'>cum</span> <span class='ocrx_word' id='word_1_448' title='bbox 2060 3109 2321 3172; x_wconf 81' lang='lat' dir='ltr'>potestate</span> <span class='ocrx_word' id='word_1_449' title='bbox 2341 3119 2549 3171; x_wconf 89' lang='lat' dir='ltr'>magna</span> <span class='ocrx_word' id='word_1_450' title='bbox 2566 3109 2616 3157; x_wconf 85' lang='lat' dir='ltr'>et</span> <span class='ocrx_word' id='word_1_451' title='bbox 2633 3108 2934 3173; x_wconf 85' lang='lat' dir='ltr'>majestate.</span> <span class='ocrx_word' id='word_1_452' title='bbox 2954 3103 3257 3157; x_wconf 82' lang='lat' dir='ltr'>Videamus</span> <span class='ocrx_word' id='word_1_453' title='bbox 3278 3102 3385 3158; x_wconf 81' lang='lat' dir='ltr'>ita-</span> 
     </span>
    </p>
   </div>
   <div class='ocr_carea' id='block_1_31' title="bbox 111 3189 3385 3267">
    <p class='ocr_par' dir='ltr' id='par_1_31' title="bbox 111 3189 3385 3267">
     <span class='ocr_line' id='line_1_31' title="bbox 111 3189 3385 3267; baseline 0.003 -30"><span class='ocrx_word' id='word_1_454' title='bbox 111 3193 253 3242; x_wconf 82' lang='lat' dir='ltr'>vocat</span> <span class='ocrx_word' id='word_1_455' title='bbox 281 3205 476 3243; x_wconf 90' lang='lat' dir='ltr'>vocem</span> <span class='ocrx_word' id='word_1_456' title='bbox 510 3189 831 3260; x_wconf 85' lang='lat' dir='ltr'>archangeli</span> <span class='ocrx_word' id='word_1_457' title='bbox 862 3193 957 3262; x_wconf 87' lang='lat' dir='ltr'>qui</span> <span class='ocrx_word' id='word_1_458' title='bbox 987 3193 1137 3246; x_wconf 90' lang='lat' dir='ltr'>dicet</span> <span class='ocrx_word' id='word_1_459' title='bbox 1167 3211 1178 3245; x_wconf 92' lang='lat'><strong>:</strong></span> <span class='ocrx_word' id='word_1_460' title='bbox 1212 3194 1460 3262; x_wconf 82' lang='lat' dir='ltr'>Surgite.</span> <span class='ocrx_word' id='word_1_461' title='bbox 1784 3213 1911 3267; x_wconf 85' lang='lat' dir='ltr'>que,</span> <span class='ocrx_word' id='word_1_462' title='bbox 1944 3212 2014 3248; x_wconf 92' lang='lat' dir='ltr'>ne</span> <span class='ocrx_word' id='word_1_463' title='bbox 2040 3195 2183 3248; x_wconf 85' lang='lat' dir='ltr'>forte</span> <span class='ocrx_word' id='word_1_464' title='bbox 2212 3196 2413 3248; x_wconf 89' lang='lat' dir='ltr'>melius</span> <span class='ocrx_word' id='word_1_465' title='bbox 2443 3195 2809 3265; x_wconf 88' lang='lat' dir='ltr'>intelligatur,</span> <span class='ocrx_word' id='word_1_466' title='bbox 2843 3212 2954 3250; x_wconf 91' lang='lat' dir='ltr'>non</span> <span class='ocrx_word' id='word_1_467' title='bbox 2987 3211 3055 3249; x_wconf 88' lang='lat' dir='ltr'>ea</span> <span class='ocrx_word' id='word_1_468' title='bbox 3083 3195 3251 3249; x_wconf 91' lang='lat' dir='ltr'>modo</span> <span class='ocrx_word' id='word_1_469' title='bbox 3280 3194 3385 3248; x_wconf 79' lang='lat' dir='ltr'>im-</span> 
     </span>
    </p>
   </div>
   <div class='ocr_carea' id='block_1_32' title="bbox 172 3274 3386 3356">
    <p class='ocr_par' dir='ltr' id='par_1_32' title="bbox 172 3274 3386 3356">
     <span class='ocr_line' id='line_1_32' title="bbox 172 3274 3386 3356; baseline 0.002 -25"><span class='ocrx_word' id='word_1_470' title='bbox 172 3274 246 3331; x_wconf 83' lang='lat'>15.</span> <span class='ocrx_word' id='word_1_471' title='bbox 283 3280 537 3334; x_wconf 70' lang='lat' dir='ltr'>Auens&#39;r.</span> <span class='ocrx_word' id='word_1_472' title='bbox 564 3278 679 3342; x_wconf 91' lang='lat' dir='ltr'>(lib.</span> <span class='ocrx_word' id='word_1_473' title='bbox 707 3293 779 3332; x_wconf 79' lang='lat' dir='ltr'>xx</span> <span class='ocrx_word' id='word_1_474' title='bbox 803 3282 874 3333; x_wconf 90' lang='lat' dir='ltr'>De</span> <span class='ocrx_word' id='word_1_475' title='bbox 893 3284 1042 3335; x_wconf 85' lang='lat' dir='ltr'>civit.</span> <span class='ocrx_word' id='word_1_476' title='bbox 1072 3284 1182 3347; x_wconf 85' lang='lat' dir='ltr'>Dei,</span> <span class='ocrx_word' id='word_1_477' title='bbox 1207 3299 1327 3353; x_wconf 89' lang='lat' dir='ltr'>cap.</span> <span class='ocrx_word' id='word_1_478' title='bbox 1351 3282 1440 3347; x_wconf 72' lang='lat'>20,</span> <span class='ocrx_word' id='word_1_479' title='bbox 1465 3282 1694 3347; x_wconf 88' lang='lat' dir='ltr'>tom.V).</span> <span class='ocrx_word' id='word_1_480' title='bbox 1781 3285 1923 3356; x_wconf 86' lang='lat' dir='ltr'>pleri</span> <span class='ocrx_word' id='word_1_481' title='bbox 1949 3300 2071 3355; x_wconf 84' lang='lat' dir='ltr'>quae</span> <span class='ocrx_word' id='word_1_482' title='bbox 2092 3284 2392 3354; x_wconf 77' lang='lat' dir='ltr'>praedicata</span> <span class='ocrx_word' id='word_1_483' title='bbox 2411 3290 2545 3338; x_wconf 90' lang='lat' dir='ltr'>sunt</span> <span class='ocrx_word' id='word_1_484' title='bbox 2568 3284 2627 3338; x_wconf 93' lang='lat' dir='ltr'>in</span> <span class='ocrx_word' id='word_1_485' title='bbox 2653 3284 2763 3338; x_wconf 89' lang='lat' dir='ltr'>illis</span> <span class='ocrx_word' id='word_1_486' title='bbox 2780 3284 2984 3348; x_wconf 87' lang='lat' dir='ltr'>verbis,</span> <span class='ocrx_word' id='word_1_487' title='bbox 3007 3284 3105 3338; x_wconf 88' lang='lat' dir='ltr'>sed</span> <span class='ocrx_word' id='word_1_488' title='bbox 3124 3288 3261 3338; x_wconf 90' lang='lat' dir='ltr'>tunc</span> <span class='ocrx_word' id='word_1_489' title='bbox 3289 3299 3386 3354; x_wconf 90' lang='lat' dir='ltr'>po-</span> 
     </span>
    </p>
   </div>
   <div class='ocr_carea' id='block_1_33' title="bbox 110 3364 3382 3444">
    <p class='ocr_par' dir='ltr' id='par_1_33' title="bbox 110 3364 3382 3444">
     <span class='ocr_line' id='line_1_33' title="bbox 110 3364 3382 3444; baseline 0.003 -29"><span class='ocrx_word' id='word_1_490' title='bbox 110 3364 292 3419; x_wconf 81' lang='lat' dir='ltr'>Deinde</span> <span class='ocrx_word' id='word_1_491' title='bbox 319 3383 437 3421; x_wconf 87' lang='lat' dir='ltr'>nos.</span> <span class='ocrx_word' id='word_1_492' title='bbox 478 3366 538 3420; x_wconf 91' lang='lat' dir='ltr'>Si</span> <span class='ocrx_word' id='word_1_493' title='bbox 569 3383 701 3437; x_wconf 88' lang='lat' dir='ltr'>ergo</span> <span class='ocrx_word' id='word_1_494' title='bbox 747 3374 971 3423; x_wconf 86' lang='lat' dir='ltr'>sanctos</span> <span class='ocrx_word' id='word_1_495' title='bbox 1015 3371 1111 3440; x_wconf 91' lang='lat' dir='ltr'>qui</span> <span class='ocrx_word' id='word_1_496' title='bbox 1154 3371 1513 3441; x_wconf 89' lang='lat' dir='ltr'>reperiuntur</span> <span class='ocrx_word' id='word_1_497' title='bbox 1545 3370 1701 3424; x_wconf 89' lang='lat' dir='ltr'>Chri—</span> <span class='ocrx_word' id='word_1_498' title='bbox 1782 3376 1897 3429; x_wconf 87' lang='lat' dir='ltr'>tius</span> <span class='ocrx_word' id='word_1_499' title='bbox 1916 3390 2037 3428; x_wconf 88' lang='lat' dir='ltr'>esse</span> <span class='ocrx_word' id='word_1_500' title='bbox 2056 3379 2312 3437; x_wconf 89' lang='lat' dir='ltr'>ventura,</span> <span class='ocrx_word' id='word_1_501' title='bbox 2330 3374 2553 3444; x_wconf 89' lang='lat' dir='ltr'>quando</span> <span class='ocrx_word' id='word_1_502' title='bbox 2579 3374 2658 3427; x_wconf 90' lang='lat' dir='ltr'>sic</span> <span class='ocrx_word' id='word_1_503' title='bbox 2678 3375 2787 3428; x_wconf 92' lang='lat' dir='ltr'>erit</span> <span class='ocrx_word' id='word_1_504' title='bbox 2808 3373 3099 3429; x_wconf 89' lang='lat' dir='ltr'>tribulatio</span> <span class='ocrx_word' id='word_1_505' title='bbox 3120 3373 3382 3428; x_wconf 83' lang='lat' dir='ltr'>universo</span> 
     </span>
    </p>
   </div>
   <div class='ocr_carea' id='block_1_34' title="bbox 110 3456 3383 3534">
    <p class='ocr_par' dir='ltr' id='par_1_34' title="bbox 110 3456 3383 3534">
     <span class='ocr_line' id='line_1_34' title="bbox 110 3456 3383 3534; baseline 0.005 -32"><span class='ocrx_word' id='word_1_506' title='bbox 110 3458 182 3504; x_wconf 80' lang='lat' dir='ltr'>sto</span> <span class='ocrx_word' id='word_1_507' title='bbox 205 3456 456 3510; x_wconf 89' lang='lat' dir='ltr'>veniente</span> <span class='ocrx_word' id='word_1_508' title='bbox 490 3459 759 3523; x_wconf 89' lang='lat' dir='ltr'>viventes,</span> <span class='ocrx_word' id='word_1_509' title='bbox 806 3459 968 3529; x_wconf 90' lang='lat' dir='ltr'>eique</span> <span class='ocrx_word' id='word_1_510' title='bbox 1016 3459 1074 3512; x_wconf 89' lang='lat' dir='ltr'>in</span> <span class='ocrx_word' id='word_1_511' title='bbox 1123 3459 1341 3513; x_wconf 88' lang='lat' dir='ltr'>obviam</span> <span class='ocrx_word' id='word_1_512' title='bbox 1384 3461 1696 3531; x_wconf 88' lang='lat' dir='ltr'>rapientur,</span> <span class='ocrx_word' id='word_1_513' title='bbox 1783 3464 1905 3517; x_wconf 83' lang='lat' dir='ltr'>orbi</span> <span class='ocrx_word' id='word_1_514' title='bbox 1964 3468 2028 3516; x_wconf 88' lang='lat' dir='ltr'>ut</span> <span class='ocrx_word' id='word_1_515' title='bbox 2082 3463 2153 3516; x_wconf 88' lang='lat' dir='ltr'>ad</span> <span class='ocrx_word' id='word_1_516' title='bbox 2212 3462 2512 3516; x_wconf 76' lang='lat' dir='ltr'>Ecclesium</span> <span class='ocrx_word' id='word_1_517' title='bbox 2565 3464 2846 3533; x_wconf 84' lang='lat' dir='ltr'>pertineat</span> <span class='ocrx_word' id='word_1_518' title='bbox 2883 3480 3005 3534; x_wconf 66' lang='lat' dir='ltr'>quae</span> <span class='ocrx_word' id='word_1_519' title='bbox 3034 3463 3093 3516; x_wconf 89' lang='lat' dir='ltr'>in</span> <span class='ocrx_word' id='word_1_520' title='bbox 3121 3464 3383 3518; x_wconf 87' lang='lat' dir='ltr'>universo</span> 
     </span>
    </p>
   </div>
   <div class='ocr_carea' id='block_1_35' title="bbox 111 3540 3379 3624">
    <p class='ocr_par' dir='ltr' id='par_1_35' title="bbox 111 3540 3379 3624">
     <span class='ocr_line' id='line_1_35' title="bbox 111 3540 3379 3624; baseline 0.004 -31"><span class='ocrx_word' id='word_1_521' title='bbox 111 3540 495 3598; x_wconf 72' lang='lat' dir='ltr'>crediderimus</span> <span class='ocrx_word' id='word_1_522' title='bbox 524 3546 595 3624; x_wconf 42' lang='lat' dir='ltr'>‘in</span> <span class='ocrx_word' id='word_1_523' title='bbox 643 3546 839 3599; x_wconf 89' lang='lat' dir='ltr'>eodem</span> <span class='ocrx_word' id='word_1_524' title='bbox 886 3552 1053 3616; x_wconf 84' lang='lat' dir='ltr'>raptu</span> <span class='ocrx_word' id='word_1_525' title='bbox 1096 3547 1164 3600; x_wconf 88' lang='lat' dir='ltr'>de</span> <span class='ocrx_word' id='word_1_526' title='bbox 1212 3548 1542 3601; x_wconf 84' lang='lat' dir='ltr'>mortalibus</span> <span class='ocrx_word' id='word_1_527' title='bbox 1581 3565 1699 3600; x_wconf 86' lang='lat' dir='ltr'>cor-</span> <span class='ocrx_word' id='word_1_528' title='bbox 1783 3553 1915 3606; x_wconf 87' lang='lat' dir='ltr'>orbe</span> <span class='ocrx_word' id='word_1_529' title='bbox 1944 3551 2325 3617; x_wconf 86' lang='lat' dir='ltr'>tribulabitur,</span> <span class='ocrx_word' id='word_1_530' title='bbox 2368 3567 2480 3604; x_wconf 90' lang='lat' dir='ltr'>non</span> <span class='ocrx_word' id='word_1_531' title='bbox 2521 3552 2592 3605; x_wconf 87' lang='lat' dir='ltr'>ad</span> <span class='ocrx_word' id='word_1_532' title='bbox 2639 3568 2735 3605; x_wconf 90' lang='lat' dir='ltr'>eos</span> <span class='ocrx_word' id='word_1_533' title='bbox 2775 3552 2870 3621; x_wconf 91' lang='lat' dir='ltr'>qui</span> <span class='ocrx_word' id='word_1_534' title='bbox 2913 3551 3189 3605; x_wconf 88' lang='lat' dir='ltr'>tribulant</span> <span class='ocrx_word' id='word_1_535' title='bbox 3231 3567 3379 3605; x_wconf 87' lang='lat' dir='ltr'>eam.</span> 
     </span>
    </p>
   </div>
   <div class='ocr_carea' id='block_1_36' title="bbox 111 3628 3381 3711">
    <p class='ocr_par' dir='ltr' id='par_1_36' title="bbox 111 3628 3381 3711">
     <span class='ocr_line' id='line_1_36' title="bbox 111 3628 3381 3711; baseline 0.004 -31"><span class='ocrx_word' id='word_1_536' title='bbox 111 3628 316 3695; x_wconf 87' lang='lat' dir='ltr'>poribus</span> <span class='ocrx_word' id='word_1_537' title='bbox 342 3634 624 3699; x_wconf 84' lang='lat' dir='ltr'>exituros,</span> <span class='ocrx_word' id='word_1_538' title='bbox 657 3639 714 3686; x_wconf 90' lang='lat' dir='ltr'>et</span> <span class='ocrx_word' id='word_1_539' title='bbox 743 3635 814 3688; x_wconf 91' lang='lat' dir='ltr'>ad</span> <span class='ocrx_word' id='word_1_540' title='bbox 842 3636 1036 3689; x_wconf 88' lang='lat' dir='ltr'>eadem</span> <span class='ocrx_word' id='word_1_541' title='bbox 1068 3652 1196 3690; x_wconf 81' lang='lat' dir='ltr'>mox</span> <span class='ocrx_word' id='word_1_542' title='bbox 1228 3636 1569 3690; x_wconf 86' lang='lat' dir='ltr'>immortalia</span> <span class='ocrx_word' id='word_1_543' title='bbox 1604 3653 1696 3690; x_wconf 90' lang='lat' dir='ltr'>re-</span> <span class='ocrx_word' id='word_1_544' title='bbox 1779 3640 1896 3711; x_wconf 90' lang='lat' dir='ltr'>Ipsi</span> <span class='ocrx_word' id='word_1_545' title='bbox 1925 3641 2075 3694; x_wconf 88' lang='lat' dir='ltr'>enim</span> <span class='ocrx_word' id='word_1_546' title='bbox 2104 3640 2310 3692; x_wconf 91' lang='lat' dir='ltr'>dicturi</span> <span class='ocrx_word' id='word_1_547' title='bbox 2341 3645 2476 3693; x_wconf 92' lang='lat' dir='ltr'>sunt</span> <span class='ocrx_word' id='word_1_548' title='bbox 2505 3658 2517 3691; x_wconf 90' lang='lat'><strong>:</strong></span> <span class='ocrx_word' id='word_1_549' title='bbox 2546 3642 2662 3694; x_wconf 71' lang='lat' dir='ltr'>Paw</span> <span class='ocrx_word' id='word_1_550' title='bbox 2688 3645 2739 3693; x_wconf 87' lang='lat' dir='ltr'>et</span> <span class='ocrx_word' id='word_1_551' title='bbox 2765 3643 3051 3707; x_wconf 85' lang='lat' dir='ltr'>securitas,</span> <span class='ocrx_word' id='word_1_552' title='bbox 3082 3645 3148 3694; x_wconf 92' lang='lat' dir='ltr'>ut</span> <span class='ocrx_word' id='word_1_553' title='bbox 3175 3655 3381 3710; x_wconf 87' lang='lat' dir='ltr'>repen-</span> 
     </span>
    </p>
   </div>
   <div class='ocr_carea' id='block_1_37' title="bbox 113 3714 3383 3797">
    <p class='ocr_par' dir='ltr' id='par_1_37' title="bbox 113 3714 3383 3797">
     <span class='ocr_line' id='line_1_37' title="bbox 113 3714 3383 3797; baseline 0.003 -27"><span class='ocrx_word' id='word_1_554' title='bbox 113 3714 321 3785; x_wconf 85' lang='lat' dir='ltr'>dituros,</span> <span class='ocrx_word' id='word_1_555' title='bbox 346 3722 535 3775; x_wconf 87' lang='lat' dir='ltr'>nullas</span> <span class='ocrx_word' id='word_1_556' title='bbox 564 3721 622 3775; x_wconf 90' lang='lat' dir='ltr'>in</span> <span class='ocrx_word' id='word_1_557' title='bbox 655 3722 836 3776; x_wconf 89' lang='lat' dir='ltr'>verbis</span> <span class='ocrx_word' id='word_1_558' title='bbox 861 3725 1115 3794; x_wconf 89' lang='lat' dir='ltr'>Apostoli</span> <span class='ocrx_word' id='word_1_559' title='bbox 1139 3724 1427 3795; x_wconf 88' lang='lat' dir='ltr'>patientur</span> <span class='ocrx_word' id='word_1_560' title='bbox 1452 3724 1570 3796; x_wconf 86' lang='lat' dir='ltr'>[al.,</span> <span class='ocrx_word' id='word_1_561' title='bbox 1602 3741 1697 3794; x_wconf 84' lang='lat' dir='ltr'>pa—</span> <span class='ocrx_word' id='word_1_562' title='bbox 1777 3730 1931 3783; x_wconf 91' lang='lat' dir='ltr'>tinus</span> <span class='ocrx_word' id='word_1_563' title='bbox 1952 3729 2067 3782; x_wconf 90' lang='lat' dir='ltr'>illis</span> <span class='ocrx_word' id='word_1_564' title='bbox 2093 3728 2452 3797; x_wconf 86' lang='lat' dir='ltr'>superveniat</span> <span class='ocrx_word' id='word_1_565' title='bbox 2473 3729 2756 3793; x_wconf 90' lang='lat' dir='ltr'>interitus,</span> <span class='ocrx_word' id='word_1_566' title='bbox 2780 3733 2837 3782; x_wconf 89' lang='lat' dir='ltr'>et</span> <span class='ocrx_word' id='word_1_567' title='bbox 2856 3744 2952 3783; x_wconf 89' lang='lat' dir='ltr'>eos</span> <span class='ocrx_word' id='word_1_568' title='bbox 2978 3728 3250 3782; x_wconf 84' lang='lat' dir='ltr'>adventus</span> <span class='ocrx_word' id='word_1_569' title='bbox 3275 3728 3383 3782; x_wconf 95' lang='lat' dir='ltr'>Do-</span> 
     </span>
    </p>
   </div>
   <div class='ocr_carea' id='block_1_38' title="bbox 114 3804 3019 3887">
    <p class='ocr_par' dir='ltr' id='par_1_38' title="bbox 114 3804 3019 3887">
     <span class='ocr_line' id='line_1_38' title="bbox 114 3804 3019 3887; baseline 0.005 -33"><span class='ocrx_word' id='word_1_570' title='bbox 114 3804 324 3881; x_wconf 84' lang='lat' dir='ltr'>tiemur]</span> <span class='ocrx_word' id='word_1_571' title='bbox 353 3811 670 3881; x_wconf 81' lang='lat' dir='ltr'>angustias,</span> <span class='ocrx_word' id='word_1_572' title='bbox 696 3811 810 3865; x_wconf 86' lang='lat' dir='ltr'>sive</span> <span class='ocrx_word' id='word_1_573' title='bbox 829 3812 926 3866; x_wconf 90' lang='lat' dir='ltr'>ubi</span> <span class='ocrx_word' id='word_1_574' title='bbox 953 3813 1090 3866; x_wconf 91' lang='lat' dir='ltr'>dicit</span> <span class='ocrx_word' id='word_1_575' title='bbox 1116 3831 1129 3867; x_wconf 87' lang='lat'><strong><em>:</em></strong></span> <span class='ocrx_word' id='word_1_576' title='bbox 1162 3814 1245 3867; x_wconf 94' lang='lat' dir='ltr'>Tu</span> <span class='ocrx_word' id='word_1_577' title='bbox 1275 3814 1422 3883; x_wconf 91' lang='lat' dir='ltr'>quod</span> <span class='ocrx_word' id='word_1_578' title='bbox 1452 3814 1694 3867; x_wconf 80' lang='lat' dir='ltr'>seminus</span> <span class='ocrx_word' id='word_1_579' title='bbox 1777 3818 1938 3883; x_wconf 87' lang='lat' dir='ltr'>mini,</span> <span class='ocrx_word' id='word_1_580' title='bbox 1970 3817 2114 3870; x_wconf 90' lang='lat' dir='ltr'>sicut</span> <span class='ocrx_word' id='word_1_581' title='bbox 2141 3817 2234 3869; x_wconf 89' lang='lat' dir='ltr'>fur</span> <span class='ocrx_word' id='word_1_582' title='bbox 2260 3817 2318 3869; x_wconf 91' lang='lat' dir='ltr'>in</span> <span class='ocrx_word' id='word_1_583' title='bbox 2343 3823 2527 3883; x_wconf 91' lang='lat' dir='ltr'>nocte,</span> <span class='ocrx_word' id='word_1_584' title='bbox 2560 3817 3019 3887; x_wconf 86' lang='lat' dir='ltr'>comprehendat.</span> 
     </span>
    </p>
   </div>
   <div class='ocr_carea' id='block_1_39' title="bbox 114 3896 1688 3966">
    <p class='ocr_par' dir='ltr' id='par_1_39' title="bbox 114 3896 1688 3966">
     <span class='ocr_line' id='line_1_39' title="bbox 114 3896 1688 3966; baseline 0.008 -22"><span class='ocrx_word' id='word_1_585' title='bbox 114 3906 209 3947; x_wconf 90' lang='lat' dir='ltr'>non</span> <span class='ocrx_word' id='word_1_586' title='bbox 247 3896 637 3966; x_wconf 87' lang='lat' dir='ltr'>viviﬁcabitur,</span> <span class='ocrx_word' id='word_1_587' title='bbox 700 3900 807 3954; x_wconf 90' lang='lat' dir='ltr'>nisi</span> <span class='ocrx_word' id='word_1_588' title='bbox 866 3902 1159 3956; x_wconf 89' lang='lat' dir='ltr'>moriatur.</span> <span class='ocrx_word' id='word_1_589' title='bbox 1205 3902 1331 3956; x_wconf 82' lang='lat' dir='ltr'>Sive</span> <span class='ocrx_word' id='word_1_590' title='bbox 1368 3901 1464 3955; x_wconf 92' lang='lat' dir='ltr'>ubi</span> <span class='ocrx_word' id='word_1_591' title='bbox 1502 3903 1639 3956; x_wconf 90' lang='lat' dir='ltr'>dicit</span> <span class='ocrx_word' id='word_1_592' title='bbox 1678 3921 1688 3956; x_wconf 93' lang='lat'><strong>:</strong></span> 
     </span>
    </p>
   </div>
   <div class='ocr_carea' id='block_1_40' title="bbox 115 3979 1692 4062">
    <p class='ocr_par' dir='ltr' id='par_1_40' title="bbox 115 3979 1692 4062">
     <span class='ocr_line' id='line_1_40' title="bbox 115 3979 1692 4062; baseline 0.008 -29"><span class='ocrx_word' id='word_1_593' title='bbox 115 3979 295 4038; x_wconf 86' lang='lat' dir='ltr'>Omnes</span> <span class='ocrx_word' id='word_1_594' title='bbox 343 4004 728 4058; x_wconf 85' lang='lat' dir='ltr'>resurgemus,</span> <span class='ocrx_word' id='word_1_595' title='bbox 774 3994 840 4043; x_wconf 92' lang='lat' dir='ltr'>ut</span> <span class='ocrx_word' id='word_1_596' title='bbox 890 3988 1010 4062; x_wconf 86' lang='lat' dir='ltr'>[al.,</span> <span class='ocrx_word' id='word_1_597' title='bbox 1064 3991 1183 4061; x_wconf 84' lang='lat' dir='ltr'>aut]</span> <span class='ocrx_word' id='word_1_598' title='bbox 1224 4007 1418 4045; x_wconf 89' lang='lat' dir='ltr'>omnes</span> <span class='ocrx_word' id='word_1_599' title='bbox 1455 3992 1692 4045; x_wconf 90' lang='lat' dir='ltr'>dormie-</span> 
     </span>
    </p>
   </div>
   <div class='ocr_carea' id='block_1_41' title="bbox 114 4082 239 4126">
    <p class='ocr_par' dir='ltr' id='par_1_41' title="bbox 114 4082 239 4126">
     <span class='ocr_line' id='line_1_41' title="bbox 114 4082 239 4126; baseline 0.04 -5"><span class='ocrx_word' id='word_1_600' title='bbox 114 4082 239 4126; x_wconf 89' lang='lat' dir='ltr'>mus.</span> 
     </span>
    </p>
   </div>
   <div class='ocr_carea' id='block_1_42' title="bbox 174 4157 1682 4241">
    <p class='ocr_par' dir='ltr' id='par_1_42' title="bbox 174 4157 1682 4241">
     <span class='ocr_line' id='line_1_42' title="bbox 174 4157 1682 4241; baseline 0.007 -29"><span class='ocrx_word' id='word_1_601' title='bbox 174 4157 315 4217; x_wconf 82' lang='lat' dir='ltr'>CAP.</span> <span class='ocrx_word' id='word_1_602' title='bbox 347 4165 414 4219; x_wconf 88' lang='lat' dir='ltr'>V.</span> <span class='ocrx_word' id='word_1_603' title='bbox 437 4194 499 4206; x_wconf 89' lang='lat'>—-</span> <span class='ocrx_word' id='word_1_604' title='bbox 539 4171 559 4221; x_wconf 82' lang='grc'>1</span> <span class='ocrx_word' id='word_1_605' title='bbox 624 4166 833 4222; x_wconf 72' lang='lat' dir='ltr'>LANFR.</span> <span class='ocrx_word' id='word_1_606' title='bbox 870 4168 941 4221; x_wconf 90' lang='lat' dir='ltr'>De</span> <span class='ocrx_word' id='word_1_607' title='bbox 971 4170 1324 4237; x_wconf 85' lang='lat' dir='ltr'>temporibus.</span> <span class='ocrx_word' id='word_1_608' title='bbox 1358 4170 1439 4223; x_wconf 90' lang='lat' dir='ltr'>De</span> <span class='ocrx_word' id='word_1_609' title='bbox 1467 4175 1682 4241; x_wconf 87' lang='lat' dir='ltr'>tempo-</span> 
     </span>
    </p>
   </div>
   <div class='ocr_carea' id='block_1_43' title="bbox 114 4244 1683 4326">
    <p class='ocr_par' dir='ltr' id='par_1_43' title="bbox 114 4244 1683 4326">
     <span class='ocr_line' id='line_1_43' title="bbox 114 4244 1683 4326; baseline 0.011 -31"><span class='ocrx_word' id='word_1_610' title='bbox 114 4244 264 4315; x_wconf 85' lang='lat' dir='ltr'>ribus,</span> <span class='ocrx_word' id='word_1_611' title='bbox 292 4268 363 4306; x_wconf 88' lang='lat' dir='ltr'>an</span> <span class='ocrx_word' id='word_1_612' title='bbox 403 4258 600 4309; x_wconf 67' lang='lat' dir='ltr'>aestate</span> <span class='ocrx_word' id='word_1_613' title='bbox 627 4255 713 4309; x_wconf 89' lang='lat' dir='ltr'>vel</span> <span class='ocrx_word' id='word_1_614' title='bbox 753 4255 957 4323; x_wconf 91' lang='lat' dir='ltr'>hieme,</span> <span class='ocrx_word' id='word_1_615' title='bbox 988 4272 1061 4309; x_wconf 90' lang='lat' dir='ltr'>an</span> <span class='ocrx_word' id='word_1_616' title='bbox 1090 4257 1181 4312; x_wconf 88' lang='lat' dir='ltr'>die</span> <span class='ocrx_word' id='word_1_617' title='bbox 1222 4258 1307 4312; x_wconf 87' lang='lat' dir='ltr'>vel</span> <span class='ocrx_word' id='word_1_618' title='bbox 1340 4264 1520 4326; x_wconf 88' lang='lat' dir='ltr'>nocte,</span> <span class='ocrx_word' id='word_1_619' title='bbox 1549 4276 1683 4313; x_wconf 91' lang='lat' dir='ltr'>ven-</span> 
     </span>
    </p>
   </div>
   <div class='ocr_carea' id='block_1_44' title="bbox 116 4336 1051 4412">
    <p class='ocr_par' dir='ltr' id='par_1_44' title="bbox 116 4336 1051 4412">
     <span class='ocr_line' id='line_1_44' title="bbox 116 4336 1051 4412; baseline 0.014 -25"><span class='ocrx_word' id='word_1_620' title='bbox 116 4336 252 4391; x_wconf 81' lang='lat' dir='ltr'>turus</span> <span class='ocrx_word' id='word_1_621' title='bbox 277 4340 348 4394; x_wconf 89' lang='lat' dir='ltr'>sit</span> <span class='ocrx_word' id='word_1_622' title='bbox 373 4343 446 4396; x_wconf 91' lang='lat' dir='ltr'>ad</span> <span class='ocrx_word' id='word_1_623' title='bbox 467 4342 746 4412; x_wconf 88' lang='lat' dir='ltr'>judicium</span> <span class='ocrx_word' id='word_1_624' title='bbox 776 4345 1051 4402; x_wconf 85' lang='lat' dir='ltr'>Christus.</span> 
     </span>
    </p>
   </div>
   <div class='ocr_carea' id='block_1_45' title="bbox 169 4422 1684 4506">
    <p class='ocr_par' dir='ltr' id='par_1_45' title="bbox 169 4422 1684 4506">
     <span class='ocr_line' id='line_1_45' title="bbox 169 4422 1684 4506; baseline 0.007 -25"><span class='ocrx_word' id='word_1_625' title='bbox 169 4422 217 4476; x_wconf 80' lang='grc'>2.</span> <span class='ocrx_word' id='word_1_626' title='bbox 245 4429 313 4482; x_wconf 90' lang='lat' dir='ltr'>De</span> <span class='ocrx_word' id='word_1_627' title='bbox 352 4435 668 4499; x_wconf 86' lang='lat' dir='ltr'>momentis,</span> <span class='ocrx_word' id='word_1_628' title='bbox 716 4433 773 4487; x_wconf 92' lang='lat' dir='ltr'>id</span> <span class='ocrx_word' id='word_1_629' title='bbox 819 4439 923 4503; x_wconf 90' lang='lat' dir='ltr'>est,</span> <span class='ocrx_word' id='word_1_630' title='bbox 977 4451 1089 4506; x_wconf 87' lang='lat' dir='ltr'>qua</span> <span class='ocrx_word' id='word_1_631' title='bbox 1141 4437 1281 4491; x_wconf 89' lang='lat' dir='ltr'>hora</span> <span class='ocrx_word' id='word_1_632' title='bbox 1311 4437 1422 4491; x_wconf 90' lang='lat' dir='ltr'>diei</span> <span class='ocrx_word' id='word_1_633' title='bbox 1462 4439 1545 4491; x_wconf 91' lang='lat' dir='ltr'>vel</span> <span class='ocrx_word' id='word_1_634' title='bbox 1581 4454 1684 4491; x_wconf 91' lang='lat' dir='ltr'>no-</span> 
     </span>
    </p>
   </div>
   <div class='ocr_carea' id='block_1_46' title="bbox 118 4510 221 4566">
    <p class='ocr_par' dir='ltr' id='par_1_46' title="bbox 118 4510 221 4566">
     <span class='ocr_line' id='line_1_46' title="bbox 118 4510 221 4566; baseline 0.01 -1"><span class='ocrx_word' id='word_1_635' title='bbox 118 4510 221 4566; x_wconf 83' lang='lat' dir='ltr'>etis.</span> 
     </span>
    </p>
   </div>
   <div class='ocr_carea' id='block_1_47' title="bbox 172 4600 1678 4687">
    <p class='ocr_par' dir='ltr' id='par_1_47' title="bbox 172 4600 1678 4687">
     <span class='ocr_line' id='line_1_47' title="bbox 172 4600 1678 4687; baseline 0.009 -30"><span class='ocrx_word' id='word_1_636' title='bbox 172 4600 219 4653; x_wconf 85' lang='lat'>3.</span> <span class='ocrx_word' id='word_1_637' title='bbox 242 4605 352 4673; x_wconf 85' lang='lat' dir='ltr'>Ipsi</span> <span class='ocrx_word' id='word_1_638' title='bbox 369 4611 519 4663; x_wconf 87' lang='lat' dir='ltr'>enim</span> <span class='ocrx_word' id='word_1_639' title='bbox 540 4610 854 4677; x_wconf 83' lang='lat' dir='ltr'>diligenter.</span> <span class='ocrx_word' id='word_1_640' title='bbox 885 4612 1055 4677; x_wconf 84' lang='lat' dir='ltr'>Quasi</span> <span class='ocrx_word' id='word_1_641' title='bbox 1084 4614 1233 4669; x_wconf 87' lang='lat' dir='ltr'>dicat</span> <span class='ocrx_word' id='word_1_642' title='bbox 1259 4634 1271 4669; x_wconf 90' lang='lat'>:</span> <span class='ocrx_word' id='word_1_643' title='bbox 1303 4617 1429 4669; x_wconf 87' lang='lat' dir='ltr'>Non</span> <span class='ocrx_word' id='word_1_644' title='bbox 1458 4617 1678 4687; x_wconf 89' lang='lat' dir='ltr'>indige-</span> 
     </span>
    </p>
   </div>
   <div class='ocr_carea' id='block_1_48' title="bbox 116 4686 1675 4773">
    <p class='ocr_par' dir='ltr' id='par_1_48' title="bbox 116 4686 1675 4773">
     <span class='ocr_line' id='line_1_48' title="bbox 116 4686 1675 4773; baseline 0.009 -28"><span class='ocrx_word' id='word_1_645' title='bbox 116 4686 192 4754; x_wconf 72' lang='lat' dir='ltr'>tiS,</span> <span class='ocrx_word' id='word_1_646' title='bbox 218 4693 339 4762; x_wconf 88' lang='lat' dir='ltr'>quia</span> <span class='ocrx_word' id='word_1_647' title='bbox 367 4696 509 4750; x_wconf 87' lang='lat' dir='ltr'>nihil</span> <span class='ocrx_word' id='word_1_648' title='bbox 548 4698 699 4752; x_wconf 88' lang='lat' dir='ltr'>aliud</span> <span class='ocrx_word' id='word_1_649' title='bbox 730 4700 1029 4755; x_wconf 86' lang='lat' dir='ltr'>scriberem</span> <span class='ocrx_word' id='word_1_650' title='bbox 1061 4703 1169 4758; x_wconf 91' lang='lat' dir='ltr'>nisi</span> <span class='ocrx_word' id='word_1_651' title='bbox 1199 4705 1348 4773; x_wconf 90' lang='lat' dir='ltr'>quod</span> <span class='ocrx_word' id='word_1_652' title='bbox 1377 4722 1473 4759; x_wconf 82' lang='lat' dir='ltr'>vos</span> <span class='ocrx_word' id='word_1_653' title='bbox 1502 4686 1675 4772; x_wconf 86' lang='lat' dir='ltr'>scitis,</span> 
     </span>
    </p>
   </div>
   <div class='ocr_carea' id='block_1_49' title="bbox 118 4774 1678 4866">
    <p class='ocr_par' dir='ltr' id='par_1_49' title="bbox 118 4774 1678 4866">
     <span class='ocr_line' id='line_1_49' title="bbox 118 4774 1678 4866; baseline 0.013 -38"><span class='ocrx_word' id='word_1_654' title='bbox 118 4774 240 4833; x_wconf 89' lang='lat' dir='ltr'>diem</span> <span class='ocrx_word' id='word_1_655' title='bbox 258 4783 505 4840; x_wconf 88' lang='lat' dir='ltr'>videlicet</span> <span class='ocrx_word' id='word_1_656' title='bbox 523 4786 747 4843; x_wconf 89' lang='lat' dir='ltr'>Domini</span> <span class='ocrx_word' id='word_1_657' title='bbox 769 4790 909 4843; x_wconf 87' lang='lat' dir='ltr'>clam</span> <span class='ocrx_word' id='word_1_658' title='bbox 940 4797 1261 4859; x_wconf 89' lang='lat' dir='ltr'>venturum,</span> <span class='ocrx_word' id='word_1_659' title='bbox 1294 4810 1396 4847; x_wconf 90' lang='lat' dir='ltr'>nec</span> <span class='ocrx_word' id='word_1_660' title='bbox 1420 4776 1678 4866; x_wconf 57' lang='lat' dir='ltr'>tempora</span> 
     </span>
    </p>
   </div>
   <div class='ocr_carea' id='block_1_50' title="bbox 120 4875 971 4947">
    <p class='ocr_par' dir='ltr' id='par_1_50' title="bbox 120 4875 971 4947">
     <span class='ocr_line' id='line_1_50' title="bbox 120 4875 971 4947; baseline 0.019 -30"><span class='ocrx_word' id='word_1_661' title='bbox 120 4879 203 4919; x_wconf 88' lang='lat' dir='ltr'>nec</span> <span class='ocrx_word' id='word_1_662' title='bbox 224 4881 496 4929; x_wconf 89' lang='lat' dir='ltr'>momenta</span> <span class='ocrx_word' id='word_1_663' title='bbox 527 4875 714 4947; x_wconf 89' lang='lat' dir='ltr'>aliquo</span> <span class='ocrx_word' id='word_1_664' title='bbox 743 4878 971 4933; x_wconf 87' lang='lat' dir='ltr'>sciente.</span> 
     </span>
    </p>
   </div>
   <div class='ocr_carea' id='block_1_51' title="bbox 175 4954 1675 5028">
    <p class='ocr_par' dir='ltr' id='par_1_51' title="bbox 175 4954 1675 5028">
     <span class='ocr_line' id='line_1_51' title="bbox 175 4954 1675 5028; baseline 0.012 -17"><span class='ocrx_word' id='word_1_665' title='bbox 175 4954 219 5010; x_wconf 76' lang='grc' dir='ltr'>4ο</span> <span class='ocrx_word' id='word_1_666' title='bbox 238 4960 363 5016; x_wconf 66' lang='lat' dir='ltr'>Cum</span> <span class='ocrx_word' id='word_1_667' title='bbox 384 4967 534 5017; x_wconf 78' lang='lat' dir='ltr'>enim</span> <span class='ocrx_word' id='word_1_668' title='bbox 558 4967 841 5021; x_wconf 68' lang='lat' dir='ltr'>dixerint:</span> <span class='ocrx_word' id='word_1_669' title='bbox 872 4972 1004 5024; x_wconf 74' lang='lat' dir='ltr'>Pax.</span> <span class='ocrx_word' id='word_1_670' title='bbox 1032 4970 1303 5026; x_wconf 82' lang='lat' dir='ltr'>Defuncto</span> <span class='ocrx_word' id='word_1_671' title='bbox 1328 4974 1675 5028; x_wconf 82' lang='lat' dir='ltr'>Antichristo</span> 
     </span>
    </p>
   </div>
   <div class='ocr_carea' id='block_1_52' title="bbox 122 5045 1676 5127">
    <p class='ocr_par' dir='ltr' id='par_1_52' title="bbox 122 5045 1676 5127">
     <span class='ocr_line' id='line_1_52' title="bbox 122 5045 1676 5127; baseline 0.013 -28"><span class='ocrx_word' id='word_1_672' title='bbox 122 5045 357 5109; x_wconf 81' lang='lat' dir='ltr'>putabant</span> <span class='ocrx_word' id='word_1_673' title='bbox 381 5053 539 5106; x_wconf 87' lang='lat' dir='ltr'>stulti</span> <span class='ocrx_word' id='word_1_674' title='bbox 582 5070 641 5107; x_wconf 91' lang='lat' dir='ltr'>se</span> <span class='ocrx_word' id='word_1_675' title='bbox 686 5057 926 5126; x_wconf 89' lang='lat' dir='ltr'>amplius</span> <span class='ocrx_word' id='word_1_676' title='bbox 957 5075 1218 5127; x_wconf 86' lang='lat' dir='ltr'>securos;</span> <span class='ocrx_word' id='word_1_677' title='bbox 1263 5063 1360 5115; x_wconf 91' lang='lat' dir='ltr'>sed</span> <span class='ocrx_word' id='word_1_678' title='bbox 1398 5069 1531 5118; x_wconf 90' lang='lat' dir='ltr'>tunc</span> <span class='ocrx_word' id='word_1_679' title='bbox 1568 5066 1676 5119; x_wconf 87' lang='lat' dir='ltr'>cito</span> 
     </span>
    </p>
   </div>
   <div class='ocr_carea' id='block_1_53' title="bbox 122 5133 1676 5222">
    <p class='ocr_par' dir='ltr' id='par_1_53' title="bbox 122 5133 1676 5222">
     <span class='ocr_line' id='line_1_53' title="bbox 122 5133 1676 5222; baseline 0.017 -40"><span class='ocrx_word' id='word_1_680' title='bbox 122 5133 274 5190; x_wconf 77' lang='lat' dir='ltr'>veniet</span> <span class='ocrx_word' id='word_1_681' title='bbox 302 5139 577 5207; x_wconf 78' lang='lat' dir='ltr'>interitus,</span> <span class='ocrx_word' id='word_1_682' title='bbox 610 5148 666 5196; x_wconf 90' lang='lat' dir='ltr'>et</span> <span class='ocrx_word' id='word_1_683' title='bbox 695 5149 827 5199; x_wconf 86' lang='lat' dir='ltr'>tunc</span> <span class='ocrx_word' id='word_1_684' title='bbox 854 5144 997 5200; x_wconf 90' lang='lat' dir='ltr'>bene</span> <span class='ocrx_word' id='word_1_685' title='bbox 1021 5148 1130 5203; x_wconf 89' lang='lat' dir='ltr'>erit</span> <span class='ocrx_word' id='word_1_686' title='bbox 1157 5150 1318 5205; x_wconf 88' lang='lat' dir='ltr'>nobis</span> <span class='ocrx_word' id='word_1_687' title='bbox 1345 5153 1440 5222; x_wconf 90' lang='lat' dir='ltr'>qui</span> <span class='ocrx_word' id='word_1_688' title='bbox 1471 5155 1676 5208; x_wconf 73' lang='lat' dir='ltr'>evade-</span> 
     </span>
    </p>
   </div>
   <div class='ocr_carea' id='block_1_54' title="bbox 123 5226 3359 5303">
    <p class='ocr_par' dir='ltr' id='par_1_54' title="bbox 123 5226 3359 5303">
     <span class='ocr_line' id='line_1_54' title="bbox 123 5226 3359 5303; baseline 0.002 -32"><span class='ocrx_word' id='word_1_689' title='bbox 123 5233 242 5287; x_wconf 88' lang='lat' dir='ltr'>mus,</span> <span class='ocrx_word' id='word_1_690' title='bbox 270 5226 404 5282; x_wconf 88' lang='lat' dir='ltr'>sicut</span> <span class='ocrx_word' id='word_1_691' title='bbox 428 5232 632 5285; x_wconf 83' lang='lat' dir='ltr'>mulier</span> <span class='ocrx_word' id='word_1_692' title='bbox 658 5240 902 5303; x_wconf 84' lang='lat' dir='ltr'>partum.</span> <span class='ocrx_word' id='word_1_693' title='bbox 1831 5226 1884 5284; x_wconf 93' lang='lat'>8.</span> <span class='ocrx_word' id='word_1_694' title='bbox 1919 5228 2124 5281; x_wconf 64' lang='lat' dir='ltr'>Lmen.</span> <span class='ocrx_word' id='word_1_695' title='bbox 2164 5228 2225 5279; x_wconf 85' lang='lat' dir='ltr'>Ut</span> <span class='ocrx_word' id='word_1_696' title='bbox 2256 5229 2517 5281; x_wconf 82' lang='lat' dir='ltr'>noveritis</span> <span class='ocrx_word' id='word_1_697' title='bbox 2545 5244 2650 5282; x_wconf 89' lang='lat' dir='ltr'>eos.</span> <span class='ocrx_word' id='word_1_698' title='bbox 2676 5228 2866 5281; x_wconf 84' lang='lat' dir='ltr'>Genus</span> <span class='ocrx_word' id='word_1_699' title='bbox 2890 5226 3209 5293; x_wconf 91' lang='lat' dir='ltr'>locutionis,</span> <span class='ocrx_word' id='word_1_700' title='bbox 3229 5242 3359 5280; x_wconf 90' lang='lat' dir='ltr'>cum</span> 
     </span>
    </p>
   </div>
   <div class='ocr_carea' id='block_1_55' title="bbox 176 5311 3359 5394">
    <p class='ocr_par' dir='ltr' id='par_1_55' title="bbox 176 5311 3359 5394">
     <span class='ocr_line' id='line_1_55' title="bbox 176 5311 3359 5394; baseline 0.003 -26"><span class='ocrx_word' id='word_1_701' title='bbox 176 5311 222 5364; x_wconf 79' lang='lat'>5.</span> <span class='ocrx_word' id='word_1_702' title='bbox 250 5315 481 5373; x_wconf 73' lang='lat' dir='ltr'>AUGUST.</span> <span class='ocrx_word' id='word_1_703' title='bbox 507 5319 675 5390; x_wconf 88' lang='lat' dir='ltr'>(epist</span> <span class='ocrx_word' id='word_1_704' title='bbox 706 5320 793 5389; x_wconf 83' lang='lat'>80,</span> <span class='ocrx_word' id='word_1_705' title='bbox 822 5327 897 5378; x_wconf 77' lang='lat' dir='ltr'>act</span> <span class='ocrx_word' id='word_1_706' title='bbox 917 5327 1676 5394; x_wconf 71' lang='lat' dir='ltr'>Ilesich.,tom.II).Cumrli-</span> <span class='ocrx_word' id='word_1_707' title='bbox 1759 5327 1997 5380; x_wconf 79' lang='lat' dir='ltr'>dicimus</span> <span class='ocrx_word' id='word_1_708' title='bbox 2043 5324 2132 5378; x_wconf 90' lang='lat' dir='ltr'>cui</span> <span class='ocrx_word' id='word_1_709' title='bbox 2175 5323 2315 5377; x_wconf 90' lang='lat' dir='ltr'>nihil</span> <span class='ocrx_word' id='word_1_710' title='bbox 2362 5324 2496 5378; x_wconf 88' lang='lat' dir='ltr'>dare</span> <span class='ocrx_word' id='word_1_711' title='bbox 2547 5325 2802 5378; x_wconf 84' lang='lat' dir='ltr'>volumus</span> <span class='ocrx_word' id='word_1_712' title='bbox 2837 5342 2848 5376; x_wconf 88' lang='lat'><strong>:</strong></span> <span class='ocrx_word' id='word_1_713' title='bbox 2890 5325 3017 5378; x_wconf 85' lang='lat' dir='ltr'>Non</span> <span class='ocrx_word' id='word_1_714' title='bbox 3068 5341 3238 5379; x_wconf 90' lang='lat' dir='ltr'>nosco</span> <span class='ocrx_word' id='word_1_715' title='bbox 3281 5332 3359 5392; x_wconf 84' lang='lat' dir='ltr'>te,</span> 
     </span>
    </p>
   </div>
   <div class='ocr_carea' id='block_1_56' title="bbox 123 5410 2059 5495">
    <p class='ocr_par' dir='ltr' id='par_1_56' title="bbox 123 5410 2059 5495">
     <span class='ocr_line' id='line_1_56' title="bbox 123 5410 2059 5495; baseline 0.018 -43"><span class='ocrx_word' id='word_1_716' title='bbox 123 5410 275 5463; x_wconf 59' lang='lat' dir='ltr'>ierint</span> <span class='ocrx_word' id='word_1_717' title='bbox 295 5430 419 5480; x_wconf 69' lang='lat' dir='ltr'>pax.</span> <span class='ocrx_word' id='word_1_718' title='bbox 461 5417 605 5480; x_wconf 85' lang='lat' dir='ltr'>Quid</span> <span class='ocrx_word' id='word_1_719' title='bbox 634 5424 721 5473; x_wconf 88' lang='lat' dir='ltr'>est</span> <span class='ocrx_word' id='word_1_720' title='bbox 748 5422 895 5491; x_wconf 90' lang='lat' dir='ltr'>quod</span> <span class='ocrx_word' id='word_1_721' title='bbox 923 5422 1002 5476; x_wconf 86' lang='lat' dir='ltr'>ait</span> <span class='ocrx_word' id='word_1_722' title='bbox 1038 5425 1341 5495; x_wconf 85' lang='lat' dir='ltr'>Apostolus</span> <span class='ocrx_word' id='word_1_723' title='bbox 1375 5447 1384 5480; x_wconf 93' lang='lat'><strong>:</strong></span> <span class='ocrx_word' id='word_1_724' title='bbox 1417 5430 1553 5484; x_wconf 76' lang='lat' dir='ltr'>Cum</span> <span class='ocrx_word' id='word_1_725' title='bbox 1593 5433 1675 5483; x_wconf 75' lang='lat' dir='ltr'>rli-</span> <span class='ocrx_word' id='word_1_726' title='bbox 1757 5416 1945 5470; x_wconf 69' lang='grc' dir='ltr'>Πθεοίο</span> <span class='ocrx_word' id='word_1_727' title='bbox 1977 5423 2059 5474; x_wconf 72' lang='lat' dir='ltr'>te-</span> 
     </span>
    </p>
   </div>
   <div class='ocr_carea' id='block_1_57' title="bbox 122 5498 3365 5593">
    <p class='ocr_par' dir='ltr' id='par_1_57' title="bbox 122 5498 3365 5593">
     <span class='ocr_line' id='line_1_57' title="bbox 122 5498 3365 5593; baseline 0.011 -51"><span class='ocrx_word' id='word_1_728' title='bbox 122 5498 275 5593; x_wconf 45' lang='grc' dir='ltr'>ἶξιοιτίγιι</span> <span class='ocrx_word' id='word_1_729' title='bbox 300 5518 401 5593; x_wconf 69' lang='lat' dir='ltr'>pas;</span> <span class='ocrx_word' id='word_1_730' title='bbox 418 5510 464 5559; x_wconf 90' lang='lat' dir='ltr'>et</span> <span class='ocrx_word' id='word_1_731' title='bbox 494 5511 800 5562; x_wconf 81' lang='lat' dir='ltr'>securitas?</span> <span class='ocrx_word' id='word_1_732' title='bbox 827 5512 966 5564; x_wconf 90' lang='lat' dir='ltr'>Cum</span> <span class='ocrx_word' id='word_1_733' title='bbox 1000 5513 1147 5567; x_wconf 90' lang='lat' dir='ltr'>enim</span> <span class='ocrx_word' id='word_1_734' title='bbox 1178 5516 1411 5571; x_wconf 83' lang='lat' dir='ltr'>dixisset</span> <span class='ocrx_word' id='word_1_735' title='bbox 1432 5520 1675 5590; x_wconf 80' lang='lat' dir='ltr'>Evangc-</span> <span class='ocrx_word' id='word_1_736' title='bbox 1827 5521 1882 5576; x_wconf 82' lang='lat'>9.</span> <span class='ocrx_word' id='word_1_737' title='bbox 1916 5525 2166 5580; x_wconf 75' lang='lat' dir='ltr'>AMBROS.</span> <span class='ocrx_word' id='word_1_738' title='bbox 2206 5527 2267 5578; x_wconf 78' lang='lat' dir='ltr'>Ut</span> <span class='ocrx_word' id='word_1_739' title='bbox 2303 5525 2546 5578; x_wconf 70' lang='lat' dir='ltr'>habeatis</span> <span class='ocrx_word' id='word_1_740' title='bbox 2580 5524 2723 5587; x_wconf 88' lang='lat' dir='ltr'>illos,</span> <span class='ocrx_word' id='word_1_741' title='bbox 2760 5520 2816 5575; x_wconf 90' lang='lat' dir='ltr'>id</span> <span class='ocrx_word' id='word_1_742' title='bbox 2847 5525 2951 5586; x_wconf 88' lang='lat' dir='ltr'>est,</span> <span class='ocrx_word' id='word_1_743' title='bbox 2996 5520 3238 5593; x_wconf 89' lang='lat' dir='ltr'>plurimo</span> <span class='ocrx_word' id='word_1_744' title='bbox 3266 5522 3365 5578; x_wconf 87' lang='lat' dir='ltr'>ho-</span> 
     </span>
    </p>
   </div>
   <div class='ocr_carea' id='block_1_58' title="bbox 126 5570 3364 5684">
    <p class='ocr_par' dir='ltr' id='par_1_58' title="bbox 126 5570 3364 5684">
     <span class='ocr_line' id='line_1_58' title="bbox 141 5570 3335 5593; baseline 0.002 -18"><span class='ocrx_word' id='word_1_745' title='bbox 141 5576 149 5587; x_wconf 77' lang='grc'><em>,</em></span> <span class='ocrx_word' id='word_1_746' title='bbox 1836 5570 1882 5576; x_wconf 82' lang='grc'>-.</span> <span class='ocrx_word' id='word_1_747' title='bbox 1916 5570 2166 5580; x_wconf 67' lang='grc' dir='ltr'>--..---.ν.,-</span> <span class='ocrx_word' id='word_1_748' title='bbox 2206 5570 2264 5578; x_wconf 52' lang='grc' dir='ltr'>ιη,</span> <span class='ocrx_word' id='word_1_749' title='bbox 2852 5570 2951 5586; x_wconf 64' lang='lat'>---,</span> <span class='ocrx_word' id='word_1_750' title='bbox 2999 5570 3233 5593; x_wconf 58' lang='lat' dir='ltr'>rm---&quot;</span> <span class='ocrx_word' id='word_1_751' title='bbox 3266 5570 3335 5578; x_wconf 63' lang='grc' dir='ltr'>..ν</span> 
     </span>
     <span class='ocr_line' id='line_1_59' title="bbox 126 5570 3364 5684; baseline 0.011 -54"><span class='ocrx_word' id='word_1_752' title='bbox 126 5570 235 5637; x_wconf 80' lang='lat' dir='ltr'>hum</span> <span class='ocrx_word' id='word_1_753' title='bbox 251 5605 261 5638; x_wconf 85' lang='lat'><strong>:</strong></span> <span class='ocrx_word' id='word_1_754' title='bbox 278 5592 644 5649; x_wconf 80' lang='lat' dir='ltr'>Arescentibus</span> <span class='ocrx_word' id='word_1_755' title='bbox 662 5598 983 5655; x_wconf 83' lang='lat' dir='ltr'>hominibus</span> <span class='ocrx_word' id='word_1_756' title='bbox 993 5618 1111 5669; x_wconf 71' lang='lat' dir='ltr'>pra:</span> <span class='ocrx_word' id='word_1_757' title='bbox 1134 5607 1327 5659; x_wconf 83' lang='lat' dir='ltr'>timore</span> <span class='ocrx_word' id='word_1_758' title='bbox 1345 5614 1391 5661; x_wconf 22' lang='lat' dir='ltr'>(At</span> <span class='ocrx_word' id='word_1_759' title='bbox 1413 5617 1681 5679; x_wconf 68' lang='lat' dir='ltr'>exspecta-</span> <span class='ocrx_word' id='word_1_760' title='bbox 1704 5605 1745 5663; x_wconf 89' lang='lat' dir='ltr'>C</span> <span class='ocrx_word' id='word_1_761' title='bbox 1766 5628 1903 5669; x_wconf 88' lang='lat' dir='ltr'>nore</span> <span class='ocrx_word' id='word_1_762' title='bbox 1927 5612 2127 5681; x_wconf 83' lang='lat' dir='ltr'>dignos</span> <span class='ocrx_word' id='word_1_763' title='bbox 2149 5613 2481 5677; x_wconf 73' lang='lat' dir='ltr'>existimate,</span> <span class='ocrx_word' id='word_1_764' title='bbox 2512 5627 2625 5665; x_wconf 90' lang='lat' dir='ltr'>non</span> <span class='ocrx_word' id='word_1_765' title='bbox 2650 5611 2989 5666; x_wconf 88' lang='lat' dir='ltr'>resultantes</span> <span class='ocrx_word' id='word_1_766' title='bbox 3019 5612 3242 5684; x_wconf 84' lang='lat' dir='ltr'>quando</span> <span class='ocrx_word' id='word_1_767' title='bbox 3268 5629 3364 5666; x_wconf 88' lang='lat' dir='ltr'>vos</span> 
     </span>
    </p>
   </div>
   <div class='ocr_carea' id='block_1_59' title="bbox 1847 3928 3376 3999">
    <p class='ocr_par' dir='ltr' id='par_1_59' title="bbox 1847 3928 3376 3999">
     <span class='ocr_line' id='line_1_60' title="bbox 1847 3928 3376 3999; baseline 0.001 -15"><span class='ocrx_word' id='word_1_768' title='bbox 1847 3928 1898 3984; x_wconf 93' lang='lat'>6.</span> <span class='ocrx_word' id='word_1_769' title='bbox 1927 3931 2185 3983; x_wconf 84' lang='lat' dir='ltr'>AUGUST.</span> <span class='ocrx_word' id='word_1_770' title='bbox 2225 3936 2419 3998; x_wconf 70' lang='lat' dir='ltr'>(capas.</span> <span class='ocrx_word' id='word_1_771' title='bbox 2449 3934 2590 3999; x_wconf 83' lang='lat' dir='ltr'>psal.</span> <span class='ocrx_word' id='word_1_772' title='bbox 2620 3944 2803 3996; x_wconf 79' lang='lat' dir='ltr'>CXXXI,</span> <span class='ocrx_word' id='word_1_773' title='bbox 2835 3935 2972 3984; x_wconf 90' lang='lat' dir='ltr'>tom.</span> <span class='ocrx_word' id='word_1_774' title='bbox 3004 3928 3177 3990; x_wconf 81' lang='lat' dir='ltr'>VIII).</span> <span class='ocrx_word' id='word_1_775' title='bbox 3210 3932 3376 3985; x_wconf 85' lang='lat' dir='ltr'>Nocte</span> 
     </span>
    </p>
   </div>
   <div class='ocr_carea' id='block_1_60' title="bbox 1772 4017 3376 4089">
    <p class='ocr_par' dir='ltr' id='par_1_60' title="bbox 1772 4017 3376 4089">
     <span class='ocr_line' id='line_1_61' title="bbox 1772 4017 3376 4089; baseline 0 -17"><span class='ocrx_word' id='word_1_776' title='bbox 1772 4020 2082 4072; x_wconf 87' lang='lat' dir='ltr'>dormiunt.</span> <span class='ocrx_word' id='word_1_777' title='bbox 2127 4018 2361 4071; x_wconf 89' lang='lat' dir='ltr'>Noctem</span> <span class='ocrx_word' id='word_1_778' title='bbox 2399 4017 2589 4071; x_wconf 91' lang='lat' dir='ltr'>dicens</span> <span class='ocrx_word' id='word_1_779' title='bbox 2639 4017 3014 4089; x_wconf 87' lang='lat' dir='ltr'>iniquitatem,</span> <span class='ocrx_word' id='word_1_780' title='bbox 3046 4018 3107 4072; x_wconf 91' lang='lat' dir='ltr'>in</span> <span class='ocrx_word' id='word_1_781' title='bbox 3143 4034 3256 4089; x_wconf 82' lang='lat' dir='ltr'>qua</span> <span class='ocrx_word' id='word_1_782' title='bbox 3290 4017 3376 4072; x_wconf 91' lang='lat' dir='ltr'>illi</span> 
     </span>
    </p>
   </div>
   <div class='ocr_carea' id='block_1_61' title="bbox 1771 4105 3374 4177">
    <p class='ocr_par' dir='ltr' id='par_1_61' title="bbox 1771 4105 3374 4177">
     <span class='ocr_line' id='line_1_62' title="bbox 1771 4105 3374 4177; baseline 0.001 -18"><span class='ocrx_word' id='word_1_783' title='bbox 1771 4105 2197 4160; x_wconf 89' lang='lat' dir='ltr'>obdormierunt</span> <span class='ocrx_word' id='word_1_784' title='bbox 2227 4107 2501 4177; x_wconf 89' lang='lat' dir='ltr'>cupiendo</span> <span class='ocrx_word' id='word_1_785' title='bbox 2529 4107 2640 4160; x_wconf 89' lang='lat' dir='ltr'>ista</span> <span class='ocrx_word' id='word_1_786' title='bbox 2658 4112 2911 4173; x_wconf 87' lang='lat' dir='ltr'>terrena,</span> <span class='ocrx_word' id='word_1_787' title='bbox 2945 4111 3003 4161; x_wconf 90' lang='lat' dir='ltr'>et</span> <span class='ocrx_word' id='word_1_788' title='bbox 3028 4119 3223 4161; x_wconf 90' lang='lat' dir='ltr'>omnes</span> <span class='ocrx_word' id='word_1_789' title='bbox 3252 4107 3374 4162; x_wconf 70' lang='lat' dir='ltr'>istas</span> 
     </span>
    </p>
   </div>
   <div class='ocr_carea' id='block_1_62' title="bbox 1768 4194 3377 4266">
    <p class='ocr_par' dir='ltr' id='par_1_62' title="bbox 1768 4194 3377 4266">
     <span class='ocr_line' id='line_1_63' title="bbox 1768 4194 3377 4266; baseline 0.002 -19"><span class='ocrx_word' id='word_1_790' title='bbox 1768 4194 2060 4248; x_wconf 85' lang='lat' dir='ltr'>felicitates</span> <span class='ocrx_word' id='word_1_791' title='bbox 2101 4212 2223 4266; x_wconf 69' lang='lat' dir='ltr'>quae</span> <span class='ocrx_word' id='word_1_792' title='bbox 2263 4196 2524 4249; x_wconf 78' lang='lat' dir='ltr'>videntur</span> <span class='ocrx_word' id='word_1_793' title='bbox 2569 4196 2779 4262; x_wconf 81' lang='lat' dir='ltr'>saeculi,</span> <span class='ocrx_word' id='word_1_794' title='bbox 2825 4196 3047 4249; x_wconf 87' lang='lat' dir='ltr'>somnia</span> <span class='ocrx_word' id='word_1_795' title='bbox 3076 4201 3211 4250; x_wconf 89' lang='lat' dir='ltr'>sunt</span> <span class='ocrx_word' id='word_1_796' title='bbox 3247 4196 3377 4257; x_wconf 51' lang='lat' dir='ltr'>dor:</span> 
     </span>
    </p>
   </div>
   <div class='ocr_carea' id='block_1_63' title="bbox 1701 4284 3372 4355">
    <p class='ocr_par' dir='ltr' id='par_1_63' title="bbox 1701 4284 3372 4355">
     <span class='ocr_line' id='line_1_64' title="bbox 1701 4284 3372 4355; baseline 0.002 -18"><span class='ocrx_word' id='word_1_797' title='bbox 1701 4286 1749 4345; x_wconf 89' lang='lat' dir='ltr'><strong>B</strong></span> <span class='ocrx_word' id='word_1_798' title='bbox 1770 4284 2065 4338; x_wconf 88' lang='lat' dir='ltr'>mientium</span> <span class='ocrx_word' id='word_1_799' title='bbox 2088 4303 2100 4351; x_wconf 89' lang='lat'><strong>;</strong></span> <span class='ocrx_word' id='word_1_800' title='bbox 2132 4291 2190 4338; x_wconf 92' lang='lat' dir='ltr'>et</span> <span class='ocrx_word' id='word_1_801' title='bbox 2213 4284 2492 4355; x_wconf 90' lang='lat' dir='ltr'>quomodo</span> <span class='ocrx_word' id='word_1_802' title='bbox 2521 4286 2616 4355; x_wconf 92' lang='lat' dir='ltr'>qui</span> <span class='ocrx_word' id='word_1_803' title='bbox 2641 4285 2796 4339; x_wconf 87' lang='lat' dir='ltr'>videt</span> <span class='ocrx_word' id='word_1_804' title='bbox 2812 4285 3111 4339; x_wconf 86' lang='lat' dir='ltr'>thesauros</span> <span class='ocrx_word' id='word_1_805' title='bbox 3136 4285 3196 4339; x_wconf 90' lang='lat' dir='ltr'>in</span> <span class='ocrx_word' id='word_1_806' title='bbox 3224 4301 3372 4340; x_wconf 88' lang='lat' dir='ltr'>som-</span> 
     </span>
    </p>
   </div>
   <div class='ocr_carea' id='block_1_64' title="bbox 1767 4372 3372 4446">
    <p class='ocr_par' dir='ltr' id='par_1_64' title="bbox 1767 4372 3372 4446">
     <span class='ocr_line' id='line_1_65' title="bbox 1767 4372 3372 4446; baseline 0.002 -21"><span class='ocrx_word' id='word_1_807' title='bbox 1767 4372 1897 4438; x_wconf 89' lang='lat' dir='ltr'>niis,</span> <span class='ocrx_word' id='word_1_808' title='bbox 1945 4373 2227 4427; x_wconf 89' lang='lat' dir='ltr'>dormiens</span> <span class='ocrx_word' id='word_1_809' title='bbox 2275 4373 2428 4427; x_wconf 89' lang='lat' dir='ltr'>dives</span> <span class='ocrx_word' id='word_1_810' title='bbox 2466 4374 2602 4427; x_wconf 83' lang='lat' dir='ltr'>est?</span> <span class='ocrx_word' id='word_1_811' title='bbox 2640 4374 2737 4429; x_wconf 91' lang='lat' dir='ltr'>sed</span> <span class='ocrx_word' id='word_1_812' title='bbox 2776 4373 3027 4444; x_wconf 86' lang='lat' dir='ltr'>vigilabit</span> <span class='ocrx_word' id='word_1_813' title='bbox 3063 4379 3118 4429; x_wconf 86' lang='lat' dir='ltr'>et</span> <span class='ocrx_word' id='word_1_814' title='bbox 3154 4391 3372 4446; x_wconf 90' lang='lat' dir='ltr'>pauper</span> 
     </span>
    </p>
   </div>
   <div class='ocr_carea' id='block_1_65' title="bbox 1768 4461 3366 4534">
    <p class='ocr_par' dir='ltr' id='par_1_65' title="bbox 1768 4461 3366 4534">
     <span class='ocr_line' id='line_1_66' title="bbox 1768 4461 3366 4534; baseline 0.003 -20"><span class='ocrx_word' id='word_1_815' title='bbox 1768 4461 1911 4515; x_wconf 87' lang='lat' dir='ltr'>erit:</span> <span class='ocrx_word' id='word_1_816' title='bbox 1941 4463 2020 4515; x_wconf 91' lang='lat' dir='ltr'>sic</span> <span class='ocrx_word' id='word_1_817' title='bbox 2049 4462 2239 4515; x_wconf 90' lang='lat' dir='ltr'>omnia</span> <span class='ocrx_word' id='word_1_818' title='bbox 2270 4476 2412 4515; x_wconf 86' lang='lat' dir='ltr'>vana</span> <span class='ocrx_word' id='word_1_819' title='bbox 2450 4462 2561 4516; x_wconf 90' lang='lat' dir='ltr'>ista</span> <span class='ocrx_word' id='word_1_820' title='bbox 2595 4463 2764 4532; x_wconf 87' lang='lat' dir='ltr'>hujus</span> <span class='ocrx_word' id='word_1_821' title='bbox 2803 4463 3008 4529; x_wconf 78' lang='lat' dir='ltr'>saeculi,</span> <span class='ocrx_word' id='word_1_822' title='bbox 3043 4464 3113 4517; x_wconf 92' lang='lat' dir='ltr'>de</span> <span class='ocrx_word' id='word_1_823' title='bbox 3163 4463 3366 4534; x_wconf 87' lang='lat' dir='ltr'>quibus</span> 
     </span>
    </p>
   </div>
   <div class='ocr_carea' id='block_1_66' title="bbox 1763 4551 3366 4623">
    <p class='ocr_par' dir='ltr' id='par_1_66' title="bbox 1763 4551 3366 4623">
     <span class='ocr_line' id='line_1_67' title="bbox 1763 4551 3366 4623; baseline 0.002 -20"><span class='ocrx_word' id='word_1_824' title='bbox 1763 4551 2015 4620; x_wconf 87' lang='lat' dir='ltr'>gaudent</span> <span class='ocrx_word' id='word_1_825' title='bbox 2042 4551 2101 4604; x_wconf 91' lang='lat' dir='ltr'>in</span> <span class='ocrx_word' id='word_1_826' title='bbox 2145 4567 2360 4605; x_wconf 91' lang='lat' dir='ltr'>somno.</span> <span class='ocrx_word' id='word_1_827' title='bbox 2396 4551 2754 4621; x_wconf 87' lang='lat' dir='ltr'>Evigilabunt</span> <span class='ocrx_word' id='word_1_828' title='bbox 2794 4552 3018 4623; x_wconf 89' lang='lat' dir='ltr'>quando</span> <span class='ocrx_word' id='word_1_829' title='bbox 3055 4553 3275 4620; x_wconf 90' lang='lat' dir='ltr'>nolunt,</span> <span class='ocrx_word' id='word_1_830' title='bbox 3316 4552 3366 4607; x_wconf 89' lang='lat' dir='ltr'>si</span> 
     </span>
    </p>
   </div>
   <div class='ocr_carea' id='block_1_67' title="bbox 1760 4639 3367 4710">
    <p class='ocr_par' dir='ltr' id='par_1_67' title="bbox 1760 4639 3367 4710">
     <span class='ocr_line' id='line_1_68' title="bbox 1760 4639 3367 4710; baseline 0.003 -18"><span class='ocrx_word' id='word_1_831' title='bbox 1760 4656 1873 4693; x_wconf 90' lang='lat' dir='ltr'>non</span> <span class='ocrx_word' id='word_1_832' title='bbox 1904 4640 2070 4694; x_wconf 85' lang='lat' dir='ltr'>modo</span> <span class='ocrx_word' id='word_1_833' title='bbox 2098 4639 2362 4710; x_wconf 88' lang='lat' dir='ltr'>evigilant</span> <span class='ocrx_word' id='word_1_834' title='bbox 2392 4641 2614 4710; x_wconf 91' lang='lat' dir='ltr'>quando</span> <span class='ocrx_word' id='word_1_835' title='bbox 2637 4640 2797 4709; x_wconf 89' lang='lat' dir='ltr'>utile,</span> <span class='ocrx_word' id='word_1_836' title='bbox 2820 4646 2876 4694; x_wconf 90' lang='lat' dir='ltr'>et</span> <span class='ocrx_word' id='word_1_837' title='bbox 2904 4640 3200 4696; x_wconf 89' lang='lat' dir='ltr'>inveniunt</span> <span class='ocrx_word' id='word_1_838' title='bbox 3222 4656 3367 4697; x_wconf 88' lang='lat' dir='ltr'>som-</span> 
     </span>
    </p>
   </div>
   <div class='ocr_carea' id='block_1_68' title="bbox 1760 4729 2190 4783">
    <p class='ocr_par' dir='ltr' id='par_1_68' title="bbox 1760 4729 2190 4783">
     <span class='ocr_line' id='line_1_69' title="bbox 1760 4729 2190 4783; baseline 0 -1"><span class='ocrx_word' id='word_1_839' title='bbox 1760 4729 1855 4782; x_wconf 89' lang='lat' dir='ltr'>nia</span> <span class='ocrx_word' id='word_1_840' title='bbox 1878 4729 2051 4783; x_wconf 89' lang='lat' dir='ltr'>fuisse</span> <span class='ocrx_word' id='word_1_841' title='bbox 2076 4729 2190 4782; x_wconf 90' lang='lat' dir='ltr'>illa.</span> 
     </span>
    </p>
   </div>
   <div class='ocr_carea' id='block_1_69' title="bbox 1832 4836 3359 4904">
    <p class='ocr_par' dir='ltr' id='par_1_69' title="bbox 1832 4836 3359 4904">
     <span class='ocr_line' id='line_1_70' title="bbox 1832 4836 3359 4904; baseline 0.001 -13"><span class='ocrx_word' id='word_1_842' title='bbox 1832 4838 1882 4891; x_wconf 90' lang='lat'>7.</span> <span class='ocrx_word' id='word_1_843' title='bbox 1912 4838 2158 4890; x_wconf 80' lang='lat' dir='ltr'>AMBROS.</span> <span class='ocrx_word' id='word_1_844' title='bbox 2188 4836 2254 4888; x_wconf 86' lang='lat' dir='ltr'>Et</span> <span class='ocrx_word' id='word_1_845' title='bbox 2290 4838 2401 4889; x_wconf 85' lang='lat' dir='ltr'>sive</span> <span class='ocrx_word' id='word_1_846' title='bbox 2441 4838 2754 4904; x_wconf 81' lang='lat' dir='ltr'>vigilemus,</span> <span class='ocrx_word' id='word_1_847' title='bbox 2786 4836 2844 4890; x_wconf 93' lang='lat' dir='ltr'>id</span> <span class='ocrx_word' id='word_1_848' title='bbox 2874 4841 2976 4902; x_wconf 89' lang='lat' dir='ltr'>est,</span> <span class='ocrx_word' id='word_1_849' title='bbox 3011 4837 3128 4891; x_wconf 91' lang='lat' dir='ltr'>sive</span> <span class='ocrx_word' id='word_1_850' title='bbox 3157 4854 3359 4892; x_wconf 89' lang='lat' dir='ltr'>secun-</span> 
     </span>
    </p>
   </div>
   <div class='ocr_carea' id='block_1_70' title="bbox 1758 4924 3358 4996">
    <p class='ocr_par' dir='ltr' id='par_1_70' title="bbox 1758 4924 3358 4996">
     <span class='ocr_line' id='line_1_71' title="bbox 1758 4924 3358 4996; baseline 0.001 -18"><span class='ocrx_word' id='word_1_851' title='bbox 1758 4925 1891 4979; x_wconf 91' lang='lat' dir='ltr'>dum</span> <span class='ocrx_word' id='word_1_852' title='bbox 1911 4931 2244 4996; x_wconf 83' lang='lat' dir='ltr'>praesentem</span> <span class='ocrx_word' id='word_1_853' title='bbox 2262 4924 2437 4977; x_wconf 90' lang='lat' dir='ltr'>vitam</span> <span class='ocrx_word' id='word_1_854' title='bbox 2460 4925 2517 4978; x_wconf 90' lang='lat' dir='ltr'>in</span> <span class='ocrx_word' id='word_1_855' title='bbox 2532 4925 2775 4980; x_wconf 88' lang='lat' dir='ltr'>adventu</span> <span class='ocrx_word' id='word_1_856' title='bbox 2794 4926 3016 4980; x_wconf 91' lang='lat' dir='ltr'>Domini</span> <span class='ocrx_word' id='word_1_857' title='bbox 3030 4925 3358 4993; x_wconf 89' lang='lat' dir='ltr'>habeamus,</span> 
     </span>
    </p>
   </div>
   <div class='ocr_carea' id='block_1_71' title="bbox 1758 5013 3361 5084">
    <p class='ocr_par' dir='ltr' id='par_1_71' title="bbox 1758 5013 3361 5084">
     <span class='ocr_line' id='line_1_72' title="bbox 1758 5013 3361 5084; baseline -0.001 -15"><span class='ocrx_word' id='word_1_858' title='bbox 1758 5015 1874 5069; x_wconf 89' lang='lat' dir='ltr'>sive</span> <span class='ocrx_word' id='word_1_859' title='bbox 1899 5013 2107 5084; x_wconf 84' lang='lat' dir='ltr'>egressi</span> <span class='ocrx_word' id='word_1_860' title='bbox 2134 5013 2409 5067; x_wconf 87' lang='lat' dir='ltr'>fuerimus</span> <span class='ocrx_word' id='word_1_861' title='bbox 2434 5031 2469 5067; x_wconf 88' lang='lat' dir='ltr'>a</span> <span class='ocrx_word' id='word_1_862' title='bbox 2494 5014 2605 5068; x_wconf 90' lang='lat' dir='ltr'>vita</span> <span class='ocrx_word' id='word_1_863' title='bbox 2638 5015 2743 5069; x_wconf 90' lang='lat' dir='ltr'>hac</span> <span class='ocrx_word' id='word_1_864' title='bbox 2764 5032 2957 5070; x_wconf 89' lang='lat' dir='ltr'>omnes</span> <span class='ocrx_word' id='word_1_865' title='bbox 2986 5015 3155 5069; x_wconf 91' lang='lat' dir='ltr'>vitam</span> <span class='ocrx_word' id='word_1_866' title='bbox 3180 5015 3361 5069; x_wconf 90' lang='lat' dir='ltr'>incor-</span> 
     </span>
    </p>
   </div>
   <div class='ocr_carea' id='block_1_72' title="bbox 1759 5111 2396 5183">
    <p class='ocr_par' dir='ltr' id='par_1_72' title="bbox 1759 5111 2396 5183">
     <span class='ocr_line' id='line_1_73' title="bbox 1759 5111 2396 5183; baseline -0.003 -18"><span class='ocrx_word' id='word_1_867' title='bbox 1759 5129 1824 5165; x_wconf 89' lang='lat' dir='ltr'>ru</span> <span class='ocrx_word' id='word_1_868' title='bbox 1836 5118 1990 5183; x_wconf 78' lang='lat' dir='ltr'>ptum</span> <span class='ocrx_word' id='word_1_869' title='bbox 2019 5111 2396 5181; x_wconf 88' lang='lat' dir='ltr'>acquiramus.</span> 
     </span>
    </p>
   </div>
  </div>
