3878 6348
505 286 615 385 sis
1488 310 1552 379 Β.
1594 315 2010 388 murem:
2047 300 2405 385 omnia.
2445 316 2782 382 ARCHIEP.
3674 302 3772 380 se

508 452 703 528 paceni
731 440 937 505 habete
979 452 1106 505 cum
1137 446 1236 502 eis.
1284 432 1366 505 lO.
1396 444 1682 519 Rogamus
1719 456 1908 509 autem
1940 468 2036 509 vos
2073 454 2299 519 fratres,
2337 453 2592 516 doctores,
2634 447 2716 506 l1.
2764 446 3027 518 corripite
3071 444 3370 518 inquietos,
3411 432 3769 500 consolamini

509 528 921 614 pusillanimes,
947 540 1009 593 in
1052 538 1154 606 ﬁde
1184 542 1266 593 vel
1311 539 1371 591 in
1398 543 1670 606 passione,
1720 544 1983 614 suscipite
2014 540 2281 602 inﬁrmos,
2312 541 2589 613 patientes
2618 543 2797 593 estote
2841 538 2909 591 ad
2941 551 3161 593 omnes.
3201 533 3285 592 12.
3314 533 3515 589 Videte
3556 550 3629 589 ne
3656 534 3770 606 quis

509 631 727 685 malum
744 644 846 701 pro
865 627 1013 681 malo
1035 623 1200 680 alicui
1224 624 1450 693 reddat;
1484 627 1580 681 sed
1602 636 1825 701 Semper
1845 630 1993 700 quod
2021 629 2229 684 bonum
2254 634 2337 683 est
2358 628 2651 682 sectamini
2671 626 2728 681 in
2754 627 3011 692 invicem,
3033 626 3168 679 etin
3192 632 3406 679 omnes.
3432 621 3521 678 13.
3547 622 3772 697 Semper

505 708 768 790 gaudete.
810 706 895 770 14.
938 708 1070 770 Sine
1100 712 1513 770 intermissione
1540 722 1714 771 orate.
1759 718 1823 772 In
1854 718 2133 784 omnibus,
2171 720 2448 787 prosperis
2474 716 2553 769 rei
2580 717 2841 781 adversis,
2872 716 2957 768 uel
2984 714 3145 768 dictis
3175 716 3225 767 et
3252 710 3435 780 factis,
3459 710 3772 783 15.gratias

509 803 681 879 agite,
713 796 830 860 haec
859 798 945 858 est
974 802 1124 861 enim
1157 800 1411 857 voluntas
1435 799 1536 858 Dei
1566 805 1624 858 in
1654 798 1877 860 Christo
1907 807 2059 872 Jesu,
2092 808 2155 860 in
2186 808 2276 868 iis,
2310 819 2427 874 quae
2454 809 2587 857 sunt
2614 805 2677 856 in
2698 804 2801 870 ﬁde
2827 802 3036 856 Christi
3054 804 3202 866 Jesu,
3228 798 3287 854 in
3315 800 3582 854 omnibus
3608 798 3770 853 vobis

510 888 597 959 16,
634 884 715 951 l7.
751 892 1022 965 Spiritum
1044 890 1218 945 nolite
1237 891 1610 962 exstinguere.
1652 892 1983 964 Prophetias
2011 888 2186 948 nolite
2218 904 2501 963 spernere.
2527 891 2729 946 Omnia
2759 894 2949 944 autem
2979 890 3246 961 probate;
3281 886 3430 959 quod
3454 887 3667 942 bonum
3696 888 3774 943 est

505 974 715 1038 tenete.
739 971 823 1036 Ab
851 981 1005 1035 omni
1026 982 1207 1051 specie
1231 970 1397 1045 mala,
1424 983 1567 1049 quod
1594 985 1806 1035 malum
1828 984 2124 1050 videbitur,
2154 983 2431 1037 abstinete
2463 998 2576 1035 vos.
2606 980 2731 1053 Ipse
2763 986 2953 1035 autem
2982 980 3131 1035 Deus
3162 978 3315 1051 pacis
3344 978 3664 1033 sanctiﬂcet
3683 991 3771 1031 vos

504 1088 609 1143 per
636 1071 825 1125 omnia
864 1073 958 1137 (sic
994 1072 1291 1138 promisit),
1322 1067 1408 1129 18.
1440 1072 1505 1122 ut
1549 1069 1786 1140 integer,
1820 1075 2094 1125 immunis
2122 1078 2157 1125 α
2188 1077 2354 1135 malo,
2386 1071 2473 1127 f9.
2508 1072 2737 1141 spiritus
2766 1076 2971 1133 vester,
3006 1058 3442 1133 rationdbititds,
3476 1070 3537 1121 et
3566 1068 3767 1132 anima,

504 1163 854 1224 sensualitas,
888 1164 945 1212 et
991 1171 1194 1227 corpus
1234 1157 1356 1210 sine
1387 1158 1633 1228 querela,
1678 1159 1736 1212 in
1768 1160 2009 1213 adventu
2050 1160 2273 1213 Domini
2313 1161 2489 1215 nostri
2530 1161 2659 1214 Jesu
2695 1158 2905 1212 Christi
2936 1163 3207 1211 servetur.
3252 1158 3403 1223 Quod
3428 1158 3618 1224 faciet,
3649 1159 3772 1224 quia

516 1257 555 1318 1
577 1255 695 1318 τε
723 1248 812 1305 20.
835 1247 1045 1302 Fidelis
1075 1254 1162 1300 est
1196 1248 1291 1317 qui
1321 1248 1535 1300 vocavit
1562 1265 1677 1309 vos,
1712 1249 1807 1319 qui
1838 1249 2009 1302 etiam
2041 1249 2224 1303 faciet.
2258 1250 2495 1309 Fratres,
2533 1256 2686 1301 orate
2718 1264 2818 1318 pro
2848 1246 3028 1300 nobis.
3061 1247 3315 1299 Salutate
3345 1246 3556 1299 fratres
3587 1261 3769 1297 omnes

502 1336 563 1393 iii
592 1338 780 1392 osculo
810 1336 1023 1391 sancto.
1069 1330 1280 1405 Adjuro
1322 1350 1416 1389 vos
1460 1344 1561 1406 per
1590 1335 1889 1390 Dominum
1917 1343 1981 1391 ut
2018 1338 2239 1407 legatur
2269 1336 2517 1408 Epistola
2550 1334 2667 1391 haec
2710 1333 2973 1389 omnibus
3018 1333 3225 1388 sanctis
3265 1332 3555 1388 fratribus.
3589 1334 3771 1388 Gratia

501 1426 729 1483 Domini
749 1424 927 1480 nostri
954 1418 983 1479 Ι
989 1436 1090 1479 esu
1117 1422 1328 1478 Christi
1358 1422 1667 1481 vobiscum.
1708 1424 1917 1483 Amen.
2478 1438 2489 1445 “

1838 1551 2428 1607 COMMENTARIUS.

501 1649 785 1721 oon-igere
813 1649 1068 1719 cupiunt,
1115 1652 1174 1702 et
1209 1647 1412 1702 borum
1440 1648 1853 1702 contumaciam
1882 1648 2103 1704 videtur
2119 1650 2246 1711 Ain
2274 1649 2657 1720 operationem
2680 1649 3030 1720 spiritualem
3052 1648 3484 1719 proﬁtebantur,
3506 1648 3641 1720 quia
3657 1663 3773 1701 con-

502 1739 870 1809 signiﬁcasse.

577 1828 663 1883 10.
704 1831 980 1894 Rogamus
1002 1842 1110 1882 vos.
1141 1825 1225 1879 Ad
1256 1825 1511 1878 doctores
1538 1825 1707 1879 vertit
1733 1842 2051 1879 sermonem
2082 1844 2094 1878 :

501 1915 883 1971 necessarium
922 1914 1071 1968 enim
1120 1920 1246 1968 erat
1290 1918 1347 1967 et
1396 1914 1498 1968 hos
1548 1914 1850 1979 exhortari,
1887 1920 1952 1969 ut
1989 1931 2103 1969 non

499 2004 854 2060 discederent
875 2002 949 2057 ab
979 2013 1148 2073 opere
1166 2008 1398 2073 propter
1422 2003 1795 2073 quorumdam
1813 2010 2104 2058 contuma-

498 2109 645 2148 ciam
653 2130 666 2147 ι

528 2242 531 2245 _
571 2181 1135 2242 il.AuaUsr.(lib.De
1153 2185 1384 2249 corrept.
1401 2185 1449 2235 et
1467 2186 1758 2251 grat.,cap
1807 2178 2093 2247 16,t.VII).

498 2272 773 2339 amipite
788 2273 1079 2338 inquietos.
1092 2268 1200 2324 Ubi
1220 2269 1645 2339 intelligendum
1661 2277 1750 2323 est
1767 2276 1901 2324 tunc
1912 2271 2097 2340 potius

498 2360 716 2415 malum
763 2373 865 2429 pro
893 2357 1042 2412 malo
1069 2358 1246 2420 reddi,
1276 2358 1327 2410 si
1366 2358 1751 2428 corripiendus
1778 2374 1891 2412 non
1919 2359 2095 2411 corri-

497 2448 675 2519 pitur,
704 2447 803 2501 sed
828 2460 1000 2517 prava
1022 2446 1474 2501 dissimulatione
1500 2446 1825 2516 negligitur.

575 2536 658 2593 ιι.
690 2536 907 2591 Lara.
958 2537 1129 2589 Videte
1178 2548 1243 2588 ne
1281 2538 1409 2602 quis
1460 2538 1694 2587 malum.
1735 2534 1947 2588 Malum
1994 2552 2097 2605 pro

493 2625 649 2680 malo
670 2625 860 2679 reddit
902 2624 1001 2696 qui
1029 2635 1198 2694 quem
1227 2622 1509 2692 corrigere
1535 2627 1720 2692 potest
1755 2623 2097 2693 impunitum

497 2712 755 2767 dimittit.

567 2798 658 2857 13.
685 2802 929 2855 AMBROS.
961 2796 1186 2869 Semper
1211 2800 1459 2869 gaudete,
1489 2798 1546 2852 id
1579 2803 1684 2863 est,
1713 2814 1814 2869 pro
1840 2792 2099 2854 omnibus

770 2901 895 2961 qum
917 2888 1076 2943 vobis
1109 2888 1388 2943 accidunt.

2184 1738 2489 1808 ﬁngebant,
2529 1738 2888 1792 seductorum
2949 1754 3140 1803 causa,
3194 1737 3379 1791 studio
3430 1737 3682 1800 cautelae,
3722 1752 3775 1789 se

2182 1826 2238 1880 id
2263 1828 2565 1880 declinare.
2601 1825 2832 1879 P'iebant
2873 1831 3063 1879 autem
3093 1826 3204 1879 ista
3232 1825 3300 1879 ab
3328 1824 3772 1896 indisciplinatis,

2185 1924 2250 1968 eo
2272 1916 2421 1985 quod
2440 1932 2475 1968 a
2498 1915 2786 1985 prophetis
2807 1914 3205 1983 arguebantur.
3227 1915 3356 1968 Ideo
3386 1914 3568 1969 dixit:
3597 1914 3771 1968 Nolite

2184 2004 2531 2073 spiritualem
2572 2003 2956 2073 operationem
2997 2002 3313 2073 prohibere,
3343 2003 3441 2057 sed
3477 2003 3548 2067 si,
3583 2002 3774 2073 inquit,

2182 2093 2505 2146 seductores
2544 2091 2780 2156 timetis,
2810 2091 3045 2162 accipite
3082 2092 3181 2145 illa
3210 2108 3334 2161 quae
3363 2092 3633 2145 dicuntur
3660 2106 3775 2162 pro-

2183 2180 2380 2235 bantes
2410 2181 2526 2234 illa.

2250 2271 2331 2324 17.
2365 2272 2607 2323 Auousr.
2642 2270 2918 2337 Spiritum
2956 2271 3125 2323 nolite
3161 2273 3535 2337 exstinguere.
3575 2269 3633 2324 Si
3658 2269 3774 2340 quis

2178 2375 2280 2429 per
2326 2358 2593 2429 Spiritum
2650 2358 2901 2428 loquitur
2938 2358 3110 2411 nolite
3164 2358 3472 2430 impedire;
3517 2357 3775 2412 nolebant

2179 2448 2329 2501 enim
2369 2448 2642 2517 quosdam
2689 2447 2904 2512 audire,
2950 2447 3082 2518 quia
3117 2447 3418 2518 Apostolus
3454 2447 3677 2501 dixerat
3709 2462 3771 2501 ne

2177 2536 2493 2607 reciperent
2536 2536 3051 2607 pseudoapostolos.
3084 2535 3188 2589 Vel
3211 2536 3501 2590 scientiam
3531 2554 3634 2607 per
3661 2536 3774 2606 Spi—

2179 2625 2350 2678 ritum
2380 2626 2460 2680 eis
2489 2626 2770 2690 collatam,
2801 2625 2888 2679 vel
2917 2620 3191 2696 Spiritum
3223 2624 3283 2679 in
3312 2625 3439 2680 aliis
3480 2625 3659 2680 nolite
3685 2642 3770 2679 ex-

2179 2714 2484 2784 stinguere.

2256 2799 2339 2857 18.
2371 2800 2617 2857 Amnaos.
2646 2806 2863 2871 Integer
2889 2806 3140 2870 spiritus.
3172 2802 3312 2857 Orat
3338 2808 3403 2856 ut
3424 2802 3643 2857 tributa
3662 2801 3771 2872 Spi-

2182 2891 2326 2945 ritus
2343 2893 2527 2962 gratia
2555 2893 2777 2962 integra
2805 2892 2865 2946 in
2893 2891 3003 2945 illis
3031 2891 3400 2959 custodiatur,
3423 2892 3645 2946 nullam
3662 2908 3772 2945 sus-

572 2978 658 3037 “.
702 2981 946 3034 Avarior.
981 2980 1101 3071 (lia.
1150 2979 1228 3071 De
1263 2978 1507 3030 haresib.
1553 2977 1627 3071 ad
1675 2977 2369 3071 Quodpultdeus,Btinens
2400 2982 2853 3035 minorationem.

496 3069 697 3124 hami
729 3067 822 3132 57,
860 3072 1000 3121 tom.
1032 3066 1155 3135 VI.)
1189 3065 1321 3120 Sine
1354 3066 1778 3118 intermissione.
1824 3066 2096 3121 Dominus

492 3158 580 3212 ait
608 3175 620 3209 :
660 3157 875 3225 Oportet
903 3170 1111 3222 semper
1139 3165 1323 3219 orare,
1357 3158 1411 3206 et
1439 3169 1549 3207 non
1575 3154 1813 3221 deﬁcere.
1846 3155 1918 3210 Et
1944 3158 2096 3226 Apo-

493 3246 679 3300 stolus
726 3260 740 3298 :
782 3244 914 3299 Sine
950 3244 1358 3297 intermissione
1394 3246 1562 3297 orate.
1604 3242 1762 3307 Quod
1801 3244 2096 3298 sanissime

491 3332 771 3403 accipitur
796 3332 879 3387 sic
904 3338 970 3386 ut
994 3331 1150 3385 nullo
1177 3330 1269 3385 die
1292 3330 1743 3387 intermittantur
1769 3339 1922 3387 certa
1950 3340 2095 3387 tem-

493 3438 635 3493 pora
662 3420 880 3475 orandi.

577 3509 661 3565 15.
687 3511 938 3567 Λυθυθτι.
968 3509 1085 3577 (lib.
1116 3508 1262 3565 Sent.
1298 3512 1505 3578 Prosp..
1538 3516 1682 3564 sent.
1708 3514 1767 3575 3,
1797 3515 1933 3564 tom.
1967 3511 2091 3578 III).

496 3598 722 3655 Gratias
738 3598 1057 3665 agitsNera
1070 3598 1319 3653 ﬁdelium
1340 3598 1628 3653 humilitas
1647 3599 1812 3652 estin
1832 3599 1985 3652 nullo
2007 3616 2096 3653 su-

496 3684 743 3758 perbire.
769 3686 830 3741 in
855 3687 1009 3741 nullo
1039 3701 1413 3753 murmurare,
1437 3702 1541 3742 nec
1564 3688 1849 3756 ingratum
1873 3705 2014 3753 esse,
2029 3705 2099 3742 ne

498 3775 817 3846 querulum,
834 3775 935 3833 sed
954 3775 1015 3830 in
1028 3776 1289 3831 omnibus
1302 3775 1529 3845 judiciis
1547 3773 1759 3845 gratias
1776 3775 1890 3830 Deo
1910 3792 2094 3847 agere.

495 3864 912 3936 Dominamque
939 3862 1185 3930 laudare,
1221 3866 1379 3936 cujus
1411 3864 1603 3918 omnia
1625 3878 1790 3935 opera
1823 3870 1923 3919 aut
1948 3866 2097 3934 justa

495 3959 650 4021 sunt.
683 3944 783 4008 aut
811 3950 1073 4024 benigna.

572 4030 658 4099 16.
708 4043 955 4101 Annuus.
987 4038 1267 4110 Spiritum
1306 4036 1491 4095 nolite.
1537 4032 1701 4112 Apud
1746 4038 2099 4096 Thessaloni-

493 4146 688 4185 censes
727 4129 956 4201 quidam
992 4139 1156 4184 erant
1193 4130 1289 4202 qui
1326 4140 1439 4184 non
1477 4127 1855 4201 suScipiebant
1882 4147 1949 4184 ea
1975 4148 2097 4203 quae

489 4272 1864 4302 Was—mw”...

2254 3070 2335 3125 19.
2366 3072 2609 3125 Ausus'r.
2654 3070 2774 3143 (lib.
2814 3084 2886 3126 IV.
2918 3071 2992 3124 De
3028 3073 3224 3124 anima
3265 3076 3313 3123 et
3356 3072 3498 3137 orig.
3541 3075 3679 3140 ejus,
3715 3085 3773 3122 ac

2189 3160 2427 3212 Vincent.
2468 3160 2616 3225 νεοίη
2648 3175 2769 3229 cap.
2800 3157 2852 3218 ‘2,
2884 3164 3023 3213 tom.
3064 3157 3214 3227 VII).
3252 3159 3498 3227 Spiritus
3528 3164 3695 3214 vester
3725 3161 3772 3212 et

2178 3250 2393 3301 anima.
2419 3246 2683 3310 Quamvis
2713 3246 2937 3318 proprie
2967 3242 3188 3302 dicatur
3214 3247 3465 3318 spiritus,
3499 3264 3617 3303 non
3650 3247 3769 3301 uni-

2178 3351 2337 3389 versa
2358 3336 2567 3401 anima,
2597 3336 2693 3389 sed
2719 3336 2933 3407 aliquid
2958 3336 3135 3407 ipsius
3161 3355 3175 3401 ;
3205 3336 3352 3391 sicut
3378 3336 3516 3391 dicit
3548 3338 3771 3407 Aposto-

2176 3424 2264 3478 lus
2295 3444 2306 3478 :
2336 3426 2402 3479 Et
2430 3428 2640 3491 integer
2665 3428 2917 3493 spiritus,
2942 3431 2990 3479 et
3017 3428 3233 3490 anima,
3261 3430 3308 3479 et
3333 3440 3552 3494 corpus.
3584 3425 3683 3479 Vel
3708 3423 3771 3477 il-

2176 3512 2275 3567 lud
2297 3513 2474 3568 multo
2496 3515 2811 3584 expressius
2832 3514 2888 3567 in
2909 3513 3052 3568 libro
3075 3513 3199 3568 Job:
3218 3516 3509 3568 Absolvisti
3520 3517 3769 3568 animum

2179 3618 2357 3656 meam
2379 3620 2414 3656 a
2433 3607 2636 3671 spiritu
2662 3620 2795 3657 meo.
2816 3603 3028 3657 Tamen
3048 3602 3308 3657 universa
3333 3592 3527 3657 anima
3553 3609 3769 3657 vocatur

2182 3692 2287 3745 hoc
2306 3692 2549 3745 nomine.
2567 3691 2709 3745 Cum
2733 3692 2879 3745 enim
2896 3697 3115 3746 constet
3133 3692 3347 3761 aliquid
3368 3708 3490 3745 esse
3508 3692 3573 3746 in
3592 3691 3770 3747 animo.

2182 3780 2330 3850 quod
2368 3781 2593 3850 pr0prie
2636 3781 2869 3850 spiritus
2909 3780 3254 3847 nominetur,
3288 3780 3428 3834 illud
3465 3782 3641 3834 etiam
3674 3794 3767 3848 ego

2181 3869 2306 3922 dico
2335 3870 2562 3939 proprie
2605 3868 2787 3923 vocari
2832 3869 3094 3939 spiritum
3131 3885 3241 3939 quo
3270 3869 3675 3923 ratiocinamur
3716 3872 3767 3920 et

2180 3958 2566 4027 intelligimus,
2597 3958 2821 4027 quando
2850 3958 2930 4011 ita
2961 3958 3221 4012 distincte
3251 3958 3360 4011 ista
3383 3958 3666 4012 dicuntur.

2252 4044 2341 4100 20.
2379 4050 2624 4100 AMBROS.
2659 4048 2857 4100 Fidelis
2893 4052 2987 4100 est.
3036 4047 3155 4100 Hoc
3200 4046 3404 4116 adjecit
3448 4052 3515 4100 ut
3556 4046 3625 4101 de
3655 4059 3766 4100 ora-

2179 4133 2334 4187 tione
2362 4133 2517 4188 dubii
2542 4134 2876 4189 habeantur.

696 4364 1167 4462 EPISTULA
1221 4386 1308 4462 B.
1374 4368 1667 4464 PAULI
1722 4380 2199 4466 APOSTOLI
2259 4394 2391 4466 AD
2456 4388 3422 4470 THESSALONICENSES
3476 4398 3576 4473 II.

1127 4532 1314 4601 CUM
1351 4539 1929 4603 INTERJECTIS
1969 4541 2045 4603 Β.
2094 4542 2603 4606 LANF'RANCI
2641 4544 3139 4609 GLOSSULIS.

538 4824 539 4827 η
568 4778 986 4833 Amum'rms.
1016 4803 1090 4818 -~
1113 4779 1198 4833 Ad
1240 4781 1764 4837 Thessalonicenses
1789 4783 2091 4837 secundum

501 4866 699 4939 scribit
737 4866 1040 4938 Epistolam
1073 4869 1390 4940 Apostolus,
1423 4877 1480 4925 et
1517 4878 1712 4924 notum
1744 4870 1875 4924 facit
1904 4871 1983 4926 eis
2025 4874 2094 4928 de

497 4955 844 5027 temporibus
871 4957 1189 5012 novissimis
1220 4965 1277 5013 et
1313 4959 1383 5012 de
1426 4959 1732 5013 adversarii
1762 4960 2092 5029 dejectione.

2176 4752 2381 4839 Scribit
2405 4786 2548 4840 hanc
2574 4787 2881 4858 Epistulam
2911 4786 2981 4841 ab
3001 4787 3234 4842 Athenis
3258 4794 3361 4859 per
3378 4787 3570 4841 Titum
3593 4784 3765 4839 diaco-

2177 4892 2314 4929 num
2344 4883 2400 4929 et
2430 4877 2759 4930 Onesimum
2787 4877 3128 4948 acolythum.

1853 5068 2086 5124 CAPUT
2126 5070 2427 5125 PRIMUM.

1853 5070 2086 5124 CAPUT
2126 5070 2243 5125 PRI
2418 5115 2427 5125 .

568 5150 623 5220 1,
650 5150 705 5207 2.
741 5152 970 5221 Paulus,
1005 5160 1060 5207 et
1093 5153 1369 5221 Silvanus,
1397 5159 1455 5207 et
1488 5154 1836 5222 Timotheus,
1874 5158 2126 5214 Ecclesiae
2152 5070 2751 5229 Thngibnicensium,
2783 5165 3041 5218 existenti
3074 5163 3132 5218 in
3159 5164 3274 5218 Deo
3304 5158 3473 5219 Patre
3497 5164 3685 5219 nostro
3712 5154 3764 5211 et

632 5334 637 5339 _
768 5312 778 5343 ξ
1850 5261 2440 5325 COMMENTARIUS.

568 5348 724 5402 CAP.
766 5348 811 5402 Ι.
855 5376 919 5388 -
961 5346 1008 5403 1.
1055 5348 1299 5403 Auanos.
1349 5348 1555 5403 Scribit
1600 5349 1742 5403 hanc
1787 5351 2160 5422 EpistolamC
2248 5358 2301 5415 2.
2336 5357 2539 5413 Lassa.
2574 5359 2799 5423 Paulus,
2834 5366 2938 5414 etc.
2968 5359 3033 5414 In
3065 5354 3341 5431 superiOri
3366 5354 3611 5431 Epistola
3634 5354 3763 5413 dixit

496 5434 743 5507 primum
772 5435 1095 5490 collaudans
1124 5452 1256 5504 eos;
1289 5437 1491 5491 deinde
1516 5438 1747 5492 instruit
1773 5456 1867 5493 eos
1895 5458 1965 5495 ne
1986 5445 2095 5497 exi—
2175 5447 2243 5500 de
2281 5446 2371 5501 die
2396 5448 2593 5518 judicii
2628 5468 2639 5502 :
2674 5448 2799 5514 Nos,
2848 5452 2947 5518 qui
2992 5450 3201 5503 residui
3234 5466 3443 5515 sumus,
3492 5466 3602 5503 non
3631 5460 3761 5516 pra?-

497 5518 731 5579 stiment
780 5524 1103 5581 incumbere
1139 5526 1245 5582 sibi
1288 5531 1829 5587 consummationem
1871 5541 2092 5609 tempo-
2174 5538 2453 5590 veniemus
2492 5555 2573 5591 eos
2597 5543 2695 5606 qui
2733 5540 3102 5596 dormierunt.
3132 5537 3300 5593 Modo
3338 5543 3548 5607 autem,
3578 5553 3645 5591 ne
3670 5529 3758 5587 isti

496 5614 655 5683 rum;
689 5613 842 5671 etde
876 5611 1240 5673 Antichristo.
2174 5641 2275 5679 suo
2304 5631 2559 5698 tempore
2601 5626 2921 5682 existiment
2967 5624 3074 5683 hoc
3119 5628 3395 5695 futurum,
3435 5622 3758 5683 determinat
