3878 6350
106 352 197 411 Ml
723 352 805 409 IN
839 352 907 408 D.
949 351 1169 409 PAULI
1208 353 1431 409 EPIST.
1473 350 1847 409 COMMENT.
1892 379 1959 390 —-
1998 348 2223 405 EPIST.
2267 348 2322 404 II
2357 347 2455 403 AD
2492 346 2737 402 THESS.
3270 345 3377 407 342

104 477 325 534 Domino
341 475 487 532 Jesu
512 477 753 534 Christo.
788 481 987 539 Gratia
1014 484 1171 539 vobis
1192 489 1250 539 et
1276 502 1387 556 pax
1417 502 1451 540 a
1489 488 1602 541 Deo
1650 485 1820 538 Patre
1847 487 2040 537 nostro
2072 486 2129 535 et
2164 474 2402 535 Domino
2432 481 2461 534 J
2466 496 2565 534 esu
2595 479 2840 534 Christo.
2873 477 2924 535 3.
2956 477 3179 541 Gratias
3204 493 3372 549 agere

104 566 355 621 debemus
384 578 614 638 semper
637 570 753 624 Deo
782 584 886 642 pro
914 574 1089 638 vobis,
1110 574 1430 641 fratres,ita
1444 580 1509 629 ut
1525 575 1759 645 dignum
1791 579 1892 637 est,
1928 572 2195 643 quoniam
2227 571 2599 642 supercrescit
2627 571 2773 625 ﬁdes
2811 574 3015 633 vestra,
3048 574 3105 624 et
3124 560 3374 635 abundat

103 655 328 711 abolitas
348 655 802 730 uniuscujusque
844 664 1172 717 vestrumin
1208 664 1464 729 invicem,
1494 664 1574 719 ita
1600 670 1663 719 ut
1684 669 1741 717 et
1770 680 1872 717 nos
1894 662 2001 733 ipsi
2030 661 2089 715 in
2113 660 2270 715 vobis
2290 659 2601 731 gloriemur
2628 659 2687 713 in
2716 652 2977 715 Ecclesiis
2996 658 3118 723 Dei,
3145 674 3246 729 pro
3275 673 3372 730 pa-

103 745 279 799 tientia
305 751 499 800 vestra
524 751 580 801 et
604 748 715 803 ﬁde
738 757 1139 817 perseverante,
1164 759 1222 806 et
1249 753 1305 806 in
1336 751 1599 807 omnibus
1623 748 2112 823 persecutionibus
2148 750 2369 814 vestris,
2403 754 2460 803 et
2485 748 2539 815 4,
2572 747 2630 805 5.
2668 746 3148 811 tribulationibus,
3193 746 3233 811 Ι
3250 738 3374 812 αὖ

101 849 224 904 quas
242 834 538 890 sustinetis
554 835 606 890 6.
630 836 689 891 in
720 841 1037 911 exemplum
1061 842 1201 911 justi
1225 841 1423 911 judicii
1455 841 1572 907 Dei,
1610 859 1709 913 pro
1737 858 1846 913 quo
1868 846 1924 895 et
1946 838 2236 910 patimini;
2269 838 2318 892 si
2343 843 2533 892 tamen
2559 838 2778 908 justum
2797 842 2883 891 est
2908 836 3057 907 apud
3083 828 3263 893 Deum
3286 849 3371 889 re"

98 922 327 977 tribuere
351 923 778 982 tribulationem
813 929 883 983 iis
914 930 1137 999 qui'vos
1172 930 1465 995 tribulant,
1499 936 1558 983 et
1577 930 1751 997 vobis,
1784 930 1880 1001 qui
1902 924 2271 992 tribulamini,
2307 925 2559 997 requiem
2604 925 2896 981 nobiscum
2926 924 2986 979 in
3025 914 3366 978 revelatione

98 1012 303 1067 Domini
331 1014 473 1070 Jesu
501 1015 572 1070 de
609 1018 747 1072 cmlo
777 1023 1006 1074 venturi
1033 1036 1158 1074 cum
1180 1021 1396 1091 angelis
1420 1021 1643 1075 virtutis
1673 1022 1815 1090 ejus,
1847 1034 1973 1071 cum
2002 1017 2200 1085 quibus
2229 1017 2491 1069 exercebit
2522 1017 2788 1067 virtutem
2818 1022 3000 1078 suam,
3032 1012 3092 1067 in
3136 1004 3368 1073 ﬂamma

98 1102 227 1171 ignis
258 1103 472 1169 dantis,
512 1104 726 1160 Christi
751 1109 893 1173 dico,
925 1113 1007 1163 rel
1040 1113 1208 1177 ignis,
1240 1110 1537 1164 vindictam
1560 1110 1629 1162 iis
1662 1109 1757 1178 qui
1778 1123 1889 1161 non
1918 1110 2199 1159 noverunt
2223 1106 2422 1170 Deum,
2459 1109 2517 1159 et
2548 1103 2647 1175 qui
2675 1120 2789 1158 non
2822 1102 3092 1157 obediunt
3110 1098 3364 1171 Evange-

101 1190 164 1243 lio
189 1191 413 1246 Domini
464 1195 645 1248 nostri
675 1197 805 1251 Jesu
836 1197 1079 1263 Christi;
1111 1199 1206 1270 qui
1236 1214 1430 1269 poenas
1458 1216 1522 1253 es
1545 1217 1597 1252 se
1621 1198 1838 1252 dabunt
1858 1197 1915 1250 in
1935 1195 2169 1249 interitu
2212 1200 2449 1248 aeternas
2478 1210 2513 1247 a
2550 1193 2691 1247 facie
2732 1191 2977 1257 Domini,
3028 1195 3086 1249 et
3113 1208 3148 1245 a
3181 1183 3365 1260 gloria

98 1279 304 1333 virtutis
327 1282 472 1351 ejus,
509 1299 636 1336 cum
664 1286 877 1339 venerit
903 1287 1205 1356 glorificari
1239 1288 1296 1341 in
1327 1288 1534 1342 sanctis
1572 1287 1709 1352 suis,
1743 1288 1924 1339 dando
1951 1287 2452 1345 immortalitatem,
2477 1288 2529 1337 ‘7.
2561 1287 2618 1336 et
2643 1280 2987 1335 admirabilis
3002 1279 3125 1333 fieri
3153 1279 3213 1333 in
3245 1294 3364 1335 om-

96 1367 242 1422 nibus
266 1369 363 1439 qui
392 1370 778 1437 crediderunt,
809 1377 955 1427 vobis
982 1377 1136 1429 dabit
1157 1379 1426 1444 requiem,
1460 1376 1513 1429 8.
1543 1377 1675 1446 quia
1697 1375 1968 1429 creditum
2000 1379 2087 1427 est.
2103 1372 2489 1437 testimonium
2512 1378 2768 1425 nostrum
2796 1386 2966 1439 super
2990 1384 3087 1422 vos
3110 1362 3161 1424 9.
3194 1366 3253 1421 in
3269 1359 3361 1421 die

95 1457 194 1521 illo,
222 1458 278 1511 in
307 1460 417 1522 die,
445 1475 559 1529 quo
590 1476 700 1515 non
733 1467 952 1517 tantum
979 1468 1195 1531 gratias
1223 1468 1464 1531 agimus,
1497 1467 1588 1521 sed
1617 1465 1788 1518 etiam
1813 1480 2041 1517 oramus
2068 1478 2291 1531 semper
2320 1476 2420 1531 pro
2447 1456 2635 1526 vobis;
2668 1464 2733 1512 ut
2758 1458 3041 1528 dignetur,
3066 1458 3258 1524 dignos
3273 1450 3358 1523 fa-

94 1548 205 1609 ciat,
238 1563 331 1599 vos
360 1549 658 1602 vocatione
689 1566 792 1603 sua
820 1552 969 1605 Deus
989 1559 1199 1617 noster,
1233 1554 1388 1619 (hac:
1437 1555 1634 1618 Venite,
1664 1554 1929 1605 benedicti
1955 1554 2137 1605 Patris
2180 1553 2305 1617 mei)
2360 1555 2417 1603 et
2453 1548 2692 1620 impleat
2745 1562 2971 1602 omnem
3009 1546 3365 1607 voluntatem

95 1634 361 1699 bonitatis,
396 1639 563 1691 modo
590 1642 670 1692 vel
695 1644 827 1693 tunc
855 1657 980 1693 cum
1010 1643 1196 1695 reddet
1222 1643 1521 1695 Mercedem
1540 1646 1723 1709 plene,
1753 1646 1809 1694 et
1829 1656 1969 1711 opus
1990 1640 2141 1705 fidei,
2173 1641 2318 1708 quod
2345 1641 2475 1706 ﬁdes
2506 1638 2827 1693 Christiana
2849 1638 3041 1702 exigit,
3063 1633 3123 1690 in
3151 1626 3360 1689 virtute

91 1722 386 1778 divinitatis
403 1738 538 1790 sua,
580 1732 646 1780 ut
672 1728 1012 1782 clariﬁcetur
1034 1731 1141 1795 (hic
1172 1748 1187 1782 :
1221 1731 1285 1784 Ut
1310 1732 1550 1784 videntes
1580 1746 1742 1797 opera
1773 1731 1911 1783 bona
1939 1732 2267 1795 gloriﬁcent,
2299 1729 2381 1782 vel
2407 1732 2475 1780 in
2501 1728 2719 1794 futuro,
2742 1730 2805 1779 ut
2834 1743 2849 1777 :
2880 1726 2986 1792 Qui
3012 1724 3265 1777 habitant
3291 1723 3357 1787 in

92 1810 230 1864 domo
258 1815 377 1877 tua,
410 1815 667 1881 Domine,
702 1814 832 1886 etc.)
854 1834 1061 1871 nomen
1095 1818 1319 1872 Domini
1344 1819 1521 1873 nostri
1546 1817 1581 1872 J
1587 1835 1684 1872 esu
1715 1817 1922 1872 Christi
1952 1818 2008 1871 in
2031 1817 2201 1883 vobis,
2226 1822 2285 1870 et
2304 1833 2397 1869 vos
2417 1817 2475 1870 in
2495 1816 2614 1881 illo,
2635 1814 3050 1884 glori/icemini,
3079 1810 3159 1881 (ut
3193 1830 3206 1864 :
3230 1805 3357 1865 Ful-

92 1901 604 1969 gebuntjusti,sicut
616 1908 786 1971 sol,in
806 1921 973 1974 regno
992 1909 1177 1961 Patris
1195 1911 1304 1961 mei
1310 1914 1323 1974 )
1339 1909 1644 1962 secundum
1658 1908 1898 1977 gratiam
1912 1907 2013 1961 Dei
2026 1906 2205 1961 nostri
2223 1912 2277 1959 et
2291 1905 2515 1960 Domini
2529 1906 2557 1959 ,Ι
2562 1921 2666 1960 esu
2683 1903 2916 1974 Christi,
2926 1919 3043 1961 non
3058 1903 3293 1957 meritis.

1576 2015 1809 2070 CAPUT
1847 2014 1923 2069 II.

150 2098 428 2168 Rogamus
456 2106 652 2154 autem
677 2116 795 2171 vos,
814 2103 1035 2171 fratres,
1057 2120 1147 2175 per
1170 2106 1472 2159 adventum
1488 2105 1715 2159 Domini
1733 2105 1911 2159 nostri
1922 2102 1958 2157 J
1961 2116 2059 2157 esu
2078 2102 2308 2167 Christi,
2328 2100 2347 2156 1
2364 2143 2375 2154 .
2395 2106 2452 2155 et
2462 2105 2667 2155 nostrae
2684 2097 3261 2169 congregationisthic
3287 2099 3355 2153 in

93 2185 318 2254 Ecclesia,
341 2193 427 2242 vel
454 2192 670 2256 future:
698 2194 762 2246 in
788 2197 945 2257 calix)
980 2194 1039 2247 in
1068 2193 1273 2264 ipsum,
1295 2196 1597 2259 Christum,
1630 2197 1713 2246 vel
1746 2194 1810 2245 in
1846 2208 2047 2249 unum.
2095 2195 2161 2243 ut
2208 2202 2321 2243 non
2364 2189 2475 2243 cito
2517 2187 2855 2243 moveamini
2884 2203 2923 2241 a
2946 2192 3132 2240 vestro
3156 2200 3354 2253 sensu,-

93 2286 249 2344 neque
266 2274 319 2331 2.
343 2278 703 2344 terreamini,
725 2295 905 2351 neque
923 2297 1024 2351 per
1042 2283 1323 2352 spiritum,
1348 2286 1399 2335 si
1424 2285 1549 2351 quis
1575 2284 1723 2335 dicat
1746 2283 1853 2334 sibi
1873 2297 1979 2333 esse
2009 2283 2316 2335 revelatum
2338 2294 2438 2346 per
2480 2285 2513 2343 Ι
2534 2281 2663 2341 so
2688 2279 2981 2345 spiritum,
3023 2290 3208 2345 neque
3247 2288 3351 2344 per.

96 2372 411 2429 sermonem,
444 2380 634 2437 neque
654 2383 753 2437 per
782 2368 1095 2438 Epistolam
1128 2377 1396 2441 tanquam
1430 2387 1530 2442 per
1554 2388 1674 2436 nos,
1701 2385 1737 2423 a
1762 2371 1934 2433 nobis,
1965 2367 2287 2433 missam,3.
2315 2367 2475 2437 quasi
2502 2367 2674 2420 instet
2702 2365 2819 2421 dies
2836 2365 3082 2430 Domini,
3106 2364 3343 2433 judicii.

94 2450 334 2517 Rogamus
362 2448 416 2507 4.
435 2455 652 2525 nequis
672 2466 767 2509 Vos
782 2457 1013 2511 seducet
1029 2458 1142 2512 ullo
1172 2460 1356 2525 modo,
1377 2458 1424 2519 5,
1446 2458 1498 2514 6.
1524 2460 1787 2530 quoniam
1830 2474 1943 2512 non
1977 2461 2084 2511 erit
2129 2459 2247 2510 dies
2270 2458 2518 2522 Domini,
2551 2454 2662 2509 nisi
2690 2454 2911 2509 venerit
2932 2452 3199 2508 discessio
3226 2452 3349 2524 pri~

1414 2548 2006 2603 COMMENTARIUS.

98 2632 297 2697 quando
325 2633 401 2687 sit
428 2634 710 2699 futurum,
742 2636 890 2705 quod
918 2636 1027 2689 nisi
1074 2636 1317 2701 fecisset,
1374 2640 1459 2691 vel
1491 2638 1664 2692 falsus
1680 2641 1731 2698 A
1752 2635 1919 2701 Deus,
1946 2650 2173 2690 oramus
2212 2652 2452 2706 semper.
2475 2634 2577 2686 Vel
2616 2632 2676 2687 in
2710 2648 2837 2703 quo,
2873 2631 2931 2685 id
2958 2635 3064 2698 est,
3096 2646 3199 2703 pro
3232 2645 3344 2701 quo

98 2722 570 2784 essecrederetur,
619 2724 706 2777 vel
760 2724 880 2778 dies
916 2725 1114 2794 judicii
1173 2743 1207 2779 a
1259 2727 1661 2798 posterioribus
1748 2727 1971 2780 vitando
2001 2725 2268 2797 periculo,
2300 2740 2522 2794 semper
2548 2722 2827 2785 orandum
2852 2726 2964 2778 est.

95 2809 306 2878 amplius
327 2825 442 2865 non
474 2818 912 2883 exspectaretur.
1813 2815 1970 2868 CAP.
2003 2816 2074 2868 ll.
2097 2842 2162 2854 —-
2198 2812 2247 2870 1.
2280 2814 2533 2868 AMBROB.
2570 2813 2638 2867 Et
2660 2816 2858 2865 nostra:
2875 2810 3345 2883 congregationis.

149 2894 244 2951 3.A
256 2903 562 2966 rousr.(lib
576 2882 589 2883 ἡ
604 2904 677 2955 De
696 2908 904 2970 grat.et
932 2907 1028 2962 lib.
1051 2906 1252 2963 arb.,c.
1280 2903 1655 2972 t8,tom.VII).
1740 2903 1888 2957 Dicit
1916 2904 2063 2957 enim
2088 2903 2295 2958 Christi
2325 2902 2571 2955 adventu
2589 2899 3085 2970 congregationem
3104 2904 3241 2954 tunc
3267 2882 3353 2953 ad.

93 2981 471 3056 Gratiasagere.
490 2990 612 3042 Hoc
631 2990 769 3045 dixit
786 3008 857 3045 ne
870 2994 1016 3046 forte
1039 2993 1108 3047 de
1124 2999 1284 3047 tanto
1309 2991 1475 3058 bono,
1510 2995 1658 3064 quod
1741 3008 1872 3046 eum
1896 2993 2166 3047 futuram.

91 3080 145 3122 ex
168 3068 273 3127 Deo
313 3076 623 3142 habebant,
648 3083 919 3149 tanquam
951 3097 1016 3134 ex
1049 3081 1250 3151 seipsis
1289 3082 1345 3135 id
1374 3081 1659 3136 habebant
1808 3080 1859 3134 f2.
1892 3083 2255 3146 Terreamini,
2279 3080 2335 3134 id
2354 3084 2457 3143 est,
2491 3080 2607 3133 sive
2630 3079 2756 3150 quis
2799 3072 3081 3148 spirituali
3109 3077 3169 3131 in
3199 3092 3337 3149 opes-

92 3155 196 3228 [al.,
244 3163 561 3235 habentes],
601 3168 1024 3223 extollerentur.
1078 3170 1229 3236 Quod
1283 3187 1408 3238 ergo
1462 3184 1655 3240 super.
1738 3169 1954 3223 ratione
1989 3170 2046 3223 id
2076 3169 2367 3240 permittat
2381 3185 2441 3223 se
2460 3168 2665 3235 dicere,
2694 3168 2810 3222 sive
2839 3184 2906 3222 ex
2931 3166 3107 3222 verba
3130 3172 3193 3222 et
3207 3166 3349 3238 Eph--

90 3252 251 3303 crescit
270 3254 399 3318 ﬁdes
427 3260 632 3319 vestra,
654 3255 913 3326 inquit,et
928 3260 1177 3312 abundat
1197 3260 1442 3313 Charitas
1461 3263 1656 3314 unius-
1737 3260 1882 3313 stola
1907 3265 2101 3313 nostra
2129 3259 2204 3313 sit
2231 3259 2482 3313 edoctae.

91 3340 317 3407 συΪῑιδςιη
344 3348 617 3407 oestrum,
654 3349 869 3412 gratias
906 3363 1065 3413 agere
1091 3347 1342 3401 debemus
1379 3351 1502 3415 Deo,
1540 3366 1653 3404 non
1810 3346 2109 3403 3.Aueusr.
2134 3358 2238 3419 (ep.
2263 3346 2637 3416 80adliesio.,
2667 3351 2807 3400 tom.
2830 3346 2927 3415 II).
2961 3345 3133 3413 Quasi
3154 3345 3333 3415 inflet.

90 3421 152 3475 ita
174 3438 261 3479 vos
288 3428 544 3495 laudare,
580 3436 851 3503 tanquam
879 3435 984 3489 hoc
1013 3452 1076 3488 ex
1100 3435 1255 3489 vobis
1284 3435 1557 3494 habeatis.
1739 3435 1982 3505 Vigilare
2022 3436 2190 3491 debet
2214 3437 2565 3492 Christianus
2597 3453 2669 3490 ne
2705 3436 3050 3506 imparatum
3080 3450 3216 3489 eum
3242 3430 3333 3488 in:

144 3510 188 3567 4.
215 3516 451 3573 Anaus'r.
494 3520 611 3585 (lib.
644 3536 763 3576 xxu
790 3524 943 3577 Cant.
986 3526 1195 3587 Faust.,
1231 3542 1276 3579 c.
1307 3525 1398 3589 20,
1431 3532 1561 3580 ante
1582 3528 1649 3580 ﬁ-
1731 3527 1919 3581 veniat
1947 3529 2174 3583 Domini
2215 3529 2509 3582 adventus.
2539 3528 2887 3597 Imparatum
2930 3530 3123 3580 mum
3170 3525 3337 3579 illum.

89 3606 730 3695 ξιαω-ᾎΤνίὁυιαείοηίὸυδ
774 3628 912 3680 quas
966 3617 1269 3669 sustinetis.
1324 3615 1469 3668 Hinc
1498 3616 1649 3669 enim
1729 3615 1979 3671 inveniet
2008 3618 2127 3671 dies
2158 3619 2272 3683 ille,
2324 3635 2493 3689 quem
2532 3619 2877 3688 imparatum
2922 3616 3173 3670 inveniet
3194 3630 3335 3669 suus

93 3692 394 3763 intelligitur
420 3699 704 3768 quomodo
732 3717 845 3754 non
866 3703 1357 3773 pareaturimpiis,
1378 3709 1647 3774 tanquam
1730 3706 1856 3760 vitae
1883 3707 2049 3776 hujus
2075 3708 2195 3761 dies
2227 3707 2478 3761 ultimus.

91 3780 298 3873 mitis
323 3786 393 3839 ad
424 3786 895 3855 combustionem,
928 3792 1151 3860 quando
1176 3792 1197 3861 j
1208 3793 1347 3846 ustis
1376 3808 1488 3847 non
1517 3811 1647 3865 par-
1800 3796 1851 3849 4.
1876 3799 2111 3849 Ausum.
2133 3796 2255 3859 (lib.
2281 3814 2351 3849 xx
2370 3798 2604 3850 Dccioit.
2636 3798 2750 3861 Dei,
2776 3807 2901 3865 cap.
2929 3794 3019 3860 19,
3048 3799 3193 3849 tom.
3229 3790 3329 3859 ν).

91 3871 209 3920 mur
230 3880 455 3944 propter
482 3877 878 3945 perﬁciendam
908 3881 1320 3949 purgationem.
1726 3887 1804 3938 Ne
1832 3902 1955 3953 quas
1983 3902 2073 3937 ros
2101 3888 2341 3939 seducat.
2377 3886 2460 3939 Ne
2478 3886 2605 3956 quis
2624 3902 2719 3939 vos
2742 3885 2972 3939 seducet
2987 3884 3104 3938 ullo
3119 3881 3289 3935 modo
3306 3898 3323 3935 :

208 3960 402 4017 Lam.
431 3966 912 4021 Tributationibus
935 3982 1070 4036 quas
1107 3973 1410 4025 sustinetis.
1440 3958 1705 4027 Tribu-B
1729 3975 2025 4038 Quoniam,
2049 3975 2164 4026 nisi
2180 3977 2391 4027 venerit
2404 3976 2604 4040 refuga
2614 3976 3006 4041 primmn,etc.
3029 3969 3184 4024 Nulli
3216 3969 3331 4023 du-

93 4041 290 4139 lationes
304 4062 442 4121 quas
462 4055 644 4109 sancti
663 4055 723 4110 in
742 4056 974 4110 haovita
989 4059 1236 4112 tolerant
1249 4058 1306 4112 in
1325 4061 1643 4131 exemplum
1726 4059 1878 4114 bium
1910 4068 1995 4115 est
2024 4079 2151 4115 eum
2182 4063 2250 4115 de
2277 4063 2620 4116 Antichristo
2679 4062 2790 4116 ista
2837 4061 3063 4125 dixisse,
3119 4059 3331 4129 dieque

87 4134 200 4197 justi
220 4137 404 4205 judicii
441 4142 569 4209 Dei,
629 4160 739 4214 quo
790 4145 1067 4215 judicabit
1104 4148 1370 4218 reprobos
1426 4149 1482 4203 in
1532 4151 1643 4204 tino
1718 4150 1915 4219 judicii
1952 4170 1962 4180 ·
1996 4152 2147 4205 hunc
2177 4152 2327 4205 enim
2359 4152 2607 4222 appellat
2631 4151 2778 4205 diem
2808 4149 3035 4207 Domini
3057 4163 3323 4203 nonesse

91 4225 278 4315 ξηιξξιιίἰί
309 4231 401 4300 qui
430 4232 585 4286 enim
608 4232 690 4287 sic
715 4233 1079 4301 horribiliter,
1140 4243 1196 4290 et
1251 4244 1442 4292 tamen
1462 4240 1633 4308 justo,
1722 4245 2038 4296 venturum.
2074 4241 2182 4295 nisi
2204 4242 2295 4294 ille
2316 4241 2469 4311 prior
2497 4240 2727 4307 venerit,
2749 4252 2917 4311 quem
2935 4239 3197 4310 refugam
3222 4252 3321 4291 vo-

86 4310 263 4373 lﬂdicat
286 4333 378 4373 eos
405 4320 506 4392 qui
527 4328 777 4392 peccant,
811 4330 868 4377 et
905 4325 1059 4394 prius
1087 4333 1315 4396 peccatu
1342 4328 1635 4397 plangunt,
1721 4332 1828 4395 cat,
1861 4328 2055 4397 utique
2088 4345 2122 4382 a
2141 4310 2379 4382 Domino
2418 4330 2551 4383 Deo.

91 4403 666 4489 quamiustejudicabit
686 4427 781 4464 eos
804 4428 902 4482 qu1
926 4420 1218 4485 nunquam
1252 4416 1545 4486 plangunt,
1581 4423 1638 4472 et
1790 4422 1843 4469 5.
1877 4419 2171 4483 Quoniam,
2208 4421 2322 4472 nisi
2350 4421 2581 4473 venerit.
2629 4416 2981 4489 Impossibile
3004 4415 3322 4472 ostdisces-

92 4487 244 4578 ῑθῐξὶεῐι
271 4510 496 4563 peccare
523 4514 635 4552 non
662 4499 946 4554 desinunt.
1720 4504 1933 4559 sionem
1966 4506 2087 4559 fieri
2119 4506 2215 4560 ubi
2241 4508 2485 4562 accessio
2516 4508 2670 4578 prius
2718 4487 2885 4561 iacta
2911 4520 3025 4560 non
3055 4505 3133 4560 sit
3162 4524 3177 4573 ;
3217 4521 3320 4561 ne—

137 4573 186 4671 '5.
220 4579 282 4634 In
307 4590 618 4653 exemptum
632 4590 777 4655 justi
785 4589 999 4656 judicii
1028 4590 1145 4644 Dei.
1178 4591 1301 4657 Vel,
1334 4604 1505 4661 opera
1533 4594 1636 4646 ho-
1719 4610 1873 4648 cesse
1897 4601 1985 4648 est
2012 4606 2164 4665 ergo,
2194 4597 2400 4666 inquit,
2458 4573 2679 4668 impleri
2707 4596 3073 4660 occasionem,
3109 4595 3183 4650 de
3208 4610 3326 4666 qua

92 4674 267 4756 {mnum
294 4680 422 4728 sunt
461 4677 797 4747 exemplum,
820 4678 875 4733 id
908 4686 1011 4744 est,
1029 4681 1295 4742 ostensio,
1317 4681 1464 4751 quod
1487 4682 1637 4736 Deus
1717 4683 1929 4737 dictum
1952 4689 2067 4737 est:
2103 4687 2169 4738 In
2181 4690 2496 4739 scminetuo
2515 4688 2899 4740 benedicentur
2911 4700 3096 4740 omnes
3113 4690 3318 4754 gentos;

88 4756 239 4848 Νίκης
262 4760 348 4826 sit,
377 4763 435 4817 in
475 4764 658 4820 dando
687 4766 847 4821 bonis
866 4767 1032 4832 bona,
1066 4769 1227 4823 malis
1253 4770 1420 4823 mala.
1720 4778 1801 4825 et:
1833 4775 2048 4826 Veniant
2077 4788 2260 4828 omnes
2288 4780 2469 4843 gentes
2500 4777 2574 4829 ad
2601 4791 2746 4829 eum.
2781 4775 2905 4839 Quo
2920 4775 3157 4848 impleto
3178 4774 3322 4829 inei-

145 4838 445 4940 7...Ausaos.
479 4852 866 4910 Admirabitis.
923 4857 1072 4911 Ordo
1129 4864 1214 4912 est
1246 4877 1257 4911 ς
1291 4858 1637 4914 admirabilis
1719 4861 1834 4931 piet
1862 4861 2145 4929 discessio,
2180 4864 2249 4917 de
2279 4838 2392 4934 qua
2414 4864 2623 4919 dicitur
2652 4884 2667 4918 :
2716 4864 2794 4918 Ea:
2812 4838 3175 4919 abundantia
3204 4866 3321 4920 ini-

94 4924 260 5029 tjfﬂ'ini‘n
286 4937 524 5029 dieillo;
560 4943 683 4996 vult
697 4943 901 5010 dicere,
920 4946 1269 5000 admirabilis
1288 4947 1563 5002 videbitur
1578 4949 1637 5003 In
1718 4924 1949 5017 ξμιίιαιίδ
1981 4924 2313 5019 ναΓνὶᾖθςσθί
2335 4954 2602 5015 Charitas,
2627 4953 2760 5024 quia
2798 4953 3141 5008 discessione
3164 4966 3319 5007 com-

96 5010 268 5119 ‘Ps‘illo
294 5025 348 5080 in
374 5028 462 5084 his
512 5032 609 5101 qui
642 5034 1018 5095 crediderunt,
1067 5042 1124 5088 et
1177 5036 1326 5106 quod
1384 5042 1635 5093 nostram
1719 5010 1887 5109 pleta,
1920 5010 2081 5109 quasi
2099 5010 2221 5111 jam
2252 5047 2446 5112 parato
2487 5010 2771 5112 jumehto,
2801 5040 3342 5113 Opportunum'erit'

97 5098 357 5203 docnth
385 5098 677 5189 ευθθέρίθεί
711 5120 801 5193 [ru
835 5098 1212 5193 suscepistis]:
1717 5098 1912 5183 adesse
1931 5098 2232 5196 sessorem,
2253 5098 2322 5185 ‘id
2347 5137 2451 5197 est,
2484 5098 2715 5186 revoluti
2754 5098 2931 5187 iiliuin
2965 5130 3315 5203 perditionis.

148 5189 191 5291 β·
210 5197 397 5262 latura.
420 5207 563 5273 Quia
590 5189 882 5265 creditum.
917 5189 1375 5269 Cahsamﬂreddlt
1412 5232 1512 5270 cur
1544 5233 1634 5270 re-
1716 5218 1863 5272 Dicit
1891 5225 2105 5285 autem,
2146 5189 2273 5274 cum
2305 5189 2456 5291 apud
2487 5234 2582 5275 eos
2612 5227 2778 5287 esset,
2812 5222 2930 5275 haec
2962 5189 3161 5275 eadem
3200 5219 3317 5276 illis

98 5291 244 5381 (ξυιςξη
267 5292 470 5381 tribuat
493 5296 624 5364 illis,
660 5301 794 5370 quia
816 5301 1073 5356 videlicet
1085 5304 1469 5359 testimonium
1486 5307 1632 5375 quod
1654 5320 1698 5379 ο
1717 5305 2150 5377 dixisse,eosque
2172 5310 2460 5363 advertere
2475 5310 2678 5364 debere
2698 5310 2849 5379 quod
2894 5320 3008 5365 non
3061 5309 3137 5364 sit
3162 5324 3318 5365 revo-

98 5363 150 5471 f‘f
164 5370 241 5471 ᾆίθ
260 5377 441 5447 judicii
455 5402 626 5456 super
639 5363 733 5442 eos
751 5390 1004 5458 protulit,
1030 5392 1182 5446 velut
1215 5393 1285 5447 de
1310 5394 1430 5448 loco
1454 5363 1640 5450 altiori
1655 5363 1698 5379 υ
1721 5363 2344 5461 landusAntichristus,
2374 5398 2484 5453 nisi
2499 5416 2601 5453 suo
2617 5363 2733 5452 teni
2738 5411 2890 5469 pore,
2909 5363 2967 5451 id
2983 5404 3089 5465 est,
3111 5363 3317 5471 oppor-

99 5450 600 5560 Ῑοίξιὶθξὶεηοιόίιίιιιιῐι
628 5475 704 5530 sit
720 5450 791 5531 ab
810 5477 942 5533 illis.
1721 5489 1875 5539 tune.
1908 5486 2085 5550 Quem
2116 5487 2265 5540 enim
2304 5450 2487 5541 locum
2530 5450 2862 5542 inventtirus
2880 5450 3029 5543 ὀι-ῆι
3060 5450 3323 5560 tempore

132 5543 195 5640 .9-
217 5553 276 5647 In
297 5558 378 5613 die
392 5564 489 5617 itte
506 5566 572 5619 in
600 5582 725 5635 quo.
759 5566 909 5622 Ordo
946 5586 958 5621 :
992 5568 1051 5623 in
1081 5587 1191 5641 quo
1220 5571 1419 5641 judicii
1448 5572 1539 5626 die
1576 5579 1641 5628 ut
1721 5543 2124 5644 apostolorum,
2149 5582 2483 5647 martyrum.
2504 5576 2903 5643 confessorum,
2924 5577 3013 5633 vel
3025 5594 3140 5632 non

102 5628 319 5705 dignetur
337 5647 408 5717 (id
432 5657 540 5725 est,
576 5628 777 5724 ἀῖεηοε
796 5656 1025 5728 iudicet)
1054 5628 1348 5716 vbedtibno
1404 5670 1508 5715 sua
1541 5679 1640 5717 vos
1723 5628 1932 5734 Sbratae
1952 5628 2271 5719 charitatist
