3878 6352
530 353 641 416 343
1527 353 1591 409 Β.
1631 355 2049 412 LANFRANCI
2085 353 2129 410 C

2235 351 2443 409 TUAR.
2485 348 2823 406 ARCHIEP.
3703 340 3793 399 344

530 498 710 549 mum,
738 484 1015 553 apostasia
1043 483 1278 538 Romani
1305 484 1547 549 imperii,
1582 484 1666 536 vel
1692 484 1837 550 ﬁdei,
1863 487 1918 537 et
1930 480 2209 536 revelatus
2228 476 2401 532 fuerit
2418 473 2829 546 hom0peccati,
2863 473 3260 535 Antichristus,
3291 469 3441 524 ﬁlius
3454 467 3794 540 perditionis,

533 588 666 636 suae,
693 577 742 624 et
770 572 1040 631 aliorum,
1055 568 1152 639 qui
1164 567 1985 633 adversatur,adversabitur.et
1999 568 2300 632 extollitur,
2328 568 2639 629 extolletur,
2672 579 2843 635 supra
2858 577 3023 616 omne
3040 562 3092 615 7..
3116 560 3265 631 quod
3282 559 3488 614 dicitur
3508 574 3618 612 esse
3638 557 3796 611 Deus.

536 663 639 715 aut
659 658 808 730 quod
829 657 1032 712 colitur
1043 672 1079 711 a
1091 653 1482 722 Christianis,8
1520 656 1601 710 ita
1617 662 1678 710 ut
1696 656 1754 710 in
1771 659 1981 729 templo
1993 658 2092 713 Dei
2102 657 2577 722 ,Hierusalem,vel
2593 651 3063 715 Eeclesia,sedeat,
3071 649 3372 704 ostendens
3382 665 3442 703 se
3452 655 3725 718 tanquam
3735 646 3799 699 sit

536 747 709 804 Deus.
727 748 836 802 Hoc
855 748 982 801 dimi
999 747 1167 812 vobis,
1190 750 1240 799 et
1258 746 1384 799 Non
1405 744 1660 799 retinetis
1677 745 1847 816 quod,
1878 763 2006 800 cum
2036 746 2219 799 adhuc
2237 759 2417 798 essem
2449 742 2599 813 apud
2619 758 2736 806 vos,
2762 742 2879 795 haac
2895 741 3215 810 supradicta
3235 737 3488 792 dicebam
3519 735 3715 791 vobis?
3743 734 3795 790 9.

537 837 611 892 Et
636 852 786 891 nunc
804 835 939 907 quid
967 835 1217 889 detineat
1242 835 1669 901 Antichristum,
1707 838 1788 888 vel
1815 836 1960 889 diem
1982 836 2229 900 Domini,
2260 832 2434 896 scitis,
2467 833 2601 900 (ecce
2624 831 2768 899 quod
2790 831 3010 888 detinet)
3043 833 3110 882 ut
3126 826 3407 881 reveletur
3444 827 3506 880 in
3536 841 3642 880 suo
3686 840 3800 878 con-

536 927 785 980 venienti
809 928 1082 995 tempore.
1114 926 1229 992 Ipse
1258 923 1613 989 revelabitur,
1655 920 1746 988 10,
1782 921 1865 978 11.
1898 924 2043 977 Nam
2080 921 2414 995 mysterium
2435 920 2553 990 jam
2586 923 2854 990 operatur
2874 917 3212 988 iniquitatis,
3246 916 3306 971 id
3333 921 3430 983 est,
3460 920 3660 970 secrete
3685 930 3798 983 ope-

536 1018 710 1069 ratur
729 1028 831 1083 per
859 1014 1126 1076 membra,
1164 1009 1247 1068 12.
1272 1010 1631 1076 tantum,hoc
1660 1016 1882 1065 tantum
1906 1016 2098 1077 restat,
2130 1011 2220 1078 t3,
2262 1010 2351 1064 1t.
2384 1013 2450 1063 ut
2477 1008 2573 1079 qui
2601 1013 2772 1069 tenet,
2838 1014 2872 1071 1
2892 1012 3001 1071 sl
3061 1022 3211 1060 nunc
3243 1009 3450 1070 teneat,
3495 1007 3797 1060 Romanum

426 1086 433 1095 Χ
537 1104 861 1171 imperium,
886 1103 969 1155 vel
990 1101 1172 1168 ﬁdem,
1204 1102 1286 1153 vel
1313 1100 1388 1153 ad
1414 1115 1511 1152 nos
1541 1099 1710 1166 nihil,
1741 1102 1856 1153 nisi
1890 1105 2068 1154 tenere
2093 1101 2278 1168 ﬁdem,
2307 1098 2486 1152 donec
2515 1097 2583 1150 de
2612 1096 2796 1150 medio
2817 1096 2933 1159 ﬁat,
2958 1096 3126 1149 donec
3152 1096 3475 1149 destruatur
3495 1095 3797 1149 Romanum

537 1191 860 1260 imperium,
887 1191 971 1242 vel
997 1188 1376 1242 Antichristus
1403 1191 1707 1254 nascatur;
1736 1190 1840 1251 vel,
1873 1190 1973 1255 qui
1995 1192 2133 1241 tenet
2166 1188 2347 1255 ﬁdem,
2381 1191 2557 1239 teneat
2577 1187 2742 1239 donec
2770 1186 3071 1238 moriatur.
3107 1183 3176 1237 Et
3190 1188 3325 1237 tunc
3346 1180 3688 1236 revelabitur
3713 1179 3797 1233 ille

535 1277 785 1349 iniquus,
818 1274 904 1335 15.
939 1293 1105 1348 quem
1125 1275 1399 1330 Dominus
1428 1274 1596 1328 Jesus
1623 1273 1925 1328 interﬁciet
1954 1273 2156 1344 spiritu
2185 1274 2299 1327 oris
2324 1275 2432 1337 sui,
2464 1278 2670 1329 virtute
2695 1274 2941 1342 Spiritus
2970 1276 3151 1326 sancti
3179 1274 3248 1326 ab
3269 1289 3326 1326 eo
3360 1272 3720 1340 procedentis,
3750 1274 3799 1322 et

536 1369 795 1424 destruet
826 1366 910 1424 16.
941 1365 1335 1431 illustratione,
1363 1366 1443 1435 (id
1472 1369 1564 1421 est,
1591 1364 1865 1429 claritate,
1888 1380 2007 1432 quae
2036 1368 2192 1417 tanta
2218 1367 2329 1417 erit
2346 1367 2409 1416 ut
2438 1379 2499 1417 ea
2529 1365 2646 1416 visa
2666 1364 2967 1429 moriatur)
2994 1360 3261 1414 adventus
3301 1358 3390 1413 sui
3443 1374 3598 1416 eum.
3647 1358 3798 1410 Anti-

535 1459 845 1524 christum;
874 1456 1033 1525 cujus
1063 1458 1153 1508 est
1187 1454 1464 1507 adventus
1489 1451 1796 1505 secundum
1828 1451 2214 1521 operationem
2243 1451 2483 1516 Satanae,
2513 1453 2853 1520 dispositam,
2888 1454 2970 1503 vel
3003 1450 3242 1505 Satanas
3270 1452 3335 1502 in
3358 1464 3415 1501 eo
3443 1448 3794 1515 operabitur;

532 1534 599 1601 in
619 1561 788 1600 omne
812 1544 1020 1598 virtute
1038 1544 1480 1606 resurrectionis,
1514 1546 1572 1595 et
1599 1539 1774 1610 signis
1803 1542 2212 1594 miraculorum
2246 1545 2304 1594 et
2342 1539 2426 1595 17.
2475 1539 2747 1610 prodigiis
2780 1536 3144 1591 mendacibus
3171 1538 3246 1590 ad
3273 1537 3533 1599 salutem,
3569 1538 3650 1587 vel
3678 1535 3797 1601 quia

534 1636 840 1700 videbitur,
866 1649 963 1686 nec
989 1647 1180 1686 revera
1208 1632 1548 1700 operabitur,
1574 1629 1710 1683 etin
1734 1628 1888 1683 omni
1915 1628 2238 1683 seductione
2260 1629 2575 1700 iniquitatis
2599 1628 2671 1682 iis
2694 1627 2791 1699 qui
2815 1631 3072 1698 pereunt,
3109 1641 3175 1679 eo
3195 1624 3343 1695 quod
3362 1624 3697 1677 charitatem
3717 1637 3799 1674 ve-

538 1723 727 1779 ritatis
754 1738 869 1777 non
897 1724 1255 1792 receperunt,
1284 1724 1351 1773 ut
1378 1718 1515 1772 salvi
1540 1719 1757 1781 ﬁerent,
1791 1733 1848 1771 eo
1880 1720 2022 1786 quod
2046 1721 2381 1787 praedicabat
2421 1735 2525 1788 pro
2573 1720 2862 1781 charitale,
2912 1718 2997 1770 vel
3034 1717 3426 1783 redemptione.
3462 1712 3599 1767 Ideo
3629 1712 3802 1765 mittet

537 1812 652 1868 illis
683 1812 835 1867 Deus
858 1809 1243 1881 operationem
1267 1807 1493 1873 erroris,
1532 1811 1870 1876 operatorem
1895 1807 2404 1877 Antichristum,ut
2428 1808 2661 1862 credant
2677 1806 2990 1872 mendacio,
3014 1810 3078 1859 ut
3091 1804 3797 1874 judicentur,damnentur,

538 1917 736 1958 omnes
754 1899 851 1971 qui
876 1914 990 1953 non
1005 1897 1366 1952 crediderunt
1398 1896 1641 1961 veritati,
1672 1896 1766 1950 sed
1789 1904 2194 1952 consenserunt
2215 1898 2524 1969 iniquitati,
2560 1899 2799 1951 diabolo.
2837 1897 2953 1950 Nos
2999 1902 3210 1956 autem.
3250 1897 3342 1949 sed
3377 1911 3467 1949 vos
3504 1894 3800 1948 credidistis

535 1992 784 2056 veritati,
810 1989 958 2043 unde
980 2003 1077 2041 nos
1107 1986 1379 2041 debemus
1399 1985 1612 2056 gratias
1629 2001 1796 2055 agere
1810 1986 1927 2040 Deo
1951 2002 2176 2057 semper
2198 1986 2281 2042 18.
2303 2003 2403 2057 pro
2440 1987 2616 2051 vobis,
2648 1986 2851 2040 fratres
2868 1984 3058 2039 dilecti
3078 1984 3259 2050 aDeo,
3283 1983 3431 2056 quod
3462 1981 3699 2053 elegerit
3714 1996 3800 2033 vos

535 2081 689 2137 Deus
703 2077 1186 2150 primitias,primi
1189 2078 1358 2129 tivam
1372 2076 1690 2140 Ecclesiam,
1717 2073 1774 2127 in
1789 2074 2027 2129 salutem
2037 2077 2244 2143 ,datam
2267 2078 2433 2142 vobis,
2467 2076 2525 2130 in
2538 2075 2981 2130 sanctiﬁcatione
2993 2077 3246 2142 primum
3264 2089 3325 2126 sa
3334 2075 3448 2126 neti
3460 2072 3722 2143 Spiritus,
3751 2073 3801 2122 et

534 2169 597 2225 in
619 2166 730 2223 ﬁde
754 2166 1034 2233 veritatis,
1062 2166 1271 2221 Christi
1295 2183 1312 2229 ;
1343 2163 1401 2217 in
1415 2179 1528 2234 qua
1546 2168 1604 2218 et
1621 2162 1837 2217 vocavit
1856 2180 1953 2218 vos
1973 2181 2075 2235 per
2094 2165 2454 2235 Evangelium
2472 2170 2749 2221 nostrum.
2786 2162 2868 2220 19.
2883 2164 2941 2218 in
2957 2161 3381 2233 acquisitionem
3395 2161 3614 2232 gloriae,
3635 2166 3695 2214 ut
3720 2174 3799 2214 vos

532 2258 847 2328 acquiratis
875 2257 1116 2323 gloriam
1149 2255 1263 2322 Dei,
1286 2256 1367 2307 vel
1387 2258 1450 2307 ut
1469 2268 1557 2306 vos
1576 2255 1963 2321 acquiramini
1985 2268 2020 2305 a
2053 2254 2153 2307 Deo
2167 2250 2354 2320 gloria
2367 2253 2589 2308 Domini
2601 2252 2779 2308 nostri
2793 2251 2828 2306 J
2833 2268 2933 2307 esu
2948 2250 3174 2307 Christi.
3197 2252 3409 2321 Itaque,
3418 2252 3556 2319 quia
3571 2250 3798 2317 gloriam

535 2346 859 2415 acquiretis,
872 2344 1096 2408 fratres,
1114 2346 1277 2405 state,
1306 2345 1361 2395 et
1381 2344 1570 2395 tenete
1588 2342 1876 2409 Evangelii
1911 2340 2245 2396 traditiones
2284 2358 2425 2413 quas
2464 2342 2757 2407 didicistis,
2789 2341 2905 2395 sive
2934 2357 3037 2411 per
3050 2355 3365 2394 sermonem
3381 2341 3492 2392 mei
3503 2336 3795 2407 prementis.

534 2434 652 2489 sive
690 2448 809 2504 per,
835 2433 1091 2496 absentis,
1112 2429 1422 2501 Epistolam
1441 2433 1713 2484 nostram.
1745 2428 1875 2501 Ipse
1908 2434 2099 2484 autem
2118 2430 2392 2487 Dominus
2415 2436 2609 2486 noster
2623 2429 2661 2485 ,Ι
2664 2446 2794 2486 esus
2814 2429 3092 2495 Christus,
3112 2433 3169 2483 et
3179 2429 3327 2484 Deus
3344 2432 3401 2481 et
3414 2427 3589 2483 Pater
3600 2430 3798 2482 noster,

1887 2580 2482 2638 COMMENTARIUS.

533 2707 895 2766 abundatura
914 2705 992 2763 sit
1017 2705 1306 2778 iniquitas,
1324 2721 1392 2760 ex
1420 2720 1507 2772 eo,
1529 2704 1731 2777 inquit,
1752 2704 1935 2776 colligi
1947 2711 2132 2777 potest
2146 2713 2196 2770 Α
2220 2712 2433 2779 quanta
2454 2707 2529 2762 sit
2557 2706 2827 2777 iniquitas
2857 2721 2979 2778 quae
3008 2721 3110 2776 per
3137 2705 3500 2776 semetipsum
3522 2697 3801 2758 exercebat

532 2797 686 2871 quod
704 2797 764 2852 in
784 2796 924 2868 ipsis
939 2794 1571 2868 principiisaceessionis
1590 2795 2130 2865 apparentquaedam
2214 2796 2303 2865 [f.,
2350 2795 2670 2869 exercebitI,
2704 2795 3055 2850 ostendebat.
3106 2795 3177 2849 Et
3231 2799 3319 2850 est
3372 2792 3635 2865 probatio
3664 2785 3798 2861 quod

530 2887 796 2960 primitiae
817 2884 1191 2949 discessionis,
1200 2889 1264 2938 ut
1276 2883 1506 2955 quidam
1524 2899 1584 2937 se
1604 2882 1811 2937 Christi
1831 2883 2132 2954 discipulos
2216 2885 2548 2939 revelandus
2577 2885 2672 2938 sit.

529 2976 820 3042 simulent,
854 2989 1038 3045 neque
1066 2974 1136 3028 de
1159 2972 1350 3027 futuro
1369 2971 1595 3038 debere,
1628 2988 1756 3027 cum
1787 2972 1891 3026 hoc
1908 2977 2131 3027 tantum
2291 2971 2353 3030 1‘2.
2397 2976 2647 3030 AHBROS.
2709 2975 2947 3028 Tantum
2989 2978 3053 3026 ut
3091 2974 3190 3041 qui
3219 2976 3379 3031 tenet.
3411 2970 3521 3024 hoc
3577 2973 3679 3035 est,
3714 2965 3799 3020 ubi

529 3064 796 3129 sufﬁciat,
827 3068 895 3118 ut
915 3067 1108 3118 teneat
1135 3062 1373 3132 quisque
1388 3061 1447 3114 in
1473 3060 1747 3131 religione
1776 3061 1923 3131 quod
1952 3065 2127 3128 tenet,

529 3155 592 3210 in
611 3169 722 3225 quo
754 3153 815 3208 in
835 3168 900 3206 eo
929 3155 1280 3222 permaneat.
1303 3149 1479 3203 donec
1501 3149 1570 3204 de
1595 3149 1783 3203 medio
1802 3150 1921 3216 ﬁat,
1946 3149 1999 3203 id
2024 3156 2127 3219 est,

531 3242 603 3297 de
613 3246 808 3313 aperto
827 3240 1145 3294 innotescat
1156 3239 1323 3293 homo
1343 3238 1456 3303 ille,
1474 3239 1809 3309 impleturus
1830 3255 2129 3310 personam

529 3328 871 3402 iniquitatis,
903 3328 999 3400 qui
1043 3332 1180 3382 tunc
1208 3326 1383 3382 futuri
1425 3332 1558 3381 sunt
1584 3326 1664 3380 illi
1691 3327 1948 3395 videant;
1990 3328 2131 3382 mihi

532 3423 725 3476 autem
753 3418 814 3472 in
851 3416 1041 3470 anima
1084 3415 1378 3480 moritura,
1419 3431 1530 3487 quo
1567 3415 1717 3470 valet
1756 3416 1963 3470 rescire
2004 3422 2133 3487 post

533 3512 673 3579 quot
685 3521 865 3560 annos
877 3505 1033 3576 prius
1054 3520 1176 3559 esse
1191 3504 1314 3559 fieri
1352 3503 1759 3569 ascensionem,
1782 3520 2131 3575 consequen-

531 3600 623 3650 ter
636 3593 1064 3659 descessionem,
1082 3598 1142 3647 et
1154 3592 1234 3647 sic
1252 3592 1481 3646 demum
1498 3592 1694 3647 adesse
1712 3591 1864 3646 diem
1880 3593 2125 3647 Domini.

602 3680 658 3740 6.
689 3685 937 3740 Annos.
966 3682 1091 3737 Nisi
1116 3685 1346 3736 venerit.
1370 3680 1778 3736 Discessionem
1806 3687 1969 3736 vocat
1992 3688 2132 3736 tem-

530 3789 639 3846 pus
667 3772 827 3840 illud,
861 3787 928 3827 eo
958 3771 1106 3844 quod
1134 3770 1303 3843 paulo
1351 3770 1540 3825 minus
1567 3786 1761 3825 omnes
1787 3776 1922 3825 tunc
1948 3771 2130 3825 disce-

529 3862 670 3919 dent
697 3880 732 3919 a
757 3863 968 3935 pietate
997 3879 1013 3930 ;
1053 3865 1113 3916 et
1138 3860 1353 3930 peccati
1375 3859 1665 3914 hominem
1694 3858 1853 3927 dixit,
1886 3877 1952 3915 eo
1981 3862 2131 3932 quod

528 3957 821 4026 peccatum
850 3948 1225 4018 ministrabit;
1268 3953 1326 4003 et
1346 3948 1527 4003 ﬁlium
1558 3948 1910 4021 perditionis,
1935 3955 2132 4021 utpote

526 4039 831 4114 perditioni
867 4038 1243 4094 subdendum.

604 4131 658 4185 7.
689 4128 901 4185 Lm.
935 4129 1089 4196 Quod
1115 4129 1327 4182 dicitur
1355 4128 1516 4195 Deus,
1574 4126 1633 4182 id
1680 4134 1784 4191 est,
1815 4144 1987 4199 super
2014 4145 2140 4185 om-

530 4234 633 4275 nes
650 4220 894 4283 sanctos,
932 4215 1031 4288 qui
1076 4215 1340 4272 dicuntur
1378 4216 1476 4284 dii,
1509 4221 1566 4271 et
1621 4232 1793 4289 supra
1830 4217 2010 4272 Deum
2041 4219 2131 4289 [f.,

537 4305 715 4377 eum],
742 4304 840 4377 qui
875 4304 1081 4360 colitur
1108 4304 1277 4360 Deus.

602 4392 924 4451 8.Aueus'r.
959 4391 1075 4460 (lib.
1106 4410 1176 4447 xx
1195 4394 1268 4448 De
1295 4395 1445 4448 civit.
1494 4396 1611 4460 Dei,
1643 4410 1763 4466 cap.
1797 4392 1909 4466 19).
1952 4398 2038 4451 Ita
2071 4402 2132 4451 ut

530 4487 598 4539 in
628 4484 843 4552 templo.
886 4481 1004 4536 Hoc
1050 4481 1171 4536 loco
1209 4482 1448 4553 intelligi
1475 4481 1884 4539 Antichristum
1911 4485 2126 4549 volunt,

531 4570 850 4642 rectiusque
868 4576 1074 4642 putant
1101 4570 1273 4626 etiam
1302 4571 1501 4627 Latine
1521 4572 1650 4639 dici,
1682 4572 1829 4628 sicut
1845 4573 1905 4628 in
1934 4575 2128 4631 Graeco

530 4663 638 4727 est,
669 4675 780 4714 non
810 4660 870 4714 in
898 4660 1109 4731 templo
1134 4659 1255 4721 Dei,
1275 4660 1373 4715 sed
1402 4660 1462 4714 in
1486 4662 1761 4732 templum
1788 4662 1889 4717 Dei
1913 4663 2127 4729 sedeat,

529 4754 808 4820 tanquam
836 4749 958 4820 ipse
977 4749 1053 4804 sit
1079 4750 1355 4821 templum
1385 4749 1506 4817 Dei,
1556 4750 1706 4821 quod
1746 4756 1831 4806 est
1862 4752 2125 4819 Ecclesia,

528 4838 679 4893 sicut
704 4837 943 4893 dicimus
971 4838 1129 4893 sedet
1145 4838 1205 4893 in
1221 4838 1487 4899 amicum,
1507 4838 1565 4893 id
1594 4845 1699 4905 est,
1722 4840 1875 4894 velut
1889 4842 2124 4897 amicus.

599 4925 654 4983 9.
681 4928 929 4984 AMBROS.
989 4929 1058 4983 Et
1097 4944 1250 4983 nunc
1273 4929 1411 4997 quid
1439 4926 1700 4993 detineat,
1755 4929 1813 4984 id
1841 4935 1945 4997 est,
1979 4931 2128 4986 Deus

526 5015 759 5072 interim
784 5016 1003 5072 detinet
1026 5032 1174 5072 eum.

595 5104 685 5163 1οο
715 5105 860 5161 Nam
884 5109 1239 5175 mysterium,
1270 5106 1377 5160 hoc
1405 5110 1509 5172 est,
1537 5122 1648 5161 non
1679 5112 1872 5178 aperte
1900 5113 2128 5180 aposta-

521 5193 668 5249 siam
687 5199 973 5265 operatur,
997 5194 1096 5250 sed
1125 5193 1440 5249 ministerio
1488 5212 1592 5267 per
1650 5212 1782 5250 suos
1837 5210 1871 5251 a
1919 5197 2128 5269 pietate

2212 3061 2476 3118 diffinitio
2499 3064 2612 3130 Dei,
2634 3079 2756 3134 qum
2773 3063 2894 3132 ejus
2916 3060 3175 3132 prohibet
3202 3060 3527 3126 adventum,
3551 3056 3797 3118 cessabit,

2210 3155 2347 3206 tunc
2375 3151 2471 3206 ille
2499 3152 2810 3223 apparebit.

2279 3238 2370 3297 13.
2404 3242 2611 3295 Lassa.
2629 3243 2689 3296 Ut
2719 3244 2818 3311 qui
2838 3247 2994 3296 tenet.
3016 3242 3331 3296 Romanum
3354 3239 3619 3309 designat
3636 3238 3800 3307 impe-

2212 3330 2382 3393 rium,
2435 3346 2543 3401 quo
2596 3330 2882 3385 destructo
2911 3331 3099 3384 veniet
3123 3328 3530 3384 Antichristus.
3566 3329 3683 3382 Hoc
3727 3328 3803 3378 est

2214 3419 2365 3473 enim
2395 3419 2541 3489 quod
2561 3419 2697 3472 dicit
2729 3439 2742 3473 :
2771 3418 3165 3473 tantummodo
3184 3419 3290 3472 hoc
3316 3422 3493 3471 restat
3520 3422 3590 3471 ut
3604 3417 3798 3470 Roma-

2212 3507 2759 3579 nusimperator,qui
2779 3514 2937 3563 tenet
2952 3508 3408 3571 huncmundum,
3430 3511 3627 3560 teneat
3637 3505 3800 3559 donec

2211 3596 2283 3651 de
2301 3597 2486 3651 medio
2512 3598 2631 3655 ﬁat,
2678 3598 2737 3651 id
2767 3602 2872 3664 est,
2914 3598 3137 3667 penitus
3178 3597 3468 3651 auferatur
3488 3612 3502 3662 ;
3525 3595 3599 3649 de
3629 3591 3799 3647 medio

2213 3686 2362 3739 enim
2379 3686 2614 3748 ﬁeri,est
2633 3686 2703 3740 de
2722 3687 3006 3741 communi
3020 3686 3314 3740 hominum
3325 3689 3558 3755 aspectu
3579 3679 3797 3737 auferri.

2281 3774 2371 3829 14.
2421 3776 2669 3830 AUGUsT.
2714 3777 2920 3845 (idid).
2984 3776 3047 3830 Ut
3098 3778 3198 3844 qui
3226 3779 3384 3828 tenet.
3423 3772 3573 3828 Illud
3623 3777 3800 3825 tamen

2213 3864 2362 3934 quod
2381 3865 2682 3935 Apostolus
2698 3864 2852 3930 dicit,
2876 3869 3100 3919 tantum
3128 3862 3407 3934 quomodo
3422 3867 3600 3928 tenet,
3623 3861 3801 3915 teneat

2213 3954 2391 4007 donec
2419 3953 2489 4007 de
2517 3953 2704 4007 medio
2734 3954 2852 4019 ﬁat,
2887 3953 2946 4007 id
2984 3958 3088 4019 est,
3121 3952 3193 4005 de
3219 3950 3403 4005 medio
3431 3950 3669 4005 tollatur
3699 3967 3713 4015 ;
3751 3950 3800 3999 et

2149 4035 2197 4094 B
2216 4049 2353 4099 tunc
2379 4044 2718 4098 revelabitur
2744 4044 2992 4114 iniquus,
3011 4060 3113 4116 per
3142 4059 3312 4115 quem
3332 4041 3641 4113 signiﬁcari
3660 4036 3801 4095 Anti-

2219 4133 2494 4188 christum
2522 4133 2711 4187 nullus
2739 4133 2993 4203 ambigit.

2293 4221 2379 4278 15.
2401 4223 2649 4277 ΑΜΒιιοδ.
2685 4223 2851 4289 Quem
2880 4223 3150 4276 Dominus
3172 4216 3560 4275 Jesus.Subito
3589 4218 3657 4273 de
3675 4214 3800 4271 coelo

2216 4326 2495 4382 apparens
2522 4311 2797 4375 Christus,
2831 4316 2890 4365 et
2914 4309 3269 4365 solummodo
3289 4310 3560 4375 clamans,
3594 4319 3800 4362 cessare

2213 4398 2381 4454 faciet
2408 4398 2478 4452 ab
2511 4415 2680 4469 opere
2707 4404 2892 4453 totum
2919 4398 3083 4452 illum
3109 4397 3426 4468 expendens
3464 4397 3573 4451 hoc
3620 4394 3748 4451 dicit
3782 4409 3793 4443 ε

2212 4486 2434 4558 Spiritu
2455 4490 2587 4542 oris.

2286 4573 2372 4632 16.
2416 4577 2803 4632 LANFRANCUS.
2852 4580 3253 4641 Illustratione,
3297 4575 3354 4629 id
3389 4579 3494 4643 est,
3533 4573 3795 4633 claritate,

2216 4681 2341 4736 quae
2371 4670 2533 4719 tanta
2550 4666 2659 4720 erit
2685 4672 2751 4720 ut
2780 4666 2897 4720 visa
2926 4682 2995 4721 ea
3028 4665 3323 4720 moriatur.

2284 4754 2374 4809 17.
2401 4756 2679 4821 Prodigiis
2702 4757 3077 4810 mendacibus.
3105 4754 3400 4809 Mendacia
3422 4758 3602 4819 vocat,
3630 4746 3799 4823 prodi-

2211 4842 2307 4913 gia
2334 4843 2688 4907 Antichristi,
2720 4845 2808 4898 vel
2855 4843 2987 4914 quia
3015 4860 3129 4898 non
3157 4844 3266 4897 erit
3304 4842 3454 4913 quod
3499 4836 3795 4913 apparebit,

2212 4931 2299 4985 vel
2323 4932 2458 5002 quia
2481 4931 2745 5003 perituris
2771 4932 3066 4986 mendacia
3094 4930 3428 4987 suadebunt.

2292 5019 2372 5076 18.
2411 5024 2517 5075 Pro
2567 5023 2713 5075 vobis
2767 5024 2995 5090 fratres.
3044 5022 3154 5076 Pro
3194 5020 3377 5085 vobis,
3409 5018 3675 5074 subaudis
3699 5015 3801 5068 ins.

2212 5109 2490 5176 truendis,
2521 5114 2585 5163 ut
2612 5115 2670 5164 et
2695 5127 2791 5164 vos
2820 5126 2922 5181 pro
2948 5110 3168 5164 collatis
3205 5109 3509 5174 beneﬁciis,
3556 5103 3799 5161 similiter

2210 5198 2426 5268 gratias
2448 5199 2748 5267 referatis;
2791 5200 2876 5253 vel
2910 5200 3047 5270 quia
3095 5204 3153 5253 et
3196 5215 3294 5253 vos
3339 5198 3519 5252 vocati
3547 5195 3696 5260 estis,
3739 5193 3798 5244 ut

520 5283 1047 5377 tentat_divellere.‘
1392 5376 1397 5377 γ
1559 5375 1575 5377 _
1596 5376 1613 5377 γ
1777 5375 1787 5377 ξ
1927 5376 1933 5377 7
1990 5376 1995 5377 γ
2088 5376 2095 5377 7
2149 5317 2193 5377 C
2210 5288 2379 5377 paulo
2402 5292 2532 5359 post
2548 5288 2773 5342 dicitur.

597 5370 682 5428 11-
715 5371 925 5429 LANFR.
990 5374 1139 5428 Nam
1166 5376 1517 5441 mysterium.
1558 5375 1889 5447 Mysterium
1922 5376 2127 5446 iniqui-
2158 5370 2193 5377 “
2284 5376 2368 5431 19.
2394 5378 2462 5430 In
2490 5379 2935 5445 aequisitionem,
2966 5378 3024 5432 id
3055 5382 3159 5444 est,
3197 5383 3261 5432 ut
3281 5393 3377 5431 vos
3408 5375 3605 5430 essetis
3630 5372 3680 5426 ei
3710 5384 3795 5423 ac-

518 5458 657 5514 tatis
675 5476 790 5517 sua
812 5462 871 5518 in
887 5463 1132 5525 Nerone,
1157 5468 1215 5517 et
1235 5463 1450 5518 caeteris
1484 5464 1753 5519 membris
1803 5465 1921 5519 suis
1962 5466 2125 5519 Anti-
2211 5466 2461 5537 quisitio,
2487 5466 2543 5519 in
2566 5483 2679 5537 qua
2723 5467 2997 5521 Dominus
3027 5467 3188 5521 Jesus
3230 5465 3488 5520 Christus
3540 5460 3797 5534 gloriﬁce-

519 5547 764 5605 christus
792 5557 928 5606 tunc
956 5557 1242 5623 operatur,
1295 5554 1428 5625 quia
1468 5570 1569 5625 per
1594 5554 2027 5609 unanimitatem
2069 5563 2127 5609 et
2208 5561 2322 5615 tur,
2354 5561 2420 5609 ut
2443 5561 2500 5609 et
2528 5572 2625 5609 vos
2645 5555 2948 5625 acquiratis
2974 5556 3213 5627 gloriam
3238 5571 3408 5627 quam
3426 5552 3693 5610 Dominus
3718 5547 3796 5601 Je-

518 5637 967 5709 magnitudinem
996 5640 1332 5718 iniquitatis,
1381 5658 1507 5717 quae
1544 5660 1643 5715 per
1673 5657 1770 5698 eos
1808 5643 2117 5708 exercebat,
2208 5658 2305 5703 sus
2333 5644 2587 5703 Christus
2609 5643 2805 5702 habet.
