3878 6350
66 294 173 398 ’345
758 343 838 402 IN
872 345 941 400 D.
979 345 1197 402 PAULI
1232 346 1455 404 EPIST.
1494 345 1868 407 COMMENT.
1912 374 1983 387 —
2020 343 2248 401 EPIST.
2288 345 2313 399 I
2350 344 2446 400 AD
2483 344 2633 400 TIM.
3219 332 3341 406 346.

77 466 163 538 qui
190 465 383 523 dilexit
402 484 511 523 nos
528 472 584 523 et
606 468 762 525 dedit
790 471 1230 526 consolationem
1260 477 1549 539 mternam,
1582 477 1663 528 mi
1668 474 1848 527 ttendo
1864 472 2148 529 Christum
2176 472 2259 525 vel
2280 469 2562 540 Spiritum
2577 472 2853 532 sanctum,
2874 470 2928 522 et
2944 480 3101 538 spem
3118 463 3327 518 bonam

74 558 128 611 in
150 556 350 627 gratia,
387 573 509 612 non
534 559 1101 625 meritis,exhortetur
1123 562 1293 615 corda
1318 567 1523 627 vestra,
1552 566 1609 616 et
1635 560 1932 616 conﬁrmet
1950 561 2009 615 in
2041 560 2195 614 omni
2217 576 2385 632 Opere
2413 565 2470 613 et
2499 574 2759 614 sermone
2780 557 2946 612 bono.

1353 655 1391 714 I
1409 654 1535 716 επ
1554 649 1789 706 CAPUT
1819 648 1922 704 III.

138 735 213 789 De
229 739 457 800 cetero,
476 734 701 800 fratres,
722 739 879 789 orate
892 752 993 807 pro
1015 735 1176 791 nobis
1193 742 1259 791 ut
1275 752 1461 792 sermo
1480 738 1603 804 Dei,
1621 755 1782 808 quem
1791 739 2176 807 praedicamus,
2189 743 2399 804 currat,
2423 753 2535 793 non
2558 739 2870 806 rejiciatur,
2888 738 2946 788 et
2967 731 3325 787 clariﬁcetur:

78 823 209 877 sicut
236 828 314 886 et,
335 825 551 877 scilicet
575 825 740 891 alias,
755 824 906 894 apud
926 830 1112 891 vos,et
1127 831 1279 879 orate
1302 832 1368 880 ut
1393 826 1700 881 liberemur
1714 825 1783 880 ab
1811 825 2150 896 importunis
2175 830 2233 879 et
2245 825 2410 879 malis
2424 822 2870 892 bominibus.qui
2881 824 3035 876 nobis
3054 821 3333 873 insidian-

80 916 163 964 tur
181 914 314 965 isota
345 914 717 980 antipositiol,
745 928 858 967 non
887 914 1038 967 enim
1073 914 1326 969 omnium
1360 924 1447 969 est
1474 916 1632 983 ﬁdes,
1652 915 1701 981 1,
1719 913 1774 972 ‘2.
1797 914 2005 969 Fidelis
2019 919 2205 968 autem
2225 914 2499 969 Dominus
2514 919 2619 978 est,
2645 912 2742 984 qui
2762 909 3118 966 confirmabit
3150 910 3331 973 vos,et

79 999 336 1054 custodiet
356 1016 394 1053 a
417 1000 590 1067 malo,
606 1002 822 1055 diabolo
837 1001 1211 1059 .Conﬂdimus
1233 1008 1422 1059 autem
1442 1005 1511 1059 de
1530 1003 1685 1059 vobis
1714 1004 1772 1058 in
1784 1003 2022 1058 Domino
2044 1002 2309 1072 quoniam
2346 1019 2468 1072 quae
2497 1001 2847 1073 praecipimus
2877 1006 2935 1054 et
2958 998 3143 1053 facitis
3170 1002 3227 1051 et
3251 996 3332 1050 fa-

80 1086 236 1140 cietis.
266 1084 316 1143 3.
352 1087 634 1143 Dominus
670 1094 862 1143 autem
891 1089 1101 1160 dirigat
1124 1091 1293 1146 corda
1319 1097 1507 1148 vestra
1530 1093 1589 1147 in
1618 1092 1892 1146 charitate
1920 1090 2039 1154 Dei,
2066 1095 2127 1144 ut
2160 1093 2329 1145 Deum
2351 1093 2623 1159 diligatis,
2637 1097 2695 1144 et
2717 1089 2992 1161 patientia
3017 1086 3247 1152 Christi,
3276 1091 3327 1139 et

76 1191 165 1244 pro
193 1191 248 1228 eo
270 1178 613 1243 patiamini.
646 1176 1057 1232 Denuntiamus
1087 1184 1276 1233 autem
1300 1180 1474 1247 vobis,
1491 1181 1788 1247 fratres,in
1817 1178 2277 1234 nomineDomini
2305 1180 2481 1234 nostri
2503 1180 2634 1234 Jesu
2655 1179 2881 1244 Christi,
2905 1183 2970 1231 ut
2988 1176 3333 1230 subtrahatis

82 1281 165 1319 vos
178 1263 249 1319 ab
268 1265 426 1319 omni
446 1266 625 1319 fratre
649 1252 973 1320 ambulante
989 1267 1327 1333 inordinate,
1350 1276 1506 1323 extra
1533 1273 1682 1327 viam
1712 1275 1868 1323 rectae
1887 1269 2034 1335 ﬁdei,
2057 1273 2114 1320 et
2134 1284 2245 1321 non
2266 1268 2574 1322 secundum
2584 1267 2965 1330 traditionem,
2987 1281 3156 1336 quam
3177 1280 3330 1318 acce.

79 1357 268 1424 perunt
290 1369 322 1406 a
345 1351 537 1407 nobis.
561 1353 613 1407 ἅ.
634 1352 749 1423 Ipsi
774 1354 923 1408 enim
942 1355 1096 1409 scitis
1132 1357 1605 1426 quemadmodum
1628 1362 1886 1428 oporteat
1903 1356 2114 1411 imitari
2136 1374 2256 1424 nos,
2282 1358 2546 1428 quoniam
2576 1374 2687 1412 non
2705 1356 2943 1427 inquieti
2958 1355 3166 1409 fuimus
3185 1353 3335 1407 inter
3380 1398 3395 1411 ..

81 1458 181 1507 vos,
198 1442 297 1497 hac
314 1449 365 1498 et
390 1446 532 1497 illac
558 1449 834 1511 uagantes,
860 1446 1229 1515 nequegratis
1246 1464 1449 1517 panem
1471 1446 1931 1500 manducavimus
1958 1444 2028 1498 ab
2058 1444 2267 1515 aliquo,
2293 1446 2390 1499 sed
2421 1447 2479 1499 in
2517 1445 2709 1499 labore
2736 1447 2914 1513 operis
2946 1458 3241 1507 manuum,
3275 1445 3334 1495 et

80 1527 131 1582 in
150 1529 481 1600 fatigatione
496 1533 929 1600 praedicationis,
953 1540 1116 1587 nocte
1132 1537 1405 1602 operando
1424 1537 1611 1588 mam’b
1620 1551 1698 1598 us,
1719 1540 1774 1588 et
1788 1533 1877 1587 die
1891 1535 2239 1602 prmdicamlo
2257 1540 2553 1605 operantes
2573 1536 2608 1602 f
2605 1537 2664 1587 ui
2669 1549 2885 1596 musme
2904 1548 3070 1603 quem
3088 1535 3333 1584 vestrum

82 1633 452 1687 gravaremus.
482 1620 562 1675 Ne
586 1622 710 1688 quis
760 1622 1117 1689 objicerelur:
1145 1638 1255 1675 non
1269 1629 1505 1691 poteras.
1528 1623 1652 1676 Non
1674 1622 1834 1692 quasi
1860 1638 1973 1676 non
2001 1620 2364 1677 habuerimus
2386 1628 2741 1693 potestatem,
2766 1622 2864 1676 sed
2879 1626 2943 1676 ut
2960 1619 3335 1690 nosmetipsos

83 1705 303 1762 formam
333 1707 611 1762 daremus
631 1706 784 1762 vobis
796 1709 866 1763 ad
882 1708 1220 1764 imitandum
1241 1727 1364 1764 nos.
1385 1709 1437 1767 5.
1461 1712 1606 1766 Nam
1634 1716 1693 1765 et
1716 1727 1844 1765 cum
1875 1726 2127 1766 essemus
2166 1712 2315 1782 apud
2347 1729 2461 1777 vos,
2494 1712 2601 1766 hoc
2630 1709 3105 1765 denuntiabamus
3125 1707 3281 1762 vobis
3318 1725 3329 1761 :

85 1795 330 1863 quoniam
360 1796 410 1850 si
428 1796 559 1867 quis
575 1813 688 1851 non
709 1797 826 1851 vult
845 1798 1086 1869 operari,
1109 1815 1211 1853 nec
1226 1800 1545 1854 manducet.
1571 1803 1726 1856 Ratio
1746 1812 1849 1853 cur
1867 1801 2073 1853 laboris
2100 1803 2193 1853 sui
2214 1804 2546 1854 mentionem
2575 1802 2783 1868 fecerit.
2818 1798 3154 1853 Audivimus
3185 1796 3337 1850 enim

86 1883 215 1938 inter
233 1901 327 1939 vos
347 1885 630 1956 quosdam
662 1884 953 1940 ambulare
969 1886 1239 1957 inquiete,
1256 1891 1434 1942 otiose.
1460 1888 1600 1943 nihil
1624 1893 1942 1959 operantes,
1966 1889 2062 1942 sed
2083 1887 2300 1942 curiose
2318 1894 2569 1958 agentes,
2590 1886 3106 1941 rumorisuntesJis
3116 1891 3334 1952 autem,

93 1972 177 2043 qui
205 1974 491 2045 ejusmodi
512 1980 664 2040 sunt,
691 1974 1109 2040 denuntiamus,
1151 1982 1205 2030 et
1220 1975 1577 2031 obsecramus
1606 1977 1663 2030 in
1694 1977 1932 2032 Domino
1960 1977 2092 2030 Jesu
2120 1977 2364 2043 Christo,
2396 1982 2461 2031 ut
2487 1993 2615 2031 cum
2646 1976 2870 2030 silentio
2901 1992 2971 2030 ne
2998 1978 3113 2029 sint
3131 1977 3341 2028 curiosi

93 2065 240 2117 etiam
258 2071 587 2134 operantes,
606 2079 793 2127 suum,
824 2080 937 2119 non
957 2068 1191 2118 alterius
1221 2081 1425 2136 panem
1448 2067 1807 2120 manducent.
1826 2065 1944 2119 Vos
1963 2071 2154 2120 autem
2185 2065 2406 2131 fratres,
2439 2066 2613 2119 nolite
2635 2066 2873 2119 deﬁcere
2904 2063 3336 2128 benefacientes,

91 2153 175 2217 qui
198 2152 543 2220 benefacitis,
578 2157 746 2207 nolite
774 2154 1033 2221 deﬁcere;
1062 2157 1143 2207 vel
1170 2156 1221 2206 si
1247 2158 1499 2207 nesciunt
1528 2156 1767 2223 operari,
1799 2158 2060 2209 sustinete
2080 2171 2179 2209 eos.
2209 2155 2269 2210 6.
2300 2154 2461 2218 Quod
2490 2154 2537 2207 si
2567 2153 2692 2224 quis
2720 2170 2833 2207 non
2853 2150 3219 2206 obeditverbo
3235 2167 3339 2204 no-

95 2243 212 2305 stro,
241 2244 385 2309 quod
408 2258 516 2310 per
543 2243 845 2310 Epistolam
872 2245 1175 2310 loquimur,
1205 2258 1307 2312 per
1335 2243 1629 2313 epistolam
1654 2242 1802 2296 hunc
1825 2250 2036 2309 notate,
2075 2246 2297 2311 arguile
2348 2244 2654 2311 separando
2700 2258 2736 2296 a
2784 2243 2932 2295 vobis
2954 2260 2970 2305 ;
3002 2245 3060 2295 et
3085 2256 3157 2294 ne
3184 2255 3338 2293 com-

95 2328 421 2385 misceamini
448 2347 581 2386 cum
611 2331 727 2397 illo,
758 2337 822 2386 ut
851 2330 1259 2398 confundatur;
1290 2338 1349 2386 et
1378 2332 1550 2386 nolite
1579 2331 1741 2403 quasi
1762 2331 2053 2387 inimicum
2077 2331 2416 2395 existimare,
2448 2330 2545 2385 sed
2570 2330 2833 2401 corripite
2861 2334 2926 2384 ut
2942 2330 3193 2383 fratrem.
3212 2328 3340 2398 Ipse

96 2423 259 2473 autem
287 2420 439 2475 Deus
471 2420 628 2492 pacis
656 2420 752 2475 det
777 2420 932 2474 vobis
951 2437 1145 2492 pacem
1175 2421 1578 2491 sempiternam
1599 2422 1658 2474 in
1687 2421 1840 2474 omni
1870 2422 2015 2475 loco.
2046 2421 2319 2475 Dominus
2352 2420 2427 2474 sit
2453 2436 2581 2474 cum
2604 2419 2864 2473 omnibus
2892 2418 3066 2473 vobis.
3092 2416 3146 2473 7.
3177 2416 3341 2471 Salu-

96 2504 231 2570 tatio,
260 2523 387 2562 mea
411 2525 590 2563 manu
618 2509 777 2563 Pauli
795 2512 1022 2578 scripta,
1055 2509 1206 2581 quod
1234 2517 1321 2564 est
1348 2510 1574 2580 signum
1598 2509 1658 2563 in
1687 2508 1842 2562 omni
1871 2510 2118 2580 Epistola
2145 2528 2158 2577 ;
2191 2510 2274 2564 ita
2301 2509 2502 2563 scribo.
2538 2509 2737 2563 Gratia
2755 2507 2981 2563 Domini
3010 2506 3189 2560 nostri
3208 2505 3342 2559 Jesu

98 2592 280 2650 Christi
306 2613 436 2652 cum
466 2597 730 2652 omnibus
757 2598 932 2656 vobis.
963 2599 1163 2653 Amen.

1413 2687 2007 2747 COMMENTARIUS.

155 2770 307 2828 CAP.
330 2776 512 2831 III.—
538 2775 585 2833 1.
604 2777 821 2832 LANFR.
842 2777 1043 2831 Fidelis
1054 2781 1261 2842 autem,
1282 2760 1340 2830 id
1357 2781 1460 2842 est,
1481 2792 1666 2841 verax,
1752 2777 1887 2850 quia
1906 2794 2000 2832 vos
2023 2793 2148 2831 eam
2172 2776 2344 2832 scitis.

100 2860 181 2929 qui
206 2862 533 2920 adfuturum
562 2881 621 2920 se
642 2864 904 2936 promisit
952 2863 1211 2920 ﬁdelibus
1259 2864 1376 2919 suis
1402 2881 1583 2935 usque
1611 2865 1671 2919 in
1821 2867 1875 2920 5.
1907 2868 2053 2921 Nam
2083 2871 2132 2920 et
2162 2883 2288 2920 cum
2312 2881 2566 2920 essemus.
2592 2864 2719 2919 Alia
2744 2864 2909 2931 ratio,
2944 2880 3045 2919 cur
3066 2862 3125 2918 in
3153 2862 3347 2917 labore

100 2949 248 3007 ﬁnem
272 2956 479 3012 saeculi.
1753 2958 1810 3008 et
1826 2954 2157 3025 fatigatione
2186 2956 2533 3009 incessanter
2559 2955 2708 3025 apud
2738 2971 2833 3008 eos
2850 2957 3113 3024 operatus
3133 2952 3236 3019 sit;
3266 2951 3347 3006 sic

156 3038 205 3093 2.
219 3044 469 3099 Alanos.
494 3046 694 3099 Fidelis
731 3050 936 3099 autem.
960 3046 1079 3099 Hoc
1107 3044 1180 3099 ad
1202 3044 1377 3100 verba
1401 3042 1670 3098 orationis
1753 3044 1902 3097 enim
1934 3044 2013 3098 eis
2034 3045 2236 3109 facere,
2273 3044 2407 3098 dum
2429 3044 2578 3115 apud
2600 3060 2694 3097 eos
2714 3047 2880 3109 esset,
2912 3040 3199 3096 suadebat.

102 3142 205 3197 qua!
223 3130 427 3189 fecerat
449 3133 717 3189 reddidit.
1825 3132 1875 3187 6.
1904 3135 2159 3191 AMBROS.
2193 3135 2345 3201 Quod
2389 3136 2440 3187 si
2468 3136 2611 3203 quis,
2657 3132 2715 3186 id
2768 3136 2871 3197 est,
2908 3146 3009 3202 per
3040 3129 3347 3201 Epistolam

159 3216 208 3272 3.
228 3221 498 3278 Dominus
527 3228 712 3278 autem
741 3225 971 3292 dirigat,
1002 3223 1059 3278 id
1087 3227 1194 3288 est,
1214 3223 1504 3293 contingat
1518 3222 1672 3277 vobis
1753 3223 2059 3293 loquimur.

103 3320 406 3373 permanere
437 3313 503 3366 in
530 3312 627 3366 illa
653 3312 946 3371 charitate.
976 3328 1099 3383 quae
1124 3317 1210 3365 est
1238 3328 1375 3381 erga
1409 3327 1557 3371 eum,
1592 3317 1677 3365 to-
1826 3313 1878 3365 7.
1906 3312 2184 3367 Salutatiu
2206 3327 2343 3365 mea.
2381 3312 2498 3365 Hoc
2537 3311 2759 3380 adjecit,
2788 3310 2923 3380 quia
2951 3308 3048 3380 qui
3082 3323 3347 3362 consum-

105 3391 319 3452 lerantes
339 3399 570 3453 etiamsi
613 3398 823 3470 aliquid
854 3398 1147 3453 conveniat
1182 3415 1283 3469 pro
1335 3415 1401 3452 eo
1430 3399 1566 3469 pati.
1608 3398 1679 3453 Et
1757 3401 2066 3455 mationem
2092 3401 2284 3456 seculi
2309 3400 2571 3455 dicebant
2599 3416 2720 3454 esse
2748 3396 3354 3470 propinquam,suade—

108 3485 231 3551 quod
258 3487 411 3554 dixit,
440 3487 551 3545 Dei
582 3495 640 3542 et
668 3488 898 3552 Christi,
933 3487 993 3542 in
1014 3504 1316 3542 commune
1345 3487 1402 3541 id
1429 3489 1676 3559 positum
1757 3489 1897 3543 bant
1926 3490 2030 3543 hoc
2083 3490 2245 3561 quasi
2295 3507 2360 3544 ex
2412 3489 2660 3560 Epistula
2690 3488 2979 3559 Apostoli;
3022 3487 3128 3540 hoc
3161 3491 3352 3540 autem

110 3585 209 3626 esse
232 3575 466 3633 videtur.
1758 3578 1986 3632 additur
2012 3584 2076 3632 ut
2103 3579 2241 3632 nihil
2279 3578 2623 3633 contrarium
2674 3577 2948 3649 recipiant
2974 3575 3060 3629 his
3100 3591 3225 3647 quae
3263 3574 3355 3628 hic

166 3662 212 3715 4.
232 3664 431 3723 Lucra.
463 3668 579 3735 Ipsi
608 3669 760 3721 enim
782 3669 953 3720 scitis.
976 3666 1149 3730 Quasi
1180 3666 1423 3721 diceret:
1446 3666 1571 3720 Non
1594 3670 1680 3720 est
1758 3666 1967 3738 scripta
1993 3673 2143 3722 sunt.

113 3764 228 3819 opus
253 3760 313 3809 ut
340 3772 618 3827 exponam
647 3756 792 3810 hanc
817 3755 1202 3823 traditionem,
1226 3755 1297 3809 de
1317 3771 1431 3826 qua
1457 3756 1675 3825 loquor,

295 4073 837 4169 EPlSTOLA
920 4073 1020 4166 B.
1096 4074 1440 4169 PAULI
1518 4073 2071 4168 APOSTOLI
2140 4034 2301 4169 AD
2374 4073 3049 4168 TIMOTHEUM
3127 4073 3170 4165 I

708 4224 891 4287 CUM
930 4224 1514 4287 INTERJECTIS
1560 4227 1635 4288 Β.
1683 4225 2187 4290 LANFRANCI
2233 4225 2704 4291 GLOSSULIS

191 4468 352 4531 I83
365 4466 1154 4524 Aneuumuu.Timotheum
1185 4466 1418 4522 instruit
1445 4471 1504 4521 et
1527 4468 1689 4522 docet
1768 4469 1919 4525 sticae
1942 4470 2267 4542 disciplinae,
2318 4471 2566 4526 scribens
2591 4470 2643 4525 ei
2671 4488 2707 4525 a
2733 4470 3006 4525 Laodicea
3033 4486 3133 4542 per
3163 4470 3361 4541 Tychi-

128 4546 183 4602 de
205 4553 540 4611 ordinatione
568 4555 943 4627 episcopatus,
972 4561 1028 4610 et
1051 4555 1316 4622 diaconii,
1339 4573 1404 4610 ac
1429 4556 1687 4611 ecclesia-
1768 4574 1896 4612 cum
1926 4560 2245 4616 diaconum.

1442 4646 1676 4701 CAPUT
1706 4647 2015 4704 PRIMUM.

1442 4650 1676 4701 CAPUT
1706 4650 1887 4702 PRIM
2002 4691 2015 4704 .

184 4726 368 4787 Paulus
379 4734 821 4806 ApostolusJesu
834 4734 1043 4789 Christi
1058 4734 1368 4789 secundum
1396 4734 1695 4804 imperium
1725 4736 1823 4790 Dei
1842 4650 2146 4794 ngmris
2176 4743 2375 4808 nostri,
2402 4749 2459 4797 et
2478 4742 2688 4797 Christi
2715 4742 2745 4796 J
2750 4758 2849 4796 esu
2880 4741 3241 4811 speinostrae,
3264 4748 3364 4808 qui

134 4820 193 4868 σεε
221 4834 320 4886 spes
340 4830 545 4889 nostra,
566 4823 861 4878 Timotheo
879 4821 1080 4878 dilecto
1110 4824 1225 4877 ﬁlio
1257 4824 1315 4877 in
1347 4824 1473 4885 fide,
1512 4841 1671 4894 quem
1699 4828 1761 4878 in
1786 4828 1890 4893 ﬁde
1917 4834 2107 4896 genui.
2134 4832 2347 4896 Gratia,
2366 4833 2754 4887 misericordia
2775 4835 2959 4901 (causa
3002 4834 3152 4885 inter
3180 4833 3363 4897 eﬂ‘ecta

136 4916 217 4992 fila
236 4914 422 4982 posita)
436 4918 494 4968 et
519 4929 627 4985 pax
654 4913 815 4968 aDeo
836 4914 1003 4968 Patre
1019 4919 1075 4968 et
1095 4913 1317 4967 Christo
1342 4914 1369 4967 J
1376 4929 1475 4967 esu
1499 4914 1736 4968 Domino
1751 4923 1964 4972 nostro.
1999 4920 2158 4974 Sicut
2181 4922 2373 4992 rogavi
2402 4927 2459 4976 te
2486 4928 2550 4977 ut
2602 4937 2926 4975 remaneres
2972 4918 3194 4991 Ephesi,
3237 4934 3365 4971 cum

136 4988 249 5049 irem
262 4998 315 5053 in
334 5002 735 5067 Macedoniam,
761 5003 859 5056 hoc
874 5005 1083 5069 rogavi,
1113 5007 1178 5056 ut
1196 5002 1559 5056 denuntiares
1572 5002 1905 5072 quibusdam
1922 5024 1993 5061 ne
2015 5009 2181 5062 aliter
2203 4988 2484 5075 docerent,
2506 5026 2675 5079 quam
2692 5026 2811 5072 nos,
2834 5009 2880 5062 l.
2905 4988 3088 5079 neque
3103 5005 3367 5060 intende-

140 5089 242 5138 rent
264 5086 454 5147 fabulis
473 5096 531 5146 et
547 5090 602 5148 2.
624 5091 970 5162 genealogiis
990 5090 1389 5156 interminatis,
1404 5094 1524 5145 sine
1547 5095 1802 5156 termino,
1822 5097 2145 5165 inde/initis,
2177 5104 2257 5155 vel
2276 5102 2571 5169 prohibitis
2599 5117 2635 5155 α
2657 5116 2761 5167 me,
2777 5102 3231 5168 inquirerentur;
3242 5112 3365 5167 quae

1430 5198 2030 5262 COMMENTARIUS.

199 5298 333 5384 CAP.
358 5306 491 5364 I.—-1
515 5352 527 5364 .
566 5307 812 5364 AMBROS.
841 5308 1026 5376 Neque
1050 5308 1419 5360 intenderent.
1436 5306 1514 5359 Eo
1541 5306 1689 5376 quod
1772 5315 2030 5370 videlicet
2051 5317 2250 5371 vixerit
2271 5316 2646 5371 Mathusalem
2679 5319 2736 5369 et
2755 5314 2961 5369 caeteri.
2986 5313 3092 5368 Vel
3134 5329 3366 5384 genera-

143 5362 287 5443 Judg
310 5397 436 5450 tunc
463 5396 698 5450 muniam
728 5362 1157 5449 SOlliCithinem
1197 5362 1601 5466 expendet)“;
1627 5400 1693 5448 ιη
1772 5407 2019 5462 tionibus
2050 5406 2279 5467 Christi,
2314 5405 2593 5477 quomodo
2652 5402 3007 5464 concordent,
3048 5362 3371 5457 veludiscor-

147 5480 460 5539 ostenderent
489 5485 775 5540 Christum
804 5501 916 5539 non
942 5501 1006 5538 ex
1034 5483 1341 5549 Abraham,
1369 5483 1467 5537 sed
1498 5500 1563 5537 ex
1594 5484 1678 5539 Da-

147 5561 218 5617 vid
242 5567 587 5628 descendisse.

1840 5504 1935 5565 nt;
1963 5497 2183 5552 videtur
2216 5496 2367 5551 enim
2416 5492 2734 5550 discordare
2780 5490 2857 5545 ibi
2913 5491 3091 5546 Lucas
3142 5508 3177 5546 a
3232 5490 3371 5547 Mat-

1841 5604 1942 5642 aco.

458 5591 587 5628 1558-
1774 5591 1942 5643 thazo.

204 5650 252 5709 2.
269 5656 453 5716 Lmra.
485 5663 839 5730 Genealogiis.
865 5661 1355 5729 Generationibus,
1390 5662 1691 5735 quotannis
