  <div class='ocr_page' id='page_1' title='image "/cluster/home/n/w/nwhite01/storage/ocr_20150623/150/umn.31951002477443u/215.png"; bbox 0 0 3878 6358; ppageno 0'>
   <div class='ocr_carea' id='block_1_1' title="bbox 545 325 2076 399">
    <p class='ocr_par' dir='ltr' id='par_1_1' title="bbox 545 325 2046 399">
     <span class='ocr_line' id='line_1_1' title="bbox 545 325 2046 399; baseline 0.004 -6"><span class='ocrx_word' id='word_1_1' title='bbox 545 325 651 394; x_wconf 68' lang='grc'><strong>347</strong></span> <span class='ocrx_word' id='word_1_2' title='bbox 1527 341 1591 396; x_wconf 83' lang='grc' dir='ltr'>Β.</span> <span class='ocrx_word' id='word_1_3' title='bbox 1633 329 2046 399; x_wconf 58' lang='lat' dir='ltr'><strong>WFﬁANCI</strong></span> 
     </span>
    </p>
   </div>
   <div class='ocr_carea' id='block_1_2' title="bbox 2266 325 3797 399">
    <p class='ocr_par' dir='ltr' id='par_1_2' title="bbox 2266 325 3797 399">
     <span class='ocr_line' id='line_1_2' title="bbox 2266 325 3797 399; baseline -0.001 0"><span class='ocrx_word' id='word_1_4' title='bbox 2266 332 2442 399; x_wconf 66' lang='lat' dir='ltr'><strong>&#39;UAR.</strong></span> <span class='ocrx_word' id='word_1_5' title='bbox 2482 330 2818 397; x_wconf 65' lang='lat' dir='ltr'><strong>ARCHIEP.</strong></span> <span class='ocrx_word' id='word_1_6' title='bbox 3709 325 3797 389; x_wconf 65' lang='grc'><strong>848</strong></span> 
     </span>
    </p>
   </div>
   <div class='ocr_carea' id='block_1_3' title="bbox 546 444 3799 538">
    <p class='ocr_par' dir='ltr' id='par_1_3' title="bbox 546 444 3799 538">
     <span class='ocr_line' id='line_1_3' title="bbox 546 444 3799 538; baseline -0.001 -19"><span class='ocrx_word' id='word_1_7' title='bbox 546 444 887 536; x_wconf 45' lang='lat' dir='ltr'><strong>(intentiones</strong></span> <span class='ocrx_word' id='word_1_8' title='bbox 909 466 1178 536; x_wconf 60' lang='lat' dir='ltr'><strong>pit-astant</strong></span> <span class='ocrx_word' id='word_1_9' title='bbox 1199 467 1376 536; x_wconf 74' lang='lat' dir='ltr'><strong>magis</strong></span> <span class='ocrx_word' id='word_1_10' title='bbox 1395 468 1585 538; x_wconf 74' lang='lat' dir='ltr'><strong>[quasi</strong></span> <span class='ocrx_word' id='word_1_11' title='bbox 1601 472 1700 523; x_wconf 70' lang='lat' dir='ltr'><strong>ubi</strong></span> <span class='ocrx_word' id='word_1_12' title='bbox 1720 474 1846 524; x_wconf 78' lang='lat' dir='ltr'><strong>nttll</strong></span> <span class='ocrx_word' id='word_1_13' title='bbox 1857 488 1893 524; x_wconf 76' lang='grc' dir='ltr'><strong>υ</strong></span> <span class='ocrx_word' id='word_1_14' title='bbox 1906 485 1961 524; x_wconf 77' lang='grc' dir='ltr'><strong>τη</strong></span> <span class='ocrx_word' id='word_1_15' title='bbox 1979 471 2320 524; x_wconf 82' lang='lat' dir='ltr'><strong>commodum</strong></span> <span class='ocrx_word' id='word_1_16' title='bbox 2332 511 2344 534; x_wconf 89' lang='lat'><strong>,</strong></span> <span class='ocrx_word' id='word_1_17' title='bbox 2367 473 2478 522; x_wconf 75' lang='lat' dir='ltr'><strong>imo</strong></span> <span class='ocrx_word' id='word_1_18' title='bbox 2498 471 2930 535; x_wconf 78' lang='lat' dir='ltr'><strong>tncmnmodam.)</strong></span> <span class='ocrx_word' id='word_1_19' title='bbox 2944 467 3102 537; x_wconf 81' lang='lat' dir='ltr'><strong>quasi</strong></span> <span class='ocrx_word' id='word_1_20' title='bbox 3124 461 3554 520; x_wconf 63' lang='lat' dir='ltr'><strong>aediﬁcationem</strong></span> <span class='ocrx_word' id='word_1_21' title='bbox 3567 461 3799 532; x_wconf 47' lang='lat' dir='ltr'><strong>13$,un</strong></span> 
     </span>
    </p>
   </div>
   <div class='ocr_carea' id='block_1_4' title="bbox 546 554 3802 630">
    <p class='ocr_par' dir='ltr' id='par_1_4' title="bbox 546 554 3802 630">
     <span class='ocr_line' id='line_1_4' title="bbox 546 554 3802 630; baseline -0.002 -22"><span class='ocrx_word' id='word_1_22' title='bbox 546 561 634 609; x_wconf 87' lang='lat' dir='ltr'><strong>est</strong></span> <span class='ocrx_word' id='word_1_23' title='bbox 658 555 716 609; x_wconf 90' lang='lat' dir='ltr'><strong>in</strong></span> <span class='ocrx_word' id='word_1_24' title='bbox 747 556 875 610; x_wconf 84' lang='lat' dir='ltr'><strong>ﬁde.</strong></span> <span class='ocrx_word' id='word_1_25' title='bbox 909 555 958 621; x_wconf 87' lang='lat'><strong>3,</strong></span> <span class='ocrx_word' id='word_1_26' title='bbox 998 565 1051 621; x_wconf 69' lang='lat'><strong>4,</strong></span> <span class='ocrx_word' id='word_1_27' title='bbox 1075 557 1123 611; x_wconf 81' lang='grc'>5.</span> <span class='ocrx_word' id='word_1_28' title='bbox 1147 556 1298 610; x_wconf 85' lang='lat' dir='ltr'><strong>Finis</strong></span> <span class='ocrx_word' id='word_1_29' title='bbox 1336 562 1525 611; x_wconf 85' lang='lat' dir='ltr'><strong>autem</strong></span> <span class='ocrx_word' id='word_1_30' title='bbox 1549 560 1808 630; x_wconf 74' lang='lat' dir='ltr'><strong>praecepti</strong></span> <span class='ocrx_word' id='word_1_31' title='bbox 1843 563 1928 613; x_wconf 81' lang='lat' dir='ltr'><strong>est</strong></span> <span class='ocrx_word' id='word_1_32' title='bbox 1955 557 2008 612; x_wconf 87' lang='lat'><strong>6.</strong></span> <span class='ocrx_word' id='word_1_33' title='bbox 2032 560 2296 624; x_wconf 78' lang='lat' dir='ltr'><strong>Charitas,</strong></span> <span class='ocrx_word' id='word_1_34' title='bbox 2319 561 2464 626; x_wconf 74' lang='lat' dir='ltr'><strong>efﬁce</strong></span> <span class='ocrx_word' id='word_1_35' title='bbox 2484 569 2550 612; x_wconf 83' lang='lat' dir='ltr'><strong>ne</strong></span> <span class='ocrx_word' id='word_1_36' title='bbox 2568 559 2863 611; x_wconf 78' lang='lat' dir='ltr'><strong>intendant</strong></span> <span class='ocrx_word' id='word_1_37' title='bbox 2883 558 3238 625; x_wconf 70' lang='lat' dir='ltr'><strong>supradictis,</strong></span> <span class='ocrx_word' id='word_1_38' title='bbox 3262 556 3353 606; x_wconf 82' lang='lat' dir='ltr'><strong>sed</strong></span> <span class='ocrx_word' id='word_1_39' title='bbox 3379 554 3669 615; x_wconf 74' lang='lat' dir='ltr'><strong>charitatt’,</strong></span> <span class='ocrx_word' id='word_1_40' title='bbox 3687 556 3802 618; x_wconf 79' lang='lat' dir='ltr'><strong>quia</strong></span> 
     </span>
    </p>
   </div>
   <div class='ocr_carea' id='block_1_5' title="bbox 549 640 3804 716">
    <p class='ocr_par' dir='ltr' id='par_1_5' title="bbox 549 640 3804 716">
     <span class='ocr_line' id='line_1_5' title="bbox 549 640 3804 716; baseline -0.001 -21"><span class='ocrx_word' id='word_1_41' title='bbox 549 646 700 710; x_wconf 78' lang='lat' dir='ltr'><strong>ﬁnis,</strong></span> <span class='ocrx_word' id='word_1_42' title='bbox 721 646 781 696; x_wconf 75' lang='lat' dir='ltr'><strong>td</strong></span> <span class='ocrx_word' id='word_1_43' title='bbox 809 649 906 709; x_wconf 86' lang='lat' dir='ltr'><strong>est,</strong></span> <span class='ocrx_word' id='word_1_44' title='bbox 942 648 1221 712; x_wconf 81' lang='lat' dir='ltr'><strong>completio</strong></span> <span class='ocrx_word' id='word_1_45' title='bbox 1250 649 1381 711; x_wconf 74' lang='lat' dir='ltr'><strong>legis</strong></span> <span class='ocrx_word' id='word_1_46' title='bbox 1403 651 1474 698; x_wconf 84' lang='lat' dir='ltr'><strong>est</strong></span> <span class='ocrx_word' id='word_1_47' title='bbox 1502 648 1744 700; x_wconf 67' lang='lat' dir='ltr'><strong>aha-ritas</strong></span> <span class='ocrx_word' id='word_1_48' title='bbox 1770 650 2064 716; x_wconf 73' lang='lat' dir='ltr'><strong>procedens</strong></span> <span class='ocrx_word' id='word_1_49' title='bbox 2094 645 2162 700; x_wconf 86' lang='lat' dir='ltr'><strong>de</strong></span> <span class='ocrx_word' id='word_1_50' title='bbox 2195 647 2361 700; x_wconf 87' lang='lat' dir='ltr'><strong>corde</strong></span> <span class='ocrx_word' id='word_1_51' title='bbox 2401 655 2562 716; x_wconf 83' lang='lat' dir='ltr'><strong>puro.</strong></span> <span class='ocrx_word' id='word_1_52' title='bbox 2599 652 2654 698; x_wconf 90' lang='lat' dir='ltr'><strong>et</strong></span> <span class='ocrx_word' id='word_1_53' title='bbox 2672 645 3013 699; x_wconf 85' lang='lat' dir='ltr'><strong>conscientia</strong></span> <span class='ocrx_word' id='word_1_54' title='bbox 3041 643 3188 696; x_wconf 82' lang='lat' dir='ltr'><strong>bona</strong></span> <span class='ocrx_word' id='word_1_55' title='bbox 3215 648 3271 695; x_wconf 89' lang='lat' dir='ltr'><strong>et</strong></span> <span class='ocrx_word' id='word_1_56' title='bbox 3303 641 3410 694; x_wconf 83' lang='lat' dir='ltr'><strong>fide</strong></span> <span class='ocrx_word' id='word_1_57' title='bbox 3444 657 3556 693; x_wconf 88' lang='lat' dir='ltr'><strong>non</strong></span> <span class='ocrx_word' id='word_1_58' title='bbox 3589 640 3728 693; x_wconf 84' lang='lat' dir='ltr'><strong>ﬁcta.</strong></span> <span class='ocrx_word' id='word_1_59' title='bbox 3765 641 3804 691; x_wconf 83' lang='lat' dir='ltr'><strong>A</strong></span> 
     </span>
    </p>
   </div>
   <div class='ocr_carea' id='block_1_6' title="bbox 549 727 3804 806">
    <p class='ocr_par' dir='ltr' id='par_1_6' title="bbox 549 727 3804 806">
     <span class='ocr_line' id='line_1_6' title="bbox 549 727 3804 806; baseline -0.001 -22"><span class='ocrx_word' id='word_1_60' title='bbox 549 728 772 800; x_wconf 77' lang='lat' dir='ltr'><strong>quibus,</strong></span> <span class='ocrx_word' id='word_1_61' title='bbox 797 735 1145 799; x_wconf 69' lang='lat' dir='ltr'><strong>genealogus,-</strong></span> <span class='ocrx_word' id='word_1_62' title='bbox 1175 737 1256 785; x_wconf 79' lang='lat' dir='ltr'><strong>vel</strong></span> <span class='ocrx_word' id='word_1_63' title='bbox 1290 737 1619 787; x_wconf 71' lang='lat' dir='ltr'><strong>conscientia</strong></span> <span class='ocrx_word' id='word_1_64' title='bbox 1650 738 1699 787; x_wconf 80' lang='lat' dir='ltr'><strong>et</strong></span> <span class='ocrx_word' id='word_1_65' title='bbox 1731 738 1790 788; x_wconf 71' lang='lat' dir='ltr'><strong>in</strong></span> <span class='ocrx_word' id='word_1_66' title='bbox 1813 737 1938 806; x_wconf 74' lang='lat' dir='ltr'><strong>ﬁde,</strong></span> <span class='ocrx_word' id='word_1_67' title='bbox 1968 736 2194 806; x_wconf 85' lang='lat' dir='ltr'><strong>quidam</strong></span> <span class='ocrx_word' id='word_1_68' title='bbox 2227 736 2575 801; x_wconf 80' lang='lat' dir='ltr'><strong>aberrantes,</strong></span> <span class='ocrx_word' id='word_1_69' title='bbox 2601 734 2852 787; x_wconf 80' lang='lat' dir='ltr'><strong>conversi</strong></span> <span class='ocrx_word' id='word_1_70' title='bbox 2874 737 3008 786; x_wconf 86' lang='lat' dir='ltr'><strong>sunt</strong></span> <span class='ocrx_word' id='word_1_71' title='bbox 3052 727 3109 785; x_wconf 87' lang='lat' dir='ltr'><strong>in</strong></span> <span class='ocrx_word' id='word_1_72' title='bbox 3139 729 3545 799; x_wconf 73' lang='lat' dir='ltr'><strong>Vaniloquium,</strong></span> <span class='ocrx_word' id='word_1_73' title='bbox 3579 727 3804 781; x_wconf 84' lang='lat' dir='ltr'><strong>volentes</strong></span> 
     </span>
    </p>
   </div>
   <div class='ocr_carea' id='block_1_7' title="bbox 550 813 3804 892">
    <p class='ocr_par' dir='ltr' id='par_1_7' title="bbox 550 813 3804 892">
     <span class='ocr_line' id='line_1_7' title="bbox 550 813 3804 892; baseline -0.002 -19"><span class='ocrx_word' id='word_1_74' title='bbox 550 818 673 873; x_wconf 72' lang='lat' dir='ltr'><strong>esst-</strong></span> <span class='ocrx_word' id='word_1_75' title='bbox 703 820 846 889; x_wconf 80' lang='lat' dir='ltr'><strong>legis</strong></span> <span class='ocrx_word' id='word_1_76' title='bbox 864 819 1259 884; x_wconf 76' lang='lat' dir='ltr'><strong>doctoresmon</strong></span> <span class='ocrx_word' id='word_1_77' title='bbox 1283 821 1661 891; x_wconf 79' lang='lat' dir='ltr'><strong>intelligentes</strong></span> <span class='ocrx_word' id='word_1_78' title='bbox 1691 823 2011 892; x_wconf 62' lang='lat' dir='ltr'><strong>quanimitas</strong></span> <span class='ocrx_word' id='word_1_79' title='bbox 2026 825 2089 876; x_wconf 82' lang='lat' dir='ltr'><strong>de</strong></span> <span class='ocrx_word' id='word_1_80' title='bbox 2115 825 2314 892; x_wconf 77' lang='lat' dir='ltr'><strong>quibus</strong></span> <span class='ocrx_word' id='word_1_81' title='bbox 2333 825 2544 889; x_wconf 69' lang='lat' dir='ltr'><strong>agitur,</strong></span> <span class='ocrx_word' id='word_1_82' title='bbox 2569 833 2752 892; x_wconf 89' lang='lat' dir='ltr'><strong>neque</strong></span> <span class='ocrx_word' id='word_1_83' title='bbox 2775 834 2898 890; x_wconf 76' lang='lat' dir='ltr'><strong>quae</strong></span> <span class='ocrx_word' id='word_1_84' title='bbox 2912 822 3243 890; x_wconf 81' lang='lat' dir='ltr'><strong>loquuntur,</strong></span> <span class='ocrx_word' id='word_1_85' title='bbox 3261 819 3653 871; x_wconf 69' lang='lat' dir='ltr'><strong>auctoritatem</strong></span> <span class='ocrx_word' id='word_1_86' title='bbox 3670 813 3804 868; x_wconf 67' lang='lat' dir='ltr'><strong>Scri-</strong></span> 
     </span>
    </p>
   </div>
   <div class='ocr_carea' id='block_1_8' title="bbox 542 901 3805 982">
    <p class='ocr_par' dir='ltr' id='par_1_8' title="bbox 542 901 3805 982">
     <span class='ocr_line' id='line_1_8' title="bbox 542 901 3805 982; baseline -0.002 -22"><span class='ocrx_word' id='word_1_87' title='bbox 542 909 872 976; x_wconf 75' lang='lat' dir='ltr'><strong>ptumrum,</strong></span> <span class='ocrx_word' id='word_1_88' title='bbox 909 915 1089 980; x_wconf 85' lang='lat' dir='ltr'><strong>neque</strong></span> <span class='ocrx_word' id='word_1_89' title='bbox 1111 913 1254 978; x_wconf 73' lang='lat' dir='ltr'><strong>ipsos</strong></span> <span class='ocrx_word' id='word_1_90' title='bbox 1281 915 1597 978; x_wconf 62' lang='lat' dir='ltr'><strong>quastione;</strong></span> <span class='ocrx_word' id='word_1_91' title='bbox 1615 913 1683 965; x_wconf 87' lang='lat' dir='ltr'><strong>de</strong></span> <span class='ocrx_word' id='word_1_92' title='bbox 1699 907 1901 982; x_wconf 81' lang='lat' dir='ltr'><strong>quibus</strong></span> <span class='ocrx_word' id='word_1_93' title='bbox 1933 913 1965 976; x_wconf 74' lang='grc' dir='ltr'>ε</span> <span class='ocrx_word' id='word_1_94' title='bbox 1985 911 2106 975; x_wconf 59' lang='lat'><strong>94</strong></span> <span class='ocrx_word' id='word_1_95' title='bbox 2132 913 2435 966; x_wconf 79' lang='lat' dir='ltr'><strong>afﬁrmant.</strong></span> <span class='ocrx_word' id='word_1_96' title='bbox 2454 913 2535 964; x_wconf 80' lang='lat' dir='ltr'><strong>Ne</strong></span> <span class='ocrx_word' id='word_1_97' title='bbox 2557 912 2838 964; x_wconf 67' lang='lat' dir='ltr'><strong>videretur</strong></span> <span class='ocrx_word' id='word_1_98' title='bbox 2861 913 3029 976; x_wconf 69' lang='lat' dir='ltr'><strong>tegam</strong></span> <span class='ocrx_word' id='word_1_99' title='bbox 3051 911 3328 967; x_wconf 70' lang='lat' dir='ltr'><strong>incusare,</strong></span> <span class='ocrx_word' id='word_1_100' title='bbox 3350 907 3448 958; x_wconf 89' lang='lat' dir='ltr'><strong>hoc</strong></span> <span class='ocrx_word' id='word_1_101' title='bbox 3465 905 3622 956; x_wconf 65' lang='lat' dir='ltr'><strong>dicit.</strong></span> <span class='ocrx_word' id='word_1_102' title='bbox 3640 901 3688 956; x_wconf 88' lang='lat'><strong>7.</strong></span> <span class='ocrx_word' id='word_1_103' title='bbox 3709 903 3805 956; x_wconf 87' lang='lat' dir='ltr'><strong>Scl-</strong></span> 
     </span>
    </p>
   </div>
   <div class='ocr_carea' id='block_1_9' title="bbox 547 992 3806 1071">
    <p class='ocr_par' dir='ltr' id='par_1_9' title="bbox 547 992 3806 1071">
     <span class='ocr_line' id='line_1_9' title="bbox 547 992 3806 1071; baseline -0.002 -21"><span class='ocrx_word' id='word_1_104' title='bbox 547 1005 673 1051; x_wconf 86' lang='lat' dir='ltr'><strong>mus</strong></span> <span class='ocrx_word' id='word_1_105' title='bbox 694 1003 883 1051; x_wconf 82' lang='lat' dir='ltr'><strong>autem</strong></span> <span class='ocrx_word' id='word_1_106' title='bbox 914 999 1046 1070; x_wconf 85' lang='lat' dir='ltr'><strong>quia</strong></span> <span class='ocrx_word' id='word_1_107' title='bbox 1085 999 1229 1052; x_wconf 80' lang='lat' dir='ltr'><strong>bona</strong></span> <span class='ocrx_word' id='word_1_108' title='bbox 1251 1004 1335 1052; x_wconf 83' lang='lat' dir='ltr'><strong>est</strong></span> <span class='ocrx_word' id='word_1_109' title='bbox 1355 1000 1441 1052; x_wconf 82' lang='lat' dir='ltr'><strong>lex</strong></span> <span class='ocrx_word' id='word_1_110' title='bbox 1464 1002 1804 1066; x_wconf 75' lang='lat' dir='ltr'><strong>Iuda-orum,</strong></span> <span class='ocrx_word' id='word_1_111' title='bbox 1848 1002 1895 1054; x_wconf 90' lang='lat' dir='ltr'><strong>si</strong></span> <span class='ocrx_word' id='word_1_112' title='bbox 1919 1001 2042 1071; x_wconf 85' lang='lat' dir='ltr'><strong>quis</strong></span> <span class='ocrx_word' id='word_1_113' title='bbox 2077 1017 2142 1053; x_wconf 88' lang='lat' dir='ltr'><strong>ea</strong></span> <span class='ocrx_word' id='word_1_114' title='bbox 2161 1000 2409 1070; x_wconf 80' lang='lat' dir='ltr'><strong>legitime</strong></span> <span class='ocrx_word' id='word_1_115' title='bbox 2434 1003 2647 1060; x_wconf 76' lang='lat' dir='ltr'><strong>utatur,</strong></span> <span class='ocrx_word' id='word_1_116' title='bbox 2689 993 3388 1065; x_wconf 70' lang='lat' dir='ltr'><strong>spt&#39;rt&#39;tualitcrintet/v‘gens</strong></span> <span class='ocrx_word' id='word_1_117' title='bbox 3412 1009 3427 1047; x_wconf 88' lang='lat'><strong><em>:</em></strong></span> <span class='ocrx_word' id='word_1_118' title='bbox 3453 994 3504 1047; x_wconf 91' lang='lat'><strong>8.</strong></span> <span class='ocrx_word' id='word_1_119' title='bbox 3527 992 3806 1046; x_wconf 76' lang='lat' dir='ltr'><strong>scienshoc</strong></span> 
     </span>
    </p>
   </div>
   <div class='ocr_carea' id='block_1_10' title="bbox 542 1083 3802 1156">
    <p class='ocr_par' dir='ltr' id='par_1_10' title="bbox 542 1083 3802 1156">
     <span class='ocr_line' id='line_1_10' title="bbox 542 1083 3802 1156; baseline -0.002 -16"><span class='ocrx_word' id='word_1_120' title='bbox 542 1085 635 1156; x_wconf 81' lang='lat' dir='ltr'><strong>(ne</strong></span> <span class='ocrx_word' id='word_1_121' title='bbox 655 1087 936 1140; x_wconf 67' lang='lat' dir='ltr'><strong>videretur</strong></span> <span class='ocrx_word' id='word_1_122' title='bbox 956 1091 1422 1142; x_wconf 70' lang='lat' dir='ltr'><strong>conversationem</strong></span> <span class='ocrx_word' id='word_1_123' title='bbox 1446 1091 1576 1155; x_wconf 77' lang='lat' dir='ltr'><strong>tegis</strong></span> <span class='ocrx_word' id='word_1_124' title='bbox 1594 1094 1802 1142; x_wconf 68' lang='lat' dir='ltr'><strong>iterum</strong></span> <span class='ocrx_word' id='word_1_125' title='bbox 1831 1093 2198 1147; x_wconf 66' lang='grc' dir='ltr'><strong>τ’γῑννυιῖηνθνρ,</strong></span> <span class='ocrx_word' id='word_1_126' title='bbox 2219 1087 2314 1141; x_wconf 79' lang='lat' dir='ltr'><strong>hoc</strong></span> <span class='ocrx_word' id='word_1_127' title='bbox 2332 1083 2688 1156; x_wconf 72' lang='lat' dir='ltr'><strong>adjecttiquia</strong></span> <span class='ocrx_word' id='word_1_128' title='bbox 2709 1083 2743 1140; x_wconf 86' lang='lat'>9</span> <span class='ocrx_word' id='word_1_129' title='bbox 2783 1086 3143 1149; x_wconf 57' lang='lat' dir='ltr'><strong>[emt-amatis</strong></span> <span class='ocrx_word' id='word_1_130' title='bbox 3170 1083 3693 1150; x_wconf 56' lang='lat' dir='ltr'><strong>observantiagusto</strong></span> <span class='ocrx_word' id='word_1_131' title='bbox 3708 1091 3802 1133; x_wconf 87' lang='lat' dir='ltr'><strong>non</strong></span> 
     </span>
    </p>
   </div>
   <div class='ocr_carea' id='block_1_11' title="bbox 546 1170 3802 1245">
    <p class='ocr_par' dir='ltr' id='par_1_11' title="bbox 546 1170 3802 1245">
     <span class='ocr_line' id='line_1_11' title="bbox 546 1170 3802 1245; baseline -0.002 -17"><span class='ocrx_word' id='word_1_132' title='bbox 546 1177 632 1228; x_wconf 84' lang='lat' dir='ltr'><strong>est</strong></span> <span class='ocrx_word' id='word_1_133' title='bbox 660 1175 862 1244; x_wconf 83' lang='lat' dir='ltr'><strong>posita,</strong></span> <span class='ocrx_word' id='word_1_134' title='bbox 889 1176 983 1228; x_wconf 86' lang='lat' dir='ltr'><strong>sed</strong></span> <span class='ocrx_word' id='word_1_135' title='bbox 1009 1170 1235 1245; x_wconf 86' lang='lat' dir='ltr'><strong>injustis</strong></span> <span class='ocrx_word' id='word_1_136' title='bbox 1262 1180 1588 1242; x_wconf 76' lang='lat' dir='ltr'><strong>coercendis,</strong></span> <span class='ocrx_word' id='word_1_137' title='bbox 1619 1181 1676 1230; x_wconf 88' lang='lat' dir='ltr'><strong>et</strong></span> <span class='ocrx_word' id='word_1_138' title='bbox 1706 1191 1817 1230; x_wconf 89' lang='lat' dir='ltr'><strong>non</strong></span> <span class='ocrx_word' id='word_1_139' title='bbox 1843 1177 2104 1239; x_wconf 84' lang='lat' dir='ltr'><strong>subditis,</strong></span> <span class='ocrx_word' id='word_1_140' title='bbox 2130 1177 2339 1245; x_wconf 79' lang='lat' dir='ltr'><strong>impiis.</strong></span> <span class='ocrx_word' id='word_1_141' title='bbox 2368 1179 2535 1230; x_wconf 79' lang='lat' dir='ltr'><strong>Deum</strong></span> <span class='ocrx_word' id='word_1_142' title='bbox 2554 1177 2902 1240; x_wconf 68' lang='lat' dir='ltr'><strong>negantibus,</strong></span> <span class='ocrx_word' id='word_1_143' title='bbox 2930 1179 2987 1226; x_wconf 88' lang='lat' dir='ltr'><strong>et</strong></span> <span class='ocrx_word' id='word_1_144' title='bbox 3007 1171 3410 1243; x_wconf 74' lang='lat' dir='ltr'><strong>peccatoribus,</strong></span> <span class='ocrx_word' id='word_1_145' title='bbox 3436 1171 3802 1236; x_wconf 75' lang='lat' dir='ltr'><strong>conﬁtentibus</strong></span> 
     </span>
    </p>
   </div>
   <div class='ocr_carea' id='block_1_12' title="bbox 543 1259 3803 1335">
    <p class='ocr_par' dir='ltr' id='par_1_12' title="bbox 543 1259 3803 1335">
     <span class='ocr_line' id='line_1_12' title="bbox 543 1259 3803 1335; baseline -0.002 -20"><span class='ocrx_word' id='word_1_146' title='bbox 543 1263 735 1327; x_wconf 78' lang='lat' dir='ltr'><strong>Deum,</strong></span> <span class='ocrx_word' id='word_1_147' title='bbox 751 1267 799 1314; x_wconf 81' lang='lat' dir='ltr'><strong>et</strong></span> <span class='ocrx_word' id='word_1_148' title='bbox 811 1267 1184 1330; x_wconf 75' lang='lat' dir='ltr'><strong>precantibus,</strong></span> <span class='ocrx_word' id='word_1_149' title='bbox 1209 1265 1494 1317; x_wconf 73' lang='lat' dir='ltr'><strong>sceleratis</strong></span> <span class='ocrx_word' id='word_1_150' title='bbox 1511 1270 1567 1317; x_wconf 89' lang='lat' dir='ltr'><strong>et</strong></span> <span class='ocrx_word' id='word_1_151' title='bbox 1578 1265 1992 1329; x_wconf 78' lang='lat' dir='ltr'><strong>contaminatis,</strong></span> <span class='ocrx_word' id='word_1_152' title='bbox 2010 1264 2301 1335; x_wconf 85' lang='lat' dir='ltr'><strong>parricidis</strong></span> <span class='ocrx_word' id='word_1_153' title='bbox 2318 1272 2374 1318; x_wconf 87' lang='lat' dir='ltr'><strong>et</strong></span> <span class='ocrx_word' id='word_1_154' title='bbox 2411 1264 2736 1326; x_wconf 87' lang='lat' dir='ltr'><strong>matricidis,</strong></span> <span class='ocrx_word' id='word_1_155' title='bbox 2753 1263 3062 1324; x_wconf 73' lang='lat' dir='ltr'><strong>homicidia,</strong></span> <span class='ocrx_word' id='word_1_156' title='bbox 3088 1260 3418 1322; x_wconf 75' lang='lat' dir='ltr'><strong>fornicariis,</strong></span> <span class='ocrx_word' id='word_1_157' title='bbox 3443 1259 3803 1312; x_wconf 82' lang='lat' dir='ltr'><strong>masculorum</strong></span> 
     </span>
    </p>
   </div>
   <div class='ocr_carea' id='block_1_13' title="bbox 544 1349 3799 1423">
    <p class='ocr_par' dir='ltr' id='par_1_13' title="bbox 544 1349 3799 1423">
     <span class='ocr_line' id='line_1_13' title="bbox 544 1349 3799 1423; baseline -0.002 -19"><span class='ocrx_word' id='word_1_158' title='bbox 544 1351 1018 1415; x_wconf 80' lang='lat' dir='ltr'><strong>concubitOribus,</strong></span> <span class='ocrx_word' id='word_1_159' title='bbox 1035 1352 1518 1422; x_wconf 77' lang='lat' dir='ltr'><strong>iO.plagiariis,vct</strong></span> <span class='ocrx_word' id='word_1_160' title='bbox 1543 1353 2156 1413; x_wconf 71' lang='lat' dir='ltr'><strong>sicariismiehdncibus</strong></span> <span class='ocrx_word' id='word_1_161' title='bbox 2177 1358 2233 1406; x_wconf 86' lang='lat' dir='ltr'><strong>et</strong></span> <span class='ocrx_word' id='word_1_162' title='bbox 2250 1353 2512 1423; x_wconf 87' lang='lat' dir='ltr'><strong>perjuris,</strong></span> <span class='ocrx_word' id='word_1_163' title='bbox 2539 1358 2596 1405; x_wconf 84' lang='lat' dir='ltr'><strong>et</strong></span> <span class='ocrx_word' id='word_1_164' title='bbox 2613 1353 2658 1405; x_wconf 84' lang='lat' dir='ltr'><strong>si</strong></span> <span class='ocrx_word' id='word_1_165' title='bbox 2675 1353 2807 1422; x_wconf 87' lang='lat' dir='ltr'><strong>quid</strong></span> <span class='ocrx_word' id='word_1_166' title='bbox 2831 1351 2981 1404; x_wconf 81' lang='lat' dir='ltr'><strong>aliud</strong></span> <span class='ocrx_word' id='word_1_167' title='bbox 3004 1363 3154 1403; x_wconf 67' lang='lat' dir='ltr'><strong>suum</strong></span> <span class='ocrx_word' id='word_1_168' title='bbox 3165 1350 3434 1402; x_wconf 79' lang='lat' dir='ltr'><strong>doctrinae</strong></span> <span class='ocrx_word' id='word_1_169' title='bbox 3452 1349 3799 1408; x_wconf 79' lang='lat' dir='ltr'><strong>adversatur,</strong></span> 
     </span>
    </p>
   </div>
   <div class='ocr_carea' id='block_1_14' title="bbox 546 1433 3800 1511">
    <p class='ocr_par' dir='ltr' id='par_1_14' title="bbox 546 1433 3800 1511">
     <span class='ocr_line' id='line_1_14' title="bbox 546 1433 3800 1511; baseline -0.002 -20"><span class='ocrx_word' id='word_1_170' title='bbox 546 1447 668 1508; x_wconf 83' lang='lat' dir='ltr'><strong>quae</strong></span> <span class='ocrx_word' id='word_1_171' title='bbox 687 1440 1184 1493; x_wconf 77' lang='lat' dir='ltr'><strong>estl&#39;l.secundum</strong></span> <span class='ocrx_word' id='word_1_172' title='bbox 1202 1442 1562 1509; x_wconf 79' lang='lat' dir='ltr'><strong>Evangeiium</strong></span> <span class='ocrx_word' id='word_1_173' title='bbox 1585 1443 1778 1509; x_wconf 64' lang='lat' dir='ltr'><strong>gloria:</strong></span> <span class='ocrx_word' id='word_1_174' title='bbox 1798 1445 2120 1505; x_wconf 74' lang='lat' dir='ltr'><strong>gloriosum,</strong></span> <span class='ocrx_word' id='word_1_175' title='bbox 2154 1439 2302 1494; x_wconf 84' lang='lat' dir='ltr'><strong>beati</strong></span> <span class='ocrx_word' id='word_1_176' title='bbox 2325 1442 2443 1505; x_wconf 88' lang='lat' dir='ltr'><strong>Dei,</strong></span> <span class='ocrx_word' id='word_1_177' title='bbox 2477 1441 2624 1511; x_wconf 89' lang='lat' dir='ltr'><strong>quod</strong></span> <span class='ocrx_word' id='word_1_178' title='bbox 2646 1441 2920 1494; x_wconf 88' lang='lat' dir='ltr'><strong>creditum</strong></span> <span class='ocrx_word' id='word_1_179' title='bbox 2931 1445 3019 1491; x_wconf 85' lang='lat' dir='ltr'><strong>est</strong></span> <span class='ocrx_word' id='word_1_180' title='bbox 3037 1438 3349 1498; x_wconf 80' lang='lat' dir='ltr'><strong>mihi,unde</strong></span> <span class='ocrx_word' id='word_1_181' title='bbox 3379 1435 3609 1489; x_wconf 81' lang='lat' dir='ltr'><strong>Gratias</strong></span> <span class='ocrx_word' id='word_1_182' title='bbox 3637 1451 3733 1504; x_wconf 83' lang='lat' dir='ltr'><strong>ago</strong></span> <span class='ocrx_word' id='word_1_183' title='bbox 3758 1433 3800 1485; x_wconf 84' lang='lat' dir='ltr'><strong>ei</strong></span> 
     </span>
    </p>
   </div>
   <div class='ocr_carea' id='block_1_15' title="bbox 546 1525 3801 1599">
    <p class='ocr_par' dir='ltr' id='par_1_15' title="bbox 546 1525 3801 1599">
     <span class='ocr_line' id='line_1_15' title="bbox 546 1525 3801 1599; baseline -0.002 -20"><span class='ocrx_word' id='word_1_184' title='bbox 546 1528 724 1596; x_wconf 81' lang='lat' dir='ltr'><strong>quiut</strong></span> <span class='ocrx_word' id='word_1_185' title='bbox 744 1530 1004 1580; x_wconf 75' lang='lat' dir='ltr'><strong>auderem</strong></span> <span class='ocrx_word' id='word_1_186' title='bbox 1029 1531 1328 1595; x_wconf 63' lang='lat' dir='ltr'><strong>pradicare</strong></span> <span class='ocrx_word' id='word_1_187' title='bbox 1348 1546 1437 1582; x_wconf 90' lang='lat' dir='ltr'><strong>me</strong></span> <span class='ocrx_word' id='word_1_188' title='bbox 1453 1530 1802 1593; x_wconf 84' lang='lat' dir='ltr'><strong>confortavit,</strong></span> <span class='ocrx_word' id='word_1_189' title='bbox 1825 1531 2046 1583; x_wconf 82' lang='lat' dir='ltr'><strong>Christo</strong></span> <span class='ocrx_word' id='word_1_190' title='bbox 2066 1529 2094 1582; x_wconf 87' lang='lat' dir='ltr'><strong>J</strong></span> <span class='ocrx_word' id='word_1_191' title='bbox 2099 1545 2198 1582; x_wconf 90' lang='lat' dir='ltr'><strong>esu</strong></span> <span class='ocrx_word' id='word_1_192' title='bbox 2221 1531 2458 1583; x_wconf 88' lang='lat' dir='ltr'><strong>Domino</strong></span> <span class='ocrx_word' id='word_1_193' title='bbox 2480 1535 2692 1589; x_wconf 88' lang='lat' dir='ltr'><strong>nostro,</strong></span> <span class='ocrx_word' id='word_1_194' title='bbox 2719 1530 2852 1599; x_wconf 84' lang='lat' dir='ltr'><strong>quia</strong></span> <span class='ocrx_word' id='word_1_195' title='bbox 2864 1528 3085 1581; x_wconf 85' lang='lat' dir='ltr'><strong>ﬁdelem</strong></span> <span class='ocrx_word' id='word_1_196' title='bbox 3104 1542 3193 1580; x_wconf 87' lang='lat' dir='ltr'><strong>me</strong></span> <span class='ocrx_word' id='word_1_197' title='bbox 3221 1525 3584 1589; x_wconf 74' lang='lat' dir='ltr'><strong>existimavit,</strong></span> <span class='ocrx_word' id='word_1_198' title='bbox 3611 1531 3801 1592; x_wconf 78' lang='lat' dir='ltr'><strong>ponens</strong></span> 
     </span>
    </p>
   </div>
   <div class='ocr_carea' id='block_1_16' title="bbox 545 1610 3802 1690">
    <p class='ocr_par' dir='ltr' id='par_1_16' title="bbox 545 1610 3802 1690">
     <span class='ocr_line' id='line_1_16' title="bbox 545 1610 3802 1690; baseline -0.002 -21"><span class='ocrx_word' id='word_1_199' title='bbox 545 1616 602 1669; x_wconf 86' lang='lat' dir='ltr'><strong>in</strong></span> <span class='ocrx_word' id='word_1_200' title='bbox 618 1616 886 1686; x_wconf 82' lang='lat' dir='ltr'><strong>mysterio</strong></span> <span class='ocrx_word' id='word_1_201' title='bbox 902 1617 1307 1687; x_wconf 51' lang='lat' dir='ltr'><strong>Evangatiﬂqui</strong></span> <span class='ocrx_word' id='word_1_202' title='bbox 1331 1619 1482 1687; x_wconf 89' lang='lat' dir='ltr'><strong>prius</strong></span> <span class='ocrx_word' id='word_1_203' title='bbox 1505 1619 1938 1687; x_wconf 72' lang='lat' dir='ltr'><strong>blasphemasi’n</strong></span> <span class='ocrx_word' id='word_1_204' title='bbox 1960 1621 2132 1672; x_wconf 78' lang='lat' dir='ltr'><strong>Deum</strong></span> <span class='ocrx_word' id='word_1_205' title='bbox 2165 1618 2264 1678; x_wconf 79' lang='lat' dir='ltr'><strong>fui,</strong></span> <span class='ocrx_word' id='word_1_206' title='bbox 2287 1626 2343 1672; x_wconf 85' lang='lat' dir='ltr'><strong>et</strong></span> <span class='ocrx_word' id='word_1_207' title='bbox 2370 1624 2694 1690; x_wconf 87' lang='lat' dir='ltr'><strong>persecutor</strong></span> <span class='ocrx_word' id='word_1_208' title='bbox 2726 1620 2986 1674; x_wconf 68' lang='lat' dir='ltr'><strong>Ecclesiae.</strong></span> <span class='ocrx_word' id='word_1_209' title='bbox 3007 1621 3064 1668; x_wconf 86' lang='lat' dir='ltr'><strong>et</strong></span> <span class='ocrx_word' id='word_1_210' title='bbox 3075 1613 3517 1668; x_wconf 80' lang='lat' dir='ltr'><strong>contumeliosus</strong></span> <span class='ocrx_word' id='word_1_211' title='bbox 3545 1631 3556 1679; x_wconf 85' lang='lat'><strong>;</strong></span> <span class='ocrx_word' id='word_1_212' title='bbox 3584 1611 3679 1664; x_wconf 81' lang='lat' dir='ltr'><strong>sed</strong></span> <span class='ocrx_word' id='word_1_213' title='bbox 3709 1610 3802 1661; x_wconf 77' lang='lat' dir='ltr'><strong>mi-</strong></span> 
     </span>
    </p>
   </div>
   <div class='ocr_carea' id='block_1_17' title="bbox 548 1695 3798 1777">
    <p class='ocr_par' dir='ltr' id='par_1_17' title="bbox 548 1695 3798 1777">
     <span class='ocr_line' id='line_1_17' title="bbox 548 1695 3798 1777; baseline -0.003 -19"><span class='ocrx_word' id='word_1_214' title='bbox 548 1704 909 1758; x_wconf 79' lang='lat' dir='ltr'><strong>sericordiarn</strong></span> <span class='ocrx_word' id='word_1_215' title='bbox 938 1705 1040 1758; x_wconf 85' lang='lat' dir='ltr'><strong>Dei</strong></span> <span class='ocrx_word' id='word_1_216' title='bbox 1062 1714 1394 1759; x_wconf 79' lang='lat' dir='ltr'><strong>consecutus</strong></span> <span class='ocrx_word' id='word_1_217' title='bbox 1414 1720 1558 1770; x_wconf 85' lang='lat' dir='ltr'><strong>sum,</strong></span> <span class='ocrx_word' id='word_1_218' title='bbox 1587 1708 1996 1777; x_wconf 81' lang='lat' dir='ltr'><strong>quiaignorans</strong></span> <span class='ocrx_word' id='word_1_219' title='bbox 2019 1709 2122 1760; x_wconf 87' lang='lat' dir='ltr'>feci</span> <span class='ocrx_word' id='word_1_220' title='bbox 2146 1707 2202 1759; x_wconf 90' lang='lat' dir='ltr'><strong>in</strong></span> <span class='ocrx_word' id='word_1_221' title='bbox 2223 1707 2632 1760; x_wconf 78' lang='lat' dir='ltr'><strong>incredulitate.</strong></span> <span class='ocrx_word' id='word_1_222' title='bbox 2651 1705 3137 1777; x_wconf 81' lang='lat' dir='ltr'><strong>Superabundavit</strong></span> <span class='ocrx_word' id='word_1_223' title='bbox 3153 1709 3339 1756; x_wconf 85' lang='lat' dir='ltr'><strong>autem</strong></span> <span class='ocrx_word' id='word_1_224' title='bbox 3371 1702 3561 1772; x_wconf 80' lang='lat' dir='ltr'><strong>gratia</strong></span> <span class='ocrx_word' id='word_1_225' title='bbox 3593 1695 3798 1753; x_wconf 85' lang='lat' dir='ltr'><strong>Domini</strong></span> 
     </span>
    </p>
   </div>
   <div class='ocr_carea' id='block_1_18' title="bbox 543 1790 3798 1864">
    <p class='ocr_par' dir='ltr' id='par_1_18' title="bbox 543 1790 3798 1864">
     <span class='ocr_line' id='line_1_18' title="bbox 543 1790 3798 1864; baseline -0.002 -18"><span class='ocrx_word' id='word_1_226' title='bbox 543 1794 723 1846; x_wconf 84' lang='lat' dir='ltr'><strong>nostri</strong></span> <span class='ocrx_word' id='word_1_227' title='bbox 741 1805 865 1846; x_wconf 87' lang='lat' dir='ltr'><strong>cum</strong></span> <span class='ocrx_word' id='word_1_228' title='bbox 881 1794 990 1846; x_wconf 86' lang='lat' dir='ltr'><strong>ﬂde</strong></span> <span class='ocrx_word' id='word_1_229' title='bbox 1011 1798 1067 1846; x_wconf 86' lang='lat' dir='ltr'><strong>et</strong></span> <span class='ocrx_word' id='word_1_230' title='bbox 1082 1795 1548 1864; x_wconf 75' lang='lat' dir='ltr'><strong>dilectione(qui&#39;a</strong></span> <span class='ocrx_word' id='word_1_231' title='bbox 1567 1798 1887 1849; x_wconf 84' lang='lat' dir='ltr'><strong>condonans</strong></span> <span class='ocrx_word' id='word_1_232' title='bbox 1905 1802 2120 1864; x_wconf 81' lang='lat' dir='ltr'><strong>peccata</strong></span> <span class='ocrx_word' id='word_1_233' title='bbox 2139 1798 2356 1849; x_wconf 67' lang='lat' dir='ltr'><strong>addidit</strong></span> <span class='ocrx_word' id='word_1_234' title='bbox 2379 1802 2426 1848; x_wconf 79' lang='lat' dir='ltr'><strong>et</strong></span> <span class='ocrx_word' id='word_1_235' title='bbox 2449 1799 2628 1863; x_wconf 70' lang='lat' dir='ltr'><strong>ﬁdem,</strong></span> <span class='ocrx_word' id='word_1_236' title='bbox 2651 1802 2697 1849; x_wconf 84' lang='lat' dir='ltr'><strong>et</strong></span> <span class='ocrx_word' id='word_1_237' title='bbox 2715 1794 3088 1857; x_wconf 73' lang='lat' dir='ltr'><strong>dilectionem)</strong></span> <span class='ocrx_word' id='word_1_238' title='bbox 3103 1807 3226 1863; x_wconf 61' lang='lat' dir='ltr'><strong>quae</strong></span> <span class='ocrx_word' id='word_1_239' title='bbox 3244 1797 3326 1846; x_wconf 85' lang='lat' dir='ltr'><strong>est</strong></span> <span class='ocrx_word' id='word_1_240' title='bbox 3339 1793 3398 1845; x_wconf 85' lang='lat' dir='ltr'><strong>in</strong></span> <span class='ocrx_word' id='word_1_241' title='bbox 3423 1791 3648 1845; x_wconf 78' lang='lat' dir='ltr'><strong>Christo</strong></span> <span class='ocrx_word' id='word_1_242' title='bbox 3663 1790 3798 1848; x_wconf 73' lang='lat' dir='ltr'><strong>Iesu,</strong></span> 
     </span>
    </p>
   </div>
   <div class='ocr_carea' id='block_1_19' title="bbox 543 1879 3800 1952">
    <p class='ocr_par' dir='ltr' id='par_1_19' title="bbox 543 1879 3800 1952">
     <span class='ocr_line' id='line_1_19' title="bbox 543 1879 3800 1952; baseline -0.001 -19"><span class='ocrx_word' id='word_1_243' title='bbox 543 1883 643 1948; x_wconf 78' lang='lat' dir='ltr'><strong>qut</strong></span> <span class='ocrx_word' id='word_1_244' title='bbox 657 1886 719 1933; x_wconf 77' lang='lat' dir='ltr'><strong>ut</strong></span> <span class='ocrx_word' id='word_1_245' title='bbox 740 1881 1214 1949; x_wconf 64' lang='lat' dir='ltr'><strong>superabundant</strong></span> <span class='ocrx_word' id='word_1_246' title='bbox 1229 1886 1416 1949; x_wconf 67' lang='lat' dir='ltr'><strong>gratia</strong></span> <span class='ocrx_word' id='word_1_247' title='bbox 1434 1886 1506 1935; x_wconf 88' lang='lat' dir='ltr'><strong>ad</strong></span> <span class='ocrx_word' id='word_1_248' title='bbox 1527 1885 1854 1945; x_wconf 77' lang='lat' dir='ltr'><strong>hocvcnit,et</strong></span> <span class='ocrx_word' id='word_1_249' title='bbox 1873 1886 1968 1938; x_wconf 88' lang='lat' dir='ltr'><strong>hoc</strong></span> <span class='ocrx_word' id='word_1_250' title='bbox 1986 1889 2058 1937; x_wconf 82' lang='lat' dir='ltr'><strong>est</strong></span> <span class='ocrx_word' id='word_1_251' title='bbox 2075 1887 2220 1952; x_wconf 83' lang='lat' dir='ltr'><strong>quod</strong></span> <span class='ocrx_word' id='word_1_252' title='bbox 2237 1888 2391 1945; x_wconf 68' lang='lat' dir='ltr'><strong>dicit,</strong></span> <span class='ocrx_word' id='word_1_253' title='bbox 2420 1888 2802 1952; x_wconf 75' lang='lat' dir='ltr'><strong>ﬁdelz‘sscr-mo,</strong></span> <span class='ocrx_word' id='word_1_254' title='bbox 2825 1883 3144 1937; x_wconf 87' lang='lat' dir='ltr'><strong>etc.Fidelis</strong></span> <span class='ocrx_word' id='word_1_255' title='bbox 3164 1897 3368 1944; x_wconf 78' lang='lat' dir='ltr'><strong>sermo,</strong></span> <span class='ocrx_word' id='word_1_256' title='bbox 3393 1886 3452 1933; x_wconf 86' lang='lat' dir='ltr'><strong>et</strong></span> <span class='ocrx_word' id='word_1_257' title='bbox 3475 1879 3628 1933; x_wconf 89' lang='lat' dir='ltr'><strong>omni</strong></span> <span class='ocrx_word' id='word_1_258' title='bbox 3660 1889 3800 1930; x_wconf 48' lang='lat' dir='ltr'><strong>acce‘</strong></span> 
     </span>
    </p>
   </div>
   <div class='ocr_carea' id='block_1_20' title="bbox 540 1962 3799 2044">
    <p class='ocr_par' dir='ltr' id='par_1_20' title="bbox 540 1962 3799 2044">
     <span class='ocr_line' id='line_1_20' title="bbox 540 1962 3799 2044; baseline -0.002 -22"><span class='ocrx_word' id='word_1_259' title='bbox 540 1969 732 2039; x_wconf 88' lang='lat' dir='ltr'><strong>ptione</strong></span> <span class='ocrx_word' id='word_1_260' title='bbox 743 1962 965 2038; x_wconf 81' lang='lat' dir='ltr'><strong>dignus;</strong></span> <span class='ocrx_word' id='word_1_261' title='bbox 988 1982 1098 2022; x_wconf 77' lang='lat' dir='ltr'><strong>cccc</strong></span> <span class='ocrx_word' id='word_1_262' title='bbox 1116 1985 1294 2023; x_wconf 78' lang='lat' dir='ltr'><strong>sermo</strong></span> <span class='ocrx_word' id='word_1_263' title='bbox 1315 1989 1330 2023; x_wconf 92' lang='lat'><strong><em>:</em></strong></span> <span class='ocrx_word' id='word_1_264' title='bbox 1351 1971 1497 2040; x_wconf 90' lang='lat' dir='ltr'><strong>quod</strong></span> <span class='ocrx_word' id='word_1_265' title='bbox 1515 1971 1772 2025; x_wconf 85' lang='lat' dir='ltr'><strong>Christus</strong></span> <span class='ocrx_word' id='word_1_266' title='bbox 1787 1974 1945 2026; x_wconf 88' lang='lat' dir='ltr'><strong>Jesus</strong></span> <span class='ocrx_word' id='word_1_267' title='bbox 1963 1973 2112 2025; x_wconf 78' lang='lat' dir='ltr'><strong>Venit</strong></span> <span class='ocrx_word' id='word_1_268' title='bbox 2127 1975 2182 2026; x_wconf 85' lang='lat' dir='ltr'><strong>in</strong></span> <span class='ocrx_word' id='word_1_269' title='bbox 2207 1975 2354 2027; x_wconf 87' lang='lat' dir='ltr'><strong>hunc</strong></span> <span class='ocrx_word' id='word_1_270' title='bbox 2374 1975 2645 2028; x_wconf 88' lang='lat' dir='ltr'><strong>mundum</strong></span> <span class='ocrx_word' id='word_1_271' title='bbox 2669 1979 2988 2044; x_wconf 84' lang='lat' dir='ltr'><strong>peccatores</strong></span> <span class='ocrx_word' id='word_1_272' title='bbox 3009 1974 3188 2026; x_wconf 80' lang='lat' dir='ltr'><strong>salvos</strong></span> <span class='ocrx_word' id='word_1_273' title='bbox 3225 1971 3428 2032; x_wconf 83' lang='lat' dir='ltr'><strong>facere,</strong></span> <span class='ocrx_word' id='word_1_274' title='bbox 3461 1967 3552 2024; x_wconf 74' lang='grc'><strong>12.</strong></span> <span class='ocrx_word' id='word_1_275' title='bbox 3579 1977 3799 2038; x_wconf 86' lang='lat' dir='ltr'><strong>quorum</strong></span> 
     </span>
    </p>
   </div>
   <div class='ocr_carea' id='block_1_21' title="bbox 541 2056 3798 2130">
    <p class='ocr_par' dir='ltr' id='par_1_21' title="bbox 541 2056 3798 2130">
     <span class='ocr_line' id='line_1_21' title="bbox 541 2056 3798 2130; baseline -0.002 -19"><span class='ocrx_word' id='word_1_276' title='bbox 541 2058 775 2128; x_wconf 82' lang='lat' dir='ltr'><strong>primus,</strong></span> <span class='ocrx_word' id='word_1_277' title='bbox 793 2063 946 2126; x_wconf 78' lang='lat' dir='ltr'><strong>pejor</strong></span> <span class='ocrx_word' id='word_1_278' title='bbox 974 2071 1077 2129; x_wconf 79' lang='lat' dir='ltr'><strong>ego</strong></span> <span class='ocrx_word' id='word_1_279' title='bbox 1093 2061 1350 2113; x_wconf 82' lang='lat' dir='ltr'><strong>sum.8ed</strong></span> <span class='ocrx_word' id='word_1_280' title='bbox 1375 2061 1498 2114; x_wconf 89' lang='lat' dir='ltr'><strong>ideo</strong></span> <span class='ocrx_word' id='word_1_281' title='bbox 1514 2063 1836 2114; x_wconf 72' lang='lat' dir='ltr'><strong>condonatt&#39;s</strong></span> <span class='ocrx_word' id='word_1_282' title='bbox 1862 2064 2002 2115; x_wconf 76' lang='lat' dir='ltr'><strong>mihi</strong></span> <span class='ocrx_word' id='word_1_283' title='bbox 2019 2065 2246 2129; x_wconf 65' lang='lat' dir='ltr'><strong>peccatis</strong></span> <span class='ocrx_word' id='word_1_284' title='bbox 2262 2077 2360 2130; x_wconf 84' lang='lat' dir='ltr'><strong>per</strong></span> <span class='ocrx_word' id='word_1_285' title='bbox 2371 2065 2531 2130; x_wconf 74' lang='lat' dir='ltr'><strong>ﬁdem</strong></span> <span class='ocrx_word' id='word_1_286' title='bbox 2560 2063 3002 2116; x_wconf 86' lang='lat' dir='ltr'><strong>misericordiam</strong></span> <span class='ocrx_word' id='word_1_287' title='bbox 3022 2065 3351 2114; x_wconf 81' lang='lat' dir='ltr'>consecutus</span> <span class='ocrx_word' id='word_1_288' title='bbox 3374 2071 3523 2124; x_wconf 89' lang='lat' dir='ltr'><strong>sum,</strong></span> <span class='ocrx_word' id='word_1_289' title='bbox 3554 2061 3618 2110; x_wconf 86' lang='lat' dir='ltr'><strong>ut</strong></span> <span class='ocrx_word' id='word_1_290' title='bbox 3642 2056 3701 2110; x_wconf 86' lang='lat' dir='ltr'><strong>in</strong></span> <span class='ocrx_word' id='word_1_291' title='bbox 3721 2067 3798 2106; x_wconf 86' lang='lat' dir='ltr'><strong>me</strong></span> 
     </span>
    </p>
   </div>
   <div class='ocr_carea' id='block_1_22' title="bbox 539 2141 3801 2220">
    <p class='ocr_par' dir='ltr' id='par_1_22' title="bbox 539 2141 3801 2220">
     <span class='ocr_line' id='line_1_22' title="bbox 539 2141 3801 2220; baseline -0.002 -20"><span class='ocrx_word' id='word_1_292' title='bbox 539 2148 742 2217; x_wconf 85' lang='lat' dir='ltr'><strong>primo,</strong></span> <span class='ocrx_word' id='word_1_293' title='bbox 778 2146 970 2215; x_wconf 70' lang='lat' dir='ltr'><strong>pejori,</strong></span> <span class='ocrx_word' id='word_1_294' title='bbox 1005 2151 1327 2203; x_wconf 85' lang='lat' dir='ltr'><strong>ostenderet</strong></span> <span class='ocrx_word' id='word_1_295' title='bbox 1358 2150 1612 2202; x_wconf 87' lang='lat' dir='ltr'><strong>Christus</strong></span> <span class='ocrx_word' id='word_1_296' title='bbox 1642 2145 1803 2204; x_wconf 83' lang='lat' dir='ltr'><strong>Jesus</strong></span> <span class='ocrx_word' id='word_1_297' title='bbox 1834 2165 2056 2203; x_wconf 87' lang='lat' dir='ltr'><strong>omnem</strong></span> <span class='ocrx_word' id='word_1_298' title='bbox 2085 2152 2415 2220; x_wconf 83' lang='lat' dir='ltr'><strong>patientiam</strong></span> <span class='ocrx_word' id='word_1_299' title='bbox 2442 2166 2611 2219; x_wconf 81' lang='lat' dir='ltr'><strong>quam</strong></span> <span class='ocrx_word' id='word_1_300' title='bbox 2636 2153 2792 2203; x_wconf 85' lang='lat' dir='ltr'><strong>habet</strong></span> <span class='ocrx_word' id='word_1_301' title='bbox 2822 2153 2884 2202; x_wconf 78' lang='lat' dir='ltr'><strong>in</strong></span> <span class='ocrx_word' id='word_1_302' title='bbox 2909 2153 3229 2216; x_wconf 71' lang='lat' dir='ltr'><strong>peccatores,</strong></span> <span class='ocrx_word' id='word_1_303' title='bbox 3261 2146 3341 2203; x_wconf 85' lang='lat' dir='ltr'><strong>i3.</strong></span> <span class='ocrx_word' id='word_1_304' title='bbox 3367 2145 3440 2199; x_wconf 82' lang='lat' dir='ltr'><strong>ad</strong></span> <span class='ocrx_word' id='word_1_305' title='bbox 3470 2141 3801 2198; x_wconf 78' lang='lat' dir='ltr'><strong>informatio‘</strong></span> 
     </span>
    </p>
   </div>
   <div class='ocr_carea' id='block_1_23' title="bbox 539 2234 3797 2308">
    <p class='ocr_par' dir='ltr' id='par_1_23' title="bbox 539 2234 3797 2308">
     <span class='ocr_line' id='line_1_23' title="bbox 539 2234 3797 2308; baseline -0.002 -20"><span class='ocrx_word' id='word_1_306' title='bbox 539 2245 668 2288; x_wconf 85' lang='lat' dir='ltr'><strong>nem</strong></span> <span class='ocrx_word' id='word_1_307' title='bbox 699 2245 894 2288; x_wconf 84' lang='lat' dir='ltr'><strong>eorum</strong></span> <span class='ocrx_word' id='word_1_308' title='bbox 925 2238 1010 2300; x_wconf 82' lang='lat' dir='ltr'><strong>(ne</strong></span> <span class='ocrx_word' id='word_1_309' title='bbox 1035 2239 1428 2306; x_wconf 76' lang='lat' dir='ltr'><strong>desperarent),</strong></span> <span class='ocrx_word' id='word_1_310' title='bbox 1465 2240 1559 2308; x_wconf 89' lang='lat' dir='ltr'><strong>qui</strong></span> <span class='ocrx_word' id='word_1_311' title='bbox 1590 2239 1858 2292; x_wconf 85' lang='lat' dir='ltr'><strong>credituri</strong></span> <span class='ocrx_word' id='word_1_312' title='bbox 1888 2245 2019 2292; x_wconf 83' lang='lat' dir='ltr'><strong>sunt</strong></span> <span class='ocrx_word' id='word_1_313' title='bbox 2043 2240 2121 2292; x_wconf 86' lang='lat' dir='ltr'><strong>illi</strong></span> <span class='ocrx_word' id='word_1_314' title='bbox 2153 2241 2209 2293; x_wconf 88' lang='lat' dir='ltr'><strong>in</strong></span> <span class='ocrx_word' id='word_1_315' title='bbox 2239 2240 2410 2292; x_wconf 81' lang='lat' dir='ltr'><strong>vitam</strong></span> <span class='ocrx_word' id='word_1_316' title='bbox 2443 2244 2801 2300; x_wconf 82' lang='lat' dir='ltr'><strong>aeternam,ut</strong></span> <span class='ocrx_word' id='word_1_317' title='bbox 2829 2240 3063 2291; x_wconf 81' lang='lat' dir='ltr'><strong>habeant</strong></span> <span class='ocrx_word' id='word_1_318' title='bbox 3087 2237 3443 2300; x_wconf 55' lang='lat' dir='ltr'><strong>illa-mimae,</strong></span> <span class='ocrx_word' id='word_1_319' title='bbox 3468 2234 3797 2303; x_wconf 74' lang='lat' dir='ltr'><strong>Regiautem</strong></span> 
     </span>
    </p>
   </div>
   <div class='ocr_carea' id='block_1_24' title="bbox 540 2323 3794 2397">
    <p class='ocr_par' dir='ltr' id='par_1_24' title="bbox 540 2323 3794 2397">
     <span class='ocr_line' id='line_1_24' title="bbox 540 2323 3794 2397; baseline -0.002 -21"><span class='ocrx_word' id='word_1_320' title='bbox 540 2325 870 2377; x_wconf 60' lang='lat' dir='ltr'><strong>seculorum</strong></span> <span class='ocrx_word' id='word_1_321' title='bbox 901 2323 1226 2388; x_wconf 80' lang='lat' dir='ltr'><strong>immortali,</strong></span> <span class='ocrx_word' id='word_1_322' title='bbox 1261 2327 1547 2390; x_wconf 84' lang='lat' dir='ltr'><strong>invisibili,</strong></span> <span class='ocrx_word' id='word_1_323' title='bbox 1581 2328 1684 2380; x_wconf 88' lang='lat' dir='ltr'><strong>soli</strong></span> <span class='ocrx_word' id='word_1_324' title='bbox 1715 2327 1848 2391; x_wconf 82' lang='lat' dir='ltr'><strong>Deo,</strong></span> <span class='ocrx_word' id='word_1_325' title='bbox 1889 2329 2066 2381; x_wconf 84' lang='lat' dir='ltr'><strong>honor</strong></span> <span class='ocrx_word' id='word_1_326' title='bbox 2089 2333 2143 2380; x_wconf 90' lang='lat' dir='ltr'><strong>et</strong></span> <span class='ocrx_word' id='word_1_327' title='bbox 2166 2329 2347 2397; x_wconf 81' lang='lat' dir='ltr'><strong>gloria</strong></span> <span class='ocrx_word' id='word_1_328' title='bbox 2377 2327 2433 2382; x_wconf 89' lang='lat' dir='ltr'><strong>in</strong></span> <span class='ocrx_word' id='word_1_329' title='bbox 2458 2330 2657 2382; x_wconf 67' lang='lat' dir='ltr'><strong>smcula</strong></span> <span class='ocrx_word' id='word_1_330' title='bbox 2689 2328 3037 2381; x_wconf 68' lang='lat' dir='ltr'><strong>smcuiorUm.</strong></span> <span class='ocrx_word' id='word_1_331' title='bbox 3088 2328 3286 2379; x_wconf 84' lang='lat' dir='ltr'><strong>Amen.</strong></span> <span class='ocrx_word' id='word_1_332' title='bbox 3328 2325 3447 2377; x_wconf 88' lang='lat' dir='ltr'><strong>Hoc</strong></span> <span class='ocrx_word' id='word_1_333' title='bbox 3473 2327 3794 2394; x_wconf 68' lang='lat' dir='ltr'><strong>pmceptum</strong></span> 
     </span>
    </p>
   </div>
   <div class='ocr_carea' id='block_1_25' title="bbox 539 2410 3791 2487">
    <p class='ocr_par' dir='ltr' id='par_1_25' title="bbox 539 2410 3791 2487">
     <span class='ocr_line' id='line_1_25' title="bbox 539 2410 3791 2487; baseline 0.001 -23"><span class='ocrx_word' id='word_1_334' title='bbox 539 2413 872 2466; x_wconf 87' lang='lat' dir='ltr'><strong>commendo</strong></span> <span class='ocrx_word' id='word_1_335' title='bbox 895 2413 1020 2473; x_wconf 86' lang='lat' dir='ltr'><strong>tibi,</strong></span> <span class='ocrx_word' id='word_1_336' title='bbox 1052 2413 1129 2466; x_wconf 87' lang='lat' dir='ltr'><strong>ﬂii</strong></span> <span class='ocrx_word' id='word_1_337' title='bbox 1160 2415 1471 2480; x_wconf 70' lang='lat' dir='ltr'><strong>Timotheo,</strong></span> <span class='ocrx_word' id='word_1_338' title='bbox 1503 2415 1584 2480; x_wconf 75' lang='lat' dir='ltr'><strong>i4,</strong></span> <span class='ocrx_word' id='word_1_339' title='bbox 1623 2416 1699 2470; x_wconf 81' lang='grc'><strong>15.</strong></span> <span class='ocrx_word' id='word_1_340' title='bbox 1735 2418 2041 2470; x_wconf 85' lang='lat' dir='ltr'><strong>secundum</strong></span> <span class='ocrx_word' id='word_1_341' title='bbox 2073 2418 2450 2487; x_wconf 64' lang='lat' dir='ltr'><strong>prazccdentes</strong></span> <span class='ocrx_word' id='word_1_342' title='bbox 2482 2419 2655 2482; x_wconf 81' lang='lat' dir='ltr'><strong>in,dc,</strong></span> <span class='ocrx_word' id='word_1_343' title='bbox 2684 2423 2740 2470; x_wconf 82' lang='lat' dir='ltr'><strong>te</strong></span> <span class='ocrx_word' id='word_1_344' title='bbox 2771 2417 3094 2487; x_wconf 81' lang='lat' dir='ltr'><strong>prophetias</strong></span> <span class='ocrx_word' id='word_1_345' title='bbox 3117 2416 3495 2483; x_wconf 75' lang='lat' dir='ltr'><strong>(prophetantc</strong></span> <span class='ocrx_word' id='word_1_346' title='bbox 3518 2413 3662 2465; x_wconf 72' lang='lat' dir='ltr'><strong>mihi</strong></span> <span class='ocrx_word' id='word_1_347' title='bbox 3679 2410 3791 2477; x_wconf 51' lang='lat' dir='ltr'><strong>Spe</strong></span> 
     </span>
    </p>
   </div>
   <div class='ocr_carea' id='block_1_26' title="bbox 538 2502 3791 2575">
    <p class='ocr_par' dir='ltr' id='par_1_26' title="bbox 538 2502 3791 2575">
     <span class='ocr_line' id='line_1_26' title="bbox 538 2502 3791 2575; baseline 0.001 -22"><span class='ocrx_word' id='word_1_348' title='bbox 538 2502 658 2553; x_wconf 70' lang='lat' dir='ltr'><strong>ritu</strong></span> <span class='ocrx_word' id='word_1_349' title='bbox 683 2506 886 2567; x_wconf 73' lang='lat' dir='ltr'><strong>sancto,</strong></span> <span class='ocrx_word' id='word_1_350' title='bbox 912 2503 993 2555; x_wconf 78' lang='lat' dir='ltr'><strong>vet</strong></span> <span class='ocrx_word' id='word_1_351' title='bbox 1018 2513 1118 2569; x_wconf 79' lang='lat' dir='ltr'><strong>per</strong></span> <span class='ocrx_word' id='word_1_352' title='bbox 1139 2505 1485 2570; x_wconf 73' lang='lat' dir='ltr'><strong>prophetiam</strong></span> <span class='ocrx_word' id='word_1_353' title='bbox 1505 2504 1750 2570; x_wconf 70' lang='lat' dir='ltr'><strong>Spiritus</strong></span> <span class='ocrx_word' id='word_1_354' title='bbox 1772 2509 1951 2557; x_wconf 78' lang='lat' dir='ltr'><strong>sancti</strong></span> <span class='ocrx_word' id='word_1_355' title='bbox 1975 2509 2169 2558; x_wconf 69' lang='lat' dir='ltr'><strong>electus</strong></span> <span class='ocrx_word' id='word_1_356' title='bbox 2199 2513 2338 2571; x_wconf 85' lang='lat' dir='ltr'><strong>erat,</strong></span> <span class='ocrx_word' id='word_1_357' title='bbox 2365 2512 2427 2559; x_wconf 79' lang='lat' dir='ltr'><strong>at</strong></span> <span class='ocrx_word' id='word_1_358' title='bbox 2451 2511 2600 2574; x_wconf 75' lang='lat' dir='ltr'><strong>ﬂeret</strong></span> <span class='ocrx_word' id='word_1_359' title='bbox 2630 2509 2908 2575; x_wconf 67' lang='lat' dir='ltr'><strong>cpiscopus</strong></span> <span class='ocrx_word' id='word_1_360' title='bbox 2929 2509 2980 2558; x_wconf 79' lang='lat' dir='ltr'><strong>et</strong></span> <span class='ocrx_word' id='word_1_361' title='bbox 3003 2509 3043 2570; x_wconf 80' lang='grc' dir='ltr'>ι</span> <span class='ocrx_word' id='word_1_362' title='bbox 3059 2508 3186 2569; x_wconf 62' lang='lat'><strong>$5</strong></span> <span class='ocrx_word' id='word_1_363' title='bbox 3214 2503 3399 2557; x_wconf 79' lang='lat' dir='ltr'><strong>doctor</strong></span> <span class='ocrx_word' id='word_1_364' title='bbox 3420 2503 3791 2556; x_wconf 69' lang='lat' dir='ltr'><strong>subditorum:</strong></span> 
     </span>
    </p>
   </div>
   <div class='ocr_carea' id='block_1_27' title="bbox 1859 2640 2450 2695">
    <p class='ocr_par' dir='ltr' id='par_1_27' title="bbox 1859 2640 2450 2695">
     <span class='ocr_line' id='line_1_27' title="bbox 1859 2640 2450 2695; baseline 0.003 -3"><span class='ocrx_word' id='word_1_365' title='bbox 1859 2640 2450 2695; x_wconf 82' lang='lat' dir='ltr'><strong>COMMENTARIUS.</strong></span> 
     </span>
    </p>
   </div>
   <div class='ocr_carea' id='block_1_28' title="bbox 607 2753 3794 2830">
    <p class='ocr_par' dir='ltr' id='par_1_28' title="bbox 607 2753 3794 2830">
     <span class='ocr_line' id='line_1_28' title="bbox 607 2753 3794 2830; baseline -0.001 -17"><span class='ocrx_word' id='word_1_366' title='bbox 607 2759 660 2813; x_wconf 78' lang='lat'><strong>2.</strong></span> <span class='ocrx_word' id='word_1_367' title='bbox 688 2761 935 2816; x_wconf 74' lang='lat' dir='ltr'><strong>Annnos.</strong></span> <span class='ocrx_word' id='word_1_368' title='bbox 969 2763 1124 2815; x_wconf 70' lang='lat' dir='ltr'><strong>Finis</strong></span> <span class='ocrx_word' id='word_1_369' title='bbox 1180 2769 1365 2815; x_wconf 76' lang='lat' dir='ltr'><strong>autem</strong></span> <span class='ocrx_word' id='word_1_370' title='bbox 1407 2766 1683 2830; x_wconf 70' lang='grc' dir='ltr'><strong>ρνίεοθρεί.</strong></span> <span class='ocrx_word' id='word_1_371' title='bbox 1723 2763 1984 2817; x_wconf 75' lang='lat' dir='ltr'><strong>Dividens</strong></span> <span class='ocrx_word' id='word_1_372' title='bbox 2033 2764 2130 2816; x_wconf 84' lang='lat' dir='ltr'><strong>illa</strong></span> <span class='ocrx_word' id='word_1_373' title='bbox 2147 2769 2247 2823; x_wconf 82' lang='lat' dir='ltr'><strong>Aa</strong></span> <span class='ocrx_word' id='word_1_374' title='bbox 2275 2765 2447 2818; x_wconf 82' lang='lat' dir='ltr'><strong>veteri</strong></span> <span class='ocrx_word' id='word_1_375' title='bbox 2469 2765 2696 2819; x_wconf 87' lang='lat' dir='ltr'><strong>homine</strong></span> <span class='ocrx_word' id='word_1_376' title='bbox 2720 2775 2833 2818; x_wconf 89' lang='lat' dir='ltr'><strong>non</strong></span> <span class='ocrx_word' id='word_1_377' title='bbox 2863 2769 2948 2817; x_wconf 83' lang='lat' dir='ltr'><strong>est</strong></span> <span class='ocrx_word' id='word_1_378' title='bbox 2978 2767 3266 2816; x_wconf 72' lang='lat' dir='ltr'><strong>mutatus:</strong></span> <span class='ocrx_word' id='word_1_379' title='bbox 3292 2777 3395 2815; x_wconf 83' lang='lat' dir='ltr'><strong>sua</strong></span> <span class='ocrx_word' id='word_1_380' title='bbox 3415 2760 3569 2814; x_wconf 87' lang='lat' dir='ltr'><strong>enim</strong></span> <span class='ocrx_word' id='word_1_381' title='bbox 3591 2757 3701 2810; x_wconf 77' lang='lat' dir='ltr'><strong>vita.</strong></span> <span class='ocrx_word' id='word_1_382' title='bbox 3725 2753 3794 2805; x_wconf 75' lang='lat' dir='ltr'><strong>vi-</strong></span> 
     </span>
    </p>
   </div>
   <div class='ocr_carea' id='block_1_29' title="bbox 539 2849 3792 2924">
    <p class='ocr_par' dir='ltr' id='par_1_29' title="bbox 539 2849 3792 2924">
     <span class='ocr_line' id='line_1_29' title="bbox 539 2849 3792 2924; baseline -0.001 -25"><span class='ocrx_word' id='word_1_383' title='bbox 539 2859 663 2916; x_wconf 63' lang='lat' dir='ltr'><strong>quos</strong></span> <span class='ocrx_word' id='word_1_384' title='bbox 692 2849 1056 2903; x_wconf 82' lang='lat' dir='ltr'><strong>conveniebat</strong></span> <span class='ocrx_word' id='word_1_385' title='bbox 1085 2849 1384 2920; x_wconf 67' lang='lat' dir='ltr'><strong>praecipere</strong></span> <span class='ocrx_word' id='word_1_386' title='bbox 1414 2851 1514 2916; x_wconf 85' lang='lat' dir='ltr'><strong>eis,</strong></span> <span class='ocrx_word' id='word_1_387' title='bbox 1549 2858 1606 2905; x_wconf 86' lang='lat' dir='ltr'><strong>et</strong></span> <span class='ocrx_word' id='word_1_388' title='bbox 1661 2867 1694 2905; x_wconf 76' lang='grc' dir='ltr'><strong>ει</strong></span> <span class='ocrx_word' id='word_1_389' title='bbox 1723 2852 1928 2921; x_wconf 80' lang='lat' dir='ltr'><strong>quibus</strong></span> <span class='ocrx_word' id='word_1_390' title='bbox 1966 2869 2026 2906; x_wconf 85' lang='lat' dir='ltr'><strong>se</strong></span> <span class='ocrx_word' id='word_1_391' title='bbox 2048 2869 2136 2906; x_wconf 87' lang='lat' dir='ltr'><strong>co-</strong></span> <span class='ocrx_word' id='word_1_392' title='bbox 2217 2854 2314 2919; x_wconf 84' lang='lat' dir='ltr'><strong>vit,</strong></span> <span class='ocrx_word' id='word_1_393' title='bbox 2347 2860 2403 2907; x_wconf 86' lang='lat' dir='ltr'><strong>et</strong></span> <span class='ocrx_word' id='word_1_394' title='bbox 2431 2854 2556 2908; x_wconf 87' lang='lat' dir='ltr'><strong>ideo</strong></span> <span class='ocrx_word' id='word_1_395' title='bbox 2587 2854 2675 2908; x_wconf 87' lang='lat' dir='ltr'><strong>lex</strong></span> <span class='ocrx_word' id='word_1_396' title='bbox 2704 2864 2876 2924; x_wconf 80' lang='lat' dir='ltr'><strong>supra</strong></span> <span class='ocrx_word' id='word_1_397' title='bbox 2906 2851 3064 2906; x_wconf 87' lang='lat' dir='ltr'><strong>illum</strong></span> <span class='ocrx_word' id='word_1_398' title='bbox 3087 2857 3199 2912; x_wconf 77' lang='lat' dir='ltr'><strong>est;</strong></span> <span class='ocrx_word' id='word_1_399' title='bbox 3231 2851 3367 2922; x_wconf 84' lang='lat' dir='ltr'><strong>quia</strong></span> <span class='ocrx_word' id='word_1_400' title='bbox 3395 2850 3493 2920; x_wconf 87' lang='lat' dir='ltr'><strong>qui</strong></span> <span class='ocrx_word' id='word_1_401' title='bbox 3524 2861 3648 2902; x_wconf 83' lang='lat' dir='ltr'><strong>eam</strong></span> <span class='ocrx_word' id='word_1_402' title='bbox 3694 2856 3792 2896; x_wconf 86' lang='lat' dir='ltr'><strong>non</strong></span> 
     </span>
    </p>
   </div>
   <div class='ocr_carea' id='block_1_30' title="bbox 537 2934 3794 3013">
    <p class='ocr_par' dir='ltr' id='par_1_30' title="bbox 537 2934 3794 3013">
     <span class='ocr_line' id='line_1_30' title="bbox 537 2934 3794 3013; baseline -0.002 -24"><span class='ocrx_word' id='word_1_403' title='bbox 537 2934 729 2990; x_wconf 75' lang='lat' dir='ltr'><strong>hibero</strong></span> <span class='ocrx_word' id='word_1_404' title='bbox 757 2938 1086 3003; x_wconf 83' lang='lat' dir='ltr'><strong>debuerant,</strong></span> <span class='ocrx_word' id='word_1_405' title='bbox 1119 2939 1304 3010; x_wconf 86' lang='lat' dir='ltr'><strong>inquit</strong></span> <span class='ocrx_word' id='word_1_406' title='bbox 1336 2957 1347 2991; x_wconf 91' lang='lat'><strong>:</strong></span> <span class='ocrx_word' id='word_1_407' title='bbox 1401 2941 1555 2993; x_wconf 74' lang='lat' dir='ltr'><strong>Finis</strong></span> <span class='ocrx_word' id='word_1_408' title='bbox 1612 2945 1874 3009; x_wconf 56' lang='lat' dir='ltr'><strong>pra-copti</strong></span> <span class='ocrx_word' id='word_1_409' title='bbox 1900 2947 1974 2995; x_wconf 72' lang='lat' dir='ltr'><strong>est</strong></span> <span class='ocrx_word' id='word_1_410' title='bbox 2004 2941 2134 2996; x_wconf 84' lang='lat' dir='ltr'><strong>cha-</strong></span> <span class='ocrx_word' id='word_1_411' title='bbox 2216 2944 2433 3013; x_wconf 86' lang='lat' dir='ltr'><strong>implet,</strong></span> <span class='ocrx_word' id='word_1_412' title='bbox 2472 2943 2620 2996; x_wconf 84' lang='lat' dir='ltr'><strong>infra</strong></span> <span class='ocrx_word' id='word_1_413' title='bbox 2675 2943 2829 2996; x_wconf 82' lang='lat' dir='ltr'><strong>illam</strong></span> <span class='ocrx_word' id='word_1_414' title='bbox 2869 2948 2982 3006; x_wconf 89' lang='lat' dir='ltr'><strong>est;</strong></span> <span class='ocrx_word' id='word_1_415' title='bbox 3018 2958 3148 2994; x_wconf 88' lang='lat' dir='ltr'><strong>nam</strong></span> <span class='ocrx_word' id='word_1_416' title='bbox 3175 2942 3328 3010; x_wconf 88' lang='lat' dir='ltr'><strong>justo</strong></span> <span class='ocrx_word' id='word_1_417' title='bbox 3371 2939 3463 2991; x_wconf 79' lang='lat' dir='ltr'><strong>lex</strong></span> <span class='ocrx_word' id='word_1_418' title='bbox 3492 2936 3672 3008; x_wconf 77' lang='lat' dir='ltr'><strong>posita</strong></span> <span class='ocrx_word' id='word_1_419' title='bbox 3693 2939 3794 2985; x_wconf 84' lang='lat' dir='ltr'><strong>non</strong></span> 
     </span>
    </p>
   </div>
   <div class='ocr_carea' id='block_1_31' title="bbox 536 3024 3791 3102">
    <p class='ocr_par' dir='ltr' id='par_1_31' title="bbox 536 3024 3791 3102">
     <span class='ocr_line' id='line_1_31' title="bbox 536 3024 3791 3102; baseline -0.001 -23"><span class='ocrx_word' id='word_1_420' title='bbox 536 3029 696 3079; x_wconf 78' lang='lat' dir='ltr'><strong>ritas.</strong></span> <span class='ocrx_word' id='word_1_421' title='bbox 2217 3039 2320 3096; x_wconf 77' lang='lat' dir='ltr'><strong>est,</strong></span> <span class='ocrx_word' id='word_1_422' title='bbox 2354 3030 2409 3084; x_wconf 88' lang='lat' dir='ltr'><strong>id</strong></span> <span class='ocrx_word' id='word_1_423' title='bbox 2440 3038 2544 3097; x_wconf 81' lang='lat' dir='ltr'><strong>est,</strong></span> <span class='ocrx_word' id='word_1_424' title='bbox 2574 3027 2856 3102; x_wconf 83' lang='lat' dir='ltr'><strong>imposita,</strong></span> <span class='ocrx_word' id='word_1_425' title='bbox 2898 3037 2962 3084; x_wconf 85' lang='lat' dir='ltr'><strong>ut</strong></span> <span class='ocrx_word' id='word_1_426' title='bbox 2986 3043 3158 3100; x_wconf 83' lang='lat' dir='ltr'><strong>supra</strong></span> <span class='ocrx_word' id='word_1_427' title='bbox 3185 3029 3342 3082; x_wconf 89' lang='lat' dir='ltr'><strong>illum</strong></span> <span class='ocrx_word' id='word_1_428' title='bbox 3367 3028 3461 3081; x_wconf 66' lang='lat' dir='ltr'><strong>sit.</strong></span> <span class='ocrx_word' id='word_1_429' title='bbox 3489 3028 3560 3082; x_wconf 79' lang='lat' dir='ltr'><strong>In</strong></span> <span class='ocrx_word' id='word_1_430' title='bbox 3601 3024 3694 3077; x_wconf 83' lang='lat' dir='ltr'><strong>illa</strong></span> <span class='ocrx_word' id='word_1_431' title='bbox 3719 3025 3791 3072; x_wconf 82' lang='lat' dir='ltr'><strong>est</strong></span> 
     </span>
    </p>
   </div>
   <div class='ocr_carea' id='block_1_32' title="bbox 605 3109 3787 3190">
    <p class='ocr_par' dir='ltr' id='par_1_32' title="bbox 605 3109 3787 3190">
     <span class='ocr_line' id='line_1_32' title="bbox 605 3109 3787 3190; baseline -0.003 -22"><span class='ocrx_word' id='word_1_432' title='bbox 605 3115 659 3168; x_wconf 77' lang='grc'>4.</span> <span class='ocrx_word' id='word_1_433' title='bbox 685 3117 932 3172; x_wconf 77' lang='lat' dir='ltr'><strong>Aunus&#39;r.</strong></span> <span class='ocrx_word' id='word_1_434' title='bbox 953 3120 1144 3186; x_wconf 80' lang='lat' dir='ltr'><strong>(Serm.</strong></span> <span class='ocrx_word' id='word_1_435' title='bbox 1171 3115 1237 3173; x_wconf 75' lang='lat'>39</span> <span class='ocrx_word' id='word_1_436' title='bbox 1259 3122 1330 3172; x_wconf 80' lang='lat' dir='ltr'><strong>De</strong></span> <span class='ocrx_word' id='word_1_437' title='bbox 1387 3125 1642 3187; x_wconf 76' lang='lat' dir='ltr'><strong>tempore,</strong></span> <span class='ocrx_word' id='word_1_438' title='bbox 1689 3125 1826 3173; x_wconf 91' lang='lat' dir='ltr'><strong>tom.</strong></span> <span class='ocrx_word' id='word_1_439' title='bbox 1859 3119 1950 3187; x_wconf 80' lang='grc' dir='ltr'><strong>Χ).</strong></span> <span class='ocrx_word' id='word_1_440' title='bbox 1979 3121 2132 3172; x_wconf 73' lang='lat' dir='ltr'><strong>Finis</strong></span> <span class='ocrx_word' id='word_1_441' title='bbox 2216 3122 2363 3174; x_wconf 87' lang='lat' dir='ltr'><strong>enim</strong></span> <span class='ocrx_word' id='word_1_442' title='bbox 2397 3121 2582 3190; x_wconf 86' lang='lat' dir='ltr'><strong>potius</strong></span> <span class='ocrx_word' id='word_1_443' title='bbox 2614 3138 2779 3190; x_wconf 87' lang='lat' dir='ltr'><strong>quam</strong></span> <span class='ocrx_word' id='word_1_444' title='bbox 2804 3120 2906 3173; x_wconf 89' lang='lat' dir='ltr'><strong>sub</strong></span> <span class='ocrx_word' id='word_1_445' title='bbox 2938 3120 3050 3184; x_wconf 89' lang='lat' dir='ltr'><strong>illa,</strong></span> <span class='ocrx_word' id='word_1_446' title='bbox 3088 3119 3220 3188; x_wconf 82' lang='lat' dir='ltr'><strong>quia</strong></span> <span class='ocrx_word' id='word_1_447' title='bbox 3247 3130 3359 3170; x_wconf 88' lang='lat' dir='ltr'><strong>non</strong></span> <span class='ocrx_word' id='word_1_448' title='bbox 3389 3129 3496 3169; x_wconf 73' lang='lat' dir='ltr'><strong>sua</strong></span> <span class='ocrx_word' id='word_1_449' title='bbox 3514 3114 3630 3167; x_wconf 77' lang='lat' dir='ltr'><strong>vita</strong></span> <span class='ocrx_word' id='word_1_450' title='bbox 3652 3109 3787 3172; x_wconf 81' lang='lat' dir='ltr'><strong>vivit;</strong></span> 
     </span>
    </p>
   </div>
   <div class='ocr_carea' id='block_1_33' title="bbox 543 3200 3784 3278">
    <p class='ocr_par' dir='ltr' id='par_1_33' title="bbox 543 3200 3784 3278">
     <span class='ocr_line' id='line_1_33' title="bbox 543 3200 3784 3278; baseline 0 -23"><span class='ocrx_word' id='word_1_451' title='bbox 543 3209 748 3256; x_wconf 84' lang='lat' dir='ltr'><strong>autem.</strong></span> <span class='ocrx_word' id='word_1_452' title='bbox 782 3205 926 3266; x_wconf 88' lang='lat' dir='ltr'><strong>Quid</strong></span> <span class='ocrx_word' id='word_1_453' title='bbox 953 3212 1038 3258; x_wconf 86' lang='lat' dir='ltr'><strong>est</strong></span> <span class='ocrx_word' id='word_1_454' title='bbox 1067 3213 1254 3259; x_wconf 89' lang='lat' dir='ltr'><strong>autem</strong></span> <span class='ocrx_word' id='word_1_455' title='bbox 1277 3208 1536 3278; x_wconf 70' lang='lat' dir='ltr'><strong>prazcepti</strong></span> <span class='ocrx_word' id='word_1_456' title='bbox 1560 3209 1704 3266; x_wconf 80' lang='lat' dir='ltr'><strong>linis.</strong></span> <span class='ocrx_word' id='word_1_457' title='bbox 1741 3209 1846 3262; x_wconf 86' lang='lat' dir='ltr'><strong>nisi</strong></span> <span class='ocrx_word' id='word_1_458' title='bbox 1868 3207 2132 3278; x_wconf 64' lang='lat' dir='ltr'><strong>praecepti</strong></span> <span class='ocrx_word' id='word_1_459' title='bbox 2215 3207 2302 3263; x_wconf 90' lang='lat' dir='ltr'><strong>cui</strong></span> <span class='ocrx_word' id='word_1_460' title='bbox 2331 3210 2658 3263; x_wconf 66' lang='lat' dir='ltr'><strong>cohaerentia</strong></span> <span class='ocrx_word' id='word_1_461' title='bbox 2689 3210 2775 3262; x_wconf 83' lang='lat' dir='ltr'><strong>lex</strong></span> <span class='ocrx_word' id='word_1_462' title='bbox 2807 3209 3148 3278; x_wconf 82' lang='lat' dir='ltr'><strong>imponitur;</strong></span> <span class='ocrx_word' id='word_1_463' title='bbox 3179 3212 3243 3259; x_wconf 84' lang='lat' dir='ltr'><strong>ut</strong></span> <span class='ocrx_word' id='word_1_464' title='bbox 3292 3206 3442 3259; x_wconf 85' lang='lat' dir='ltr'><strong>enim</strong></span> <span class='ocrx_word' id='word_1_465' title='bbox 3492 3205 3572 3258; x_wconf 87' lang='lat' dir='ltr'><strong>sic</strong></span> <span class='ocrx_word' id='word_1_466' title='bbox 3602 3200 3784 3256; x_wconf 71' lang='lat' dir='ltr'><strong>dicam.</strong></span> 
     </span>
    </p>
   </div>
   <div class='ocr_carea' id='block_1_34' title="bbox 537 3285 3788 3367">
    <p class='ocr_par' dir='ltr' id='par_1_34' title="bbox 537 3285 3788 3367">
     <span class='ocr_line' id='line_1_34' title="bbox 537 3285 3788 3367; baseline -0.001 -25"><span class='ocrx_word' id='word_1_467' title='bbox 537 3290 906 3360; x_wconf 82' lang='lat' dir='ltr'><strong>adimpletio?</strong></span> <span class='ocrx_word' id='word_1_468' title='bbox 936 3294 1004 3346; x_wconf 87' lang='lat' dir='ltr'><strong>Et</strong></span> <span class='ocrx_word' id='word_1_469' title='bbox 1032 3295 1167 3364; x_wconf 87' lang='lat' dir='ltr'><strong>quid</strong></span> <span class='ocrx_word' id='word_1_470' title='bbox 1214 3301 1299 3348; x_wconf 82' lang='lat' dir='ltr'><strong>est</strong></span> <span class='ocrx_word' id='word_1_471' title='bbox 1343 3297 1602 3366; x_wconf 69' lang='lat' dir='ltr'><strong>praecepti</strong></span> <span class='ocrx_word' id='word_1_472' title='bbox 1646 3297 1991 3366; x_wconf 87' lang='lat' dir='ltr'><strong>adimpletio,</strong></span> <span class='ocrx_word' id='word_1_473' title='bbox 2021 3297 2126 3350; x_wconf 86' lang='lat' dir='ltr'><strong>nisi</strong></span> <span class='ocrx_word' id='word_1_474' title='bbox 2211 3297 2389 3366; x_wconf 82' lang='lat' dir='ltr'><strong>ipsam</strong></span> <span class='ocrx_word' id='word_1_475' title='bbox 2419 3297 2832 3367; x_wconf 82' lang='lat' dir='ltr'><strong>quodammodo</strong></span> <span class='ocrx_word' id='word_1_476' title='bbox 2871 3297 3053 3367; x_wconf 82' lang='lat' dir='ltr'><strong>legem</strong></span> <span class='ocrx_word' id='word_1_477' title='bbox 3079 3295 3232 3362; x_wconf 80' lang='lat' dir='ltr'><strong>vivit,</strong></span> <span class='ocrx_word' id='word_1_478' title='bbox 3267 3294 3362 3364; x_wconf 85' lang='lat' dir='ltr'><strong>qui</strong></span> <span class='ocrx_word' id='word_1_479' title='bbox 3397 3310 3532 3347; x_wconf 82' lang='lat' dir='ltr'><strong>cum</strong></span> <span class='ocrx_word' id='word_1_480' title='bbox 3561 3285 3788 3343; x_wconf 52' lang='lat' dir='ltr'><strong>dilectiod</strong></span> 
     </span>
    </p>
   </div>
   <div class='ocr_carea' id='block_1_35' title="bbox 535 3377 2880 3456">
    <p class='ocr_par' dir='ltr' id='par_1_35' title="bbox 535 3377 2880 3456">
     <span class='ocr_line' id='line_1_35' title="bbox 535 3377 2880 3456; baseline 0.003 -27"><span class='ocrx_word' id='word_1_481' title='bbox 535 3377 678 3447; x_wconf 77' lang='lat' dir='ltr'><strong>legis</strong></span> <span class='ocrx_word' id='word_1_482' title='bbox 712 3380 1031 3450; x_wconf 81' lang='lat' dir='ltr'><strong>plenitudo?</strong></span> <span class='ocrx_word' id='word_1_483' title='bbox 1061 3384 1219 3446; x_wconf 86' lang='lat' dir='ltr'><strong>Quod</strong></span> <span class='ocrx_word' id='word_1_484' title='bbox 1243 3384 1641 3453; x_wconf 77' lang='lat' dir='ltr'><strong>ergoibidixit:</strong></span> <span class='ocrx_word' id='word_1_485' title='bbox 1682 3388 1971 3438; x_wconf 74' lang='lat' dir='ltr'><strong>Plenitudo</strong></span> <span class='ocrx_word' id='word_1_486' title='bbox 1997 3385 2127 3452; x_wconf 74' lang='lat' dir='ltr'><strong>legis</strong></span> <span class='ocrx_word' id='word_1_487' title='bbox 2211 3397 2280 3439; x_wconf 82' lang='lat' dir='ltr'><strong>ne</strong></span> <span class='ocrx_word' id='word_1_488' title='bbox 2301 3386 2534 3456; x_wconf 72' lang='lat' dir='ltr'><strong>justitiua</strong></span> <span class='ocrx_word' id='word_1_489' title='bbox 2557 3388 2708 3455; x_wconf 80' lang='lat' dir='ltr'><strong>justo</strong></span> <span class='ocrx_word' id='word_1_490' title='bbox 2727 3386 2880 3438; x_wconf 81' lang='lat' dir='ltr'><strong>vivit.</strong></span> 
     </span>
    </p>
   </div>
   <div class='ocr_carea' id='block_1_36' title="bbox 535 3468 3788 3543">
    <p class='ocr_par' dir='ltr' id='par_1_36' title="bbox 535 3468 3788 3543">
     <span class='ocr_line' id='line_1_36' title="bbox 535 3468 3788 3543; baseline -0.002 -23"><span class='ocrx_word' id='word_1_491' title='bbox 535 3468 798 3530; x_wconf 72' lang='lat' dir='ltr'><strong>chart&#39;tas.</strong></span> <span class='ocrx_word' id='word_1_492' title='bbox 854 3469 959 3523; x_wconf 91' lang='lat' dir='ltr'><strong>hoc</strong></span> <span class='ocrx_word' id='word_1_493' title='bbox 997 3472 1168 3524; x_wconf 85' lang='lat' dir='ltr'><strong>etiam</strong></span> <span class='ocrx_word' id='word_1_494' title='bbox 1212 3473 1303 3526; x_wconf 89' lang='lat' dir='ltr'><strong>hic</strong></span> <span class='ocrx_word' id='word_1_495' title='bbox 1348 3472 1489 3527; x_wconf 76' lang='lat' dir='ltr'><strong>dixit</strong></span> <span class='ocrx_word' id='word_1_496' title='bbox 1524 3493 1535 3527; x_wconf 87' lang='lat'><strong>:</strong></span> <span class='ocrx_word' id='word_1_497' title='bbox 1585 3476 1734 3528; x_wconf 75' lang='lat' dir='ltr'><strong>Finis</strong></span> <span class='ocrx_word' id='word_1_498' title='bbox 1773 3477 2026 3543; x_wconf 67' lang='lat' dir='ltr'><strong>praecepti?</strong></span> <span class='ocrx_word' id='word_1_499' title='bbox 2054 3473 2128 3527; x_wconf 74' lang='lat' dir='ltr'><strong>est</strong></span> <span class='ocrx_word' id='word_1_500' title='bbox 2288 3473 2368 3531; x_wconf 80' lang='lat'><strong>10.</strong></span> <span class='ocrx_word' id='word_1_501' title='bbox 2392 3476 2598 3528; x_wconf 63' lang='lat' dir='ltr'><strong>Lmen.</strong></span> <span class='ocrx_word' id='word_1_502' title='bbox 2633 3478 2950 3542; x_wconf 72' lang='lat' dir='ltr'><strong>Ptagtariz‘s.</strong></span> <span class='ocrx_word' id='word_1_503' title='bbox 2988 3473 3253 3543; x_wconf 81' lang='lat' dir='ltr'><strong>Plagiarii</strong></span> <span class='ocrx_word' id='word_1_504' title='bbox 3281 3478 3416 3525; x_wconf 85' lang='lat' dir='ltr'><strong>sunt</strong></span> <span class='ocrx_word' id='word_1_505' title='bbox 3451 3473 3594 3525; x_wconf 88' lang='lat' dir='ltr'><strong>clam</strong></span> <span class='ocrx_word' id='word_1_506' title='bbox 3624 3474 3788 3520; x_wconf 79' lang='lat' dir='ltr'><strong>trans-</strong></span> 
     </span>
    </p>
   </div>
   <div class='ocr_carea' id='block_1_37' title="bbox 534 3555 3788 3633">
    <p class='ocr_par' dir='ltr' id='par_1_37' title="bbox 534 3555 3788 3633">
     <span class='ocr_line' id='line_1_37' title="bbox 534 3555 3788 3633; baseline -0.004 -16"><span class='ocrx_word' id='word_1_507' title='bbox 534 3555 800 3612; x_wconf 64' lang='grc' dir='ltr'><strong>ολανέιαει</strong></span> <span class='ocrx_word' id='word_1_508' title='bbox 2208 3565 2452 3618; x_wconf 84' lang='lat' dir='ltr'><strong>ferentes</strong></span> <span class='ocrx_word' id='word_1_509' title='bbox 2480 3563 2741 3617; x_wconf 87' lang='lat' dir='ltr'><strong>homines</strong></span> <span class='ocrx_word' id='word_1_510' title='bbox 2771 3564 2839 3617; x_wconf 90' lang='lat' dir='ltr'><strong>de</strong></span> <span class='ocrx_word' id='word_1_511' title='bbox 2861 3563 3046 3633; x_wconf 88' lang='lat' dir='ltr'><strong>patria</strong></span> <span class='ocrx_word' id='word_1_512' title='bbox 3074 3563 3131 3616; x_wconf 92' lang='lat' dir='ltr'><strong>in</strong></span> <span class='ocrx_word' id='word_1_513' title='bbox 3177 3561 3438 3633; x_wconf 85' lang='lat' dir='ltr'><strong>patriam,</strong></span> <span class='ocrx_word' id='word_1_514' title='bbox 3483 3565 3539 3614; x_wconf 84' lang='lat' dir='ltr'><strong>et</strong></span> <span class='ocrx_word' id='word_1_515' title='bbox 3569 3555 3788 3610; x_wconf 80' lang='lat' dir='ltr'><strong>venden-</strong></span> 
     </span>
    </p>
   </div>
   <div class='ocr_carea' id='block_1_38' title="bbox 607 3645 2312 3721">
    <p class='ocr_par' dir='ltr' id='par_1_38' title="bbox 607 3645 2312 3721">
     <span class='ocr_line' id='line_1_38' title="bbox 607 3645 2312 3721; baseline 0.005 -22"><span class='ocrx_word' id='word_1_516' title='bbox 607 3645 656 3699; x_wconf 87' lang='grc'><strong>5.</strong></span> <span class='ocrx_word' id='word_1_517' title='bbox 692 3646 892 3700; x_wconf 74' lang='lat' dir='ltr'><strong>LANFR.</strong></span> <span class='ocrx_word' id='word_1_518' title='bbox 926 3649 1079 3702; x_wconf 75' lang='lat' dir='ltr'><strong>Finis</strong></span> <span class='ocrx_word' id='word_1_519' title='bbox 1100 3655 1286 3702; x_wconf 83' lang='lat' dir='ltr'><strong>autem</strong></span> <span class='ocrx_word' id='word_1_520' title='bbox 1317 3654 1585 3718; x_wconf 73' lang='lat' dir='ltr'><strong>pra&#39;ceptz&#39;.</strong></span> <span class='ocrx_word' id='word_1_521' title='bbox 1613 3651 1901 3721; x_wconf 65' lang='lat' dir='ltr'><strong>Praecepti,</strong></span> <span class='ocrx_word' id='word_1_522' title='bbox 1934 3651 1988 3703; x_wconf 86' lang='lat' dir='ltr'><strong>id</strong></span> <span class='ocrx_word' id='word_1_523' title='bbox 2021 3655 2122 3715; x_wconf 84' lang='lat' dir='ltr'><strong>est,</strong></span> <span class='ocrx_word' id='word_1_524' title='bbox 2208 3658 2312 3706; x_wconf 72' lang='lat' dir='ltr'><strong>tes.</strong></span> 
     </span>
    </p>
   </div>
   <div class='ocr_carea' id='block_1_39' title="bbox 532 3730 3784 3808">
    <p class='ocr_par' dir='ltr' id='par_1_39' title="bbox 532 3730 3784 3808">
     <span class='ocr_line' id='line_1_39' title="bbox 532 3730 3784 3808; baseline -0.001 -20"><span class='ocrx_word' id='word_1_525' title='bbox 532 3742 956 3806; x_wconf 70' lang='lat' dir='ltr'><strong>praeceptorum,</strong></span> <span class='ocrx_word' id='word_1_526' title='bbox 997 3754 1234 3808; x_wconf 89' lang='lat' dir='ltr'><strong>quorum</strong></span> <span class='ocrx_word' id='word_1_527' title='bbox 1267 3740 1394 3792; x_wconf 85' lang='lat' dir='ltr'><strong>ﬁnis</strong></span> <span class='ocrx_word' id='word_1_528' title='bbox 1425 3746 1511 3792; x_wconf 90' lang='lat' dir='ltr'><strong>est</strong></span> <span class='ocrx_word' id='word_1_529' title='bbox 1537 3740 1797 3794; x_wconf 78' lang='lat' dir='ltr'><strong>Charitas.</strong></span> <span class='ocrx_word' id='word_1_530' title='bbox 1831 3740 1887 3792; x_wconf 92' lang='lat' dir='ltr'><strong>id</strong></span> <span class='ocrx_word' id='word_1_531' title='bbox 1914 3745 2016 3804; x_wconf 85' lang='lat' dir='ltr'><strong>est,</strong></span> <span class='ocrx_word' id='word_1_532' title='bbox 2047 3739 2128 3792; x_wconf 81' lang='lat' dir='ltr'><strong>di-</strong></span> <span class='ocrx_word' id='word_1_533' title='bbox 2279 3744 2368 3796; x_wconf 83' lang='grc'>11.</span> <span class='ocrx_word' id='word_1_534' title='bbox 2403 3738 2648 3796; x_wconf 69' lang='lat' dir='ltr'><strong>AMBROS.</strong></span> <span class='ocrx_word' id='word_1_535' title='bbox 2691 3740 3003 3795; x_wconf 78' lang='lat' dir='ltr'><strong>Secundum</strong></span> <span class='ocrx_word' id='word_1_536' title='bbox 3049 3741 3428 3808; x_wconf 75' lang='lat' dir='ltr'><strong>Evangelium.</strong></span> <span class='ocrx_word' id='word_1_537' title='bbox 3450 3740 3587 3803; x_wconf 77' lang='lat' dir='ltr'><strong>Quae</strong></span> <span class='ocrx_word' id='word_1_538' title='bbox 3606 3734 3674 3788; x_wconf 83' lang='lat' dir='ltr'><strong>ab</strong></span> <span class='ocrx_word' id='word_1_539' title='bbox 3700 3730 3784 3785; x_wconf 86' lang='lat' dir='ltr'><strong>illo</strong></span> 
     </span>
    </p>
   </div>
   <div class='ocr_carea' id='block_1_40' title="bbox 532 3818 3784 3898">
    <p class='ocr_par' dir='ltr' id='par_1_40' title="bbox 532 3818 3784 3898">
     <span class='ocr_line' id='line_1_40' title="bbox 532 3818 3784 3898; baseline -0.001 -22"><span class='ocrx_word' id='word_1_540' title='bbox 532 3823 694 3878; x_wconf 86' lang='lat' dir='ltr'><strong>lectio</strong></span> <span class='ocrx_word' id='word_1_541' title='bbox 716 3825 816 3878; x_wconf 90' lang='lat' dir='ltr'><strong>Dei</strong></span> <span class='ocrx_word' id='word_1_542' title='bbox 871 3833 927 3880; x_wconf 89' lang='lat' dir='ltr'><strong>et</strong></span> <span class='ocrx_word' id='word_1_543' title='bbox 962 3827 1215 3896; x_wconf 86' lang='lat' dir='ltr'><strong>proximi.</strong></span> <span class='ocrx_word' id='word_1_544' title='bbox 1251 3827 1408 3880; x_wconf 87' lang='lat' dir='ltr'><strong>Sicut</strong></span> <span class='ocrx_word' id='word_1_545' title='bbox 1455 3827 1510 3880; x_wconf 90' lang='lat' dir='ltr'><strong>in</strong></span> <span class='ocrx_word' id='word_1_546' title='bbox 1565 3829 1864 3898; x_wconf 81' lang='lat' dir='ltr'><strong>Evangelio</strong></span> <span class='ocrx_word' id='word_1_547' title='bbox 1900 3847 1910 3880; x_wconf 88' lang='lat'><strong>:</strong></span> <span class='ocrx_word' id='word_1_548' title='bbox 1946 3830 2011 3880; x_wconf 87' lang='lat' dir='ltr'><strong>In.</strong></span> <span class='ocrx_word' id='word_1_549' title='bbox 2042 3829 2126 3880; x_wconf 77' lang='lat' dir='ltr'><strong>his</strong></span> <span class='ocrx_word' id='word_1_550' title='bbox 2208 3831 2368 3884; x_wconf 90' lang='lat' dir='ltr'><strong>nobis</strong></span> <span class='ocrx_word' id='word_1_551' title='bbox 2387 3830 2673 3894; x_wconf 86' lang='lat' dir='ltr'><strong>tribuitur,</strong></span> <span class='ocrx_word' id='word_1_552' title='bbox 2708 3837 2765 3883; x_wconf 88' lang='lat' dir='ltr'><strong>et</strong></span> <span class='ocrx_word' id='word_1_553' title='bbox 2783 3829 3007 3884; x_wconf 86' lang='lat' dir='ltr'><strong>beatum</strong></span> <span class='ocrx_word' id='word_1_554' title='bbox 3039 3831 3174 3884; x_wconf 89' lang='lat' dir='ltr'><strong>dicit</strong></span> <span class='ocrx_word' id='word_1_555' title='bbox 3218 3847 3282 3883; x_wconf 90' lang='lat' dir='ltr'><strong>eo</strong></span> <span class='ocrx_word' id='word_1_556' title='bbox 3332 3829 3481 3898; x_wconf 92' lang='lat' dir='ltr'><strong>quod</strong></span> <span class='ocrx_word' id='word_1_557' title='bbox 3505 3818 3784 3881; x_wconf 87' lang='lat' dir='ltr'><strong>beatitudi-</strong></span> 
     </span>
    </p>
   </div>
   <div class='ocr_carea' id='block_1_41' title="bbox 529 3914 3780 3987">
    <p class='ocr_par' dir='ltr' id='par_1_41' title="bbox 529 3914 3780 3987">
     <span class='ocr_line' id='line_1_41' title="bbox 529 3914 3780 3987; baseline -0.001 -23"><span class='ocrx_word' id='word_1_558' title='bbox 529 3914 738 3966; x_wconf 82' lang='lat' dir='ltr'><strong>duobus</strong></span> <span class='ocrx_word' id='word_1_559' title='bbox 771 3918 1055 3968; x_wconf 74' lang='lat' dir='ltr'><strong>mandatis</strong></span> <span class='ocrx_word' id='word_1_560' title='bbox 1079 3921 1189 3969; x_wconf 78' lang='lat' dir='ltr'><strong>tota</strong></span> <span class='ocrx_word' id='word_1_561' title='bbox 1212 3920 1298 3969; x_wconf 63' lang='lat' dir='ltr'><strong>(es</strong></span> <span class='ocrx_word' id='word_1_562' title='bbox 1325 3919 1519 3983; x_wconf 66' lang='lat' dir='ltr'><strong>pendet</strong></span> <span class='ocrx_word' id='word_1_563' title='bbox 1547 3921 1592 3968; x_wconf 85' lang='lat' dir='ltr'><strong>ct</strong></span> <span class='ocrx_word' id='word_1_564' title='bbox 1616 3919 1910 3984; x_wconf 68' lang='lat' dir='ltr'><strong>prophetae.</strong></span> <span class='ocrx_word' id='word_1_565' title='bbox 2207 3922 2336 3972; x_wconf 84' lang='lat' dir='ltr'><strong>nem</strong></span> <span class='ocrx_word' id='word_1_566' title='bbox 2365 3920 2421 3972; x_wconf 91' lang='lat' dir='ltr'><strong>in</strong></span> <span class='ocrx_word' id='word_1_567' title='bbox 2446 3923 2648 3973; x_wconf 84' lang='lat' dir='ltr'><strong>natura</strong></span> <span class='ocrx_word' id='word_1_568' title='bbox 2676 3918 3413 3973; x_wconf 82' lang='lat' dir='ltr'><strong>habeatimmutabiiitatem</strong></span> <span class='ocrx_word' id='word_1_569' title='bbox 3431 3917 3592 3987; x_wconf 81' lang='lat' dir='ltr'><strong>[f.,in</strong></span> <span class='ocrx_word' id='word_1_570' title='bbox 3616 3915 3780 3966; x_wconf 74' lang='lat' dir='ltr'><strong>mum-</strong></span> 
     </span>
    </p>
   </div>
   <div class='ocr_carea' id='block_1_42' title="bbox 602 4001 2467 4080">
    <p class='ocr_par' dir='ltr' id='par_1_42' title="bbox 602 4001 2467 4080">
     <span class='ocr_line' id='line_1_42' title="bbox 602 4001 2467 4080; baseline 0.003 -26"><span class='ocrx_word' id='word_1_571' title='bbox 602 4001 654 4054; x_wconf 84' lang='lat'><strong>6.</strong></span> <span class='ocrx_word' id='word_1_572' title='bbox 679 4003 931 4057; x_wconf 86' lang='lat' dir='ltr'><strong>AUGUST.</strong></span> <span class='ocrx_word' id='word_1_573' title='bbox 961 4003 1116 4069; x_wconf 84' lang='lat' dir='ltr'><strong>(iib.I</strong></span> <span class='ocrx_word' id='word_1_574' title='bbox 1147 4004 1217 4057; x_wconf 83' lang='lat' dir='ltr'><strong>De</strong></span> <span class='ocrx_word' id='word_1_575' title='bbox 1234 4006 1367 4057; x_wconf 82' lang='lat' dir='ltr'><strong>doct.</strong></span> <span class='ocrx_word' id='word_1_576' title='bbox 1387 4005 1536 4066; x_wconf 85' lang='lat' dir='ltr'><strong>Chr.,</strong></span> <span class='ocrx_word' id='word_1_577' title='bbox 1561 4021 1679 4074; x_wconf 86' lang='lat' dir='ltr'><strong>cap.</strong></span> <span class='ocrx_word' id='word_1_578' title='bbox 1704 4003 1792 4069; x_wconf 81' lang='lat'><strong>40,</strong></span> <span class='ocrx_word' id='word_1_579' title='bbox 1825 4010 1960 4056; x_wconf 92' lang='lat' dir='ltr'><strong>tom.</strong></span> <span class='ocrx_word' id='word_1_580' title='bbox 1995 4005 2116 4073; x_wconf 90' lang='lat' dir='ltr'><strong>III).</strong></span> <span class='ocrx_word' id='word_1_581' title='bbox 2142 4007 2467 4080; x_wconf 85' lang='lat' dir='ltr'><strong>Bbilitatc].</strong></span> 
     </span>
    </p>
   </div>
   <div class='ocr_carea' id='block_1_43' title="bbox 531 4082 3775 4164">
    <p class='ocr_par' dir='ltr' id='par_1_43' title="bbox 531 4082 3775 4164">
     <span class='ocr_line' id='line_1_43' title="bbox 531 4082 3775 4164; baseline 0.002 -21"><span class='ocrx_word' id='word_1_582' title='bbox 531 4089 791 4143; x_wconf 72' lang='lat' dir='ltr'><strong>Charitas</strong></span> <span class='ocrx_word' id='word_1_583' title='bbox 827 4089 890 4143; x_wconf 82' lang='lat' dir='ltr'><strong>de</strong></span> <span class='ocrx_word' id='word_1_584' title='bbox 932 4087 1109 4144; x_wconf 79' lang='lat' dir='ltr'><strong>corde.</strong></span> <span class='ocrx_word' id='word_1_585' title='bbox 1136 4087 1275 4145; x_wconf 88' lang='lat' dir='ltr'><strong>Cum</strong></span> <span class='ocrx_word' id='word_1_586' title='bbox 1309 4091 1458 4144; x_wconf 83' lang='lat' dir='ltr'><strong>enim</strong></span> <span class='ocrx_word' id='word_1_587' title='bbox 1487 4093 1698 4145; x_wconf 86' lang='lat' dir='ltr'><strong>diceret</strong></span> <span class='ocrx_word' id='word_1_588' title='bbox 1721 4092 1980 4158; x_wconf 74' lang='lat' dir='ltr'><strong>Charitas,</strong></span> <span class='ocrx_word' id='word_1_589' title='bbox 2023 4094 2123 4146; x_wconf 79' lang='lat' dir='ltr'><strong>ad-</strong></span> <span class='ocrx_word' id='word_1_590' title='bbox 2283 4093 2366 4153; x_wconf 66' lang='lat'><strong>12.</strong></span> <span class='ocrx_word' id='word_1_591' title='bbox 2400 4101 2646 4152; x_wconf 68' lang='lat' dir='ltr'><strong>Aouusr.</strong></span> <span class='ocrx_word' id='word_1_592' title='bbox 2707 4103 2896 4152; x_wconf 72' lang='lat' dir='ltr'><strong>(serm.</strong></span> <span class='ocrx_word' id='word_1_593' title='bbox 2948 4091 2982 4153; x_wconf 77' lang='lat'>9</span> <span class='ocrx_word' id='word_1_594' title='bbox 3019 4100 3092 4151; x_wconf 84' lang='lat' dir='ltr'><strong>De</strong></span> <span class='ocrx_word' id='word_1_595' title='bbox 3146 4097 3289 4150; x_wconf 79' lang='lat' dir='ltr'><strong>verb.</strong></span> <span class='ocrx_word' id='word_1_596' title='bbox 3341 4093 3552 4164; x_wconf 52' lang='lat' dir='ltr'><strong>Apost,</strong></span> <span class='ocrx_word' id='word_1_597' title='bbox 3583 4107 3700 4160; x_wconf 86' lang='lat' dir='ltr'><strong>cap.</strong></span> <span class='ocrx_word' id='word_1_598' title='bbox 3727 4082 3775 4148; x_wconf 74' lang='grc'>6,</span> 
     </span>
    </p>
   </div>
   <div class='ocr_carea' id='block_1_44' title="bbox 527 4175 3774 4257">
    <p class='ocr_par' dir='ltr' id='par_1_44' title="bbox 527 4175 3774 4257">
     <span class='ocr_line' id='line_1_44' title="bbox 527 4175 3774 4257; baseline 0.001 -29"><span class='ocrx_word' id='word_1_599' title='bbox 527 4175 672 4229; x_wconf 89' lang='lat' dir='ltr'><strong>didit</strong></span> <span class='ocrx_word' id='word_1_600' title='bbox 699 4177 766 4230; x_wconf 92' lang='lat' dir='ltr'><strong>de</strong></span> <span class='ocrx_word' id='word_1_601' title='bbox 798 4180 964 4232; x_wconf 90' lang='lat' dir='ltr'><strong>corde</strong></span> <span class='ocrx_word' id='word_1_602' title='bbox 1001 4196 1160 4248; x_wconf 88' lang='lat' dir='ltr'><strong>puro,</strong></span> <span class='ocrx_word' id='word_1_603' title='bbox 1210 4187 1274 4234; x_wconf 89' lang='lat' dir='ltr'><strong>ut</strong></span> <span class='ocrx_word' id='word_1_604' title='bbox 1302 4181 1440 4234; x_wconf 86' lang='lat' dir='ltr'><strong>nihil</strong></span> <span class='ocrx_word' id='word_1_605' title='bbox 1494 4181 1642 4234; x_wconf 88' lang='lat' dir='ltr'><strong>aliud</strong></span> <span class='ocrx_word' id='word_1_606' title='bbox 1679 4199 1846 4251; x_wconf 83' lang='lat' dir='ltr'><strong>quam</strong></span> <span class='ocrx_word' id='word_1_607' title='bbox 1887 4182 1944 4235; x_wconf 90' lang='lat' dir='ltr'><strong>id</strong></span> <span class='ocrx_word' id='word_1_608' title='bbox 1973 4183 2122 4252; x_wconf 87' lang='lat' dir='ltr'><strong>quod</strong></span> <span class='ocrx_word' id='word_1_609' title='bbox 2205 4192 2340 4240; x_wconf 88' lang='lat' dir='ltr'><strong>tom.</strong></span> <span class='ocrx_word' id='word_1_610' title='bbox 2371 4188 2467 4251; x_wconf 83' lang='lat' dir='ltr'><strong>X).</strong></span> <span class='ocrx_word' id='word_1_611' title='bbox 2499 4189 2745 4254; x_wconf 77' lang='lat' dir='ltr'><strong>Quorum</strong></span> <span class='ocrx_word' id='word_1_612' title='bbox 2788 4191 3033 4256; x_wconf 78' lang='lat' dir='ltr'><strong>primus.</strong></span> <span class='ocrx_word' id='word_1_613' title='bbox 3083 4187 3383 4257; x_wconf 81' lang='lat' dir='ltr'><strong>Apostolus</strong></span> <span class='ocrx_word' id='word_1_614' title='bbox 3435 4180 3774 4238; x_wconf 65' lang='lat' dir='ltr'><strong>novissima-&lt;5.</strong></span> 
     </span>
    </p>
   </div>
   <div class='ocr_carea' id='block_1_45' title="bbox 527 4261 3778 4346">
    <p class='ocr_par' dir='ltr' id='par_1_45' title="bbox 527 4261 3778 4346">
     <span class='ocr_line' id='line_1_45' title="bbox 527 4261 3778 4346; baseline 0 -29"><span class='ocrx_word' id='word_1_615' title='bbox 527 4264 876 4334; x_wconf 87' lang='lat' dir='ltr'><strong>diligendum</strong></span> <span class='ocrx_word' id='word_1_616' title='bbox 907 4274 994 4320; x_wconf 87' lang='lat' dir='ltr'><strong>est</strong></span> <span class='ocrx_word' id='word_1_617' title='bbox 1013 4268 1297 4338; x_wconf 83' lang='lat' dir='ltr'><strong>diligatur.</strong></span> <span class='ocrx_word' id='word_1_618' title='bbox 1334 4267 1745 4323; x_wconf 87' lang='lat' dir='ltr'><strong>Conscientiam</strong></span> <span class='ocrx_word' id='word_1_619' title='bbox 1777 4287 1904 4323; x_wconf 86' lang='lat' dir='ltr'><strong>vero</strong></span> <span class='ocrx_word' id='word_1_620' title='bbox 1917 4270 2119 4324; x_wconf 86' lang='lat' dir='ltr'><strong>bonam</strong></span> <span class='ocrx_word' id='word_1_621' title='bbox 2204 4281 2463 4344; x_wconf 84' lang='lat' dir='ltr'><strong>peccator</strong></span> <span class='ocrx_word' id='word_1_622' title='bbox 2484 4277 2717 4346; x_wconf 89' lang='lat' dir='ltr'><strong>primus.</strong></span> <span class='ocrx_word' id='word_1_623' title='bbox 2743 4277 2810 4329; x_wconf 87' lang='lat' dir='ltr'><strong>Et</strong></span> <span class='ocrx_word' id='word_1_624' title='bbox 2843 4276 2932 4330; x_wconf 89' lang='lat' dir='ltr'><strong>hic</strong></span> <span class='ocrx_word' id='word_1_625' title='bbox 2950 4276 3226 4346; x_wconf 89' lang='lat' dir='ltr'><strong>quomodo</strong></span> <span class='ocrx_word' id='word_1_626' title='bbox 3260 4275 3473 4345; x_wconf 88' lang='lat' dir='ltr'><strong>primus</strong></span> <span class='ocrx_word' id='word_1_627' title='bbox 3496 4261 3778 4343; x_wconf 81' lang='lat' dir='ltr'><strong>peccator?</strong></span> 
     </span>
    </p>
   </div>
   <div class='ocr_carea' id='block_1_46' title="bbox 528 4352 3773 4432">
    <p class='ocr_par' dir='ltr' id='par_1_46' title="bbox 528 4352 3773 4432">
     <span class='ocr_line' id='line_1_46' title="bbox 528 4352 3773 4432; baseline 0.002 -25"><span class='ocrx_word' id='word_1_628' title='bbox 528 4352 817 4424; x_wconf 83' lang='lat' dir='ltr'><strong>subjungit</strong></span> <span class='ocrx_word' id='word_1_629' title='bbox 841 4363 1070 4426; x_wconf 80' lang='lat' dir='ltr'><strong>propter</strong></span> <span class='ocrx_word' id='word_1_630' title='bbox 1122 4375 1297 4428; x_wconf 87' lang='lat' dir='ltr'><strong>spem.</strong></span> <span class='ocrx_word' id='word_1_631' title='bbox 1358 4359 1457 4412; x_wconf 90' lang='lat' dir='ltr'><strong>Ille</strong></span> <span class='ocrx_word' id='word_1_632' title='bbox 1494 4359 1640 4411; x_wconf 88' lang='lat' dir='ltr'><strong>enim</strong></span> <span class='ocrx_word' id='word_1_633' title='bbox 1674 4376 1733 4412; x_wconf 91' lang='lat' dir='ltr'><strong>se</strong></span> <span class='ocrx_word' id='word_1_634' title='bbox 1784 4360 1850 4412; x_wconf 85' lang='lat' dir='ltr'><strong>ad</strong></span> <span class='ocrx_word' id='word_1_635' title='bbox 1879 4355 1933 4411; x_wconf 90' lang='lat' dir='ltr'><strong>id</strong></span> <span class='ocrx_word' id='word_1_636' title='bbox 1973 4355 2120 4429; x_wconf 91' lang='lat' dir='ltr'><strong>quod</strong></span> <span class='ocrx_word' id='word_1_637' title='bbox 2206 4365 2450 4430; x_wconf 77' lang='lat' dir='ltr'><strong>Quorum</strong></span> <span class='ocrx_word' id='word_1_638' title='bbox 2471 4369 2693 4431; x_wconf 73' lang='lat' dir='ltr'><strong>primus</strong></span> <span class='ocrx_word' id='word_1_639' title='bbox 2719 4381 2809 4431; x_wconf 81' lang='lat' dir='ltr'><strong>ego</strong></span> <span class='ocrx_word' id='word_1_640' title='bbox 2832 4381 2981 4418; x_wconf 83' lang='lat' dir='ltr'><strong>sum.</strong></span> <span class='ocrx_word' id='word_1_641' title='bbox 3015 4365 3159 4428; x_wconf 85' lang='lat' dir='ltr'><strong>Quia</strong></span> <span class='ocrx_word' id='word_1_642' title='bbox 3190 4362 3447 4416; x_wconf 88' lang='lat' dir='ltr'><strong>omnibus</strong></span> <span class='ocrx_word' id='word_1_643' title='bbox 3474 4361 3627 4432; x_wconf 85' lang='lat' dir='ltr'><strong>prior</strong></span> <span class='ocrx_word' id='word_1_644' title='bbox 3644 4367 3773 4412; x_wconf 62' lang='lat' dir='ltr'><strong>sum,</strong></span> 
     </span>
    </p>
   </div>
   <div class='ocr_carea' id='block_1_47' title="bbox 528 4442 3371 4523">
    <p class='ocr_par' dir='ltr' id='par_1_47' title="bbox 528 4442 3371 4523">
     <span class='ocr_line' id='line_1_47' title="bbox 528 4442 3371 4523; baseline 0.004 -28"><span class='ocrx_word' id='word_1_645' title='bbox 528 4442 708 4496; x_wconf 81' lang='lat' dir='ltr'><strong>credit</strong></span> <span class='ocrx_word' id='word_1_646' title='bbox 728 4449 784 4496; x_wconf 87' lang='lat' dir='ltr'><strong>et</strong></span> <span class='ocrx_word' id='word_1_647' title='bbox 809 4444 993 4514; x_wconf 83' lang='lat' dir='ltr'><strong>diligit</strong></span> <span class='ocrx_word' id='word_1_648' title='bbox 1019 4453 1417 4515; x_wconf 86' lang='lat' dir='ltr'><strong>perventurum</strong></span> <span class='ocrx_word' id='word_1_649' title='bbox 1435 4459 1556 4500; x_wconf 82' lang='lat' dir='ltr'><strong>esse</strong></span> <span class='ocrx_word' id='word_1_650' title='bbox 1586 4447 1865 4516; x_wconf 82' lang='lat' dir='ltr'><strong>desperat,</strong></span> <span class='ocrx_word' id='word_1_651' title='bbox 1893 4448 1984 4501; x_wconf 88' lang='lat' dir='ltr'><strong>cui</strong></span> <span class='ocrx_word' id='word_1_652' title='bbox 2005 4463 2120 4500; x_wconf 85' lang='lat' dir='ltr'><strong>ma—</strong></span> <span class='ocrx_word' id='word_1_653' title='bbox 2201 4465 2334 4521; x_wconf 83' lang='lat' dir='ltr'><strong>ergo</strong></span> <span class='ocrx_word' id='word_1_654' title='bbox 2366 4453 2608 4521; x_wconf 88' lang='lat' dir='ltr'><strong>pejorem</strong></span> <span class='ocrx_word' id='word_1_655' title='bbox 2636 4454 2809 4507; x_wconf 77' lang='lat' dir='ltr'><strong>voluit.</strong></span> <span class='ocrx_word' id='word_1_656' title='bbox 2847 4450 3083 4522; x_wconf 82' lang='lat' dir='ltr'><strong>intelligi</strong></span> <span class='ocrx_word' id='word_1_657' title='bbox 3109 4453 3371 4523; x_wconf 86' lang='lat' dir='ltr'><strong>primum.</strong></span> 
     </span>
    </p>
   </div>
   <div class='ocr_carea' id='block_1_48' title="bbox 528 4529 3776 4607">
    <p class='ocr_par' dir='ltr' id='par_1_48' title="bbox 528 4529 3776 4607">
     <span class='ocr_line' id='line_1_48' title="bbox 528 4529 3776 4607; baseline 0.003 -24"><span class='ocrx_word' id='word_1_658' title='bbox 528 4531 596 4585; x_wconf 76' lang='lat' dir='ltr'><strong>lae</strong></span> <span class='ocrx_word' id='word_1_659' title='bbox 627 4533 979 4588; x_wconf 81' lang='lat' dir='ltr'><strong>conscientiae</strong></span> <span class='ocrx_word' id='word_1_660' title='bbox 1033 4534 1180 4588; x_wconf 90' lang='lat' dir='ltr'><strong>inest</strong></span> <span class='ocrx_word' id='word_1_661' title='bbox 1226 4536 1542 4604; x_wconf 88' lang='lat' dir='ltr'><strong>scrupulus.</strong></span> <span class='ocrx_word' id='word_1_662' title='bbox 1571 4537 1757 4589; x_wconf 87' lang='lat' dir='ltr'><strong>Tertio</strong></span> <span class='ocrx_word' id='word_1_663' title='bbox 1788 4543 1836 4590; x_wconf 75' lang='lat' dir='ltr'><strong>et</strong></span> <span class='ocrx_word' id='word_1_664' title='bbox 1865 4538 1986 4603; x_wconf 75' lang='lat' dir='ltr'><strong>ﬁde,</strong></span> <span class='ocrx_word' id='word_1_665' title='bbox 2030 4537 2119 4590; x_wconf 89' lang='lat' dir='ltr'><strong>in-</strong></span> <span class='ocrx_word' id='word_1_666' title='bbox 2273 4539 2360 4595; x_wconf 79' lang='lat'><strong>13-</strong></span> <span class='ocrx_word' id='word_1_667' title='bbox 2392 4541 2594 4593; x_wconf 64' lang='lat' dir='ltr'><strong>Lmen.</strong></span> <span class='ocrx_word' id='word_1_668' title='bbox 2640 4544 2723 4595; x_wconf 84' lang='lat' dir='ltr'><strong>Ad</strong></span> <span class='ocrx_word' id='word_1_669' title='bbox 2768 4544 3243 4607; x_wconf 67' lang='lat' dir='ltr'><strong>informationem,</strong></span> <span class='ocrx_word' id='word_1_670' title='bbox 3274 4541 3328 4594; x_wconf 89' lang='lat' dir='ltr'><strong>id</strong></span> <span class='ocrx_word' id='word_1_671' title='bbox 3376 4545 3481 4602; x_wconf 75' lang='lat' dir='ltr'><strong>est,</strong></span> <span class='ocrx_word' id='word_1_672' title='bbox 3526 4539 3582 4592; x_wconf 88' lang='lat' dir='ltr'><strong>hi</strong></span> <span class='ocrx_word' id='word_1_673' title='bbox 3611 4533 3699 4606; x_wconf 85' lang='lat' dir='ltr'><strong>qui</strong></span> <span class='ocrx_word' id='word_1_674' title='bbox 3726 4529 3776 4581; x_wconf 77' lang='grc' dir='ltr'><strong>ίιι</strong></span> 
     </span>
    </p>
   </div>
   <div class='ocr_carea' id='block_1_49' title="bbox 529 4619 3774 4700">
    <p class='ocr_par' dir='ltr' id='par_1_49' title="bbox 529 4619 3774 4700">
     <span class='ocr_line' id='line_1_49' title="bbox 529 4619 3774 4700; baseline 0.002 -29"><span class='ocrx_word' id='word_1_675' title='bbox 529 4619 669 4689; x_wconf 88' lang='lat' dir='ltr'><strong>quit,</strong></span> <span class='ocrx_word' id='word_1_676' title='bbox 708 4637 819 4675; x_wconf 85' lang='lat' dir='ltr'><strong>non</strong></span> <span class='ocrx_word' id='word_1_677' title='bbox 843 4627 1000 4689; x_wconf 84' lang='lat' dir='ltr'><strong>ﬁcta;</strong></span> <span class='ocrx_word' id='word_1_678' title='bbox 1059 4625 1103 4676; x_wconf 91' lang='lat' dir='ltr'><strong>si</strong></span> <span class='ocrx_word' id='word_1_679' title='bbox 1132 4625 1282 4677; x_wconf 89' lang='lat' dir='ltr'><strong>enim</strong></span> <span class='ocrx_word' id='word_1_680' title='bbox 1330 4625 1468 4677; x_wconf 83' lang='lat' dir='ltr'><strong>ﬁdes</strong></span> <span class='ocrx_word' id='word_1_681' title='bbox 1496 4631 1688 4677; x_wconf 77' lang='lat' dir='ltr'><strong>nostra.</strong></span> <span class='ocrx_word' id='word_1_682' title='bbox 1718 4625 2008 4678; x_wconf 86' lang='lat' dir='ltr'><strong>mendacio</strong></span> <span class='ocrx_word' id='word_1_683' title='bbox 2033 4639 2122 4679; x_wconf 80' lang='lat' dir='ltr'><strong>ca-</strong></span> <span class='ocrx_word' id='word_1_684' title='bbox 2207 4627 2494 4682; x_wconf 84' lang='lat' dir='ltr'><strong>Christum</strong></span> <span class='ocrx_word' id='word_1_685' title='bbox 2538 4637 2670 4683; x_wconf 88' lang='lat' dir='ltr'><strong>sunt</strong></span> <span class='ocrx_word' id='word_1_686' title='bbox 2719 4631 3005 4696; x_wconf 88' lang='lat' dir='ltr'><strong>credituri,</strong></span> <span class='ocrx_word' id='word_1_687' title='bbox 3039 4632 3096 4683; x_wconf 92' lang='lat' dir='ltr'><strong>in</strong></span> <span class='ocrx_word' id='word_1_688' title='bbox 3152 4631 3372 4700; x_wconf 84' lang='lat' dir='ltr'><strong>magnis</strong></span> <span class='ocrx_word' id='word_1_689' title='bbox 3412 4627 3648 4700; x_wconf 86' lang='lat' dir='ltr'><strong>peccatis</strong></span> <span class='ocrx_word' id='word_1_690' title='bbox 3675 4631 3774 4675; x_wconf 83' lang='lat' dir='ltr'><strong>non</strong></span> 
     </span>
    </p>
   </div>
   <div class='ocr_carea' id='block_1_50' title="bbox 528 4710 3775 4788">
    <p class='ocr_par' dir='ltr' id='par_1_50' title="bbox 528 4710 3775 4788">
     <span class='ocr_line' id='line_1_50' title="bbox 528 4710 3775 4788; baseline 0.001 -27"><span class='ocrx_word' id='word_1_691' title='bbox 528 4710 727 4775; x_wconf 85' lang='lat' dir='ltr'><strong>ruerit,</strong></span> <span class='ocrx_word' id='word_1_692' title='bbox 761 4717 896 4765; x_wconf 89' lang='lat' dir='ltr'><strong>tunc</strong></span> <span class='ocrx_word' id='word_1_693' title='bbox 915 4719 973 4766; x_wconf 85' lang='lat' dir='ltr'><strong>et</strong></span> <span class='ocrx_word' id='word_1_694' title='bbox 995 4730 1106 4767; x_wconf 89' lang='lat' dir='ltr'><strong>non</strong></span> <span class='ocrx_word' id='word_1_695' title='bbox 1135 4714 1440 4784; x_wconf 52' lang='lat' dir='ltr'><strong>diligimus</strong></span> <span class='ocrx_word' id='word_1_696' title='bbox 1461 4714 1607 4783; x_wconf 88' lang='lat' dir='ltr'><strong>quod</strong></span> <span class='ocrx_word' id='word_1_697' title='bbox 1638 4713 1980 4782; x_wconf 81' lang='lat' dir='ltr'><strong>diligendum</strong></span> <span class='ocrx_word' id='word_1_698' title='bbox 2012 4729 2123 4768; x_wconf 87' lang='lat' dir='ltr'><strong>non</strong></span> <span class='ocrx_word' id='word_1_699' title='bbox 2204 4719 2583 4788; x_wconf 85' lang='lat' dir='ltr'><strong>desperentde</strong></span> <span class='ocrx_word' id='word_1_700' title='bbox 2600 4717 2984 4772; x_wconf 78' lang='lat' dir='ltr'><strong>misericordia</strong></span> <span class='ocrx_word' id='word_1_701' title='bbox 3021 4717 3142 4785; x_wconf 90' lang='lat' dir='ltr'><strong>Dei,</strong></span> <span class='ocrx_word' id='word_1_702' title='bbox 3162 4721 3218 4773; x_wconf 90' lang='lat' dir='ltr'><strong>in</strong></span> <span class='ocrx_word' id='word_1_703' title='bbox 3240 4735 3304 4774; x_wconf 90' lang='lat' dir='ltr'>eo</span> <span class='ocrx_word' id='word_1_704' title='bbox 3334 4719 3590 4773; x_wconf 81' lang='lat' dir='ltr'><strong>videlicet</strong></span> <span class='ocrx_word' id='word_1_705' title='bbox 3611 4721 3775 4767; x_wconf 75' lang='lat' dir='ltr'><strong>exem-</strong></span> 
     </span>
    </p>
   </div>
   <div class='ocr_carea' id='block_1_51' title="bbox 528 4801 2623 4875">
    <p class='ocr_par' dir='ltr' id='par_1_51' title="bbox 528 4801 2623 4875">
     <span class='ocr_line' id='line_1_51' title="bbox 528 4801 2623 4875; baseline 0.005 -25"><span class='ocrx_word' id='word_1_706' title='bbox 528 4802 632 4863; x_wconf 76' lang='lat' dir='ltr'><strong>est,</strong></span> <span class='ocrx_word' id='word_1_707' title='bbox 665 4804 722 4852; x_wconf 88' lang='lat' dir='ltr'><strong>et</strong></span> <span class='ocrx_word' id='word_1_708' title='bbox 749 4807 899 4854; x_wconf 84' lang='lat' dir='ltr'><strong>recte</strong></span> <span class='ocrx_word' id='word_1_709' title='bbox 925 4801 1153 4856; x_wconf 88' lang='lat' dir='ltr'><strong>vivendo</strong></span> <span class='ocrx_word' id='word_1_710' title='bbox 1178 4803 1234 4856; x_wconf 83' lang='lat' dir='ltr'><strong>id</strong></span> <span class='ocrx_word' id='word_1_711' title='bbox 1265 4815 1574 4872; x_wconf 73' lang='lat' dir='ltr'><strong>speramus,</strong></span> <span class='ocrx_word' id='word_1_712' title='bbox 1610 4809 1673 4856; x_wconf 82' lang='lat' dir='ltr'><strong>ut</strong></span> <span class='ocrx_word' id='word_1_713' title='bbox 1692 4805 1844 4858; x_wconf 86' lang='lat' dir='ltr'><strong>nullo</strong></span> <span class='ocrx_word' id='word_1_714' title='bbox 1866 4805 2030 4858; x_wconf 87' lang='lat' dir='ltr'><strong>modo</strong></span> <span class='ocrx_word' id='word_1_715' title='bbox 2061 4806 2120 4858; x_wconf 84' lang='lat' dir='ltr'><strong>ii-</strong></span> <span class='ocrx_word' id='word_1_716' title='bbox 2201 4807 2294 4875; x_wconf 89' lang='lat' dir='ltr'><strong>pio</strong></span> <span class='ocrx_word' id='word_1_717' title='bbox 2319 4808 2623 4861; x_wconf 82' lang='lat' dir='ltr'><strong>informati.</strong></span> 
     </span>
    </p>
   </div>
   <div class='ocr_carea' id='block_1_52' title="bbox 528 4886 3775 4969">
    <p class='ocr_par' dir='ltr' id='par_1_52' title="bbox 528 4886 3775 4969">
     <span class='ocr_line' id='line_1_52' title="bbox 528 4886 3775 4969; baseline 0.002 -29"><span class='ocrx_word' id='word_1_718' title='bbox 528 4886 627 4941; x_wconf 83' lang='lat' dir='ltr'><strong>des</strong></span> <span class='ocrx_word' id='word_1_719' title='bbox 651 4895 844 4943; x_wconf 69' lang='lat' dir='ltr'><strong>nostra</strong></span> <span class='ocrx_word' id='word_1_720' title='bbox 867 4891 1112 4946; x_wconf 81' lang='lat' dir='ltr'><strong>fallatur.</strong></span> <span class='ocrx_word' id='word_1_721' title='bbox 2274 4896 2358 4948; x_wconf 77' lang='grc'><strong>14.</strong></span> <span class='ocrx_word' id='word_1_722' title='bbox 2377 4897 2691 4951; x_wconf 84' lang='lat' dir='ltr'><strong>Secundum</strong></span> <span class='ocrx_word' id='word_1_723' title='bbox 2710 4901 3081 4967; x_wconf 67' lang='lat' dir='ltr'><strong>przccedcntes.</strong></span> <span class='ocrx_word' id='word_1_724' title='bbox 3110 4899 3351 4969; x_wconf 85' lang='lat' dir='ltr'><strong>Spiritus</strong></span> <span class='ocrx_word' id='word_1_725' title='bbox 3396 4901 3620 4950; x_wconf 82' lang='lat' dir='ltr'><strong>sanctus</strong></span> <span class='ocrx_word' id='word_1_726' title='bbox 3649 4901 3775 4943; x_wconf 69' lang='lat' dir='ltr'><strong>sem-</strong></span> 
     </span>
    </p>
   </div>
   <div class='ocr_carea' id='block_1_53' title="bbox 599 4976 3775 5058">
    <p class='ocr_par' dir='ltr' id='par_1_53' title="bbox 599 4976 3775 5058">
     <span class='ocr_line' id='line_1_53' title="bbox 599 4976 3775 5058; baseline -0.001 -27"><span class='ocrx_word' id='word_1_727' title='bbox 599 4978 649 5031; x_wconf 81' lang='grc'><strong>7.</strong></span> <span class='ocrx_word' id='word_1_728' title='bbox 672 4980 926 5034; x_wconf 71' lang='lat' dir='ltr'><strong>AMBROS.</strong></span> <span class='ocrx_word' id='word_1_729' title='bbox 956 4982 1176 5036; x_wconf 75' lang='lat' dir='ltr'><strong>Scimus</strong></span> <span class='ocrx_word' id='word_1_730' title='bbox 1207 4987 1391 5034; x_wconf 79' lang='lat' dir='ltr'><strong>autem</strong></span> <span class='ocrx_word' id='word_1_731' title='bbox 1413 4984 1548 5049; x_wconf 68' lang='lat' dir='ltr'><strong>quia</strong></span> <span class='ocrx_word' id='word_1_732' title='bbox 1582 4985 1740 5035; x_wconf 83' lang='lat' dir='ltr'><strong>bona.</strong></span> <span class='ocrx_word' id='word_1_733' title='bbox 1778 4983 1862 5037; x_wconf 84' lang='lat' dir='ltr'><strong>No</strong></span> <span class='ocrx_word' id='word_1_734' title='bbox 1911 4983 2120 5038; x_wconf 82' lang='lat' dir='ltr'><strong>videre-</strong></span> <span class='ocrx_word' id='word_1_735' title='bbox 2201 4997 2305 5055; x_wconf 85' lang='lat' dir='ltr'><strong>per</strong></span> <span class='ocrx_word' id='word_1_736' title='bbox 2334 4984 2668 5055; x_wconf 65' lang='lat' dir='ltr'><strong>praedicebat</strong></span> <span class='ocrx_word' id='word_1_737' title='bbox 2695 4988 2960 5057; x_wconf 87' lang='lat' dir='ltr'><strong>Apostolo</strong></span> <span class='ocrx_word' id='word_1_738' title='bbox 2991 4987 3259 5058; x_wconf 90' lang='lat' dir='ltr'><strong>quidquid</strong></span> <span class='ocrx_word' id='word_1_739' title='bbox 3309 4988 3530 5057; x_wconf 79' lang='lat' dir='ltr'><strong>oportet</strong></span> <span class='ocrx_word' id='word_1_740' title='bbox 3563 4995 3683 5037; x_wconf 88' lang='lat' dir='ltr'><strong>eum</strong></span> <span class='ocrx_word' id='word_1_741' title='bbox 3704 4976 3775 5027; x_wconf 81' lang='lat' dir='ltr'><strong>in-‘</strong></span> 
     </span>
    </p>
   </div>
   <div class='ocr_carea' id='block_1_54' title="bbox 525 5067 3773 5144">
    <p class='ocr_par' dir='ltr' id='par_1_54' title="bbox 525 5067 3773 5144">
     <span class='ocr_line' id='line_1_54' title="bbox 525 5067 3773 5144; baseline 0.002 -24"><span class='ocrx_word' id='word_1_742' title='bbox 525 5070 621 5122; x_wconf 80' lang='lat' dir='ltr'><strong>tur</strong></span> <span class='ocrx_word' id='word_1_743' title='bbox 650 5067 831 5137; x_wconf 77' lang='lat' dir='ltr'><strong>legem</strong></span> <span class='ocrx_word' id='word_1_744' title='bbox 859 5070 1136 5135; x_wconf 85' lang='lat' dir='ltr'><strong>incusare,</strong></span> <span class='ocrx_word' id='word_1_745' title='bbox 1156 5071 1260 5124; x_wconf 88' lang='lat' dir='ltr'><strong>hoc</strong></span> <span class='ocrx_word' id='word_1_746' title='bbox 1287 5071 1443 5124; x_wconf 79' lang='lat' dir='ltr'><strong>dixit.</strong></span> <span class='ocrx_word' id='word_1_747' title='bbox 2197 5075 2435 5144; x_wconf 79' lang='lat' dir='ltr'><strong>jungere</strong></span> <span class='ocrx_word' id='word_1_748' title='bbox 2463 5077 2776 5130; x_wconf 86' lang='lat' dir='ltr'><strong>Timotheo.</strong></span> <span class='ocrx_word' id='word_1_749' title='bbox 2812 5078 2880 5131; x_wconf 90' lang='lat' dir='ltr'><strong>Et</strong></span> <span class='ocrx_word' id='word_1_750' title='bbox 2931 5084 3018 5131; x_wconf 88' lang='lat' dir='ltr'><strong>est</strong></span> <span class='ocrx_word' id='word_1_751' title='bbox 3072 5091 3269 5131; x_wconf 75' lang='lat' dir='ltr'><strong>sensus</strong></span> <span class='ocrx_word' id='word_1_752' title='bbox 3305 5095 3316 5129; x_wconf 88' lang='lat'><strong>:</strong></span> <span class='ocrx_word' id='word_1_753' title='bbox 3349 5076 3685 5130; x_wconf 79' lang='lat' dir='ltr'><strong>Commoneo</strong></span> <span class='ocrx_word' id='word_1_754' title='bbox 3725 5067 3773 5114; x_wconf 61' lang='grc' dir='ltr'><strong>ιθ</strong></span> 
     </span>
    </p>
   </div>
   <div class='ocr_carea' id='block_1_55' title="bbox 596 5151 3774 5238">
    <p class='ocr_par' dir='ltr' id='par_1_55' title="bbox 596 5151 3774 5238">
     <span class='ocr_line' id='line_1_55' title="bbox 596 5151 3774 5238; baseline 0.003 -28"><span class='ocrx_word' id='word_1_755' title='bbox 596 5151 649 5210; x_wconf 88' lang='grc'><strong>8.</strong></span> <span class='ocrx_word' id='word_1_756' title='bbox 677 5156 862 5210; x_wconf 79' lang='lat' dir='ltr'><strong>Sciens</strong></span> <span class='ocrx_word' id='word_1_757' title='bbox 892 5161 1004 5215; x_wconf 87' lang='lat' dir='ltr'><strong>hoc.</strong></span> <span class='ocrx_word' id='word_1_758' title='bbox 1041 5159 1122 5211; x_wconf 85' lang='lat' dir='ltr'><strong>Ne</strong></span> <span class='ocrx_word' id='word_1_759' title='bbox 1170 5158 1424 5212; x_wconf 87' lang='lat' dir='ltr'><strong>videatur</strong></span> <span class='ocrx_word' id='word_1_760' title='bbox 1453 5161 1932 5215; x_wconf 80' lang='lat' dir='ltr'><strong>conversationem</strong></span> <span class='ocrx_word' id='word_1_761' title='bbox 1981 5162 2120 5232; x_wconf 76' lang='lat' dir='ltr'><strong>legis</strong></span> <span class='ocrx_word' id='word_1_762' title='bbox 2203 5165 2508 5218; x_wconf 86' lang='lat' dir='ltr'><strong>secundum</strong></span> <span class='ocrx_word' id='word_1_763' title='bbox 2531 5166 2679 5236; x_wconf 89' lang='lat' dir='ltr'><strong>quod</strong></span> <span class='ocrx_word' id='word_1_764' title='bbox 2706 5167 3000 5238; x_wconf 87' lang='lat' dir='ltr'><strong>inspiratio</strong></span> <span class='ocrx_word' id='word_1_765' title='bbox 3049 5170 3227 5222; x_wconf 85' lang='lat' dir='ltr'><strong>sancti</strong></span> <span class='ocrx_word' id='word_1_766' title='bbox 3275 5168 3516 5238; x_wconf 87' lang='lat' dir='ltr'><strong>Spiritus</strong></span> <span class='ocrx_word' id='word_1_767' title='bbox 3541 5152 3774 5230; x_wconf 69' lang='lat' dir='ltr'><strong>suggerit</strong></span> 
     </span>
    </p>
   </div>
   <div class='ocr_carea' id='block_1_56' title="bbox 522 5242 2362 5346">
    <p class='ocr_par' dir='ltr' id='par_1_56' title="bbox 522 5242 2362 5346">
     <span class='ocr_line' id='line_1_56' title="bbox 522 5242 2362 5346; baseline 0.007 -50"><span class='ocrx_word' id='word_1_768' title='bbox 522 5242 728 5297; x_wconf 85' lang='lat' dir='ltr'><strong>iterum</strong></span> <span class='ocrx_word' id='word_1_769' title='bbox 758 5245 1133 5300; x_wconf 85' lang='lat' dir='ltr'><strong>introducere.</strong></span> <span class='ocrx_word' id='word_1_770' title='bbox 2134 5286 2177 5346; x_wconf 68' lang='grc' dir='ltr'>Ο</span> <span class='ocrx_word' id='word_1_771' title='bbox 2202 5253 2362 5309; x_wconf 89' lang='lat' dir='ltr'><strong>mihi.</strong></span> 
     </span>
    </p>
   </div>
   <div class='ocr_carea' id='block_1_57' title="bbox 595 5330 3770 5415">
    <p class='ocr_par' dir='ltr' id='par_1_57' title="bbox 595 5330 3770 5415">
     <span class='ocr_line' id='line_1_57' title="bbox 595 5330 3770 5415; baseline 0.003 -27"><span class='ocrx_word' id='word_1_772' title='bbox 595 5330 648 5388; x_wconf 87' lang='lat'><strong>9.</strong></span> <span class='ocrx_word' id='word_1_773' title='bbox 678 5334 930 5389; x_wconf 76' lang='lat' dir='ltr'><strong>AUGUST.</strong></span> <span class='ocrx_word' id='word_1_774' title='bbox 961 5339 1159 5404; x_wconf 68' lang='lat' dir='ltr'><strong>(cmpos.</strong></span> <span class='ocrx_word' id='word_1_775' title='bbox 1208 5335 1304 5403; x_wconf 87' lang='lat' dir='ltr'><strong>Ep.</strong></span> <span class='ocrx_word' id='word_1_776' title='bbox 1359 5335 1432 5388; x_wconf 89' lang='lat' dir='ltr'><strong>ad</strong></span> <span class='ocrx_word' id='word_1_777' title='bbox 1490 5335 1834 5410; x_wconf 82' lang='lat' dir='ltr'><strong>Galat.,cap.</strong></span> <span class='ocrx_word' id='word_1_778' title='bbox 1884 5355 1945 5408; x_wconf 72' lang='grc' dir='ltr'><strong>Π,</strong></span> <span class='ocrx_word' id='word_1_779' title='bbox 1973 5330 2177 5395; x_wconf 49' lang='lat' dir='ltr'><strong>tom.“</strong></span> <span class='ocrx_word' id='word_1_780' title='bbox 2275 5341 2355 5397; x_wconf 79' lang='grc'><strong>15-</strong></span> <span class='ocrx_word' id='word_1_781' title='bbox 2378 5346 2627 5398; x_wconf 79' lang='lat' dir='ltr'><strong>AMBROS.</strong></span> <span class='ocrx_word' id='word_1_782' title='bbox 2671 5345 2986 5400; x_wconf 84' lang='lat' dir='ltr'><strong>Secundum</strong></span> <span class='ocrx_word' id='word_1_783' title='bbox 3015 5349 3383 5415; x_wconf 62' lang='lat' dir='ltr'><strong>praccdcntes.</strong></span> <span class='ocrx_word' id='word_1_784' title='bbox 3419 5346 3536 5400; x_wconf 92' lang='lat' dir='ltr'><strong>Hoc</strong></span> <span class='ocrx_word' id='word_1_785' title='bbox 3590 5344 3770 5395; x_wconf 54' lang='lat' dir='ltr'><strong>stu!&quot;</strong></span> 
     </span>
    </p>
   </div>
   <div class='ocr_carea' id='block_1_58' title="bbox 523 5413 3768 5501">
    <p class='ocr_par' dir='ltr' id='par_1_58' title="bbox 523 5413 3768 5501">
     <span class='ocr_line' id='line_1_58' title="bbox 523 5413 3768 5501; baseline 0.003 -29"><span class='ocrx_word' id='word_1_786' title='bbox 523 5413 646 5490; x_wconf 78' lang='lat' dir='ltr'><strong>IV).</strong></span> <span class='ocrx_word' id='word_1_787' title='bbox 681 5417 785 5475; x_wconf 68' lang='lat' dir='ltr'><strong>Lex</strong></span> <span class='ocrx_word' id='word_1_788' title='bbox 815 5440 923 5477; x_wconf 86' lang='lat' dir='ltr'><strong>non</strong></span> <span class='ocrx_word' id='word_1_789' title='bbox 947 5423 1020 5476; x_wconf 81' lang='lat' dir='ltr'><strong>cst</strong></span> <span class='ocrx_word' id='word_1_790' title='bbox 1046 5422 1371 5490; x_wconf 74' lang='lat' dir='ltr'><strong>posita.Deo</strong></span> <span class='ocrx_word' id='word_1_791' title='bbox 1394 5422 1544 5489; x_wconf 80' lang='lat' dir='ltr'><strong>vivit,</strong></span> <span class='ocrx_word' id='word_1_792' title='bbox 1581 5424 1674 5496; x_wconf 91' lang='lat' dir='ltr'><strong>qui</strong></span> <span class='ocrx_word' id='word_1_793' title='bbox 1705 5425 1807 5480; x_wconf 90' lang='lat' dir='ltr'><strong>sub</strong></span> <span class='ocrx_word' id='word_1_794' title='bbox 1846 5429 1959 5482; x_wconf 88' lang='lat' dir='ltr'><strong>Deo</strong></span> <span class='ocrx_word' id='word_1_795' title='bbox 1990 5433 2109 5498; x_wconf 85' lang='lat' dir='ltr'><strong>est;</strong></span> <span class='ocrx_word' id='word_1_796' title='bbox 2196 5431 2329 5484; x_wconf 90' lang='lat' dir='ltr'><strong>dum</strong></span> <span class='ocrx_word' id='word_1_797' title='bbox 2359 5432 2756 5486; x_wconf 84' lang='lat' dir='ltr'><strong>revelationem</strong></span> <span class='ocrx_word' id='word_1_798' title='bbox 2785 5434 3048 5501; x_wconf 85' lang='lat' dir='ltr'><strong>divinam,</strong></span> <span class='ocrx_word' id='word_1_799' title='bbox 3081 5437 3165 5490; x_wconf 88' lang='lat' dir='ltr'><strong>tui</strong></span> <span class='ocrx_word' id='word_1_800' title='bbox 3198 5436 3406 5490; x_wconf 85' lang='lat' dir='ltr'><strong>faciens</strong></span> <span class='ocrx_word' id='word_1_801' title='bbox 3441 5433 3768 5488; x_wconf 62' lang='lat' dir='ltr'><strong>electionem,</strong></span> 
     </span>
    </p>
   </div>
   <div class='ocr_carea' id='block_1_59' title="bbox 523 5503 2927 5594">
    <p class='ocr_par' dir='ltr' id='par_1_59' title="bbox 523 5503 2927 5594">
     <span class='ocr_line' id='line_1_59' title="bbox 523 5503 2927 5594; baseline 0.006 -32"><span class='ocrx_word' id='word_1_802' title='bbox 523 5503 636 5580; x_wconf 83' lang='lat' dir='ltr'><strong>legi</strong></span> <span class='ocrx_word' id='word_1_803' title='bbox 665 5513 872 5572; x_wconf 77' lang='lat' dir='ltr'><strong>autem.</strong></span> <span class='ocrx_word' id='word_1_804' title='bbox 903 5512 998 5582; x_wconf 90' lang='lat' dir='ltr'><strong>qui</strong></span> <span class='ocrx_word' id='word_1_805' title='bbox 1029 5507 1132 5566; x_wconf 85' lang='lat' dir='ltr'><strong>sub</strong></span> <span class='ocrx_word' id='word_1_806' title='bbox 1161 5513 1281 5583; x_wconf 85' lang='lat' dir='ltr'><strong>lege</strong></span> <span class='ocrx_word' id='word_1_807' title='bbox 1303 5518 1404 5569; x_wconf 86' lang='lat' dir='ltr'><strong>est.</strong></span> <span class='ocrx_word' id='word_1_808' title='bbox 1439 5513 1552 5570; x_wconf 88' lang='lat' dir='ltr'><strong>Sub</strong></span> <span class='ocrx_word' id='word_1_809' title='bbox 1583 5513 1704 5587; x_wconf 80' lang='lat' dir='ltr'><strong>iege</strong></span> <span class='ocrx_word' id='word_1_810' title='bbox 1742 5517 1930 5572; x_wconf 81' lang='lat' dir='ltr'><strong>autem</strong></span> <span class='ocrx_word' id='word_1_811' title='bbox 1959 5515 2109 5587; x_wconf 83' lang='lat' dir='ltr'><strong>vivit,</strong></span> <span class='ocrx_word' id='word_1_812' title='bbox 2196 5519 2450 5573; x_wconf 88' lang='lat' dir='ltr'><strong>commisi</strong></span> <span class='ocrx_word' id='word_1_813' title='bbox 2479 5521 2743 5576; x_wconf 85' lang='lat' dir='ltr'><strong>doctrinae</strong></span> <span class='ocrx_word' id='word_1_814' title='bbox 2768 5539 2927 5594; x_wconf 85' lang='lat' dir='ltr'><strong>opus.</strong></span> 
     </span>
    </p>
   </div>
   <div class='ocr_carea' id='block_1_60' title="bbox 523 5601 2114 5680">
    <p class='ocr_par' dir='ltr' id='par_1_60' title="bbox 523 5601 2114 5680">
     <span class='ocr_line' id='line_1_60' title="bbox 523 5601 2114 5680; baseline 0.006 -27"><span class='ocrx_word' id='word_1_815' title='bbox 523 5611 582 5664; x_wconf 79' lang='lat' dir='ltr'><strong>in</strong></span> <span class='ocrx_word' id='word_1_816' title='bbox 615 5607 886 5670; x_wconf 87' lang='lat' dir='ltr'><strong>quantum</strong></span> <span class='ocrx_word' id='word_1_817' title='bbox 900 5601 1136 5672; x_wconf 87' lang='lat' dir='ltr'><strong>quisque</strong></span> <span class='ocrx_word' id='word_1_818' title='bbox 1153 5611 1412 5673; x_wconf 84' lang='lat' dir='ltr'><strong>peccator</strong></span> <span class='ocrx_word' id='word_1_819' title='bbox 1431 5612 1533 5673; x_wconf 80' lang='lat' dir='ltr'><strong>est,</strong></span> <span class='ocrx_word' id='word_1_820' title='bbox 1553 5605 1611 5659; x_wconf 91' lang='lat' dir='ltr'><strong>id</strong></span> <span class='ocrx_word' id='word_1_821' title='bbox 1627 5613 1734 5673; x_wconf 81' lang='lat' dir='ltr'><strong>est,</strong></span> <span class='ocrx_word' id='word_1_822' title='bbox 1751 5607 1808 5660; x_wconf 93' lang='lat' dir='ltr'><strong>in</strong></span> <span class='ocrx_word' id='word_1_823' title='bbox 1841 5613 2114 5680; x_wconf 86' lang='lat' dir='ltr'><strong>quantum</strong></span> 
     </span>
    </p>
   </div>
  </div>
