3878 6356
550 309 650 370 351
1529 314 1593 370 Β.
1633 315 2048 375 LANFRANCI
2086 316 2141 372 Cl

2259 314 2441 370 .‘UAR.
2482 314 2820 369 ARCHIEP.
3709 312 3797 370 35'!

554 439 614 490 et
639 435 822 491 Adam
850 453 966 492 non
997 443 1083 493 est
1105 439 1389 505 seductus,
1430 442 1634 497 mulier
1682 448 1870 497 autem
1903 445 2133 499 seducta
2162 444 2220 498 in
2251 443 2707 514 praevaricatione
2736 443 2843 519 fuit
2875 442 2959 508 14,
3011 441 3096 497 15.
3147 440 3466 497 Salvabitur
3496 444 3687 494 autem
3715 458 3799 511 per

548 523 793 578 ﬁliorum
837 527 1281 595 generationem,
1304 532 1354 581 si
1379 532 1521 595 ﬁlios
1542 534 1604 584 in
1633 531 1741 601 ﬁde
1772 536 2043 586 nutrierit
2071 535 2340 602 religiose,
2369 536 2449 591 vel
2475 548 2577 603 per
2612 534 2753 587 bona
2800 548 2983 602 opera,
3025 532 3072 587 si
3095 530 3466 604 permanserit
3488 530 3553 587 in
3584 530 3709 597 fide,
3749 540 3798 586 et

552 611 852 669 dilectione
877 620 934 670 et
958 616 1403 674 sanctiﬁcatione
1428 634 1555 676 cum
1583 619 1903 678 sobrietate.

1891 753 2070 814 ,δα
2113 748 2348 803 CAPUT
2378 750 2477 807 III.

588 844 848 912 .Fidelis,
868 850 1070 917 dignus
1085 850 1212 921 ﬁde,
1246 868 1430 906 sermo
1462 869 1476 906 :
1510 870 1642 919 ecce,
1667 856 1719 907 l.
1760 855 1807 907 si
1838 854 1964 925 quis
1992 852 2045 910 2.
2082 855 2471 926 episcopatum
2501 854 2803 921 desiderat,
2836 855 3044 910 bonum
3076 872 3216 926 opus
3244 853 3549 907 desiderat.
3573 852 3795 922 Oportet

552 949 704 1003 ergo,
733 938 877 1004 quod
907 940 1269 994 intentionem
1306 946 1525 995 tantam
1555 947 1771 1011 quaerit.
1805 944 2123 1016 episcopum
2153 958 2269 1012 (per
2299 947 2608 1011 episcopum
2628 949 2675 997 et
2693 945 2981 1012 presbyter
3020 947 3382 1010 intelligitur,
3406 941 3801 1012 irreprehensi-

551 1018 718 1077 bilem
749 1040 890 1091 esse,
916 1025 967 1079 3.
991 1027 1157 1082 unius
1180 1029 1369 1083 uxoris
1391 1032 1673 1099 virum,(si
1700 1048 1812 1085 non
1842 1036 2048 1099 eirgim
2067 1051 2137 1092 ιη,
2160 1048 2269 1084 non
2301 1037 2478 1084 tamen
2502 1034 2807 1101 bigamum)
2827 1032 2880 1085 4.
2903 1032 3171 1095 sobrium,
3195 1033 3551 1103 prudentem,
3577 1030 3624 1084 5.
3647 1046 3801 1083 orna-

550 1112 692 1175 tum,
722 1110 775 1167 6.
810 1114 1093 1183 pudicum,
1119 1116 1475 1187 hospitalem,
1507 1119 1812 1185 doctorem,
1846 1136 1956 1174 non
1986 1122 2358 1183 vinolentum,
2388 1136 2501 1172 non
2532 1120 3052 1189 percussorem.sed
3084 1121 3419 1182 modestum,
3439 1135 3555 1171 non
3604 1118 3799 1186 litigio-

548 1214 693 1264 sum,
728 1218 836 1255 non
867 1204 1152 1274 cupidum,
1184 1206 1277 1259 sed
1326 1224 1440 1260 sua:
1471 1208 1664 1261 domui
1690 1208 1829 1261 bene
1860 1209 2245 1279 praepositum,
2263 1209 2405 1262 ﬁlios
2437 1208 2737 1262 habentem
2760 1208 3013 1263 subditos
3040 1226 3165 1262 cum
3197 1208 3351 1262 omni
3380 1208 3662 1262 castitate.
3681 1204 3731 1260 7.
3751 1205 3803 1259 Si

552 1289 676 1359 quis
704 1296 891 1344 autem
927 1293 1119 1347 domui
1144 1311 1257 1348 suae
1285 1297 1412 1349 bene
1439 1312 1676 1365 praeesse
1707 1297 2185 1367 nescit,quomodo
2207 1296 2468 1351 Ecclesia:
2486 1297 2586 1350 Dei
2605 1298 2953 1367 diligentiam
2970 1297 3197 1351 habebit
3214 1294 3801 1366 ‘lNonneophytum.8.

552 1392 623 1431 ne
652 1377 710 1431 in
734 1380 1056 1450 superbiam
1096 1383 1294 1446 elatus,
1328 1383 1386 1436 in
1406 1383 1680 1452 judicium
1706 1384 1919 1439 incidat
1946 1382 2488 1454 diabolimejudicet
2516 1404 2567 1439 se
2598 1404 2702 1439 esse
2736 1404 3024 1453 magnum,
3039 1391 3087 1438 et
3112 1383 3799 1443 sanctum,sicutdiabolus

540 1468 819 1533 judicavit
848 1484 900 1520 se
924 1473 1187 1536 aqualem
1218 1473 1342 1525 Deo.
1362 1473 1593 1541 Oportet
1614 1479 1801 1527 autem
1833 1474 1990 1527 illum
2022 1480 2078 1528 et
2107 1474 2491 1528 testimonium
2521 1474 2726 1527 habere
2757 1474 2966 1527 bonum
2998 1474 3068 1527 ab
3096 1473 3163 1527 iis
3184 1472 3279 1543 qui
3301 1472 3435 1525 foris
3456 1476 3614 1529 sunt,
3632 1475 3806 1524 utnon

548 1553 608 1607 in
637 1555 999 1626 Opprobrium
1032 1558 1260 1624 incidat,
1289 1565 1346 1612 et
1361 1556 1412 1624 9,
1449 1558 1537 1616 10.
1567 1560 1624 1614 in
1641 1560 1903 1631 laqueum
1934 1562 2451 1618 diaboli.Diaconos
2476 1563 2738 1617 similiter
2760 1563 2991 1634 pudicos
3012 1568 3215 1630 oportet
3233 1578 3355 1623 esse,
3384 1576 3499 1614 non
3523 1559 3803 1628 bilingues,

548 1658 661 1698 non
693 1645 871 1698 multo
900 1645 1025 1699 vino
1060 1646 1295 1711 deditos,
1323 1665 1434 1702 non
1464 1654 1629 1720 turpe
1659 1651 1877 1705 lucrum
1898 1657 2193 1717 sectantes,
2234 1650 2314 1707 11.
2335 1651 2605 1705 habentes
2626 1651 2959 1721 mysterium
2980 1651 3130 1714 ﬁdei,
3153 1650 3297 1717 quod
3310 1650 3469 1716 jubet
3490 1649 3801 1703 Christiana

551 1733 700 1797 ﬁdes,
733 1732 792 1786 in
817 1734 1158 1788 conscientia
1182 1753 1340 1806 pura.
1374 1737 1442 1790 Et
1470 1737 1528 1790 hi
1580 1744 1789 1799 autem.
1845 1742 2065 1793 diaconi
2096 1747 2143 1794 el
2176 1744 2357 1793 exteri
2386 1742 2698 1810 probentur
2719 1739 2961 1809 primum
2986 1758 2999 1805 ;
3033 1744 3091 1791 et
3118 1742 3197 1791 sic
3227 1737 3574 1798 ministrent,
3605 1735 3805 1787 nullum

548 1820 763 1874 crimen
786 1822 1073 1877 habentes.
1108 1825 1390 1889 Mulieres,
1421 1830 1869 1881 sanctimoniales
1900 1830 2163 1883 similiter
2186 1829 2435 1900 pudicas,
2462 1829 2551 1882 12.
2594 1845 2707 1882 non
2735 1829 3116 1890 detrahentes,
3149 1826 3382 1889 sobrias,
3406 1825 3605 1879 ﬁdeles
3629 1824 3686 1877 in
3707 1838 3808 1876 om-

549 1907 732 1963 nibus.
759 1910 986 1965 Diaconi
1016 1912 1131 1966 sint
1154 1913 1322 1967 unius
1353 1915 1538 1968 uxoris
1571 1915 1691 1978 viri,
1726 1916 1822 1986 qui
1865 1918 1995 1971 ﬁliis
2025 1919 2141 1972 suis
2171 1917 2313 1972 bene
2334 1922 2497 1986 prius
2526 1918 2775 1988 praesint,
2807 1923 2864 1970 et
2891 1918 3006 1971 suis
3037 1916 3313 1970 domibus.
3355 1917 3514 1970 Ratio
3541 1930 3644 1968 cur
3687 1918 3805 1966 tales

544 1998 772 2052 debeant
800 2016 922 2053 esse.
948 2001 1055 2065 Qui
1086 2002 1236 2055 enim
1265 2002 1403 2057 bene
1422 2004 1885 2070 ministraverint,
1916 2005 1997 2062 13.
2032 2008 2273 2077 grarlum
2312 2006 2543 2067 bonum,
2563 2009 2845 2070 honorem,
2873 2006 2979 2060 sibi
3001 2005 3455 2075 acquirent,lnon
3474 2007 3542 2057 in
3562 2004 3807 2071 praesenti

544 2091 735 2142 saeculo
762 2090 915 2149 dicit)
949 2096 1005 2145 et
1032 2092 1271 2147 multam
1303 2092 1568 2147 ﬁduciam
1597 2095 1790 2148 habere
1812 2101 2023 2164 possint
2044 2097 2103 2150 in
2136 2102 2317 2161 .98
2351 2096 2479 2161 ﬁde,
2516 2112 2639 2166 quae
2669 2101 2753 2149 est
2778 2095 2836 2148 in
2869 2095 3090 2149 Christo
3128 2094 3282 2147 Jesu.
3319 2092 3452 2146 Haec
3491 2097 3612 2145 tam
3634 2106 3800 2159 pauca

1885 2219 2481 2276 COMMENTARIUS.

547 2322 774 2388 putasse
803 2320 951 2376 idolo
982 2339 1104 2376 esse
1128 2323 1502 2389 serviendum,
1547 2325 1643 2379 sed
1671 2324 1958 2380 blanditiis
1980 2327 2501 2397 femi-Aintendat,
2558 2344 2751 2382 curam
2804 2342 2996 2381 eorum
3046 2325 3258 2379 scilicet
3328 2340 3555 2395 gerens.
3613 2322 3801 2391 Scopas

548 2407 668 2461 neis
696 2409 767 2462 ad
787 2409 883 2464 illa
904 2411 1200 2481 sacrilegia
1214 2413 1386 2466 fuisse
1415 2415 1782 2484 compulsum.
1806 2414 1892 2469 ltn
1906 2416 2143 2470 creden-

548 2496 685 2550 dum
716 2503 801 2551 est
828 2498 987 2554 illum
1018 2500 1201 2555 virum
1227 2518 1341 2555 suae
1370 2502 1588 2556 feminae
1619 2503 1734 2568 uni,
1758 2521 1934 2557 unum
1966 2505 2143 2558 homi-

549 2601 678 2638 nem
699 2585 911 2642 homini
942 2590 1237 2660 conjugem
1262 2591 1503 2661 conjugi,
1530 2592 1599 2646 ad
1629 2594 1809 2662 legem
1841 2594 1940 2648 Dei
1964 2600 2144 2647 trans-

546 2675 911 2744 grediendam
940 2695 1052 2732 non
1071 2684 1340 2750 tanquam
1361 2697 1551 2734 verum
1570 2682 1819 2752 loquenti
1840 2683 2143 2737 credidisse

550 2764 865 2833 seductum,
896 2767 994 2821 sed
1024 2769 1214 2822 sociali
1241 2770 1652 2824 necessitudine
1679 2772 1952 2842 paruisse.

619 2853 716 2911 12.
753 2854 957 2911 LANFR.
991 2859 1168 2911 Adam
1201 2874 1315 2912 non
1353 2864 1430 2913 est
1451 2862 1726 2916 seductus.
1774 2861 2048 2915 Seductus
2078 2861 2136 2915 in

550 2958 616 2996 ea
641 2944 780 2997 rein
810 2961 919 3015 qua
950 2946 1099 3016 Eva;
1156 2964 1336 3018 neque
1379 2949 1529 3003 enim
1564 2950 1645 3003 vel
1677 2950 1876 3015 Deum,
1922 2950 2007 3003 vel
2036 2950 2138 3004 Dei

551 3030 793 3086 similem
822 3051 922 3105 pro
948 3035 1100 3105 pomi
1127 3036 1471 3090 comestione
1496 3037 1748 3091 futurum
1779 3054 1900 3092 esse
1928 3054 1988 3090 se
2018 3054 2140 3091 cre—

551 3118 1143 3193 didit,certissimeque
1165 3141 1224 3177 se
1245 3132 1476 3179 noverat
1504 3126 1650 3180 male
1671 3126 1873 3188 facere,
1896 3132 1954 3179 et
1980 3142 2140 3181 men-

553 3205 775 3262 dacium
805 3225 926 3264 esse
964 3213 1112 3281 quod
1150 3206 1496 3267 suadebatur
1524 3214 1627 3268 sibi
1662 3233 1696 3269 a
1729 3215 1998 3286 muliere;
2041 3216 2141 3269 sed

551 3300 858 3367 utrumque
869 3315 1029 3368 posse
1047 3301 1169 3354 fieri
1188 3301 1543 3366 existimavit,
1553 3310 1609 3355 et
1621 3304 1777 3356 uxori
1794 3321 1907 3358 suae
1924 3320 2140 3358 morem

550 3400 766 3454 gerere,
801 3391 857 3441 et
886 3389 1095 3457 peracti
1122 3389 1348 3444 sceleris
1395 3396 1519 3444 acta
1549 3392 1876 3462 poenitentia
1922 3409 1957 3446 a
2001 3393 2136 3458 Deo,

552 3489 718 3543 posse
748 3475 968 3530 veniam
1000 3477 1271 3532 obtinere.
1293 3479 1477 3533 Minus
1499 3496 1630 3550 ergo
1648 3482 1895 3551 peccavit
1913 3481 2006 3550 qui
2021 3498 2140 3551 poe-

553 3562 770 3617 nitendi
800 3565 1168 3622 intentionem
1197 3568 1393 3623 habuit
1424 3586 1593 3640 quam
1625 3588 1691 3623 ea
1720 3588 1841 3641 quae
1871 3587 2054 3640 neque
2071 3572 2139 3624 de

2226 2418 2434 2488 quippe
2500 2417 2739 2473 intentio
2776 2420 2890 2481 est;
2950 2431 3082 2484 ergo
3148 2412 3423 2466 ἐπισκοπεῖν
3478 2413 3528 2465 si
3583 2410 3799 2463 velimus

2227 2506 2424 2559 Latine
2442 2505 2891 2573 superintendere
2911 2518 3210 2573 possumus
3232 2500 3433 2564 dicere,
3449 2504 3516 2553 ut
3544 2498 3804 2565 intelligat

2224 2610 2335 2647 non
2368 2611 2427 2647 se
2459 2610 2580 2647 esse
2610 2593 2932 2663 episcopum
2972 2590 3069 2660 qui
3110 2605 3350 2660 praeesse
3382 2587 3663 2653 dilexerit,
3708 2600 3805 2638 non

2225 2682 2488 2754 prodesse
2517 2687 2695 2736 curat.

2294 2770 2349 2828 ‘2.
2384 2772 2597 2827 LANFR.
2632 2772 3038 2839 Episcopatum.
3098 2764 3470 2836 Episcopatus
3525 2770 3615 2819 est
3657 2778 3806 2832 super

2220 2877 2380 2915 suam
2406 2865 2462 2913 et
2490 2860 2732 2913 aliorum
2754 2857 2926 2910 vitam
2949 2853 3365 2925 intentio,quod
3396 2852 3493 2924 qui
3510 2853 3802 2915 desiderat,

2222 2950 2429 3004 bonum
2461 2965 2602 3019 opus
2630 2947 2920 3000 desiderat
2932 2989 2943 3001 .

2296 3038 2346 3093 3.
2368 3040 2540 3091 Unius
2570 3039 2781 3098 umoris,
2808 3034 2863 3087 id
2895 3039 2997 3097 est,
3020 3032 3113 3103 qui
3144 3048 3311 3085 unam
3338 3036 3563 3085 tantum
3586 3044 3798 3084 uxorem

2223 3126 2500 3191 habuerit,
2550 3125 2636 3178 vel
2663 3124 2719 3177 in
2751 3123 2894 3177 laica
2927 3137 3187 3192 persona,
3219 3121 3307 3174 vel
3335 3120 3394 3173 in
3421 3118 3691 3189 gradibus
3733 3116 3800 3169 li-

2227 3216 2374 3269 citis.

2291 3304 2344 3357 4.
2374 3305 2724 3358 AMBROSIUS.
2758 3298 3046 3363 Subrium,
3079 3299 3160 3352 ita
3188 3303 3253 3352 ut
3290 3313 3416 3351 cum
3442 3294 3807 3350 sollicitudine

2227 3392 2533 3464 prospiciat
2560 3408 2627 3444 ea
2657 3407 2780 3461 quae
2809 3388 3167 3443 conveniunt.

2294 3486 2348 3538 5.
2396 3482 2688 3539 Ornatam,
2723 3477 3168 3536 conversatione.
3193 3479 3370 3539 motu,
3400 3474 3608 3543 specie.

2293 3572 2344 3626 6.
2386 3572 2678 3631 Pudicam,
2729 3584 2795 3620 eo
2835 3566 2981 3637 quod
3030 3566 3086 3618 in
3133 3579 3428 3617 commune
3468 3563 3713 3616 virorum
3761 3563 3808 3611 et

550 3652 882 3722 paenitentia
897 3672 1078 3727 neque
1102 3658 1171 3711 de
1192 3658 1352 3712 venia
1378 3658 1433 3711 in
1453 3660 1906 3729 prevaricatione
1927 3660 2140 3729 aliquid
2160 3644 2207 3702 B
2228 3658 2529 3713 mulierum
2559 3656 2921 3710 constituitur
2940 3655 3153 3707 doctor.

550 3742 833 3812 cogitavit,
864 3746 962 3799 sed
990 3746 1167 3800 Deum
1196 3748 1420 3817 Deoque
1450 3748 1691 3802 similem
1719 3748 1904 3819 potius
1928 3765 2027 3818 per
2054 3748 2143 3802 in-

554 3829 929 3888 obedientiam
961 3851 1020 3888 se
1051 3836 1167 3889 fore
1194 3836 1547 3890 existimavit.

622 3920 712 3974 13.
734 3922 980 3979 AMBROS.
1003 3924 1183 3979 Adam
1203 3930 1402 3979 nonest
1435 3928 1700 3991 seductus,
1726 3941 1790 3978 eo
1814 3925 1961 3995 quod
1991 3925 2141 3979 illius

551 4010 891 4066 seductionis
913 4013 1117 4067 mulier
1143 4030 1313 4068 causa
1341 4014 1561 4068 videtur
1583 4013 1882 4070 exstitisse.

624 4099 708 4153 14.
742 4100 1067 4155 Saluabitur
1093 4108 1297 4156 autem.
1323 4102 1584 4157 Ostendit
1614 4102 1762 4173 quod
1791 4103 1973 4156 salute
2002 4102 2147 4156 vide-

546 4191 644 4241 tur
664 4188 836 4259 digna
863 4206 985 4243 esse
1026 4192 1319 4261 progenies
1358 4208 1457 4262 per
1481 4207 1576 4245 eas
1616 4191 1881 4245 mulieres
1912 4207 2034 4261 quae
2072 4192 2143 4245 ad

550 4277 819 4349 pietatem
849 4279 1176 4350 respiciunt.
1218 4282 1335 4335 Nec
1364 4281 1433 4334 de
1464 4281 1578 4334 Eva
1621 4280 1727 4333 hoc
1755 4279 1910 4346 dixit,
1948 4280 2045 4334 sed
2074 4280 2143 4333 de

547 4383 755 4437 genere
780 4367 1047 4438 loquitur.

625 4454 1241 4527 15.AUGUST.(eJ:pos.in
1263 4462 1610 4528 psalmxxxv‘
1624 4456 1912 4512 .Salvatur
1930 4463 2137 4512 autem.

550 4544 867 4599 Salvabitnr
898 4563 1028 4617 ergo
1059 4548 1407 4618 mulier,que
1426 4548 1484 4602 in
1508 4554 1642 4619 typo
1670 4548 1855 4600 carnis
1869 4547 2143 4617 accipitur

550 4650 652 4704 per
705 4635 949 4691 filiorum
1000 4638 1446 4707 generationem,
1489 4637 1545 4690 id
1577 4641 1679 4699 est,
1724 4636 1771 4688 si
1801 4637 1968 4689 faciat
1996 4635 2142 4689 bona

551 4739 721 4793 opera
741 4724 860 4788 (sed
886 4741 998 4779 non
1015 4724 1349 4796 ubicunque)
1392 4725 1449 4778 in
1478 4726 1586 4778 fide
1634 4740 1784 4789 vera,
1820 4724 1877 4777 in
1906 4724 2016 4778 ﬁde
2045 4740 2138 4777 ca-

549 4813 776 4879 tholica,
831 4813 890 4866 in
945 4813 1210 4868 societate
1270 4814 1435 4867 unius
1465 4812 1720 4867 Ecclesiae
1746 4813 1930 4883 pariat
1972 4829 2144 4883 Opera

2299 3750 2350 3802 7.
2384 3748 2594 3801 LANFR.
2626 3744 2690 3798 Si
2719 3748 2843 3813 quis
2894 3747 3081 3796 autem
3117 3742 3313 3794 domui
3348 3756 3480 3805 suae,
3525 3746 3640 3796 etc.
3676 3735 3807 3792 Talis

2227 3836 2394 3891 debet
2420 3835 2551 3905 eligi
2583 3834 2680 3906 qui
2717 3833 2859 3886 sciat
2895 3831 3088 3885 domui
3126 3846 3243 3883 suae
3298 3844 3567 3899 praeesse;
3608 3825 3808 3881 nescius

2230 3925 2379 3979 enim
2415 3923 2669 3988 minoris,
2702 3921 2927 3991 ignorat
2945 3919 3178 3987 majora.

2305 4015 2359 4067 8.
2393 4014 2641 4067 Arcanos.
2694 4013 2761 4064 In
2804 4010 3119 4077 superbiam
3142 4009 3336 4060 elatus.
3364 4004 3522 4059 Unde
3552 4004 3805 4058 extollens

2239 4118 2298 4155 se
2327 4107 2559 4172 prOptcr
2577 4097 2988 4168 magisterium,
3030 4094 3171 4148 nihil
3190 4093 3376 4147 differt
3415 4110 3449 4145 a
3479 4091 3700 4147 diabolo
3727 4087 3810 4159 qui

2227 4190 2487 4244 minister
2511 4188 2606 4243 Dei
2638 4192 2860 4241 creatus
2889 4190 2994 4250 est,
3028 4182 3259 4236 adnisus
3291 4185 3377 4235 est
3399 4180 3506 4234 sibi
3536 4195 3736 4236 nomen
3763 4181 3810 4229 et

2226 4281 2495 4333 honorem
2521 4277 2640 4330 Dei.

2294 4367 2347 4421 9.
2378 4369 2444 4420 In
2475 4368 2734 4434 laqueum
2764 4366 2994 4418 diaboli.
3037 4361 3166 4416 Alia
3210 4376 3395 4426 causa,
3428 4359 3485 4413 id
3514 4363 3621 4423 est,
3659 4372 3726 4410 ne
3758 4353 3809 4405 in

2223 4456 2458 4525 antiqua
2483 4454 2795 4524 praecipitet
2819 4452 3025 4506 delicta
3060 4467 3125 4505 eo
3164 4449 3312 4521 quod
3348 4464 3529 4519 nuper
3564 4447 3634 4500 ab
3671 4448 3807 4498 exte-

2224 4544 2464 4599 rioribus
2493 4543 2785 4596 recessisse
2812 4541 3052 4595 videtur.

2289 4634 2380 4687 10.
2413 4633 2621 4687 Lmen.
2651 4634 2716 4685 In
2754 4634 3017 4699 laqueum
3044 4631 3272 4683 diaboli.
3307 4626 3458 4681 Solet
3485 4624 3705 4678 evenire
3746 4619 3805 4672 iis

2224 4723 2318 4793 qui
2342 4721 2412 4775 ab
2433 4721 2558 4774 aliis
2620 4719 3004 4789 despciuntur,
3038 4723 3103 4771 ut
3140 4715 3515 4787 despicientes
3546 4730 3606 4767 se
3635 4716 3690 4765 et
3715 4705 3806 4778 ipsi

2223 4812 2555 4881 despiciant,
2581 4815 2638 4863 et
2663 4809 2743 4862 sic
2766 4808 2820 4860 in
2848 4807 2989 4860 iram
3023 4812 3080 4860 et
3107 4806 3317 4869 odium,
3355 4809 3412 4856 et
3445 4808 3676 4856 caeteros
3696 4798 3803 4850 dia-

546 4921 668 4971 sua;
696 4909 993 4975 propterea
1010 4909 1067 4957 et
1095 4905 1164 4957 de
1185 4903 1281 4957 illa
1302 4920 1431 4957 cum
1462 4909 1793 4973 quereretur
1814 4903 2137 4971 Apostolus,
2159 4928 2201 4985 ρ
2225 4901 2335 4955 boli
2356 4901 2587 4968 laqueos
2616 4897 2882 4950 incidant.

547 4995 804 5066 subjecit:
823 4993 989 5049 Salva
999 5000 1186 5048 autem
1207 4997 1312 5047 erit
1322 5009 1423 5061 per
1441 4995 1690 5059 ﬁliorum
1710 4996 2136 5059 generationem,

547 5087 599 5140 si
622 5088 994 5154 permanserit
1016 5087 1080 5137 in
1091 5085 1211 5150 ﬁde,
1237 5086 1284 5135 et
1301 5083 1588 5135 dilectione
1606 5088 1653 5134 et
1679 5083 2135 5147 sanctiﬁcatione.

619 5174 773 5227 CAP.
808 5174 905 5228 III.
937 5201 1006 5215 —-
1066 5173 1117 5224 1.
1173 5171 1412 5225 AUCUST.
1466 5169 1578 5229 (lib.
1620 5187 1653 5222 x
1700 5172 1771 5223 De
1830 5172 1978 5222 civit.
2024 5171 2142 5233 Dei,

549 5262 868 5334 cap.19).Si
893 5262 1016 5331 quis
1038 5258 1542 5329 cpzscopatum.Ait
1557 5258 1860 5329 Apostolus
1893 5275 1903 5309 :
1936 5258 1999 5312 Si
2022 5260 2143 5325 quis

548 5357 915 5421 episcopatum
945 5350 1241 5414 desiderat,
1288 5350 1494 5401 bonum
1533 5364 1665 5415 opus
1710 5348 2001 5400 desiderat.
2042 5346 2148 5399 Ex-

547 5457 757 5512 ponere
784 5439 960 5494 voluit
997 5436 1132 5508 quid
1162 5436 1238 5490 sit
1268 5434 1790 5507 episcopatus,quia
1819 5450 2024 5487 nomen
2056 5440 2146 5487 est

551 5530 753 5601 operis.
794 5545 907 5582 non
929 5527 1177 5581 honoris.
1213 5526 1471 5580 Graecum
1500 5530 1586 5579 est
1614 5524 1764 5578 enim
1805 5528 1976 5593 atque
2014 5523 2145 5576 inde

549 5618 780 5673 ductum
810 5615 1162 5680 vocabulum,
1191 5615 1340 5685 quod
1367 5613 1461 5672 ille
1482 5613 1577 5685 qui
1597 5611 1921 5692 praeficitur,
1953 5627 2145 5682 super-

2297 4990 2385 5042 11.
2439 4989 2663 5041 Annaos
2742 4987 3007 5039 Habentes
3071 4984 3425 5048 mysterium.
3482 4974 3805 5049 Mysterium

2230 5083 2385 5132 vocat
2404 5076 2543 5130 illud
2563 5076 2768 5144 dogma
2789 5072 2936 5144 quod
2968 5076 3055 5124 est
3073 5071 3142 5124 de
3174 5070 3418 5123 Christo.

2304 5165 2384 5221 1‘2.
2432 5166 2551 5219 Non
2594 5165 2959 5217 detrahentes.
3014 5160 3091 5213 Eo
3139 5158 3287 5227 quod
3340 5155 3651 5210 necessarie
3698 5146 3806 5203 ﬁeri

2231 5256 2412 5309 soleat
2439 5258 2503 5307 ut
2530 5257 2741 5306 craterae
2781 5249 3045 5302 mulieres
3076 5246 3423 5300 conﬁdenter
3471 5260 3540 5298 ea
3569 5257 3688 5312 quae
3717 5237 3805 5289 de-

2232 5350 2367 5398 sunt
2387 5342 2649 5396 referant.

2301 5431 2389 5485 13.
2454 5432 2701 5487 Gradum
2761 5431 2981 5482 bonum.
3040 5424 3165 5477 Non
3221 5422 3280 5476 in
3318 5420 3583 5494 praesenti
3618 5411 3803 5471 szeculo

2231 5520 2389 5575 dicit.
