  <div class='ocr_page' id='page_1' title='image "/cluster/home/n/w/nwhite01/storage/ocr_20150623/150/umn.31951002477443u/218.png"; bbox 0 0 3878 6380; ppageno 0'>
   <div class='ocr_carea' id='block_1_1' title="bbox 101 297 3316 376">
    <p class='ocr_par' dir='ltr' id='par_1_1' title="bbox 101 297 3316 376">
     <span class='ocr_line' id='line_1_1' title="bbox 101 297 3316 376; baseline -0.001 0"><span class='ocrx_word' id='word_1_1' title='bbox 101 320 190 376; x_wconf 79' lang='lat'><strong>353</strong></span> <span class='ocrx_word' id='word_1_2' title='bbox 753 315 830 370; x_wconf 92' lang='lat' dir='ltr'><strong>1N</strong></span> <span class='ocrx_word' id='word_1_3' title='bbox 869 315 937 370; x_wconf 91' lang='lat' dir='ltr'><strong>D.</strong></span> <span class='ocrx_word' id='word_1_4' title='bbox 978 311 1194 370; x_wconf 80' lang='lat' dir='ltr'><strong>PAULI</strong></span> <span class='ocrx_word' id='word_1_5' title='bbox 1232 297 1456 372; x_wconf 81' lang='lat' dir='ltr'><strong>EPIST.</strong></span> <span class='ocrx_word' id='word_1_6' title='bbox 1489 297 1870 371; x_wconf 33' lang='lat' dir='ltr'><strong>&#39;COMMENT.</strong></span> <span class='ocrx_word' id='word_1_7' title='bbox 1911 343 1983 358; x_wconf 87' lang='lat'>—</span> <span class='ocrx_word' id='word_1_8' title='bbox 2019 314 2240 370; x_wconf 83' lang='lat' dir='ltr'><strong>EPIST.</strong></span> <span class='ocrx_word' id='word_1_9' title='bbox 2281 313 2307 370; x_wconf 94' lang='lat' dir='ltr'><strong>I</strong></span> <span class='ocrx_word' id='word_1_10' title='bbox 2344 315 2440 369; x_wconf 84' lang='lat' dir='ltr'><strong>AD</strong></span> <span class='ocrx_word' id='word_1_11' title='bbox 2477 315 2628 370; x_wconf 90' lang='lat' dir='ltr'><strong>TIM.</strong></span> <span class='ocrx_word' id='word_1_12' title='bbox 3210 317 3316 374; x_wconf 69' lang='lat'><strong>35.4</strong></span> 
     </span>
    </p>
   </div>
   <div class='ocr_carea' id='block_1_2' title="bbox 101 439 3316 513">
    <p class='ocr_par' dir='ltr' id='par_1_2' title="bbox 101 439 3316 513">
     <span class='ocr_line' id='line_1_2' title="bbox 101 439 3316 513; baseline -0.001 -15"><span class='ocrx_word' id='word_1_13' title='bbox 101 445 184 498; x_wconf 87' lang='lat' dir='ltr'><strong>tibi</strong></span> <span class='ocrx_word' id='word_1_14' title='bbox 207 443 393 505; x_wconf 91' lang='lat' dir='ltr'><strong>scribo,</strong></span> <span class='ocrx_word' id='word_1_15' title='bbox 423 457 648 513; x_wconf 82' lang='lat' dir='ltr'><strong>sperans</strong></span> <span class='ocrx_word' id='word_1_16' title='bbox 679 456 769 495; x_wconf 90' lang='lat' dir='ltr'><strong>me</strong></span> <span class='ocrx_word' id='word_1_17' title='bbox 799 441 870 495; x_wconf 90' lang='lat' dir='ltr'><strong>ad</strong></span> <span class='ocrx_word' id='word_1_18' title='bbox 896 445 954 494; x_wconf 84' lang='lat' dir='ltr'><strong>te.</strong></span> <span class='ocrx_word' id='word_1_19' title='bbox 975 441 1165 495; x_wconf 88' lang='lat' dir='ltr'><strong>venire</strong></span> <span class='ocrx_word' id='word_1_20' title='bbox 1196 441 1326 495; x_wconf 91' lang='lat' dir='ltr'><strong>cito.</strong></span> <span class='ocrx_word' id='word_1_21' title='bbox 1446 446 1634 495; x_wconf 75' lang='lat' dir='ltr'><strong>autem</strong></span> <span class='ocrx_word' id='word_1_22' title='bbox 1664 440 1982 506; x_wconf 86' lang='lat' dir='ltr'><strong>tardavero,</strong></span> <span class='ocrx_word' id='word_1_23' title='bbox 2011 445 2062 493; x_wconf 89' lang='lat' dir='ltr'><strong>et</strong></span> <span class='ocrx_word' id='word_1_24' title='bbox 2083 443 2370 509; x_wconf 80' lang='lat' dir='ltr'><strong>propterea</strong></span> <span class='ocrx_word' id='word_1_25' title='bbox 2394 441 2591 507; x_wconf 85' lang='lat' dir='ltr'><strong>scribo,</strong></span> <span class='ocrx_word' id='word_1_26' title='bbox 2630 441 2681 493; x_wconf 89' lang='lat' dir='ltr'><strong>si</strong></span> <span class='ocrx_word' id='word_1_27' title='bbox 2721 439 3033 508; x_wconf 84' lang='lat' dir='ltr'><strong>tardavero,</strong></span> <span class='ocrx_word' id='word_1_28' title='bbox 3060 444 3128 495; x_wconf 88' lang='lat' dir='ltr'><strong>ut</strong></span> <span class='ocrx_word' id='word_1_29' title='bbox 3172 440 3316 496; x_wconf 80' lang='lat' dir='ltr'><strong>scias</strong></span> 
     </span>
    </p>
   </div>
   <div class='ocr_carea' id='block_1_3' title="bbox 102 525 3320 605">
    <p class='ocr_par' dir='ltr' id='par_1_3' title="bbox 102 525 3320 605">
     <span class='ocr_line' id='line_1_3' title="bbox 102 525 3320 605; baseline -0.001 -18"><span class='ocrx_word' id='word_1_30' title='bbox 102 533 342 605; x_wconf 88' lang='lat' dir='ltr'><strong>quomodo</strong></span> <span class='ocrx_word' id='word_1_31' title='bbox 364 537 616 602; x_wconf 79' lang='lat' dir='ltr'><strong>oporteat</strong></span> <span class='ocrx_word' id='word_1_32' title='bbox 639 536 697 584; x_wconf 91' lang='lat' dir='ltr'><strong>te</strong></span> <span class='ocrx_word' id='word_1_33' title='bbox 725 531 783 584; x_wconf 92' lang='lat' dir='ltr'><strong>in</strong></span> <span class='ocrx_word' id='word_1_34' title='bbox 811 531 977 584; x_wconf 91' lang='lat' dir='ltr'><strong>domo</strong></span> <span class='ocrx_word' id='word_1_35' title='bbox 1007 531 1109 585; x_wconf 89' lang='lat' dir='ltr'><strong>Dei</strong></span> <span class='ocrx_word' id='word_1_36' title='bbox 1135 530 1474 596; x_wconf 82' lang='lat' dir='ltr'><strong>conversari,</strong></span> <span class='ocrx_word' id='word_1_37' title='bbox 1511 547 1634 602; x_wconf 63' lang='lat' dir='ltr'><strong>quae</strong></span> <span class='ocrx_word' id='word_1_38' title='bbox 1661 534 1748 584; x_wconf 90' lang='lat' dir='ltr'><strong>est</strong></span> <span class='ocrx_word' id='word_1_39' title='bbox 1785 528 1862 584; x_wconf 87' lang='grc'>14.</span> <span class='ocrx_word' id='word_1_40' title='bbox 1889 527 2134 582; x_wconf 86' lang='lat' dir='ltr'><strong>Ecclesia</strong></span> <span class='ocrx_word' id='word_1_41' title='bbox 2167 527 2248 582; x_wconf 87' lang='grc'>15.</span> <span class='ocrx_word' id='word_1_42' title='bbox 2282 525 2388 581; x_wconf 88' lang='lat' dir='ltr'><strong>Dei</strong></span> <span class='ocrx_word' id='word_1_43' title='bbox 2419 527 2542 583; x_wconf 85' lang='lat' dir='ltr'><strong>vivi.</strong></span> <span class='ocrx_word' id='word_1_44' title='bbox 2575 526 2665 582; x_wconf 83' lang='grc'>16.</span> <span class='ocrx_word' id='word_1_45' title='bbox 2716 527 2978 581; x_wconf 85' lang='lat' dir='ltr'><strong>columna</strong></span> <span class='ocrx_word' id='word_1_46' title='bbox 3033 533 3091 582; x_wconf 91' lang='lat' dir='ltr'><strong>et</strong></span> <span class='ocrx_word' id='word_1_47' title='bbox 3131 530 3320 584; x_wconf 85' lang='lat' dir='ltr'><strong>ﬁrma-</strong></span> 
     </span>
    </p>
   </div>
   <div class='ocr_carea' id='block_1_4' title="bbox 100 614 3321 688">
    <p class='ocr_par' dir='ltr' id='par_1_4' title="bbox 100 614 3321 688">
     <span class='ocr_line' id='line_1_4' title="bbox 100 614 3321 688; baseline -0.001 -13"><span class='ocrx_word' id='word_1_48' title='bbox 100 627 316 675; x_wconf 80' lang='lat' dir='ltr'><strong>mentum</strong></span> <span class='ocrx_word' id='word_1_49' title='bbox 342 619 614 684; x_wconf 82' lang='lat' dir='ltr'><strong>veritatis,</strong></span> <span class='ocrx_word' id='word_1_50' title='bbox 645 635 762 688; x_wconf 67' lang='lat' dir='ltr'><strong>quze</strong></span> <span class='ocrx_word' id='word_1_51' title='bbox 789 624 994 684; x_wconf 78' lang='lat' dir='ltr'><strong>tuetur,</strong></span> <span class='ocrx_word' id='word_1_52' title='bbox 1024 625 1071 672; x_wconf 88' lang='lat' dir='ltr'><strong>et</strong></span> <span class='ocrx_word' id='word_1_53' title='bbox 1105 622 1296 686; x_wconf 80' lang='lat' dir='ltr'><strong>ﬁrmat</strong></span> <span class='ocrx_word' id='word_1_54' title='bbox 1311 623 1616 672; x_wconf 78' lang='lat' dir='ltr'><strong>veritatem.</strong></span> <span class='ocrx_word' id='word_1_55' title='bbox 1659 619 1746 674; x_wconf 87' lang='lat' dir='ltr'><strong>l7.</strong></span> <span class='ocrx_word' id='word_1_56' title='bbox 1777 617 1848 671; x_wconf 89' lang='lat' dir='ltr'><strong>Et</strong></span> <span class='ocrx_word' id='word_1_57' title='bbox 1877 616 2169 670; x_wconf 83' lang='lat' dir='ltr'><strong>manifeste</strong></span> <span class='ocrx_word' id='word_1_58' title='bbox 2193 614 2280 671; x_wconf 85' lang='lat'><strong>18.</strong></span> <span class='ocrx_word' id='word_1_59' title='bbox 2317 632 2583 686; x_wconf 86' lang='lat' dir='ltr'><strong>magnum</strong></span> <span class='ocrx_word' id='word_1_60' title='bbox 2615 620 2702 670; x_wconf 89' lang='lat' dir='ltr'><strong>est</strong></span> <span class='ocrx_word' id='word_1_61' title='bbox 2729 615 2955 686; x_wconf 87' lang='lat' dir='ltr'><strong>pietatis</strong></span> <span class='ocrx_word' id='word_1_62' title='bbox 2999 633 3321 672; x_wconf 90' lang='lat' dir='ltr'><strong>sacramen-</strong></span> 
     </span>
    </p>
   </div>
   <div class='ocr_carea' id='block_1_5' title="bbox 99 705 3318 780">
    <p class='ocr_par' dir='ltr' id='par_1_5' title="bbox 99 705 3318 780">
     <span class='ocr_line' id='line_1_5' title="bbox 99 705 3318 780; baseline -0.001 -17"><span class='ocrx_word' id='word_1_63' title='bbox 99 715 196 763; x_wconf 90' lang='lat' dir='ltr'><strong>tum</strong></span> <span class='ocrx_word' id='word_1_64' title='bbox 221 710 356 780; x_wconf 87' lang='lat' dir='ltr'><strong>quod</strong></span> <span class='ocrx_word' id='word_1_65' title='bbox 388 708 803 762; x_wconf 80' lang='lat' dir='ltr'><strong>manifestatum</strong></span> <span class='ocrx_word' id='word_1_66' title='bbox 833 712 920 761; x_wconf 90' lang='lat' dir='ltr'><strong>est</strong></span> <span class='ocrx_word' id='word_1_67' title='bbox 942 707 999 760; x_wconf 91' lang='lat' dir='ltr'><strong>in</strong></span> <span class='ocrx_word' id='word_1_68' title='bbox 1031 724 1217 770; x_wconf 89' lang='lat' dir='ltr'><strong>carne,</strong></span> <span class='ocrx_word' id='word_1_69' title='bbox 1252 708 1340 762; x_wconf 85' lang='grc'>19.</span> <span class='ocrx_word' id='word_1_70' title='bbox 1368 707 1739 776; x_wconf 89' lang='lat' dir='ltr'><strong>justiﬁcatum</strong></span> <span class='ocrx_word' id='word_1_71' title='bbox 1769 711 1854 760; x_wconf 90' lang='lat' dir='ltr'><strong>est</strong></span> <span class='ocrx_word' id='word_1_72' title='bbox 1881 705 1940 759; x_wconf 86' lang='lat' dir='ltr'><strong>in</strong></span> <span class='ocrx_word' id='word_1_73' title='bbox 1973 705 2198 776; x_wconf 84' lang='lat' dir='ltr'><strong>spiritu,</strong></span> <span class='ocrx_word' id='word_1_74' title='bbox 2224 721 2324 773; x_wconf 85' lang='lat' dir='ltr'><strong>per</strong></span> <span class='ocrx_word' id='word_1_75' title='bbox 2349 707 2617 772; x_wconf 77' lang='lat' dir='ltr'><strong>spiritum</strong></span> <span class='ocrx_word' id='word_1_76' title='bbox 2648 708 2713 758; x_wconf 86' lang='lat' dir='ltr'><strong>in</strong></span> <span class='ocrx_word' id='word_1_77' title='bbox 2739 705 2998 771; x_wconf 85' lang='lat' dir='ltr'><strong>Jordane,</strong></span> <span class='ocrx_word' id='word_1_78' title='bbox 3030 709 3112 760; x_wconf 81' lang='lat' dir='ltr'><strong>vel</strong></span> <span class='ocrx_word' id='word_1_79' title='bbox 3160 722 3318 760; x_wconf 89' lang='lat' dir='ltr'><strong>assu-</strong></span> 
     </span>
    </p>
   </div>
   <div class='ocr_carea' id='block_1_6' title="bbox 99 795 3320 867">
    <p class='ocr_par' dir='ltr' id='par_1_6' title="bbox 99 795 3320 867">
     <span class='ocr_line' id='line_1_6' title="bbox 99 795 3320 867; baseline -0.001 -17"><span class='ocrx_word' id='word_1_80' title='bbox 99 799 262 850; x_wconf 77' lang='lat' dir='ltr'><strong>menda</strong></span> <span class='ocrx_word' id='word_1_81' title='bbox 287 813 505 850; x_wconf 86' lang='lat' dir='ltr'><strong>carnem</strong></span> <span class='ocrx_word' id='word_1_82' title='bbox 525 795 611 852; x_wconf 80' lang='lat'><strong>20.</strong></span> <span class='ocrx_word' id='word_1_83' title='bbox 646 796 908 867; x_wconf 83' lang='lat' dir='ltr'><strong>apparuit</strong></span> <span class='ocrx_word' id='word_1_84' title='bbox 932 796 1148 865; x_wconf 85' lang='lat' dir='ltr'><strong>angelis</strong></span> <span class='ocrx_word' id='word_1_85' title='bbox 1172 797 1340 862; x_wconf 81' lang='lat' dir='ltr'><strong>(Deus</strong></span> <span class='ocrx_word' id='word_1_86' title='bbox 1357 811 1481 859; x_wconf 80' lang='lat' dir='ltr'><strong>esse,</strong></span> <span class='ocrx_word' id='word_1_87' title='bbox 1523 799 1604 849; x_wconf 85' lang='lat' dir='ltr'><strong>vel</strong></span> <span class='ocrx_word' id='word_1_88' title='bbox 1619 797 1832 861; x_wconf 79' lang='lat' dir='ltr'><strong>angelis</strong></span> <span class='ocrx_word' id='word_1_89' title='bbox 1848 797 2000 848; x_wconf 87' lang='lat' dir='ltr'><strong>bonis</strong></span> <span class='ocrx_word' id='word_1_90' title='bbox 2028 795 2440 862; x_wconf 83' lang='lat' dir='ltr'><strong>famulanlibus</strong></span> <span class='ocrx_word' id='word_1_91' title='bbox 2469 799 2652 859; x_wconf 88' lang='lat' dir='ltr'><strong>natus,</strong></span> <span class='ocrx_word' id='word_1_92' title='bbox 2684 796 2764 847; x_wconf 81' lang='lat' dir='ltr'><strong>rel</strong></span> <span class='ocrx_word' id='word_1_93' title='bbox 2793 795 2856 846; x_wconf 89' lang='lat' dir='ltr'><strong>in</strong></span> <span class='ocrx_word' id='word_1_94' title='bbox 2889 795 3094 848; x_wconf 86' lang='lat' dir='ltr'><strong>deserto</strong></span> <span class='ocrx_word' id='word_1_95' title='bbox 3131 795 3320 866; x_wconf 84' lang='lat' dir='ltr'><strong>malis)</strong></span> 
     </span>
    </p>
   </div>
   <div class='ocr_carea' id='block_1_7' title="bbox 97 878 2987 957">
    <p class='ocr_par' dir='ltr' id='par_1_7' title="bbox 97 878 2987 957">
     <span class='ocr_line' id='line_1_7' title="bbox 97 878 2987 957; baseline -0.001 -17"><span class='ocrx_word' id='word_1_96' title='bbox 97 886 419 957; x_wconf 80' lang='lat' dir='ltr'><strong>praedicatum</strong></span> <span class='ocrx_word' id='word_1_97' title='bbox 446 890 531 941; x_wconf 90' lang='lat' dir='ltr'><strong>est</strong></span> <span class='ocrx_word' id='word_1_98' title='bbox 546 885 828 956; x_wconf 80' lang='lat' dir='ltr'><strong>gentibus,</strong></span> <span class='ocrx_word' id='word_1_99' title='bbox 853 885 1128 940; x_wconf 88' lang='lat' dir='ltr'><strong>creditum</strong></span> <span class='ocrx_word' id='word_1_100' title='bbox 1163 891 1249 940; x_wconf 90' lang='lat' dir='ltr'><strong>est</strong></span> <span class='ocrx_word' id='word_1_101' title='bbox 1276 884 1336 939; x_wconf 90' lang='lat' dir='ltr'><strong>in</strong></span> <span class='ocrx_word' id='word_1_102' title='bbox 1369 884 1598 949; x_wconf 89' lang='lat' dir='ltr'><strong>mundo,</strong></span> <span class='ocrx_word' id='word_1_103' title='bbox 1639 888 1991 954; x_wconf 85' lang='lat' dir='ltr'><strong>assumptum</strong></span> <span class='ocrx_word' id='word_1_104' title='bbox 2014 887 2100 936; x_wconf 89' lang='lat' dir='ltr'><strong>est</strong></span> <span class='ocrx_word' id='word_1_105' title='bbox 2123 881 2182 936; x_wconf 92' lang='lat' dir='ltr'><strong>in</strong></span> <span class='ocrx_word' id='word_1_106' title='bbox 2211 881 2410 952; x_wconf 85' lang='lat' dir='ltr'><strong>gloria,</strong></span> <span class='ocrx_word' id='word_1_107' title='bbox 2443 884 2508 936; x_wconf 88' lang='lat' dir='ltr'><strong>in</strong></span> <span class='ocrx_word' id='word_1_108' title='bbox 2536 884 2928 952; x_wconf 73' lang='lat' dir='ltr'><strong>assumptione.</strong></span> <span class='ocrx_word' id='word_1_109' title='bbox 2979 878 2987 885; x_wconf 86' lang='grc'><em>’</em></span> 
     </span>
    </p>
   </div>
   <div class='ocr_carea' id='block_1_8' title="bbox 1506 1023 1958 1080">
    <p class='ocr_par' dir='ltr' id='par_1_8' title="bbox 1506 1023 1958 1080">
     <span class='ocr_line' id='line_1_8' title="bbox 1506 1023 1958 1080; baseline -0.007 0"><span class='ocrx_word' id='word_1_110' title='bbox 1506 1024 1740 1080; x_wconf 83' lang='lat' dir='ltr'><strong>CAPUT</strong></span> <span class='ocrx_word' id='word_1_111' title='bbox 1767 1023 1864 1079; x_wconf 90' lang='lat' dir='ltr'><strong>IV.</strong></span> <span class='ocrx_word' id='word_1_112' title='bbox 1942 1025 1958 1043; x_wconf 84' lang='lat'><strong><em>’</em></strong></span> 
     </span>
    </p>
   </div>
   <div class='ocr_carea' id='block_1_9' title="bbox 157 1143 3321 1224">
    <p class='ocr_par' dir='ltr' id='par_1_9' title="bbox 157 1143 3321 1224">
     <span class='ocr_line' id='line_1_9' title="bbox 157 1143 3321 1224; baseline -0.002 -13"><span class='ocrx_word' id='word_1_113' title='bbox 157 1155 198 1211; x_wconf 92' lang='grc'><strong>1.</strong></span> <span class='ocrx_word' id='word_1_114' title='bbox 227 1153 461 1224; x_wconf 83' lang='lat' dir='ltr'><strong>Spiritus</strong></span> <span class='ocrx_word' id='word_1_115' title='bbox 484 1157 670 1208; x_wconf 86' lang='lat' dir='ltr'><strong>autem</strong></span> <span class='ocrx_word' id='word_1_116' title='bbox 698 1152 990 1206; x_wconf 85' lang='lat' dir='ltr'><strong>manifeste</strong></span> <span class='ocrx_word' id='word_1_117' title='bbox 1019 1151 1154 1206; x_wconf 90' lang='lat' dir='ltr'><strong>dicit</strong></span> <span class='ocrx_word' id='word_1_118' title='bbox 1173 1153 1410 1220; x_wconf 70' lang='lat' dir='ltr'><strong>(exponit</strong></span> <span class='ocrx_word' id='word_1_119' title='bbox 1436 1143 1628 1204; x_wconf 79' lang='lat' dir='ltr'><strong>contra</strong></span> <span class='ocrx_word' id='word_1_120' title='bbox 1647 1165 1781 1218; x_wconf 89' lang='lat' dir='ltr'><strong>quos</strong></span> <span class='ocrx_word' id='word_1_121' title='bbox 1810 1150 2044 1203; x_wconf 76' lang='lat' dir='ltr'><strong>Ecclesia</strong></span> <span class='ocrx_word' id='word_1_122' title='bbox 2076 1151 2381 1212; x_wconf 76' lang='lat' dir='ltr'><strong>veritatem,</strong></span> <span class='ocrx_word' id='word_1_123' title='bbox 2411 1151 2616 1203; x_wconf 75' lang='lat' dir='ltr'><strong>scilicet</strong></span> <span class='ocrx_word' id='word_1_124' title='bbox 2644 1155 2839 1204; x_wconf 84' lang='lat' dir='ltr'><strong>contra</strong></span> <span class='ocrx_word' id='word_1_125' title='bbox 2861 1151 3153 1222; x_wconf 73' lang='lat' dir='ltr'><strong>haereticos)</strong></span> <span class='ocrx_word' id='word_1_126' title='bbox 3186 1151 3321 1222; x_wconf 87' lang='lat' dir='ltr'><strong>quia</strong></span> 
     </span>
    </p>
   </div>
   <div class='ocr_carea' id='block_1_10' title="bbox 99 1237 3318 1312">
    <p class='ocr_par' dir='ltr' id='par_1_10' title="bbox 99 1237 3318 1312">
     <span class='ocr_line' id='line_1_10' title="bbox 99 1237 3318 1312; baseline -0.001 -13"><span class='ocrx_word' id='word_1_127' title='bbox 99 1247 142 1299; x_wconf 95' lang='lat' dir='ltr'><strong>in</strong></span> <span class='ocrx_word' id='word_1_128' title='bbox 159 1243 456 1297; x_wconf 82' lang='lat' dir='ltr'><strong>novissimis</strong></span> <span class='ocrx_word' id='word_1_129' title='bbox 477 1241 822 1312; x_wconf 85' lang='lat' dir='ltr'><strong>temporibus</strong></span> <span class='ocrx_word' id='word_1_130' title='bbox 847 1241 1138 1294; x_wconf 86' lang='lat' dir='ltr'><strong>discedent</strong></span> <span class='ocrx_word' id='word_1_131' title='bbox 1163 1240 1392 1310; x_wconf 86' lang='lat' dir='ltr'><strong>quidam</strong></span> <span class='ocrx_word' id='word_1_132' title='bbox 1405 1256 1439 1293; x_wconf 89' lang='lat' dir='ltr'><strong>a</strong></span> <span class='ocrx_word' id='word_1_133' title='bbox 1452 1239 1942 1301; x_wconf 84' lang='lat' dir='ltr'><strong>ﬁde,attendentes</strong></span> <span class='ocrx_word' id='word_1_134' title='bbox 1968 1237 2259 1310; x_wconf 85' lang='lat' dir='ltr'><strong>spiritibus</strong></span> <span class='ocrx_word' id='word_1_135' title='bbox 2279 1238 2507 1302; x_wconf 83' lang='lat' dir='ltr'><strong>erroris,</strong></span> <span class='ocrx_word' id='word_1_136' title='bbox 2533 1245 2589 1292; x_wconf 90' lang='lat' dir='ltr'><strong>et</strong></span> <span class='ocrx_word' id='word_1_137' title='bbox 2603 1238 2872 1293; x_wconf 80' lang='lat' dir='ltr'><strong>doctrinis</strong></span> <span class='ocrx_word' id='word_1_138' title='bbox 2891 1240 3318 1308; x_wconf 65' lang='lat' dir='ltr'><strong>daemoniorum,</strong></span> 
     </span>
    </p>
   </div>
   <div class='ocr_carea' id='block_1_11' title="bbox 97 1325 3316 1402">
    <p class='ocr_par' dir='ltr' id='par_1_11' title="bbox 97 1325 3316 1402">
     <span class='ocr_line' id='line_1_11' title="bbox 97 1325 3316 1402; baseline -0.001 -16"><span class='ocrx_word' id='word_1_139' title='bbox 97 1335 142 1387; x_wconf 90' lang='lat' dir='ltr'><strong>in</strong></span> <span class='ocrx_word' id='word_1_140' title='bbox 172 1331 436 1402; x_wconf 87' lang='lat' dir='ltr'><strong>hypocrisi</strong></span> <span class='ocrx_word' id='word_1_141' title='bbox 476 1329 826 1401; x_wconf 86' lang='lat' dir='ltr'><strong>loquentium</strong></span> <span class='ocrx_word' id='word_1_142' title='bbox 857 1329 1231 1393; x_wconf 84' lang='lat' dir='ltr'><strong>mendacium,</strong></span> <span class='ocrx_word' id='word_1_143' title='bbox 1263 1330 1451 1382; x_wconf 82' lang='lat' dir='ltr'><strong>docent</strong></span> <span class='ocrx_word' id='word_1_144' title='bbox 1475 1329 1619 1396; x_wconf 85' lang='lat' dir='ltr'><strong>quod</strong></span> <span class='ocrx_word' id='word_1_145' title='bbox 1649 1343 1761 1380; x_wconf 85' lang='lat' dir='ltr'><strong>non</strong></span> <span class='ocrx_word' id='word_1_146' title='bbox 1792 1329 2032 1394; x_wconf 83' lang='lat' dir='ltr'><strong>faciunt,</strong></span> <span class='ocrx_word' id='word_1_147' title='bbox 2076 1325 2130 1382; x_wconf 81' lang='lat'><strong>‘2.</strong></span> <span class='ocrx_word' id='word_1_148' title='bbox 2172 1331 2230 1380; x_wconf 90' lang='lat' dir='ltr'><strong>et</strong></span> <span class='ocrx_word' id='word_1_149' title='bbox 2251 1327 2636 1393; x_wconf 82' lang='lat' dir='ltr'><strong>cauteriatam,</strong></span> <span class='ocrx_word' id='word_1_150' title='bbox 2663 1329 2938 1390; x_wconf 87' lang='lat' dir='ltr'><strong>adustam,</strong></span> <span class='ocrx_word' id='word_1_151' title='bbox 2971 1336 3316 1398; x_wconf 85' lang='lat' dir='ltr'><strong>corruptam&#39;,</strong></span> 
     </span>
    </p>
   </div>
   <div class='ocr_carea' id='block_1_12' title="bbox 97 1415 3322 1486">
    <p class='ocr_par' dir='ltr' id='par_1_12' title="bbox 97 1415 3322 1486">
     <span class='ocr_line' id='line_1_12' title="bbox 97 1415 3322 1486; baseline -0.002 -9"><span class='ocrx_word' id='word_1_152' title='bbox 97 1425 162 1477; x_wconf 70' lang='grc' dir='ltr'><strong>τοι</strong></span> <span class='ocrx_word' id='word_1_153' title='bbox 181 1422 492 1474; x_wconf 81' lang='lat' dir='ltr'><strong>adurentem</strong></span> <span class='ocrx_word' id='word_1_154' title='bbox 521 1424 570 1472; x_wconf 85' lang='lat' dir='ltr'><strong>et</strong></span> <span class='ocrx_word' id='word_1_155' title='bbox 598 1419 736 1472; x_wconf 72' lang='lat' dir='ltr'><strong>alios</strong></span> <span class='ocrx_word' id='word_1_156' title='bbox 769 1423 1229 1486; x_wconf 83' lang='lat' dir='ltr'><strong>corrumpentem,</strong></span> <span class='ocrx_word' id='word_1_157' title='bbox 1259 1415 1309 1472; x_wconf 89' lang='lat'><strong>3.</strong></span> <span class='ocrx_word' id='word_1_158' title='bbox 1343 1416 1675 1470; x_wconf 84' lang='lat' dir='ltr'><strong>habentium</strong></span> <span class='ocrx_word' id='word_1_159' title='bbox 1711 1432 1871 1469; x_wconf 88' lang='lat' dir='ltr'><strong>suam</strong></span> <span class='ocrx_word' id='word_1_160' title='bbox 1909 1415 2328 1470; x_wconf 85' lang='lat' dir='ltr'><strong>conscientiam.</strong></span> <span class='ocrx_word' id='word_1_161' title='bbox 2351 1415 2400 1470; x_wconf 85' lang='grc'>4.</span> <span class='ocrx_word' id='word_1_162' title='bbox 2431 1415 2846 1486; x_wconf 87' lang='lat' dir='ltr'><strong>prohibentium</strong></span> <span class='ocrx_word' id='word_1_163' title='bbox 2869 1417 3100 1483; x_wconf 87' lang='lat' dir='ltr'><strong>nubere,</strong></span> <span class='ocrx_word' id='word_1_164' title='bbox 3129 1419 3322 1475; x_wconf 76' lang='lat' dir='ltr'><strong>(diver-</strong></span> 
     </span>
    </p>
   </div>
   <div class='ocr_carea' id='block_1_13' title="bbox 96 1503 3324 1574">
    <p class='ocr_par' dir='ltr' id='par_1_13' title="bbox 96 1503 3324 1574">
     <span class='ocr_line' id='line_1_13' title="bbox 96 1503 3324 1574; baseline 0.001 -14"><span class='ocrx_word' id='word_1_165' title='bbox 96 1525 257 1562; x_wconf 82' lang='lat' dir='ltr'><strong>sarum</strong></span> <span class='ocrx_word' id='word_1_166' title='bbox 285 1509 552 1562; x_wconf 61' lang='grc' dir='ltr'><strong>ἥσω-βεεοη</strong></span> <span class='ocrx_word' id='word_1_167' title='bbox 580 1509 913 1561; x_wconf 82' lang='lat' dir='ltr'><strong>mentionem</strong></span> <span class='ocrx_word' id='word_1_168' title='bbox 942 1509 1097 1574; x_wconf 79' lang='lat' dir='ltr'><strong>facit)</strong></span> <span class='ocrx_word' id='word_1_169' title='bbox 1117 1505 1418 1568; x_wconf 88' lang='lat' dir='ltr'><strong>abstinere,</strong></span> <span class='ocrx_word' id='word_1_170' title='bbox 1441 1507 1642 1559; x_wconf 80' lang='lat' dir='ltr'><strong>scilicet</strong></span> <span class='ocrx_word' id='word_1_171' title='bbox 1661 1507 2168 1573; x_wconf 61' lang='lat' dir='ltr'><strong>pracipientium,a</strong></span> <span class='ocrx_word' id='word_1_172' title='bbox 2193 1503 2350 1567; x_wconf 90' lang='lat' dir='ltr'><strong>cibis,</strong></span> <span class='ocrx_word' id='word_1_173' title='bbox 2369 1507 2606 1572; x_wconf 71' lang='lat' dir='ltr'><strong>(exponit</strong></span> <span class='ocrx_word' id='word_1_174' title='bbox 2635 1520 2753 1572; x_wconf 56' lang='lat' dir='ltr'><strong>qua</strong></span> <span class='ocrx_word' id='word_1_175' title='bbox 2771 1505 3063 1558; x_wconf 86' lang='lat' dir='ltr'><strong>mendacia</strong></span> <span class='ocrx_word' id='word_1_176' title='bbox 3090 1507 3324 1574; x_wconf 85' lang='lat' dir='ltr'><strong>loquan-</strong></span> 
     </span>
    </p>
   </div>
   <div class='ocr_carea' id='block_1_14' title="bbox 98 1591 3318 1667">
    <p class='ocr_par' dir='ltr' id='par_1_14' title="bbox 98 1591 3318 1667">
     <span class='ocr_line' id='line_1_14' title="bbox 98 1591 3318 1667; baseline 0.001 -20"><span class='ocrx_word' id='word_1_177' title='bbox 98 1601 189 1650; x_wconf 66' lang='lat' dir='ltr'><strong>tur)</strong></span> <span class='ocrx_word' id='word_1_178' title='bbox 215 1611 344 1665; x_wconf 91' lang='lat' dir='ltr'><strong>quos</strong></span> <span class='ocrx_word' id='word_1_179' title='bbox 361 1595 513 1649; x_wconf 89' lang='lat' dir='ltr'><strong>Deus</strong></span> <span class='ocrx_word' id='word_1_180' title='bbox 543 1594 752 1651; x_wconf 90' lang='lat' dir='ltr'><strong>creavit</strong></span> <span class='ocrx_word' id='word_1_181' title='bbox 767 1595 834 1648; x_wconf 92' lang='lat' dir='ltr'><strong>ad</strong></span> <span class='ocrx_word' id='word_1_182' title='bbox 852 1594 1270 1664; x_wconf 87' lang='lat' dir='ltr'><strong>percipiendum</strong></span> <span class='ocrx_word' id='word_1_183' title='bbox 1292 1610 1417 1647; x_wconf 87' lang='lat' dir='ltr'><strong>cum</strong></span> <span class='ocrx_word' id='word_1_184' title='bbox 1438 1593 1754 1663; x_wconf 85' lang='lat' dir='ltr'><strong>gratiarum</strong></span> <span class='ocrx_word' id='word_1_185' title='bbox 1783 1592 2003 1646; x_wconf 86' lang='lat' dir='ltr'><strong>actione</strong></span> <span class='ocrx_word' id='word_1_186' title='bbox 2031 1591 2374 1658; x_wconf 88' lang='lat' dir='ltr'><strong>ﬁdelibus,et</strong></span> <span class='ocrx_word' id='word_1_187' title='bbox 2391 1591 2458 1645; x_wconf 91' lang='lat' dir='ltr'><strong>iis</strong></span> <span class='ocrx_word' id='word_1_188' title='bbox 2479 1591 2575 1663; x_wconf 84' lang='lat' dir='ltr'><strong>qui</strong></span> <span class='ocrx_word' id='word_1_189' title='bbox 2599 1599 2982 1667; x_wconf 79' lang='lat' dir='ltr'><strong>cognoverunt</strong></span> <span class='ocrx_word' id='word_1_190' title='bbox 3008 1593 3318 1650; x_wconf 75' lang='lat' dir='ltr'><strong>veritatem.</strong></span> 
     </span>
    </p>
   </div>
   <div class='ocr_carea' id='block_1_15' title="bbox 97 1679 3325 1754">
    <p class='ocr_par' dir='ltr' id='par_1_15' title="bbox 97 1679 3325 1754">
     <span class='ocr_line' id='line_1_15' title="bbox 97 1679 3325 1754; baseline 0.001 -20"><span class='ocrx_word' id='word_1_191' title='bbox 97 1685 183 1748; x_wconf 78' lang='lat' dir='ltr'><strong>(lui</strong></span> <span class='ocrx_word' id='word_1_192' title='bbox 201 1686 300 1737; x_wconf 83' lang='lat' dir='ltr'><strong>cibi</strong></span> <span class='ocrx_word' id='word_1_193' title='bbox 323 1684 618 1752; x_wconf 81' lang='lat' dir='ltr'><strong>rejiciendi</strong></span> <span class='ocrx_word' id='word_1_194' title='bbox 649 1699 760 1736; x_wconf 91' lang='lat' dir='ltr'><strong>non</strong></span> <span class='ocrx_word' id='word_1_195' title='bbox 787 1689 940 1746; x_wconf 86' lang='lat' dir='ltr'><strong>sunt,</strong></span> <span class='ocrx_word' id='word_1_196' title='bbox 977 1684 1104 1736; x_wconf 86' lang='lat' dir='ltr'><strong>boni</strong></span> <span class='ocrx_word' id='word_1_197' title='bbox 1134 1685 1456 1736; x_wconf 78' lang='lat' dir='ltr'><strong>enimsunt.</strong></span> <span class='ocrx_word' id='word_1_198' title='bbox 1482 1683 1538 1735; x_wconf 87' lang='lat'><strong>5.</strong></span> <span class='ocrx_word' id='word_1_199' title='bbox 1569 1679 1717 1743; x_wconf 83' lang='lat' dir='ltr'><strong>Quia</strong></span> <span class='ocrx_word' id='word_1_200' title='bbox 1741 1680 1925 1734; x_wconf 91' lang='lat' dir='ltr'><strong>omnis</strong></span> <span class='ocrx_word' id='word_1_201' title='bbox 1955 1679 2326 1734; x_wconf 88' lang='lat' dir='ltr'><strong>creaturaDei</strong></span> <span class='ocrx_word' id='word_1_202' title='bbox 2348 1679 3156 1750; x_wconf 89' lang='lat' dir='ltr'><strong>bonaest,nihilrejiciendum,</strong></span> <span class='ocrx_word' id='word_1_203' title='bbox 3175 1683 3325 1754; x_wconf 88' lang='lat' dir='ltr'><strong>quod</strong></span> 
     </span>
    </p>
   </div>
   <div class='ocr_carea' id='block_1_16' title="bbox 99 1767 3323 1841">
    <p class='ocr_par' dir='ltr' id='par_1_16' title="bbox 99 1767 3323 1841">
     <span class='ocr_line' id='line_1_16' title="bbox 99 1767 3323 1841; baseline 0.001 -17"><span class='ocrx_word' id='word_1_204' title='bbox 99 1787 202 1824; x_wconf 86' lang='lat' dir='ltr'><strong>cum</strong></span> <span class='ocrx_word' id='word_1_205' title='bbox 229 1771 539 1841; x_wconf 82' lang='lat' dir='ltr'><strong>gratiarum</strong></span> <span class='ocrx_word' id='word_1_206' title='bbox 571 1769 788 1824; x_wconf 84' lang='lat' dir='ltr'><strong>actione</strong></span> <span class='ocrx_word' id='word_1_207' title='bbox 818 1770 1162 1840; x_wconf 86' lang='lat' dir='ltr'><strong>percipitur;</strong></span> <span class='ocrx_word' id='word_1_208' title='bbox 1195 1770 1580 1824; x_wconf 84' lang='lat' dir='ltr'><strong>sanctiticatur</strong></span> <span class='ocrx_word' id='word_1_209' title='bbox 1606 1769 1756 1822; x_wconf 89' lang='lat' dir='ltr'><strong>enim</strong></span> <span class='ocrx_word' id='word_1_210' title='bbox 1800 1778 1833 1834; x_wconf 86' lang='grc' dir='ltr'>ι</span> <span class='ocrx_word' id='word_1_211' title='bbox 1853 1775 1979 1834; x_wconf 60' lang='lat' dir='ltr'><strong>se}</strong></span> <span class='ocrx_word' id='word_1_212' title='bbox 2011 1786 2112 1840; x_wconf 90' lang='lat' dir='ltr'><strong>per</strong></span> <span class='ocrx_word' id='word_1_213' title='bbox 2151 1769 2384 1822; x_wconf 85' lang='lat' dir='ltr'><strong>verbum</strong></span> <span class='ocrx_word' id='word_1_214' title='bbox 2429 1767 2530 1822; x_wconf 89' lang='lat' dir='ltr'><strong>Dei</strong></span> <span class='ocrx_word' id='word_1_215' title='bbox 2559 1774 2619 1822; x_wconf 90' lang='lat' dir='ltr'><strong>et</strong></span> <span class='ocrx_word' id='word_1_216' title='bbox 2663 1769 2977 1822; x_wconf 88' lang='lat' dir='ltr'><strong>orationem</strong></span> <span class='ocrx_word' id='word_1_217' title='bbox 3007 1773 3323 1828; x_wconf 81' lang='lat' dir='ltr'><strong>sacerdotis.</strong></span> 
     </span>
    </p>
   </div>
   <div class='ocr_carea' id='block_1_17' title="bbox 95 1855 3325 1929">
    <p class='ocr_par' dir='ltr' id='par_1_17' title="bbox 95 1855 3325 1929">
     <span class='ocr_line' id='line_1_17' title="bbox 95 1855 3325 1929; baseline 0.002 -19"><span class='ocrx_word' id='word_1_218' title='bbox 95 1857 138 1910; x_wconf 88' lang='lat'><strong>6.</strong></span> <span class='ocrx_word' id='word_1_219' title='bbox 181 1859 299 1912; x_wconf 66' lang='lat' dir='ltr'><strong>Haec</strong></span> <span class='ocrx_word' id='word_1_220' title='bbox 341 1873 663 1929; x_wconf 88' lang='lat' dir='ltr'><strong>proponens</strong></span> <span class='ocrx_word' id='word_1_221' title='bbox 713 1856 1000 1922; x_wconf 85' lang='lat' dir='ltr'><strong>fratribus,</strong></span> <span class='ocrx_word' id='word_1_222' title='bbox 1063 1857 1241 1911; x_wconf 91' lang='lat' dir='ltr'><strong>bonus</strong></span> <span class='ocrx_word' id='word_1_223' title='bbox 1284 1856 1394 1911; x_wconf 91' lang='lat' dir='ltr'><strong>eris</strong></span> <span class='ocrx_word' id='word_1_224' title='bbox 1439 1856 1699 1912; x_wconf 85' lang='lat' dir='ltr'><strong>minister</strong></span> <span class='ocrx_word' id='word_1_225' title='bbox 1754 1858 1962 1912; x_wconf 87' lang='lat' dir='ltr'><strong>Christi</strong></span> <span class='ocrx_word' id='word_1_226' title='bbox 2011 1859 2163 1916; x_wconf 87' lang='lat' dir='ltr'><strong>Jesu.</strong></span> <span class='ocrx_word' id='word_1_227' title='bbox 2211 1855 2260 1912; x_wconf 93' lang='lat'><strong>7.</strong></span> <span class='ocrx_word' id='word_1_228' title='bbox 2316 1857 2597 1911; x_wconf 89' lang='lat' dir='ltr'><strong>enutritus</strong></span> <span class='ocrx_word' id='word_1_229' title='bbox 2657 1856 2836 1911; x_wconf 85' lang='lat' dir='ltr'><strong>verbis</strong></span> <span class='ocrx_word' id='word_1_230' title='bbox 2889 1857 3019 1912; x_wconf 88' lang='lat' dir='ltr'><strong>ﬁdei</strong></span> <span class='ocrx_word' id='word_1_231' title='bbox 3059 1865 3117 1913; x_wconf 91' lang='lat' dir='ltr'><strong>et</strong></span> <span class='ocrx_word' id='word_1_232' title='bbox 3165 1859 3325 1916; x_wconf 66' lang='lat' dir='ltr'><strong>bonae</strong></span> 
     </span>
    </p>
   </div>
   <div class='ocr_carea' id='block_1_18' title="bbox 97 1943 3326 2020">
    <p class='ocr_par' dir='ltr' id='par_1_18' title="bbox 97 1943 3326 2020">
     <span class='ocr_line' id='line_1_18' title="bbox 97 1943 3326 2020; baseline 0.002 -22"><span class='ocrx_word' id='word_1_233' title='bbox 97 1945 351 2015; x_wconf 69' lang='lat' dir='ltr'><strong>doctrinae,</strong></span> <span class='ocrx_word' id='word_1_234' title='bbox 395 1963 570 2017; x_wconf 85' lang='lat' dir='ltr'><strong>quam</strong></span> <span class='ocrx_word' id='word_1_235' title='bbox 621 1951 909 2000; x_wconf 87' lang='lat' dir='ltr'><strong>assecutus</strong></span> <span class='ocrx_word' id='word_1_236' title='bbox 951 1962 1030 2000; x_wconf 90' lang='lat' dir='ltr'><strong>es.</strong></span> <span class='ocrx_word' id='word_1_237' title='bbox 1088 1946 1315 2017; x_wconf 87' lang='lat' dir='ltr'><strong>Ineptas</strong></span> <span class='ocrx_word' id='word_1_238' title='bbox 1363 1950 1556 1999; x_wconf 89' lang='lat' dir='ltr'><strong>autem</strong></span> <span class='ocrx_word' id='word_1_239' title='bbox 1611 1950 1670 1999; x_wconf 90' lang='lat' dir='ltr'><strong>et</strong></span> <span class='ocrx_word' id='word_1_240' title='bbox 1731 1946 1910 2000; x_wconf 87' lang='lat' dir='ltr'><strong>aniles</strong></span> <span class='ocrx_word' id='word_1_241' title='bbox 1957 1945 2176 2000; x_wconf 89' lang='lat' dir='ltr'><strong>fabulas</strong></span> <span class='ocrx_word' id='word_1_242' title='bbox 2233 1945 2460 2012; x_wconf 88' lang='lat' dir='ltr'><strong>devita;</strong></span> <span class='ocrx_word' id='word_1_243' title='bbox 2501 1943 2554 2000; x_wconf 89' lang='lat'><strong>8.</strong></span> <span class='ocrx_word' id='word_1_244' title='bbox 2611 1961 2804 1999; x_wconf 84' lang='lat' dir='ltr'><strong>exerce</strong></span> <span class='ocrx_word' id='word_1_245' title='bbox 2851 1951 3043 2001; x_wconf 87' lang='lat' dir='ltr'><strong>autem</strong></span> <span class='ocrx_word' id='word_1_246' title='bbox 3079 1948 3326 2020; x_wconf 89' lang='lat' dir='ltr'><strong>teipsum</strong></span> 
     </span>
    </p>
   </div>
   <div class='ocr_carea' id='block_1_19' title="bbox 97 2033 3325 2106">
    <p class='ocr_par' dir='ltr' id='par_1_19' title="bbox 97 2033 3325 2106">
     <span class='ocr_line' id='line_1_19' title="bbox 97 2033 3325 2106; baseline 0.002 -20"><span class='ocrx_word' id='word_1_247' title='bbox 97 2035 152 2087; x_wconf 84' lang='lat' dir='ltr'><strong>ad</strong></span> <span class='ocrx_word' id='word_1_248' title='bbox 187 2036 462 2106; x_wconf 86' lang='lat' dir='ltr'><strong>pietatem,</strong></span> <span class='ocrx_word' id='word_1_249' title='bbox 488 2051 648 2104; x_wconf 82' lang='lat' dir='ltr'><strong>pasce</strong></span> <span class='ocrx_word' id='word_1_250' title='bbox 685 2050 902 2102; x_wconf 80' lang='lat' dir='ltr'><strong>gregem</strong></span> <span class='ocrx_word' id='word_1_251' title='bbox 947 2036 1050 2088; x_wconf 84' lang='lat' dir='ltr'><strong>tibi</strong></span> <span class='ocrx_word' id='word_1_252' title='bbox 1085 2038 1436 2089; x_wconf 86' lang='lat' dir='ltr'><strong>commissum</strong></span> <span class='ocrx_word' id='word_1_253' title='bbox 1479 2037 1777 2103; x_wconf 79' lang='lat' dir='ltr'><strong>spirituali</strong></span> <span class='ocrx_word' id='word_1_254' title='bbox 1823 2036 1938 2088; x_wconf 89' lang='lat' dir='ltr'><strong>cibo</strong></span> <span class='ocrx_word' id='word_1_255' title='bbox 1989 2039 2039 2087; x_wconf 87' lang='lat' dir='ltr'><strong>et</strong></span> <span class='ocrx_word' id='word_1_256' title='bbox 2094 2036 2322 2087; x_wconf 89' lang='lat' dir='ltr'><strong>carnali</strong></span> <span class='ocrx_word' id='word_1_257' title='bbox 2355 2038 2418 2087; x_wconf 90' lang='lat' dir='ltr'><strong>ut</strong></span> <span class='ocrx_word' id='word_1_258' title='bbox 2447 2035 2522 2086; x_wconf 89' lang='lat' dir='ltr'><strong>sis</strong></span> <span class='ocrx_word' id='word_1_259' title='bbox 2555 2036 2710 2101; x_wconf 68' lang='lat' dir='ltr'><strong>pius.</strong></span> <span class='ocrx_word' id='word_1_260' title='bbox 2750 2033 2905 2087; x_wconf 88' lang='lat' dir='ltr'><strong>Nam</strong></span> <span class='ocrx_word' id='word_1_261' title='bbox 2958 2038 3078 2090; x_wconf 81' lang='lat' dir='ltr'><strong>sine</strong></span> <span class='ocrx_word' id='word_1_262' title='bbox 3125 2039 3325 2104; x_wconf 82' lang='lat' dir='ltr'><strong>pietate</strong></span> 
     </span>
    </p>
   </div>
   <div class='ocr_carea' id='block_1_20' title="bbox 96 2120 3325 2196">
    <p class='ocr_par' dir='ltr' id='par_1_20' title="bbox 96 2120 3325 2196">
     <span class='ocr_line' id='line_1_20' title="bbox 96 2120 3325 2196; baseline 0.001 -20"><span class='ocrx_word' id='word_1_263' title='bbox 96 2121 137 2176; x_wconf 90' lang='lat'><strong>9.</strong></span> <span class='ocrx_word' id='word_1_264' title='bbox 159 2123 444 2194; x_wconf 89' lang='lat' dir='ltr'><strong>corporalis</strong></span> <span class='ocrx_word' id='word_1_265' title='bbox 475 2122 798 2178; x_wconf 82' lang='lat' dir='ltr'><strong>exercitatio</strong></span> <span class='ocrx_word' id='word_1_266' title='bbox 835 2123 908 2177; x_wconf 90' lang='lat' dir='ltr'><strong>ad</strong></span> <span class='ocrx_word' id='word_1_267' title='bbox 944 2123 1245 2189; x_wconf 90' lang='lat' dir='ltr'><strong>modicum,</strong></span> <span class='ocrx_word' id='word_1_268' title='bbox 1291 2140 1499 2192; x_wconf 86' lang='lat' dir='ltr'><strong>parum</strong></span> <span class='ocrx_word' id='word_1_269' title='bbox 1527 2123 1684 2177; x_wconf 89' lang='lat' dir='ltr'><strong>utilis</strong></span> <span class='ocrx_word' id='word_1_270' title='bbox 1714 2127 1836 2190; x_wconf 89' lang='lat' dir='ltr'><strong>est;</strong></span> <span class='ocrx_word' id='word_1_271' title='bbox 1873 2123 2054 2192; x_wconf 90' lang='lat' dir='ltr'><strong>pietas</strong></span> <span class='ocrx_word' id='word_1_272' title='bbox 2091 2120 2284 2176; x_wconf 85' lang='lat' dir='ltr'><strong>autem</strong></span> <span class='ocrx_word' id='word_1_273' title='bbox 2319 2121 2392 2176; x_wconf 90' lang='lat' dir='ltr'><strong>ad</strong></span> <span class='ocrx_word' id='word_1_274' title='bbox 2421 2121 2611 2176; x_wconf 90' lang='lat' dir='ltr'><strong>omnia</strong></span> <span class='ocrx_word' id='word_1_275' title='bbox 2637 2121 2792 2176; x_wconf 90' lang='lat' dir='ltr'><strong>utilis</strong></span> <span class='ocrx_word' id='word_1_276' title='bbox 2821 2127 2926 2189; x_wconf 89' lang='lat' dir='ltr'><strong>est,</strong></span> <span class='ocrx_word' id='word_1_277' title='bbox 2959 2120 3051 2190; x_wconf 83' lang='grc'><strong>10,</strong></span> <span class='ocrx_word' id='word_1_278' title='bbox 3080 2123 3162 2180; x_wconf 87' lang='grc'><strong>11.</strong></span> <span class='ocrx_word' id='word_1_279' title='bbox 3193 2142 3325 2196; x_wconf 87' lang='lat' dir='ltr'><strong>pro-</strong></span> 
     </span>
    </p>
   </div>
   <div class='ocr_carea' id='block_1_21' title="bbox 99 2209 3320 2284">
    <p class='ocr_par' dir='ltr' id='par_1_21' title="bbox 99 2209 3320 2284">
     <span class='ocr_line' id='line_1_21' title="bbox 99 2209 3320 2284; baseline 0.002 -21"><span class='ocrx_word' id='word_1_280' title='bbox 99 2211 380 2266; x_wconf 88' lang='lat' dir='ltr'><strong>missionem</strong></span> <span class='ocrx_word' id='word_1_281' title='bbox 413 2211 628 2266; x_wconf 85' lang='lat' dir='ltr'><strong>habens</strong></span> <span class='ocrx_word' id='word_1_282' title='bbox 653 2212 795 2275; x_wconf 73' lang='lat' dir='ltr'><strong>vitze,</strong></span> <span class='ocrx_word' id='word_1_283' title='bbox 823 2228 946 2282; x_wconf 63' lang='lat' dir='ltr'><strong>quae</strong></span> <span class='ocrx_word' id='word_1_284' title='bbox 974 2227 1123 2266; x_wconf 89' lang='lat' dir='ltr'><strong>nunc</strong></span> <span class='ocrx_word' id='word_1_285' title='bbox 1153 2217 1255 2273; x_wconf 83' lang='lat' dir='ltr'><strong>est,</strong></span> <span class='ocrx_word' id='word_1_286' title='bbox 1274 2218 1331 2266; x_wconf 89' lang='lat' dir='ltr'><strong>et</strong></span> <span class='ocrx_word' id='word_1_287' title='bbox 1349 2212 1571 2266; x_wconf 85' lang='lat' dir='ltr'><strong>futurae.</strong></span> <span class='ocrx_word' id='word_1_288' title='bbox 1596 2211 1806 2266; x_wconf 90' lang='lat' dir='ltr'><strong>Fidelis</strong></span> <span class='ocrx_word' id='word_1_289' title='bbox 1834 2226 2040 2274; x_wconf 89' lang='lat' dir='ltr'><strong>sermo,</strong></span> <span class='ocrx_word' id='word_1_290' title='bbox 2070 2225 2233 2278; x_wconf 83' lang='lat' dir='ltr'><strong>quem</strong></span> <span class='ocrx_word' id='word_1_291' title='bbox 2271 2210 2410 2274; x_wconf 66' lang='grc' dir='ltr'><strong>ἀίω-κ’,</strong></span> <span class='ocrx_word' id='word_1_292' title='bbox 2452 2215 2510 2264; x_wconf 92' lang='lat' dir='ltr'><strong>et</strong></span> <span class='ocrx_word' id='word_1_293' title='bbox 2547 2209 2699 2262; x_wconf 89' lang='lat' dir='ltr'><strong>omni</strong></span> <span class='ocrx_word' id='word_1_294' title='bbox 2740 2209 3060 2281; x_wconf 81' lang='lat' dir='ltr'><strong>acceptione</strong></span> <span class='ocrx_word' id='word_1_295' title='bbox 3087 2212 3320 2284; x_wconf 87' lang='lat' dir='ltr'><strong>dignus.</strong></span> 
     </span>
    </p>
   </div>
   <div class='ocr_carea' id='block_1_22' title="bbox 101 2297 3330 2370">
    <p class='ocr_par' dir='ltr' id='par_1_22' title="bbox 101 2297 3330 2370">
     <span class='ocr_line' id='line_1_22' title="bbox 101 2297 3330 2370; baseline 0.002 -20"><span class='ocrx_word' id='word_1_296' title='bbox 101 2297 152 2351; x_wconf 90' lang='lat' dir='ltr'><strong>In</strong></span> <span class='ocrx_word' id='word_1_297' title='bbox 169 2300 257 2354; x_wconf 88' lang='lat' dir='ltr'><strong>hoc</strong></span> <span class='ocrx_word' id='word_1_298' title='bbox 285 2301 522 2368; x_wconf 88' lang='lat' dir='ltr'><strong>enim,in</strong></span> <span class='ocrx_word' id='word_1_299' title='bbox 541 2304 905 2370; x_wconf 81' lang='lat' dir='ltr'><strong>promissione</strong></span> <span class='ocrx_word' id='word_1_300' title='bbox 919 2301 1372 2369; x_wconf 85' lang='lat' dir='ltr'><strong>illa,laboramus</strong></span> <span class='ocrx_word' id='word_1_301' title='bbox 1385 2305 1442 2356; x_wconf 86' lang='lat' dir='ltr'><strong>et</strong></span> <span class='ocrx_word' id='word_1_302' title='bbox 1459 2299 2008 2370; x_wconf 88' lang='lat' dir='ltr'><strong>maledicimur,quia</strong></span> <span class='ocrx_word' id='word_1_303' title='bbox 2021 2315 2314 2370; x_wconf 86' lang='lat' dir='ltr'><strong>speramus</strong></span> <span class='ocrx_word' id='word_1_304' title='bbox 2333 2297 2393 2352; x_wconf 92' lang='lat' dir='ltr'><strong>in</strong></span> <span class='ocrx_word' id='word_1_305' title='bbox 2414 2299 2598 2354; x_wconf 88' lang='lat' dir='ltr'><strong>Deum</strong></span> <span class='ocrx_word' id='word_1_306' title='bbox 2621 2298 2825 2366; x_wconf 88' lang='lat' dir='ltr'><strong>vivum,</strong></span> <span class='ocrx_word' id='word_1_307' title='bbox 2843 2299 2940 2370; x_wconf 87' lang='lat' dir='ltr'><strong>qui</strong></span> <span class='ocrx_word' id='word_1_308' title='bbox 2958 2306 3045 2355; x_wconf 90' lang='lat' dir='ltr'><strong>est</strong></span> <span class='ocrx_word' id='word_1_309' title='bbox 3074 2301 3330 2360; x_wconf 81' lang='lat' dir='ltr'><strong>Salvator</strong></span> 
     </span>
    </p>
   </div>
   <div class='ocr_carea' id='block_1_23' title="bbox 1421 2443 2013 2500">
    <p class='ocr_par' dir='ltr' id='par_1_23' title="bbox 1421 2443 2013 2500">
     <span class='ocr_line' id='line_1_23' title="bbox 1421 2443 2013 2500; baseline -0.002 -1"><span class='ocrx_word' id='word_1_310' title='bbox 1421 2443 2013 2500; x_wconf 87' lang='lat' dir='ltr'><strong>COMMENTARIUS.</strong></span> 
     </span>
    </p>
   </div>
   <div class='ocr_carea' id='block_1_24' title="bbox 155 2575 3338 2646">
    <p class='ocr_par' dir='ltr' id='par_1_24' title="bbox 155 2575 3338 2646">
     <span class='ocr_line' id='line_1_24' title="bbox 155 2575 3338 2646; baseline 0.002 -15"><span class='ocrx_word' id='word_1_311' title='bbox 155 2576 230 2633; x_wconf 70' lang='grc'>14.</span> <span class='ocrx_word' id='word_1_312' title='bbox 259 2579 468 2635; x_wconf 61' lang='lat' dir='ltr'><strong>Lmen.</strong></span> <span class='ocrx_word' id='word_1_313' title='bbox 510 2578 749 2632; x_wconf 85' lang='lat' dir='ltr'><strong>Ecclesia</strong></span> <span class='ocrx_word' id='word_1_314' title='bbox 785 2579 882 2630; x_wconf 83' lang='lat' dir='ltr'><strong>Dei</strong></span> <span class='ocrx_word' id='word_1_315' title='bbox 929 2578 1060 2642; x_wconf 78' lang='lat' dir='ltr'><strong>vivi,</strong></span> <span class='ocrx_word' id='word_1_316' title='bbox 1095 2581 1375 2638; x_wconf 83' lang='lat' dir='ltr'><strong>columna,</strong></span> <span class='ocrx_word' id='word_1_317' title='bbox 1407 2580 1511 2630; x_wconf 86' lang='lat' dir='ltr'><strong>etc.</strong></span> <span class='ocrx_word' id='word_1_318' title='bbox 1545 2575 1720 2635; x_wconf 81' lang='lat' dir='ltr'><strong>Ec—A</strong></span> <span class='ocrx_word' id='word_1_319' title='bbox 1815 2575 1864 2629; x_wconf 84' lang='grc'>5.</span> <span class='ocrx_word' id='word_1_320' title='bbox 1889 2576 2136 2630; x_wconf 76' lang='lat' dir='ltr'><strong>Ancus&#39;r.</strong></span> <span class='ocrx_word' id='word_1_321' title='bbox 2172 2577 2424 2644; x_wconf 65' lang='lat' dir='ltr'><strong>(exposit.</strong></span> <span class='ocrx_word' id='word_1_322' title='bbox 2456 2579 2518 2632; x_wconf 88' lang='lat' dir='ltr'><strong>in</strong></span> <span class='ocrx_word' id='word_1_323' title='bbox 2545 2581 2686 2646; x_wconf 87' lang='lat' dir='ltr'><strong>psal.</strong></span> <span class='ocrx_word' id='word_1_324' title='bbox 2721 2593 2906 2644; x_wconf 80' lang='lat' dir='ltr'><strong>CXLIII,</strong></span> <span class='ocrx_word' id='word_1_325' title='bbox 2937 2585 3076 2634; x_wconf 90' lang='lat' dir='ltr'><strong>tom.</strong></span> <span class='ocrx_word' id='word_1_326' title='bbox 3111 2579 3248 2637; x_wconf 88' lang='lat' dir='ltr'>VIII</span> <span class='ocrx_word' id='word_1_327' title='bbox 3277 2589 3338 2638; x_wconf 89' lang='lat' dir='ltr'><strong>et</strong></span> 
     </span>
    </p>
   </div>
   <div class='ocr_carea' id='block_1_25' title="bbox 102 2663 3337 2734">
    <p class='ocr_par' dir='ltr' id='par_1_25' title="bbox 102 2663 3337 2734">
     <span class='ocr_line' id='line_1_25' title="bbox 102 2663 3337 2734; baseline 0.002 -17"><span class='ocrx_word' id='word_1_328' title='bbox 102 2666 254 2732; x_wconf 86' lang='lat' dir='ltr'><strong>clesia,</strong></span> <span class='ocrx_word' id='word_1_329' title='bbox 275 2667 328 2720; x_wconf 91' lang='lat' dir='ltr'><strong>id</strong></span> <span class='ocrx_word' id='word_1_330' title='bbox 348 2673 451 2731; x_wconf 91' lang='lat' dir='ltr'><strong>est,</strong></span> <span class='ocrx_word' id='word_1_331' title='bbox 488 2666 686 2720; x_wconf 82' lang='lat' dir='ltr'><strong>ﬁdeles</strong></span> <span class='ocrx_word' id='word_1_332' title='bbox 721 2671 855 2720; x_wconf 88' lang='lat' dir='ltr'><strong>sunt</strong></span> <span class='ocrx_word' id='word_1_333' title='bbox 881 2667 1142 2720; x_wconf 89' lang='lat' dir='ltr'><strong>columna</strong></span> <span class='ocrx_word' id='word_1_334' title='bbox 1169 2665 1439 2733; x_wconf 77' lang='lat' dir='ltr'><strong>veritatis,</strong></span> <span class='ocrx_word' id='word_1_335' title='bbox 1471 2664 1528 2718; x_wconf 91' lang='lat' dir='ltr'><strong>id</strong></span> <span class='ocrx_word' id='word_1_336' title='bbox 1551 2669 1654 2725; x_wconf 86' lang='lat' dir='ltr'><strong>est,</strong></span> <span class='ocrx_word' id='word_1_337' title='bbox 1741 2663 1840 2716; x_wconf 92' lang='lat' dir='ltr'><strong>lib.</strong></span> <span class='ocrx_word' id='word_1_338' title='bbox 1871 2681 1922 2718; x_wconf 90' lang='lat' dir='ltr'><strong>vI</strong></span> <span class='ocrx_word' id='word_1_339' title='bbox 1949 2665 2101 2718; x_wconf 80' lang='lat' dir='ltr'><strong>Gont.</strong></span> <span class='ocrx_word' id='word_1_340' title='bbox 2135 2665 2319 2718; x_wconf 83' lang='lat' dir='ltr'><strong>Faust.</strong></span> <span class='ocrx_word' id='word_1_341' title='bbox 2349 2682 2398 2719; x_wconf 92' lang='lat' dir='ltr'><strong>c.</strong></span> <span class='ocrx_word' id='word_1_342' title='bbox 2439 2667 2489 2730; x_wconf 90' lang='lat'><strong>7,</strong></span> <span class='ocrx_word' id='word_1_343' title='bbox 2520 2666 2724 2730; x_wconf 76' lang='lat' dir='ltr'><strong>initio).</strong></span> <span class='ocrx_word' id='word_1_344' title='bbox 2784 2668 2926 2734; x_wconf 80' lang='lat' dir='ltr'><strong>Quia</strong></span> <span class='ocrx_word' id='word_1_345' title='bbox 2965 2671 3146 2723; x_wconf 86' lang='lat' dir='ltr'><strong>omnis</strong></span> <span class='ocrx_word' id='word_1_346' title='bbox 3190 2685 3337 2724; x_wconf 85' lang='lat' dir='ltr'><strong>crea-</strong></span> 
     </span>
    </p>
   </div>
   <div class='ocr_carea' id='block_1_26' title="bbox 99 2753 3339 2828">
    <p class='ocr_par' dir='ltr' id='par_1_26' title="bbox 99 2753 3339 2828">
     <span class='ocr_line' id='line_1_26' title="bbox 99 2753 3339 2828; baseline 0.002 -23"><span class='ocrx_word' id='word_1_347' title='bbox 99 2754 330 2824; x_wconf 87' lang='lat' dir='ltr'><strong>utipsam</strong></span> <span class='ocrx_word' id='word_1_348' title='bbox 361 2757 676 2815; x_wconf 81' lang='lat' dir='ltr'><strong>veritatem,</strong></span> <span class='ocrx_word' id='word_1_349' title='bbox 708 2753 765 2808; x_wconf 88' lang='lat' dir='ltr'><strong>id</strong></span> <span class='ocrx_word' id='word_1_350' title='bbox 815 2761 901 2808; x_wconf 79' lang='lat' dir='ltr'><strong>est</strong></span> <span class='ocrx_word' id='word_1_351' title='bbox 953 2755 1259 2816; x_wconf 82' lang='lat' dir='ltr'><strong>Christum,</strong></span> <span class='ocrx_word' id='word_1_352' title='bbox 1294 2771 1364 2808; x_wconf 87' lang='lat' dir='ltr'><strong>ne</strong></span> <span class='ocrx_word' id='word_1_353' title='bbox 1413 2753 1660 2824; x_wconf 89' lang='lat' dir='ltr'><strong>perversi</strong></span> <span class='ocrx_word' id='word_1_354' title='bbox 1744 2757 1893 2806; x_wconf 81' lang='lat' dir='ltr'><strong>tura.</strong></span> <span class='ocrx_word' id='word_1_355' title='bbox 1919 2753 2200 2807; x_wconf 87' lang='lat' dir='ltr'><strong>Animalia</strong></span> <span class='ocrx_word' id='word_1_356' title='bbox 2231 2755 2483 2824; x_wconf 64' lang='lat' dir='ltr'><strong>quaedam</strong></span> <span class='ocrx_word' id='word_1_357' title='bbox 2527 2772 2638 2808; x_wconf 90' lang='lat' dir='ltr'><strong>non</strong></span> <span class='ocrx_word' id='word_1_358' title='bbox 2667 2760 2870 2810; x_wconf 86' lang='lat' dir='ltr'><strong>natura</strong></span> <span class='ocrx_word' id='word_1_359' title='bbox 2907 2757 3005 2811; x_wconf 87' lang='lat' dir='ltr'><strong>sed</strong></span> <span class='ocrx_word' id='word_1_360' title='bbox 3056 2757 3339 2828; x_wconf 87' lang='lat' dir='ltr'><strong>signiﬁca-</strong></span> 
     </span>
    </p>
   </div>
   <div class='ocr_carea' id='block_1_27' title="bbox 99 2840 3338 2916">
    <p class='ocr_par' dir='ltr' id='par_1_27' title="bbox 99 2840 3338 2916">
     <span class='ocr_line' id='line_1_27' title="bbox 99 2840 3338 2916; baseline 0.002 -22"><span class='ocrx_word' id='word_1_361' title='bbox 99 2843 403 2910; x_wconf 84' lang='lat' dir='ltr'><strong>subvertant,</strong></span> <span class='ocrx_word' id='word_1_362' title='bbox 427 2845 641 2899; x_wconf 87' lang='lat' dir='ltr'><strong>directe</strong></span> <span class='ocrx_word' id='word_1_363' title='bbox 666 2849 1004 2898; x_wconf 84' lang='lat' dir='ltr'><strong>sustentant.</strong></span> <span class='ocrx_word' id='word_1_364' title='bbox 1743 2840 1897 2894; x_wconf 89' lang='lat' dir='ltr'><strong>tione</strong></span> <span class='ocrx_word' id='word_1_365' title='bbox 1925 2841 2215 2895; x_wconf 86' lang='lat' dir='ltr'><strong>immunda</strong></span> <span class='ocrx_word' id='word_1_366' title='bbox 2237 2841 2457 2909; x_wconf 79' lang='lat' dir='ltr'><strong>dixisse;</strong></span> <span class='ocrx_word' id='word_1_367' title='bbox 2491 2843 2680 2914; x_wconf 88' lang='lat' dir='ltr'><strong>itaque</strong></span> <span class='ocrx_word' id='word_1_368' title='bbox 2701 2843 2782 2915; x_wconf 83' lang='lat' dir='ltr'><strong>[at</strong></span> <span class='ocrx_word' id='word_1_369' title='bbox 2813 2883 2826 2908; x_wconf 85' lang='lat'><strong>,</strong></span> <span class='ocrx_word' id='word_1_370' title='bbox 2866 2843 2947 2898; x_wconf 90' lang='lat' dir='ltr'><strong>ita</strong></span> <span class='ocrx_word' id='word_1_371' title='bbox 2966 2846 3156 2916; x_wconf 89' lang='lat' dir='ltr'><strong>quod],</strong></span> <span class='ocrx_word' id='word_1_372' title='bbox 3185 2846 3338 2900; x_wconf 89' lang='lat' dir='ltr'><strong>verbi</strong></span> 
     </span>
    </p>
   </div>
   <div class='ocr_carea' id='block_1_28' title="bbox 156 2929 3338 3006">
    <p class='ocr_par' dir='ltr' id='par_1_28' title="bbox 156 2929 3338 3006">
     <span class='ocr_line' id='line_1_28' title="bbox 156 2929 3338 3006; baseline 0.001 -20"><span class='ocrx_word' id='word_1_373' title='bbox 156 2930 228 2986; x_wconf 82' lang='grc'>15.</span> <span class='ocrx_word' id='word_1_374' title='bbox 257 2935 495 2988; x_wconf 67' lang='grc' dir='ltr'><strong>Αδωιιοε.</strong></span> <span class='ocrx_word' id='word_1_375' title='bbox 521 2934 622 2986; x_wconf 83' lang='lat' dir='ltr'><strong>Dei</strong></span> <span class='ocrx_word' id='word_1_376' title='bbox 651 2936 782 2986; x_wconf 74' lang='lat' dir='ltr'><strong>rivi.</strong></span> <span class='ocrx_word' id='word_1_377' title='bbox 819 2932 1041 3002; x_wconf 88' lang='lat' dir='ltr'><strong>Optime</strong></span> <span class='ocrx_word' id='word_1_378' title='bbox 1065 2932 1272 3002; x_wconf 86' lang='lat' dir='ltr'><strong>adjecit</strong></span> <span class='ocrx_word' id='word_1_379' title='bbox 1297 2932 1398 2986; x_wconf 91' lang='lat' dir='ltr'><strong>Dei</strong></span> <span class='ocrx_word' id='word_1_380' title='bbox 1425 2931 1552 2998; x_wconf 90' lang='lat' dir='ltr'><strong>vivi,</strong></span> <span class='ocrx_word' id='word_1_381' title='bbox 1599 2938 1662 2986; x_wconf 88' lang='lat' dir='ltr'><strong>ut</strong></span> <span class='ocrx_word' id='word_1_382' title='bbox 1740 2929 1944 2999; x_wconf 87' lang='lat' dir='ltr'><strong>gratia,</strong></span> <span class='ocrx_word' id='word_1_383' title='bbox 1978 2931 2026 2983; x_wconf 91' lang='lat' dir='ltr'><strong>si</strong></span> <span class='ocrx_word' id='word_1_384' title='bbox 2080 2932 2148 2984; x_wconf 88' lang='lat' dir='ltr'><strong>de</strong></span> <span class='ocrx_word' id='word_1_385' title='bbox 2192 2948 2358 3001; x_wconf 91' lang='lat' dir='ltr'><strong>porco</strong></span> <span class='ocrx_word' id='word_1_386' title='bbox 2400 2938 2457 2984; x_wconf 90' lang='lat' dir='ltr'><strong>et</strong></span> <span class='ocrx_word' id='word_1_387' title='bbox 2485 2948 2630 3000; x_wconf 88' lang='lat' dir='ltr'><strong>agno</strong></span> <span class='ocrx_word' id='word_1_388' title='bbox 2659 2933 3002 3002; x_wconf 85' lang='lat' dir='ltr'><strong>requiratur,</strong></span> <span class='ocrx_word' id='word_1_389' title='bbox 3033 2939 3338 3006; x_wconf 88' lang='lat' dir='ltr'><strong>utrumque</strong></span> 
     </span>
    </p>
   </div>
   <div class='ocr_carea' id='block_1_29' title="bbox 98 3019 3338 3090">
    <p class='ocr_par' dir='ltr' id='par_1_29' title="bbox 98 3019 3338 3090">
     <span class='ocr_line' id='line_1_29' title="bbox 98 3019 3338 3090; baseline 0.002 -19"><span class='ocrx_word' id='word_1_390' title='bbox 98 3021 318 3076; x_wconf 84' lang='lat' dir='ltr'><strong>ostendat</strong></span> <span class='ocrx_word' id='word_1_391' title='bbox 345 3039 410 3076; x_wconf 85' lang='lat' dir='ltr'><strong>ex</strong></span> <span class='ocrx_word' id='word_1_392' title='bbox 437 3023 548 3076; x_wconf 88' lang='lat' dir='ltr'><strong>hoc</strong></span> <span class='ocrx_word' id='word_1_393' title='bbox 587 3021 842 3075; x_wconf 63' lang='lat' dir='ltr'><strong>Ecclesiae</strong></span> <span class='ocrx_word' id='word_1_394' title='bbox 869 3021 1220 3090; x_wconf 88' lang='lat' dir='ltr'><strong>dignitatem.</strong></span> <span class='ocrx_word' id='word_1_395' title='bbox 1741 3025 1946 3072; x_wconf 89' lang='lat' dir='ltr'><strong>natura</strong></span> <span class='ocrx_word' id='word_1_396' title='bbox 1975 3019 2249 3074; x_wconf 90' lang='lat' dir='ltr'><strong>mundum</strong></span> <span class='ocrx_word' id='word_1_397' title='bbox 2281 3024 2384 3086; x_wconf 87' lang='lat' dir='ltr'><strong>est,</strong></span> <span class='ocrx_word' id='word_1_398' title='bbox 2413 3019 2542 3090; x_wconf 90' lang='lat' dir='ltr'><strong>quia</strong></span> <span class='ocrx_word' id='word_1_399' title='bbox 2575 3021 2756 3074; x_wconf 90' lang='lat' dir='ltr'><strong>omnis</strong></span> <span class='ocrx_word' id='word_1_400' title='bbox 2783 3027 3044 3076; x_wconf 87' lang='lat' dir='ltr'><strong>creatura</strong></span> <span class='ocrx_word' id='word_1_401' title='bbox 3071 3023 3170 3077; x_wconf 90' lang='lat' dir='ltr'><strong>Dei</strong></span> <span class='ocrx_word' id='word_1_402' title='bbox 3192 3022 3338 3078; x_wconf 91' lang='lat' dir='ltr'><strong>bona</strong></span> 
     </span>
    </p>
   </div>
   <div class='ocr_carea' id='block_1_30' title="bbox 151 3107 3338 3184">
    <p class='ocr_par' dir='ltr' id='par_1_30' title="bbox 151 3107 3338 3184">
     <span class='ocr_line' id='line_1_30' title="bbox 151 3107 3338 3184; baseline 0.002 -23"><span class='ocrx_word' id='word_1_403' title='bbox 151 3107 227 3163; x_wconf 76' lang='lat'><strong>16.</strong></span> <span class='ocrx_word' id='word_1_404' title='bbox 244 3109 442 3165; x_wconf 72' lang='lat' dir='ltr'><strong>LANFR.</strong></span> <span class='ocrx_word' id='word_1_405' title='bbox 465 3111 763 3165; x_wconf 76' lang='lat' dir='ltr'><strong>Columna.</strong></span> <span class='ocrx_word' id='word_1_406' title='bbox 795 3110 1042 3164; x_wconf 88' lang='lat' dir='ltr'><strong>Ecclesia</strong></span> <span class='ocrx_word' id='word_1_407' title='bbox 1064 3111 1166 3164; x_wconf 90' lang='lat' dir='ltr'><strong>Dei</strong></span> <span class='ocrx_word' id='word_1_408' title='bbox 1203 3109 1262 3164; x_wconf 91' lang='lat' dir='ltr'><strong>in</strong></span> <span class='ocrx_word' id='word_1_409' title='bbox 1290 3109 1509 3180; x_wconf 79' lang='lat' dir='ltr'><strong>magnis</strong></span> <span class='ocrx_word' id='word_1_410' title='bbox 1530 3110 1660 3164; x_wconf 90' lang='lat' dir='ltr'><strong>viris</strong></span> <span class='ocrx_word' id='word_1_411' title='bbox 1743 3113 1844 3169; x_wconf 84' lang='lat' dir='ltr'><strong>est;</strong></span> <span class='ocrx_word' id='word_1_412' title='bbox 1863 3109 2116 3178; x_wconf 70' lang='lat' dir='ltr'><strong>quaedam</strong></span> <span class='ocrx_word' id='word_1_413' title='bbox 2136 3125 2266 3163; x_wconf 87' lang='lat' dir='ltr'><strong>vero</strong></span> <span class='ocrx_word' id='word_1_414' title='bbox 2284 3109 2694 3179; x_wconf 81' lang='lat' dir='ltr'><strong>significatione</strong></span> <span class='ocrx_word' id='word_1_415' title='bbox 2729 3126 2908 3180; x_wconf 89' lang='lat' dir='ltr'><strong>agnus</strong></span> <span class='ocrx_word' id='word_1_416' title='bbox 2937 3113 3338 3184; x_wconf 82' lang='lat' dir='ltr'><strong>mundus,por~</strong></span> 
     </span>
    </p>
   </div>
   <div class='ocr_carea' id='block_1_31' title="bbox 100 3197 2209 3269">
    <p class='ocr_par' dir='ltr' id='par_1_31' title="bbox 100 3197 2209 3269">
     <span class='ocr_line' id='line_1_31' title="bbox 100 3197 2209 3269; baseline 0.001 -21"><span class='ocrx_word' id='word_1_417' title='bbox 100 3197 319 3253; x_wconf 88' lang='lat' dir='ltr'><strong>columna</strong></span> <span class='ocrx_word' id='word_1_418' title='bbox 341 3205 443 3266; x_wconf 90' lang='lat' dir='ltr'><strong>est,</strong></span> <span class='ocrx_word' id='word_1_419' title='bbox 475 3199 579 3269; x_wconf 89' lang='lat' dir='ltr'><strong>qui</strong></span> <span class='ocrx_word' id='word_1_420' title='bbox 627 3198 766 3252; x_wconf 85' lang='lat' dir='ltr'><strong>alios</strong></span> <span class='ocrx_word' id='word_1_421' title='bbox 803 3199 1119 3266; x_wconf 90' lang='lat' dir='ltr'><strong>sustinent;</strong></span> <span class='ocrx_word' id='word_1_422' title='bbox 1150 3199 1208 3252; x_wconf 91' lang='lat' dir='ltr'><strong>in</strong></span> <span class='ocrx_word' id='word_1_423' title='bbox 1246 3198 1457 3252; x_wconf 90' lang='lat' dir='ltr'><strong>eisdem</strong></span> <span class='ocrx_word' id='word_1_424' title='bbox 1489 3199 1660 3253; x_wconf 88' lang='lat' dir='ltr'><strong>etiam</strong></span> <span class='ocrx_word' id='word_1_425' title='bbox 1741 3213 1839 3251; x_wconf 89' lang='lat' dir='ltr'><strong>cus</strong></span> <span class='ocrx_word' id='word_1_426' title='bbox 1863 3197 2209 3251; x_wconf 88' lang='lat' dir='ltr'><strong>immundus.</strong></span> 
     </span>
    </p>
   </div>
   <div class='ocr_carea' id='block_1_32' title="bbox 100 3284 3341 3361">
    <p class='ocr_par' dir='ltr' id='par_1_32' title="bbox 100 3284 3341 3361">
     <span class='ocr_line' id='line_1_32' title="bbox 100 3284 3341 3361; baseline 0.002 -22"><span class='ocrx_word' id='word_1_427' title='bbox 100 3284 352 3342; x_wconf 85' lang='lat' dir='ltr'><strong>ﬁrmamur</strong></span> <span class='ocrx_word' id='word_1_428' title='bbox 367 3305 501 3343; x_wconf 87' lang='lat' dir='ltr'><strong>cum</strong></span> <span class='ocrx_word' id='word_1_429' title='bbox 521 3286 774 3341; x_wconf 88' lang='lat' dir='ltr'><strong>veritatis</strong></span> <span class='ocrx_word' id='word_1_430' title='bbox 802 3288 1322 3358; x_wconf 88' lang='lat' dir='ltr'><strong>firmamento,quia</strong></span> <span class='ocrx_word' id='word_1_431' title='bbox 1345 3287 1453 3358; x_wconf 88' lang='lat' dir='ltr'><strong>ipsi</strong></span> <span class='ocrx_word' id='word_1_432' title='bbox 1478 3288 1659 3342; x_wconf 88' lang='lat' dir='ltr'><strong>verbis</strong></span> <span class='ocrx_word' id='word_1_433' title='bbox 1810 3284 1864 3339; x_wconf 88' lang='lat'><strong>6.</strong></span> <span class='ocrx_word' id='word_1_434' title='bbox 1897 3284 2103 3340; x_wconf 84' lang='lat' dir='ltr'><strong>LANFR.</strong></span> <span class='ocrx_word' id='word_1_435' title='bbox 2125 3287 2244 3341; x_wconf 61' lang='lat' dir='ltr'><strong>Hac</strong></span> <span class='ocrx_word' id='word_1_436' title='bbox 2281 3303 2585 3356; x_wconf 82' lang='lat' dir='ltr'><strong>proponens</strong></span> <span class='ocrx_word' id='word_1_437' title='bbox 2623 3290 2918 3356; x_wconf 80' lang='lat' dir='ltr'><strong>fratribus,</strong></span> <span class='ocrx_word' id='word_1_438' title='bbox 2949 3289 3167 3361; x_wconf 83' lang='lat' dir='ltr'><strong>Duplex</strong></span> <span class='ocrx_word' id='word_1_439' title='bbox 3194 3306 3341 3344; x_wconf 90' lang='lat' dir='ltr'><strong>com-</strong></span> 
     </span>
    </p>
   </div>
   <div class='ocr_carea' id='block_1_33' title="bbox 102 3374 3339 3449">
    <p class='ocr_par' dir='ltr' id='par_1_33' title="bbox 102 3374 3339 3449">
     <span class='ocr_line' id='line_1_33' title="bbox 102 3374 3339 3449; baseline 0.003 -25"><span class='ocrx_word' id='word_1_440' title='bbox 102 3377 144 3426; x_wconf 90' lang='lat' dir='ltr'><strong>et</strong></span> <span class='ocrx_word' id='word_1_441' title='bbox 167 3375 428 3432; x_wconf 88' lang='lat' dir='ltr'><strong>miraculis</strong></span> <span class='ocrx_word' id='word_1_442' title='bbox 459 3375 760 3430; x_wconf 87' lang='lat' dir='ltr'><strong>veritatem</strong></span> <span class='ocrx_word' id='word_1_443' title='bbox 799 3377 1084 3448; x_wconf 83' lang='lat' dir='ltr'><strong>Evangelii</strong></span> <span class='ocrx_word' id='word_1_444' title='bbox 1115 3377 1470 3431; x_wconf 88' lang='lat' dir='ltr'><strong>conﬁrmant.</strong></span> <span class='ocrx_word' id='word_1_445' title='bbox 1744 3375 1976 3428; x_wconf 89' lang='lat' dir='ltr'><strong>modum</strong></span> <span class='ocrx_word' id='word_1_446' title='bbox 2005 3374 2110 3428; x_wconf 89' lang='lat' dir='ltr'><strong>sibi</strong></span> <span class='ocrx_word' id='word_1_447' title='bbox 2139 3375 2661 3444; x_wconf 88' lang='lat' dir='ltr'><strong>promittit,scilicet</strong></span> <span class='ocrx_word' id='word_1_448' title='bbox 2679 3379 2814 3449; x_wconf 90' lang='lat' dir='ltr'><strong>quia</strong></span> <span class='ocrx_word' id='word_1_449' title='bbox 2839 3377 3020 3433; x_wconf 89' lang='lat' dir='ltr'><strong>bonus</strong></span> <span class='ocrx_word' id='word_1_450' title='bbox 3060 3379 3339 3446; x_wconf 85' lang='lat' dir='ltr'><strong>minister,</strong></span> 
     </span>
    </p>
   </div>
   <div class='ocr_carea' id='block_1_34' title="bbox 159 3461 2790 3537">
    <p class='ocr_par' dir='ltr' id='par_1_34' title="bbox 159 3461 2790 3537">
     <span class='ocr_line' id='line_1_34' title="bbox 159 3461 2790 3537; baseline 0.001 -19"><span class='ocrx_word' id='word_1_451' title='bbox 159 3461 236 3521; x_wconf 82' lang='lat' dir='ltr'><strong>l7.</strong></span> <span class='ocrx_word' id='word_1_452' title='bbox 263 3467 509 3522; x_wconf 66' lang='lat' dir='ltr'><strong>Annos.</strong></span> <span class='ocrx_word' id='word_1_453' title='bbox 541 3466 848 3533; x_wconf 70' lang='lat' dir='ltr'><strong>Mani/“este.</strong></span> <span class='ocrx_word' id='word_1_454' title='bbox 895 3465 1040 3529; x_wconf 87' lang='lat' dir='ltr'><strong>Quia</strong></span> <span class='ocrx_word' id='word_1_455' title='bbox 1093 3466 1396 3520; x_wconf 89' lang='lat' dir='ltr'><strong>Ecclesiam</strong></span> <span class='ocrx_word' id='word_1_456' title='bbox 1449 3466 1663 3520; x_wconf 89' lang='lat' dir='ltr'><strong>colum-</strong></span> <span class='ocrx_word' id='word_1_457' title='bbox 1746 3469 1803 3518; x_wconf 90' lang='lat' dir='ltr'><strong>et</strong></span> <span class='ocrx_word' id='word_1_458' title='bbox 1821 3463 2134 3518; x_wconf 87' lang='lat' dir='ltr'><strong>doctrinam</strong></span> <span class='ocrx_word' id='word_1_459' title='bbox 2156 3463 2278 3534; x_wconf 90' lang='lat' dir='ltr'><strong>ipso</strong></span> <span class='ocrx_word' id='word_1_460' title='bbox 2316 3481 2422 3519; x_wconf 91' lang='lat' dir='ltr'><strong>usu</strong></span> <span class='ocrx_word' id='word_1_461' title='bbox 2453 3467 2790 3537; x_wconf 83' lang='lat' dir='ltr'><strong>assequitur.</strong></span> 
     </span>
    </p>
   </div>
   <div class='ocr_carea' id='block_1_35' title="bbox 103 3552 3346 3628">
    <p class='ocr_par' dir='ltr' id='par_1_35' title="bbox 103 3552 3346 3628">
     <span class='ocr_line' id='line_1_35' title="bbox 103 3552 3346 3628; baseline 0.003 -25"><span class='ocrx_word' id='word_1_462' title='bbox 103 3565 206 3606; x_wconf 85' lang='lat' dir='ltr'><strong>nam</strong></span> <span class='ocrx_word' id='word_1_463' title='bbox 231 3555 471 3609; x_wconf 83' lang='lat' dir='ltr'><strong>veritatis</strong></span> <span class='ocrx_word' id='word_1_464' title='bbox 493 3552 655 3618; x_wconf 83' lang='lat' dir='ltr'><strong>dixit,</strong></span> <span class='ocrx_word' id='word_1_465' title='bbox 695 3554 942 3608; x_wconf 87' lang='lat' dir='ltr'><strong>ostendit</strong></span> <span class='ocrx_word' id='word_1_466' title='bbox 988 3555 1169 3625; x_wconf 89' lang='lat' dir='ltr'><strong>ipsam</strong></span> <span class='ocrx_word' id='word_1_467' title='bbox 1194 3553 1508 3622; x_wconf 85' lang='lat' dir='ltr'><strong>veritatem,</strong></span> <span class='ocrx_word' id='word_1_468' title='bbox 1543 3571 1666 3626; x_wconf 79' lang='lat' dir='ltr'><strong>quae</strong></span> <span class='ocrx_word' id='word_1_469' title='bbox 1819 3552 1872 3610; x_wconf 90' lang='lat'><strong>7.</strong></span> <span class='ocrx_word' id='word_1_470' title='bbox 1901 3554 2149 3608; x_wconf 76' lang='lat' dir='ltr'><strong>AMBROS.</strong></span> <span class='ocrx_word' id='word_1_471' title='bbox 2182 3554 2499 3608; x_wconf 86' lang='lat' dir='ltr'><strong>Enulrilus.</strong></span> <span class='ocrx_word' id='word_1_472' title='bbox 2533 3554 2778 3621; x_wconf 85' lang='lat' dir='ltr'><strong>Proﬁcit,</strong></span> <span class='ocrx_word' id='word_1_473' title='bbox 2813 3555 3014 3628; x_wconf 90' lang='lat' dir='ltr'><strong>inquit,</strong></span> <span class='ocrx_word' id='word_1_474' title='bbox 3053 3557 3160 3612; x_wconf 91' lang='lat' dir='ltr'><strong>hoc</strong></span> <span class='ocrx_word' id='word_1_475' title='bbox 3196 3563 3252 3613; x_wconf 92' lang='lat' dir='ltr'><strong>et</strong></span> <span class='ocrx_word' id='word_1_476' title='bbox 3276 3558 3346 3612; x_wconf 88' lang='lat' dir='ltr'><strong>ti-</strong></span> 
     </span>
    </p>
   </div>
   <div class='ocr_carea' id='block_1_36' title="bbox 103 3639 3346 3714">
    <p class='ocr_par' dir='ltr' id='par_1_36' title="bbox 103 3639 3346 3714">
     <span class='ocr_line' id='line_1_36' title="bbox 103 3639 3346 3714; baseline 0.003 -22"><span class='ocrx_word' id='word_1_477' title='bbox 103 3639 175 3694; x_wconf 85' lang='lat' dir='ltr'><strong>sit.</strong></span> <span class='ocrx_word' id='word_1_478' title='bbox 1746 3640 1824 3706; x_wconf 86' lang='lat' dir='ltr'><strong>bi;</strong></span> <span class='ocrx_word' id='word_1_479' title='bbox 1861 3657 1991 3696; x_wconf 91' lang='lat' dir='ltr'><strong>nam</strong></span> <span class='ocrx_word' id='word_1_480' title='bbox 2031 3642 2163 3696; x_wconf 91' lang='lat' dir='ltr'><strong>dum</strong></span> <span class='ocrx_word' id='word_1_481' title='bbox 2201 3641 2389 3696; x_wconf 85' lang='lat' dir='ltr'><strong>debita</strong></span> <span class='ocrx_word' id='word_1_482' title='bbox 2425 3643 2799 3698; x_wconf 87' lang='lat' dir='ltr'><strong>sollicitudine</strong></span> <span class='ocrx_word' id='word_1_483' title='bbox 2827 3644 2993 3699; x_wconf 87' lang='lat' dir='ltr'><strong>doces</strong></span> <span class='ocrx_word' id='word_1_484' title='bbox 3020 3645 3179 3714; x_wconf 89' lang='lat' dir='ltr'><strong>alios,</strong></span> <span class='ocrx_word' id='word_1_485' title='bbox 3211 3646 3346 3702; x_wconf 85' lang='lat' dir='ltr'><strong>assi-</strong></span> 
     </span>
    </p>
   </div>
   <div class='ocr_carea' id='block_1_37' title="bbox 158 3729 2542 3802">
    <p class='ocr_par' dir='ltr' id='par_1_37' title="bbox 158 3729 2542 3802">
     <span class='ocr_line' id='line_1_37' title="bbox 158 3729 2542 3802; baseline 0.002 -19"><span class='ocrx_word' id='word_1_486' title='bbox 158 3729 231 3786; x_wconf 86' lang='grc'>18.</span> <span class='ocrx_word' id='word_1_487' title='bbox 259 3732 461 3788; x_wconf 54' lang='grc' dir='ltr'><strong>ΙΑΑΝΡΒ.</strong></span> <span class='ocrx_word' id='word_1_488' title='bbox 515 3735 781 3802; x_wconf 77' lang='lat' dir='ltr'><strong>Magnum</strong></span> <span class='ocrx_word' id='word_1_489' title='bbox 835 3737 910 3787; x_wconf 89' lang='lat' dir='ltr'><strong>est</strong></span> <span class='ocrx_word' id='word_1_490' title='bbox 961 3735 1182 3802; x_wconf 87' lang='lat' dir='ltr'><strong>pictatis</strong></span> <span class='ocrx_word' id='word_1_491' title='bbox 1231 3737 1662 3786; x_wconf 84' lang='lat' dir='ltr'><strong>sacramentum.</strong></span> <span class='ocrx_word' id='word_1_492' title='bbox 1749 3729 1862 3785; x_wconf 89' lang='lat' dir='ltr'><strong>dua</strong></span> <span class='ocrx_word' id='word_1_493' title='bbox 1899 3731 2260 3785; x_wconf 87' lang='lat' dir='ltr'><strong>meditatione</strong></span> <span class='ocrx_word' id='word_1_494' title='bbox 2287 3731 2542 3790; x_wconf 90' lang='lat' dir='ltr'><strong>nutriris.</strong></span> 
     </span>
    </p>
   </div>
   <div class='ocr_carea' id='block_1_38' title="bbox 105 3815 3346 3892">
    <p class='ocr_par' dir='ltr' id='par_1_38' title="bbox 105 3815 3346 3892">
     <span class='ocr_line' id='line_1_38' title="bbox 105 3815 3346 3892; baseline 0.002 -20"><span class='ocrx_word' id='word_1_495' title='bbox 105 3815 293 3874; x_wconf 74' lang='lat' dir='ltr'><strong>Veritas</strong></span> <span class='ocrx_word' id='word_1_496' title='bbox 315 3827 371 3876; x_wconf 92' lang='lat' dir='ltr'><strong>et</strong></span> <span class='ocrx_word' id='word_1_497' title='bbox 397 3826 818 3877; x_wconf 88' lang='lat' dir='ltr'><strong>sacramentum</strong></span> <span class='ocrx_word' id='word_1_498' title='bbox 851 3822 998 3892; x_wconf 91' lang='lat' dir='ltr'><strong>quod</strong></span> <span class='ocrx_word' id='word_1_499' title='bbox 1034 3820 1124 3875; x_wconf 89' lang='lat' dir='ltr'><strong>hic</strong></span> <span class='ocrx_word' id='word_1_500' title='bbox 1159 3820 1420 3886; x_wconf 88' lang='lat' dir='ltr'><strong>habetur,</strong></span> <span class='ocrx_word' id='word_1_501' title='bbox 1463 3821 1519 3874; x_wconf 93' lang='lat' dir='ltr'><strong>id</strong></span> <span class='ocrx_word' id='word_1_502' title='bbox 1558 3827 1662 3888; x_wconf 90' lang='lat' dir='ltr'><strong>est,</strong></span> <span class='ocrx_word' id='word_1_503' title='bbox 1818 3817 1873 3872; x_wconf 90' lang='lat'><strong>8.</strong></span> <span class='ocrx_word' id='word_1_504' title='bbox 1899 3821 2100 3874; x_wconf 59' lang='lat' dir='ltr'><strong>Ererce</strong></span> <span class='ocrx_word' id='word_1_505' title='bbox 2125 3825 2310 3873; x_wconf 86' lang='lat' dir='ltr'><strong>autem</strong></span> <span class='ocrx_word' id='word_1_506' title='bbox 2351 3826 2416 3874; x_wconf 86' lang='lat' dir='ltr'><strong>te.</strong></span> <span class='ocrx_word' id='word_1_507' title='bbox 2447 3821 2912 3876; x_wconf 89' lang='lat' dir='ltr'><strong>Exercitationem</strong></span> <span class='ocrx_word' id='word_1_508' title='bbox 2941 3823 3184 3892; x_wconf 89' lang='lat' dir='ltr'><strong>pietatis,</strong></span> <span class='ocrx_word' id='word_1_509' title='bbox 3213 3825 3346 3879; x_wconf 57' lang='lat' dir='ltr'><strong>dilic</strong></span> 
     </span>
    </p>
   </div>
   <div class='ocr_carea' id='block_1_39' title="bbox 106 3903 2488 3982">
    <p class='ocr_par' dir='ltr' id='par_1_39' title="bbox 106 3903 2488 3982">
     <span class='ocr_line' id='line_1_39' title="bbox 106 3903 2488 3982; baseline 0.001 -25"><span class='ocrx_word' id='word_1_510' title='bbox 106 3903 340 3976; x_wconf 79' lang='lat' dir='ltr'><strong>Christus,</strong></span> <span class='ocrx_word' id='word_1_511' title='bbox 360 3911 454 3982; x_wconf 91' lang='lat' dir='ltr'><strong>qui</strong></span> <span class='ocrx_word' id='word_1_512' title='bbox 475 3917 564 3965; x_wconf 90' lang='lat' dir='ltr'><strong>est</strong></span> <span class='ocrx_word' id='word_1_513' title='bbox 582 3909 787 3964; x_wconf 90' lang='lat' dir='ltr'><strong>veritas</strong></span> <span class='ocrx_word' id='word_1_514' title='bbox 817 3915 874 3964; x_wconf 89' lang='lat' dir='ltr'><strong>et</strong></span> <span class='ocrx_word' id='word_1_515' title='bbox 898 3917 1335 3976; x_wconf 87' lang='lat' dir='ltr'><strong>sacramentum,</strong></span> <span class='ocrx_word' id='word_1_516' title='bbox 1369 3908 1664 3964; x_wconf 83' lang='lat' dir='ltr'><strong>manifeste</strong></span> <span class='ocrx_word' id='word_1_517' title='bbox 1681 3903 1727 3962; x_wconf 92' lang='lat' dir='ltr'><strong>B</strong></span> <span class='ocrx_word' id='word_1_518' title='bbox 1749 3907 1998 3979; x_wconf 87' lang='lat' dir='ltr'><strong>gentiam</strong></span> <span class='ocrx_word' id='word_1_519' title='bbox 2033 3908 2298 3962; x_wconf 73' lang='lat' dir='ltr'><strong>doctrinae</strong></span> <span class='ocrx_word' id='word_1_520' title='bbox 2326 3908 2488 3962; x_wconf 81' lang='lat' dir='ltr'><strong>dixit.</strong></span> 
     </span>
    </p>
   </div>
   <div class='ocr_carea' id='block_1_40' title="bbox 106 3996 3346 4072">
    <p class='ocr_par' dir='ltr' id='par_1_40' title="bbox 106 3996 3346 4072">
     <span class='ocr_line' id='line_1_40' title="bbox 106 3996 3346 4072; baseline 0.002 -26"><span class='ocrx_word' id='word_1_521' title='bbox 106 4007 304 4066; x_wconf 81' lang='lat' dir='ltr'><strong>magnus</strong></span> <span class='ocrx_word' id='word_1_522' title='bbox 333 4006 436 4056; x_wconf 78' lang='lat' dir='ltr'><strong>est,</strong></span> <span class='ocrx_word' id='word_1_523' title='bbox 1821 3996 1874 4050; x_wconf 87' lang='lat'><strong>9.</strong></span> <span class='ocrx_word' id='word_1_524' title='bbox 1899 3997 2112 4051; x_wconf 82' lang='lat' dir='ltr'><strong>LANFR.</strong></span> <span class='ocrx_word' id='word_1_525' title='bbox 2171 3998 2482 4065; x_wconf 77' lang='lat' dir='ltr'><strong>Corporalis</strong></span> <span class='ocrx_word' id='word_1_526' title='bbox 2527 3999 2861 4051; x_wconf 73' lang='lat' dir='ltr'><strong>exercitatio.</strong></span> <span class='ocrx_word' id='word_1_527' title='bbox 2894 3998 3073 4054; x_wconf 90' lang='lat' dir='ltr'><strong>Datur</strong></span> <span class='ocrx_word' id='word_1_528' title='bbox 3098 3999 3346 4072; x_wconf 80' lang='lat' dir='ltr'><strong>intelligi</strong></span> 
     </span>
    </p>
   </div>
   <div class='ocr_carea' id='block_1_41' title="bbox 163 4084 3348 4157">
    <p class='ocr_par' dir='ltr' id='par_1_41' title="bbox 163 4084 3348 4157">
     <span class='ocr_line' id='line_1_41' title="bbox 163 4084 3348 4157; baseline 0.002 -18"><span class='ocrx_word' id='word_1_529' title='bbox 163 4084 239 4141; x_wconf 82' lang='lat'><strong>19.</strong></span> <span class='ocrx_word' id='word_1_530' title='bbox 265 4089 512 4144; x_wconf 77' lang='lat' dir='ltr'><strong>AMBROS.</strong></span> <span class='ocrx_word' id='word_1_531' title='bbox 541 4091 937 4157; x_wconf 81' lang='lat' dir='ltr'><strong>Jusli/icatum.</strong></span> <span class='ocrx_word' id='word_1_532' title='bbox 981 4088 1256 4143; x_wconf 79' lang='lat' dir='ltr'><strong>Humanee</strong></span> <span class='ocrx_word' id='word_1_533' title='bbox 1308 4093 1525 4142; x_wconf 66' lang='lat' dir='ltr'><strong>naturze</strong></span> <span class='ocrx_word' id='word_1_534' title='bbox 1562 4089 1669 4142; x_wconf 90' lang='lat' dir='ltr'><strong>hoc</strong></span> <span class='ocrx_word' id='word_1_535' title='bbox 1750 4085 1881 4156; x_wconf 90' lang='lat' dir='ltr'><strong>quia</strong></span> <span class='ocrx_word' id='word_1_536' title='bbox 1910 4085 1964 4138; x_wconf 93' lang='lat' dir='ltr'><strong>in</strong></span> <span class='ocrx_word' id='word_1_537' title='bbox 1988 4084 2210 4156; x_wconf 89' lang='lat' dir='ltr'><strong>vigiliis,</strong></span> <span class='ocrx_word' id='word_1_538' title='bbox 2263 4084 2514 4155; x_wconf 87' lang='lat' dir='ltr'><strong>jejuniis,</strong></span> <span class='ocrx_word' id='word_1_539' title='bbox 2547 4084 2720 4138; x_wconf 87' lang='lat' dir='ltr'><strong>labori</strong></span> <span class='ocrx_word' id='word_1_540' title='bbox 2753 4101 3023 4142; x_wconf 89' lang='lat' dir='ltr'><strong>manuum</strong></span> <span class='ocrx_word' id='word_1_541' title='bbox 3054 4093 3112 4142; x_wconf 92' lang='lat' dir='ltr'><strong>et</strong></span> <span class='ocrx_word' id='word_1_542' title='bbox 3130 4089 3348 4144; x_wconf 65' lang='lat' dir='ltr'><strong>caeteris</strong></span> 
     </span>
    </p>
   </div>
   <div class='ocr_carea' id='block_1_42' title="bbox 109 4173 3349 4250">
    <p class='ocr_par' dir='ltr' id='par_1_42' title="bbox 109 4173 3349 4250">
     <span class='ocr_line' id='line_1_42' title="bbox 109 4173 3349 4250; baseline 0.002 -22"><span class='ocrx_word' id='word_1_543' title='bbox 109 4179 317 4245; x_wconf 82' lang='lat' dir='ltr'><strong>aptatur,</strong></span> <span class='ocrx_word' id='word_1_544' title='bbox 349 4179 484 4250; x_wconf 90' lang='lat' dir='ltr'><strong>quia</strong></span> <span class='ocrx_word' id='word_1_545' title='bbox 532 4177 764 4249; x_wconf 86' lang='lat' dir='ltr'><strong>spiritus</strong></span> <span class='ocrx_word' id='word_1_546' title='bbox 811 4176 1212 4232; x_wconf 89' lang='lat' dir='ltr'><strong>habitationem</strong></span> <span class='ocrx_word' id='word_1_547' title='bbox 1243 4177 1301 4230; x_wconf 93' lang='lat' dir='ltr'><strong>in</strong></span> <span class='ocrx_word' id='word_1_548' title='bbox 1328 4176 1668 4248; x_wconf 87' lang='lat' dir='ltr'><strong>baptismate</strong></span> <span class='ocrx_word' id='word_1_549' title='bbox 1751 4174 2134 4244; x_wconf 81' lang='lat' dir='ltr'><strong>corporalibus</strong></span> <span class='ocrx_word' id='word_1_550' title='bbox 2153 4173 2440 4228; x_wconf 84' lang='lat' dir='ltr'><strong>laboribus</strong></span> <span class='ocrx_word' id='word_1_551' title='bbox 2467 4190 2528 4228; x_wconf 91' lang='lat' dir='ltr'><strong>se</strong></span> <span class='ocrx_word' id='word_1_552' title='bbox 2555 4173 2846 4230; x_wconf 81' lang='lat' dir='ltr'><strong>exercebat</strong></span> <span class='ocrx_word' id='word_1_553' title='bbox 2890 4177 3154 4248; x_wconf 89' lang='lat' dir='ltr'><strong>operibus</strong></span> <span class='ocrx_word' id='word_1_554' title='bbox 3182 4179 3349 4234; x_wconf 84' lang='lat' dir='ltr'><strong>mise-</strong></span> 
     </span>
    </p>
   </div>
   <div class='ocr_carea' id='block_1_43' title="bbox 107 4262 2597 4334">
    <p class='ocr_par' dir='ltr' id='par_1_43' title="bbox 107 4262 2597 4334">
     <span class='ocr_line' id='line_1_43' title="bbox 107 4262 2597 4334; baseline 0.002 -23"><span class='ocrx_word' id='word_1_555' title='bbox 107 4265 302 4334; x_wconf 86' lang='lat' dir='ltr'><strong>accepit.</strong></span> <span class='ocrx_word' id='word_1_556' title='bbox 1747 4263 2002 4318; x_wconf 80' lang='lat' dir='ltr'><strong>ricordiae</strong></span> <span class='ocrx_word' id='word_1_557' title='bbox 2028 4279 2140 4317; x_wconf 89' lang='lat' dir='ltr'><strong>non</strong></span> <span class='ocrx_word' id='word_1_558' title='bbox 2160 4262 2299 4318; x_wconf 89' lang='lat' dir='ltr'><strong>adeo</strong></span> <span class='ocrx_word' id='word_1_559' title='bbox 2327 4263 2597 4318; x_wconf 89' lang='lat' dir='ltr'><strong>intentus.</strong></span> 
     </span>
    </p>
   </div>
   <div class='ocr_carea' id='block_1_44' title="bbox 163 4349 3350 4429">
    <p class='ocr_par' dir='ltr' id='par_1_44' title="bbox 163 4349 3350 4429">
     <span class='ocr_line' id='line_1_44' title="bbox 163 4349 3350 4429; baseline 0.001 -23"><span class='ocrx_word' id='word_1_560' title='bbox 163 4349 238 4406; x_wconf 76' lang='lat'><strong>20.</strong></span> <span class='ocrx_word' id='word_1_561' title='bbox 263 4355 554 4426; x_wconf 81' lang='lat' dir='ltr'><strong>Apparuit.</strong></span> <span class='ocrx_word' id='word_1_562' title='bbox 598 4355 720 4411; x_wconf 89' lang='lat' dir='ltr'><strong>Hoc</strong></span> <span class='ocrx_word' id='word_1_563' title='bbox 749 4361 854 4422; x_wconf 91' lang='lat' dir='ltr'><strong>est,</strong></span> <span class='ocrx_word' id='word_1_564' title='bbox 886 4355 1214 4427; x_wconf 88' lang='lat' dir='ltr'><strong>perspicuus</strong></span> <span class='ocrx_word' id='word_1_565' title='bbox 1243 4355 1458 4426; x_wconf 87' lang='lat' dir='ltr'><strong>angelis</strong></span> <span class='ocrx_word' id='word_1_566' title='bbox 1487 4353 1668 4410; x_wconf 82' lang='lat' dir='ltr'><strong>factus</strong></span> <span class='ocrx_word' id='word_1_567' title='bbox 1831 4351 1892 4408; x_wconf 90' lang='lat' dir='ltr'><strong>l0</strong></span> <span class='ocrx_word' id='word_1_568' title='bbox 1965 4355 2206 4407; x_wconf 76' lang='lat' dir='ltr'><strong>AUGUST.</strong></span> <span class='ocrx_word' id='word_1_569' title='bbox 2241 4355 2481 4420; x_wconf 69' lang='lat' dir='ltr'><strong>(exposit.</strong></span> <span class='ocrx_word' id='word_1_570' title='bbox 2523 4355 2588 4408; x_wconf 89' lang='lat' dir='ltr'><strong>in</strong></span> <span class='ocrx_word' id='word_1_571' title='bbox 2619 4357 2762 4422; x_wconf 82' lang='lat' dir='ltr'><strong>psal.</strong></span> <span class='ocrx_word' id='word_1_572' title='bbox 2797 4369 2978 4410; x_wconf 79' lang='lat' dir='ltr'><strong>CXLIII.</strong></span> <span class='ocrx_word' id='word_1_573' title='bbox 3009 4360 3145 4412; x_wconf 87' lang='lat' dir='ltr'><strong>tom.</strong></span> <span class='ocrx_word' id='word_1_574' title='bbox 3171 4357 3350 4429; x_wconf 86' lang='lat' dir='ltr'><strong>VIII).</strong></span> 
     </span>
    </p>
   </div>
   <div class='ocr_carea' id='block_1_45' title="bbox 110 4432 3350 4516">
    <p class='ocr_par' dir='ltr' id='par_1_45' title="bbox 110 4432 3350 4516">
     <span class='ocr_line' id='line_1_45' title="bbox 110 4432 3350 4516; baseline 0.003 -24"><span class='ocrx_word' id='word_1_575' title='bbox 110 4445 194 4493; x_wconf 81' lang='lat' dir='ltr'><strong>est.</strong></span> <span class='ocrx_word' id='word_1_576' title='bbox 1414 4432 1424 4448; x_wconf 87' lang='grc'><em>’</em></span> <span class='ocrx_word' id='word_1_577' title='bbox 1751 4445 2200 4497; x_wconf 84' lang='lat' dir='ltr'><strong>Promissioncm.</strong></span> <span class='ocrx_word' id='word_1_578' title='bbox 2233 4441 2474 4496; x_wconf 89' lang='lat' dir='ltr'><strong>Sinistra</strong></span> <span class='ocrx_word' id='word_1_579' title='bbox 2519 4442 2640 4512; x_wconf 88' lang='lat' dir='ltr'><strong>ejus</strong></span> <span class='ocrx_word' id='word_1_580' title='bbox 2689 4442 2794 4497; x_wconf 90' lang='lat' dir='ltr'><strong>sub</strong></span> <span class='ocrx_word' id='word_1_581' title='bbox 2831 4445 3012 4516; x_wconf 90' lang='lat' dir='ltr'><strong>capite</strong></span> <span class='ocrx_word' id='word_1_582' title='bbox 3044 4463 3188 4501; x_wconf 90' lang='lat' dir='ltr'><strong>meo.</strong></span> <span class='ocrx_word' id='word_1_583' title='bbox 3222 4447 3350 4502; x_wconf 89' lang='lat' dir='ltr'><strong>Non</strong></span> 
     </span>
    </p>
   </div>
   <div class='ocr_carea' id='block_1_46' title="bbox 167 4529 3354 4602">
    <p class='ocr_par' dir='ltr' id='par_1_46' title="bbox 167 4529 3354 4602">
     <span class='ocr_line' id='line_1_46' title="bbox 167 4529 3354 4602; baseline 0.003 -19"><span class='ocrx_word' id='word_1_584' title='bbox 167 4529 304 4588; x_wconf 84' lang='lat' dir='ltr'><strong>CAP.</strong></span> <span class='ocrx_word' id='word_1_585' title='bbox 323 4531 418 4588; x_wconf 87' lang='lat' dir='ltr'><strong>IV.</strong></span> <span class='ocrx_word' id='word_1_586' title='bbox 453 4565 522 4576; x_wconf 89' lang='lat'><strong>-—</strong></span> <span class='ocrx_word' id='word_1_587' title='bbox 565 4531 843 4590; x_wconf 75' lang='lat' dir='ltr'><strong>i.LANI-‘R.</strong></span> <span class='ocrx_word' id='word_1_588' title='bbox 867 4532 1116 4602; x_wconf 85' lang='lat' dir='ltr'><strong>Spiritus</strong></span> <span class='ocrx_word' id='word_1_589' title='bbox 1135 4539 1321 4588; x_wconf 87' lang='lat' dir='ltr'><strong>autem</strong></span> <span class='ocrx_word' id='word_1_590' title='bbox 1354 4534 1668 4600; x_wconf 76' lang='lat' dir='ltr'><strong>manifeste,</strong></span> <span class='ocrx_word' id='word_1_591' title='bbox 1752 4546 1844 4584; x_wconf 91' lang='lat' dir='ltr'><strong>me</strong></span> <span class='ocrx_word' id='word_1_592' title='bbox 1867 4529 2078 4584; x_wconf 89' lang='lat' dir='ltr'><strong>deserit</strong></span> <span class='ocrx_word' id='word_1_593' title='bbox 2106 4531 2241 4584; x_wconf 88' lang='lat' dir='ltr'><strong>etin</strong></span> <span class='ocrx_word' id='word_1_594' title='bbox 2294 4531 2702 4602; x_wconf 87' lang='lat' dir='ltr'><strong>temporalibus</strong></span> <span class='ocrx_word' id='word_1_595' title='bbox 2745 4533 3093 4601; x_wconf 87' lang='lat' dir='ltr'><strong>necessariis,</strong></span> <span class='ocrx_word' id='word_1_596' title='bbox 3137 4534 3236 4590; x_wconf 92' lang='lat' dir='ltr'><strong>sed</strong></span> <span class='ocrx_word' id='word_1_597' title='bbox 3274 4541 3354 4591; x_wconf 87' lang='lat' dir='ltr'><strong>ta-</strong></span> 
     </span>
    </p>
   </div>
   <div class='ocr_carea' id='block_1_47' title="bbox 114 4617 3354 4697">
    <p class='ocr_par' dir='ltr' id='par_1_47' title="bbox 114 4617 3354 4697">
     <span class='ocr_line' id='line_1_47' title="bbox 114 4617 3354 4697; baseline 0.003 -26"><span class='ocrx_word' id='word_1_598' title='bbox 114 4624 196 4672; x_wconf 74' lang='lat' dir='ltr'><strong>etc.</strong></span> <span class='ocrx_word' id='word_1_599' title='bbox 215 4617 311 4675; x_wconf 80' lang='lat' dir='ltr'><strong>Vel</strong></span> <span class='ocrx_word' id='word_1_600' title='bbox 327 4623 590 4678; x_wconf 89' lang='lat' dir='ltr'><strong>columna</strong></span> <span class='ocrx_word' id='word_1_601' title='bbox 616 4623 826 4678; x_wconf 89' lang='lat' dir='ltr'><strong>Christi</strong></span> <span class='ocrx_word' id='word_1_602' title='bbox 855 4623 1103 4678; x_wconf 89' lang='lat' dir='ltr'><strong>ﬁrmabit</strong></span> <span class='ocrx_word' id='word_1_603' title='bbox 1126 4623 1428 4678; x_wconf 89' lang='lat' dir='ltr'><strong>Ecclesiam</strong></span> <span class='ocrx_word' id='word_1_604' title='bbox 1475 4628 1672 4676; x_wconf 89' lang='lat' dir='ltr'><strong>contra</strong></span> <span class='ocrx_word' id='word_1_605' title='bbox 1753 4635 1884 4673; x_wconf 90' lang='lat' dir='ltr'><strong>men</strong></span> <span class='ocrx_word' id='word_1_606' title='bbox 1911 4619 2034 4689; x_wconf 85' lang='lat' dir='ltr'><strong>ipsa</strong></span> <span class='ocrx_word' id='word_1_607' title='bbox 2061 4617 2292 4672; x_wconf 90' lang='lat' dir='ltr'><strong>sinistra</strong></span> <span class='ocrx_word' id='word_1_608' title='bbox 2318 4619 2423 4673; x_wconf 90' lang='lat' dir='ltr'><strong>sub</strong></span> <span class='ocrx_word' id='word_1_609' title='bbox 2448 4619 2631 4690; x_wconf 87' lang='lat' dir='ltr'><strong>capite</strong></span> <span class='ocrx_word' id='word_1_610' title='bbox 2661 4621 2771 4675; x_wconf 91' lang='lat' dir='ltr'><strong>erit</strong></span> <span class='ocrx_word' id='word_1_611' title='bbox 2794 4638 2905 4676; x_wconf 89' lang='lat' dir='ltr'><strong>non</strong></span> <span class='ocrx_word' id='word_1_612' title='bbox 2935 4624 3105 4694; x_wconf 88' lang='lat' dir='ltr'><strong>capiti</strong></span> <span class='ocrx_word' id='word_1_613' title='bbox 3131 4639 3354 4697; x_wconf 69' lang='lat' dir='ltr'><strong>praepo-</strong></span> 
     </span>
    </p>
   </div>
   <div class='ocr_carea' id='block_1_48' title="bbox 113 4701 3354 4785">
    <p class='ocr_par' dir='ltr' id='par_1_48' title="bbox 113 4701 3354 4785">
     <span class='ocr_line' id='line_1_48' title="bbox 113 4701 3354 4785; baseline 0.003 -24"><span class='ocrx_word' id='word_1_614' title='bbox 113 4701 468 4779; x_wconf 82' lang='lat' dir='ltr'><strong>impugnantes</strong></span> <span class='ocrx_word' id='word_1_615' title='bbox 518 4729 551 4765; x_wconf 90' lang='lat' dir='ltr'><strong>a</strong></span> <span class='ocrx_word' id='word_1_616' title='bbox 607 4711 716 4765; x_wconf 89' lang='lat' dir='ltr'><strong>ﬁde</strong></span> <span class='ocrx_word' id='word_1_617' title='bbox 762 4711 1132 4774; x_wconf 88' lang='lat' dir='ltr'><strong>discedentes,</strong></span> <span class='ocrx_word' id='word_1_618' title='bbox 1163 4717 1222 4766; x_wconf 91' lang='lat' dir='ltr'><strong>et</strong></span> <span class='ocrx_word' id='word_1_619' title='bbox 1251 4712 1398 4782; x_wconf 89' lang='lat' dir='ltr'><strong>quod</strong></span> <span class='ocrx_word' id='word_1_620' title='bbox 1429 4711 1674 4766; x_wconf 91' lang='lat' dir='ltr'><strong>discede—</strong></span> <span class='ocrx_word' id='word_1_621' title='bbox 1755 4714 1938 4774; x_wconf 91' lang='lat' dir='ltr'><strong>netur,</strong></span> <span class='ocrx_word' id='word_1_622' title='bbox 1982 4707 2082 4762; x_wconf 91' lang='lat' dir='ltr'><strong>sed</strong></span> <span class='ocrx_word' id='word_1_623' title='bbox 2103 4707 2213 4761; x_wconf 87' lang='lat' dir='ltr'><strong>erit</strong></span> <span class='ocrx_word' id='word_1_624' title='bbox 2226 4707 2328 4761; x_wconf 89' lang='lat' dir='ltr'><strong>sub</strong></span> <span class='ocrx_word' id='word_1_625' title='bbox 2365 4709 2645 4778; x_wconf 81' lang='lat' dir='ltr'><strong>capite.Et</strong></span> <span class='ocrx_word' id='word_1_626' title='bbox 2669 4710 2898 4766; x_wconf 87' lang='lat' dir='ltr'><strong>dextera</strong></span> <span class='ocrx_word' id='word_1_627' title='bbox 2925 4713 3044 4782; x_wconf 88' lang='lat' dir='ltr'><strong>ejus</strong></span> <span class='ocrx_word' id='word_1_628' title='bbox 3063 4715 3354 4785; x_wconf 86' lang='lat' dir='ltr'><strong>amplecti-</strong></span> 
     </span>
    </p>
   </div>
   <div class='ocr_carea' id='block_1_49' title="bbox 115 4796 3356 4868">
    <p class='ocr_par' dir='ltr' id='par_1_49' title="bbox 115 4796 3356 4868">
     <span class='ocr_line' id='line_1_49' title="bbox 115 4796 3356 4868; baseline 0.004 -22"><span class='ocrx_word' id='word_1_629' title='bbox 115 4801 219 4849; x_wconf 88' lang='lat' dir='ltr'><strong>rent</strong></span> <span class='ocrx_word' id='word_1_630' title='bbox 238 4799 456 4867; x_wconf 80' lang='lat' dir='ltr'><strong>spiritus</strong></span> <span class='ocrx_word' id='word_1_631' title='bbox 486 4800 782 4855; x_wconf 88' lang='lat' dir='ltr'><strong>manifeste</strong></span> <span class='ocrx_word' id='word_1_632' title='bbox 811 4800 963 4854; x_wconf 89' lang='lat' dir='ltr'><strong>dicit.</strong></span> <span class='ocrx_word' id='word_1_633' title='bbox 1756 4802 1851 4851; x_wconf 87' lang='lat' dir='ltr'><strong>tur</strong></span> <span class='ocrx_word' id='word_1_634' title='bbox 1871 4813 1980 4862; x_wconf 89' lang='lat' dir='ltr'><strong>me,</strong></span> <span class='ocrx_word' id='word_1_635' title='bbox 2013 4796 2280 4868; x_wconf 86' lang='lat' dir='ltr'><strong>pollicens</strong></span> <span class='ocrx_word' id='word_1_636' title='bbox 2308 4796 2474 4851; x_wconf 77' lang='lat' dir='ltr'><strong>vitam</strong></span> <span class='ocrx_word' id='word_1_637' title='bbox 2511 4805 2798 4852; x_wconf 70' lang='lat' dir='ltr'><strong>aeternam.</strong></span> <span class='ocrx_word' id='word_1_638' title='bbox 2832 4800 2919 4854; x_wconf 87' lang='lat' dir='ltr'><strong>Ita</strong></span> <span class='ocrx_word' id='word_1_639' title='bbox 2946 4801 3095 4856; x_wconf 86' lang='lat' dir='ltr'><strong>enim</strong></span> <span class='ocrx_word' id='word_1_640' title='bbox 3125 4804 3356 4860; x_wconf 90' lang='lat' dir='ltr'><strong>sinistra</strong></span> 
     </span>
    </p>
   </div>
   <div class='ocr_carea' id='block_1_50' title="bbox 166 4882 3355 4963">
    <p class='ocr_par' dir='ltr' id='par_1_50' title="bbox 166 4882 3355 4963">
     <span class='ocr_line' id='line_1_50' title="bbox 166 4882 3355 4963; baseline 0.004 -27"><span class='ocrx_word' id='word_1_641' title='bbox 166 4882 212 4939; x_wconf 84' lang='lat'><strong>2.</strong></span> <span class='ocrx_word' id='word_1_642' title='bbox 229 4886 285 4940; x_wconf 86' lang='lat' dir='ltr'><strong>Et</strong></span> <span class='ocrx_word' id='word_1_643' title='bbox 299 4893 680 4945; x_wconf 85' lang='lat' dir='ltr'><strong>cauteriatam.</strong></span> <span class='ocrx_word' id='word_1_644' title='bbox 701 4889 1044 4954; x_wconf 87' lang='lat' dir='ltr'><strong>Cauterium,</strong></span> <span class='ocrx_word' id='word_1_645' title='bbox 1066 4889 1278 4945; x_wconf 88' lang='lat' dir='ltr'><strong>ferrum</strong></span> <span class='ocrx_word' id='word_1_646' title='bbox 1295 4906 1405 4962; x_wconf 88' lang='lat' dir='ltr'><strong>quo</strong></span> <span class='ocrx_word' id='word_1_647' title='bbox 1420 4888 1680 4944; x_wconf 75' lang='lat' dir='ltr'><strong>aduritur</strong></span> <span class='ocrx_word' id='word_1_648' title='bbox 1759 4885 1864 4940; x_wconf 89' lang='lat' dir='ltr'><strong>sub</strong></span> <span class='ocrx_word' id='word_1_649' title='bbox 1881 4885 2082 4957; x_wconf 88' lang='lat' dir='ltr'><strong>capite,</strong></span> <span class='ocrx_word' id='word_1_650' title='bbox 2115 4885 2346 4940; x_wconf 88' lang='lat' dir='ltr'><strong>dextera</strong></span> <span class='ocrx_word' id='word_1_651' title='bbox 2370 4903 2541 4958; x_wconf 90' lang='lat' dir='ltr'><strong>super</strong></span> <span class='ocrx_word' id='word_1_652' title='bbox 2568 4893 2754 4959; x_wconf 89' lang='lat' dir='ltr'><strong>caput,</strong></span> <span class='ocrx_word' id='word_1_653' title='bbox 2793 4889 3062 4960; x_wconf 90' lang='lat' dir='ltr'><strong>impletur</strong></span> <span class='ocrx_word' id='word_1_654' title='bbox 3099 4894 3248 4963; x_wconf 90' lang='lat' dir='ltr'><strong>quod</strong></span> <span class='ocrx_word' id='word_1_655' title='bbox 3275 4893 3355 4948; x_wconf 89' lang='lat' dir='ltr'><strong>sic</strong></span> 
     </span>
    </p>
   </div>
   <div class='ocr_carea' id='block_1_51' title="bbox 118 4970 3356 5048">
    <p class='ocr_par' dir='ltr' id='par_1_51' title="bbox 118 4970 3356 5048">
     <span class='ocr_line' id='line_1_51' title="bbox 118 4970 3356 5048; baseline 0.004 -26"><span class='ocrx_word' id='word_1_656' title='bbox 118 4970 182 5023; x_wconf 87' lang='lat' dir='ltr'><strong>rei</strong></span> <span class='ocrx_word' id='word_1_657' title='bbox 197 4972 366 5033; x_wconf 86' lang='lat' dir='ltr'><strong>facies.</strong></span> <span class='ocrx_word' id='word_1_658' title='bbox 1759 4974 1968 5028; x_wconf 88' lang='lat' dir='ltr'><strong>dictum</strong></span> <span class='ocrx_word' id='word_1_659' title='bbox 1997 4979 2098 5040; x_wconf 89' lang='lat' dir='ltr'><strong>est,</strong></span> <span class='ocrx_word' id='word_1_660' title='bbox 2119 4978 2545 5044; x_wconf 86' lang='lat' dir='ltr'><strong>promissionem</strong></span> <span class='ocrx_word' id='word_1_661' title='bbox 2575 4978 2777 5032; x_wconf 84' lang='lat' dir='ltr'><strong>habens</strong></span> <span class='ocrx_word' id='word_1_662' title='bbox 2817 4984 3102 5047; x_wconf 64' lang='lat' dir='ltr'><strong>praesentis</strong></span> <span class='ocrx_word' id='word_1_663' title='bbox 3132 4985 3356 5048; x_wconf 53' lang='lat' dir='ltr'><strong>vitamst</strong></span> 
     </span>
    </p>
   </div>
   <div class='ocr_carea' id='block_1_52' title="bbox 174 5057 3356 5142">
    <p class='ocr_par' dir='ltr' id='par_1_52' title="bbox 174 5057 3356 5142">
     <span class='ocr_line' id='line_1_52' title="bbox 174 5057 3356 5142; baseline 0.006 -23"><span class='ocrx_word' id='word_1_664' title='bbox 174 5057 217 5116; x_wconf 85' lang='lat'><strong>3.</strong></span> <span class='ocrx_word' id='word_1_665' title='bbox 238 5064 476 5124; x_wconf 74' lang='lat' dir='ltr'><strong>AMBROS.</strong></span> <span class='ocrx_word' id='word_1_666' title='bbox 500 5071 832 5124; x_wconf 62' lang='lat' dir='ltr'><strong>{labentium</strong></span> <span class='ocrx_word' id='word_1_667' title='bbox 874 5085 1056 5122; x_wconf 87' lang='lat' dir='ltr'><strong>suam.</strong></span> <span class='ocrx_word' id='word_1_668' title='bbox 1089 5067 1197 5132; x_wconf 87' lang='lat' dir='ltr'><strong>Qui</strong></span> <span class='ocrx_word' id='word_1_669' title='bbox 1228 5067 1378 5122; x_wconf 89' lang='lat' dir='ltr'><strong>enim</strong></span> <span class='ocrx_word' id='word_1_670' title='bbox 1411 5069 1479 5122; x_wconf 88' lang='lat' dir='ltr'><strong>de</strong></span> <span class='ocrx_word' id='word_1_671' title='bbox 1507 5066 1674 5122; x_wconf 86' lang='lat' dir='ltr'><strong>casti-</strong></span> <span class='ocrx_word' id='word_1_672' title='bbox 1757 5065 1997 5132; x_wconf 62' lang='lat' dir='ltr'><strong>futuris;</strong></span> <span class='ocrx_word' id='word_1_673' title='bbox 2025 5065 2174 5134; x_wconf 74' lang='grc' dir='ltr'>(ιιιθὰ</span> <span class='ocrx_word' id='word_1_674' title='bbox 2204 5064 2262 5118; x_wconf 77' lang='lat' dir='ltr'><strong>in</strong></span> <span class='ocrx_word' id='word_1_675' title='bbox 2293 5065 2577 5137; x_wconf 63' lang='lat' dir='ltr'><strong>Praesenti.</strong></span> <span class='ocrx_word' id='word_1_676' title='bbox 2610 5066 2844 5121; x_wconf 67' lang='lat' dir='ltr'><strong>Sinistra</strong></span> <span class='ocrx_word' id='word_1_677' title='bbox 2868 5069 3185 5141; x_wconf 71' lang='lat' dir='ltr'><strong>SchaPite;</strong></span> <span class='ocrx_word' id='word_1_678' title='bbox 3206 5069 3356 5142; x_wconf 82' lang='lat' dir='ltr'><strong>quod</strong></span> 
     </span>
    </p>
   </div>
   <div class='ocr_carea' id='block_1_53' title="bbox 119 5151 3032 5227">
    <p class='ocr_par' dir='ltr' id='par_1_53' title="bbox 119 5151 3032 5227">
     <span class='ocr_line' id='line_1_53' title="bbox 119 5151 3032 5227; baseline 0.004 -27"><span class='ocrx_word' id='word_1_679' title='bbox 119 5151 212 5202; x_wconf 84' lang='lat' dir='ltr'><strong>tate</strong></span> <span class='ocrx_word' id='word_1_680' title='bbox 231 5169 285 5206; x_wconf 85' lang='lat' dir='ltr'><strong>se</strong></span> <span class='ocrx_word' id='word_1_681' title='bbox 311 5155 578 5212; x_wconf 87' lang='lat' dir='ltr'><strong>simulant</strong></span> <span class='ocrx_word' id='word_1_682' title='bbox 605 5157 912 5227; x_wconf 86' lang='lat' dir='ltr'><strong>disputare,</strong></span> <span class='ocrx_word' id='word_1_683' title='bbox 937 5173 1161 5212; x_wconf 89' lang='lat' dir='ltr'><strong>omnem</strong></span> <span class='ocrx_word' id='word_1_684' title='bbox 1191 5156 1520 5227; x_wconf 87' lang='lat' dir='ltr'><strong>spurcitiam</strong></span> <span class='ocrx_word' id='word_1_685' title='bbox 1540 5155 1598 5209; x_wconf 90' lang='lat' dir='ltr'><strong>in</strong></span> <span class='ocrx_word' id='word_1_686' title='bbox 1616 5171 1676 5208; x_wconf 88' lang='lat' dir='ltr'><strong>se</strong></span> <span class='ocrx_word' id='word_1_687' title='bbox 1757 5151 1817 5206; x_wconf 91' lang='lat' dir='ltr'><strong>in</strong></span> <span class='ocrx_word' id='word_1_688' title='bbox 1848 5153 2057 5217; x_wconf 88' lang='lat' dir='ltr'><strong>futuro,</strong></span> <span class='ocrx_word' id='word_1_689' title='bbox 2092 5153 2322 5208; x_wconf 84' lang='lat' dir='ltr'><strong>dextera</strong></span> <span class='ocrx_word' id='word_1_690' title='bbox 2349 5155 2469 5224; x_wconf 84' lang='lat' dir='ltr'><strong>ejus</strong></span> <span class='ocrx_word' id='word_1_691' title='bbox 2499 5155 2900 5226; x_wconf 89' lang='lat' dir='ltr'><strong>complectetur</strong></span> <span class='ocrx_word' id='word_1_692' title='bbox 2925 5174 3032 5212; x_wconf 91' lang='lat' dir='ltr'><strong>me.</strong></span> 
     </span>
    </p>
   </div>
   <div class='ocr_carea' id='block_1_54' title="bbox 119 5241 3360 5328">
    <p class='ocr_par' dir='ltr' id='par_1_54' title="bbox 119 5241 3360 5328">
     <span class='ocr_line' id='line_1_54' title="bbox 119 5241 3360 5328; baseline 0.003 -34"><span class='ocrx_word' id='word_1_693' title='bbox 119 5246 404 5306; x_wconf 78' lang='lat' dir='ltr'><strong>Perpetrare</strong></span> <span class='ocrx_word' id='word_1_694' title='bbox 434 5245 816 5302; x_wconf 88' lang='lat' dir='ltr'><strong>inveniuntur.</strong></span> <span class='ocrx_word' id='word_1_695' title='bbox 1695 5267 1738 5328; x_wconf 68' lang='grc' dir='ltr'>α</span> <span class='ocrx_word' id='word_1_696' title='bbox 1831 5243 1920 5296; x_wconf 73' lang='lat' dir='ltr'><strong>it.</strong></span> <span class='ocrx_word' id='word_1_697' title='bbox 1957 5241 2170 5300; x_wconf 63' lang='grc' dir='ltr'><strong>ΒΑΜ-Β.</strong></span> <span class='ocrx_word' id='word_1_698' title='bbox 2205 5246 2629 5299; x_wconf 83' lang='lat' dir='ltr'><strong>Promissionem</strong></span> <span class='ocrx_word' id='word_1_699' title='bbox 2667 5246 2868 5300; x_wconf 78' lang='lat' dir='ltr'><strong>habens</strong></span> <span class='ocrx_word' id='word_1_700' title='bbox 2913 5249 3052 5300; x_wconf 54' lang='lat' dir='ltr'><strong>vita</strong></span> <span class='ocrx_word' id='word_1_701' title='bbox 3087 5247 3224 5312; x_wconf 88' lang='lat' dir='ltr'><strong>Quia</strong></span> <span class='ocrx_word' id='word_1_702' title='bbox 3256 5264 3360 5320; x_wconf 90' lang='lat' dir='ltr'><strong>per</strong></span> 
     </span>
    </p>
   </div>
   <div class='ocr_carea' id='block_1_55' title="bbox 175 5323 3359 5404">
    <p class='ocr_par' dir='ltr' id='par_1_55' title="bbox 175 5323 3359 5404">
     <span class='ocr_line' id='line_1_55' title="bbox 175 5323 3359 5404; baseline 0.004 -22"><span class='ocrx_word' id='word_1_703' title='bbox 175 5323 219 5380; x_wconf 83' lang='grc'>4.</span> <span class='ocrx_word' id='word_1_704' title='bbox 239 5328 428 5386; x_wconf 66' lang='lat' dir='ltr'><strong>Lmen.</strong></span> <span class='ocrx_word' id='word_1_705' title='bbox 483 5334 897 5388; x_wconf 86' lang='lat' dir='ltr'><strong>Prohibentium</strong></span> <span class='ocrx_word' id='word_1_706' title='bbox 929 5333 1150 5399; x_wconf 86' lang='lat' dir='ltr'><strong>nubere,</strong></span> <span class='ocrx_word' id='word_1_707' title='bbox 1179 5336 1284 5386; x_wconf 89' lang='lat' dir='ltr'><strong>etc.</strong></span> <span class='ocrx_word' id='word_1_708' title='bbox 1325 5331 1586 5404; x_wconf 66' lang='lat' dir='ltr'><strong>Praecipit</strong></span> <span class='ocrx_word' id='word_1_709' title='bbox 1621 5332 1673 5386; x_wconf 93' lang='lat' dir='ltr'><strong>ei</strong></span> <span class='ocrx_word' id='word_1_710' title='bbox 1702 5323 1737 5328; x_wconf 49' lang='grc'><strong>⁷</strong></span> <span class='ocrx_word' id='word_1_711' title='bbox 1759 5347 1932 5402; x_wconf 88' lang='lat' dir='ltr'><strong>opera</strong></span> <span class='ocrx_word' id='word_1_712' title='bbox 1950 5331 2150 5386; x_wconf 90' lang='lat' dir='ltr'><strong>melius</strong></span> <span class='ocrx_word' id='word_1_713' title='bbox 2178 5331 2350 5386; x_wconf 87' lang='lat' dir='ltr'><strong>habet</strong></span> <span class='ocrx_word' id='word_1_714' title='bbox 2374 5333 2542 5388; x_wconf 91' lang='lat' dir='ltr'><strong>homo</strong></span> <span class='ocrx_word' id='word_1_715' title='bbox 2574 5339 2632 5388; x_wconf 90' lang='lat' dir='ltr'><strong>et</strong></span> <span class='ocrx_word' id='word_1_716' title='bbox 2657 5333 2717 5387; x_wconf 91' lang='lat' dir='ltr'><strong>in</strong></span> <span class='ocrx_word' id='word_1_717' title='bbox 2746 5333 2852 5388; x_wconf 92' lang='lat' dir='ltr'><strong>hoc</strong></span> <span class='ocrx_word' id='word_1_718' title='bbox 2878 5336 3079 5391; x_wconf 71' lang='lat' dir='ltr'><strong>saeculo</strong></span> <span class='ocrx_word' id='word_1_719' title='bbox 3101 5343 3158 5392; x_wconf 90' lang='lat' dir='ltr'><strong>et</strong></span> <span class='ocrx_word' id='word_1_720' title='bbox 3184 5337 3244 5394; x_wconf 89' lang='lat' dir='ltr'><strong>in</strong></span> <span class='ocrx_word' id='word_1_721' title='bbox 3273 5340 3359 5395; x_wconf 88' lang='lat' dir='ltr'><strong>fu-</strong></span> 
     </span>
    </p>
   </div>
   <div class='ocr_carea' id='block_1_56' title="bbox 121 5411 1906 5492">
    <p class='ocr_par' dir='ltr' id='par_1_56' title="bbox 121 5411 1906 5492">
     <span class='ocr_line' id='line_1_56' title="bbox 121 5411 1906 5492; baseline 0.004 -26"><span class='ocrx_word' id='word_1_722' title='bbox 121 5414 174 5462; x_wconf 82' lang='lat' dir='ltr'><strong>ut</strong></span> <span class='ocrx_word' id='word_1_723' title='bbox 193 5411 470 5474; x_wconf 83' lang='lat' dir='ltr'><strong>interdicat</strong></span> <span class='ocrx_word' id='word_1_724' title='bbox 495 5420 576 5474; x_wconf 90' lang='lat' dir='ltr'><strong>eis</strong></span> <span class='ocrx_word' id='word_1_725' title='bbox 605 5436 871 5490; x_wconf 88' lang='lat' dir='ltr'><strong>spernere</strong></span> <span class='ocrx_word' id='word_1_726' title='bbox 885 5418 1055 5484; x_wconf 89' lang='lat' dir='ltr'><strong>cibos,</strong></span> <span class='ocrx_word' id='word_1_727' title='bbox 1080 5435 1192 5473; x_wconf 90' lang='lat' dir='ltr'><strong>non</strong></span> <span class='ocrx_word' id='word_1_728' title='bbox 1216 5419 1513 5486; x_wconf 88' lang='lat' dir='ltr'><strong>nubere,et</strong></span> <span class='ocrx_word' id='word_1_729' title='bbox 1532 5437 1675 5492; x_wconf 69' lang='lat' dir='ltr'><strong>prae-</strong></span> <span class='ocrx_word' id='word_1_730' title='bbox 1757 5425 1906 5476; x_wconf 90' lang='lat' dir='ltr'><strong>turo.</strong></span> 
     </span>
    </p>
   </div>
   <div class='ocr_carea' id='block_1_57' title="bbox 121 5496 3362 5639">
    <p class='ocr_par' dir='ltr' id='par_1_57' title="bbox 121 5496 3362 5639">
     <span class='ocr_line' id='line_1_57' title="bbox 121 5496 3362 5639; baseline 0.008 -88"><span class='ocrx_word' id='word_1_731' title='bbox 121 5496 278 5639; x_wconf 57' lang='lat' dir='ltr'><strong>gicare</strong></span> <span class='ocrx_word' id='word_1_732' title='bbox 298 5522 396 5576; x_wconf 89' lang='lat' dir='ltr'><strong>per</strong></span> <span class='ocrx_word' id='word_1_733' title='bbox 413 5508 694 5580; x_wconf 87' lang='lat' dir='ltr'><strong>spiritum,</strong></span> <span class='ocrx_word' id='word_1_734' title='bbox 723 5509 856 5581; x_wconf 88' lang='lat' dir='ltr'><strong>quia</strong></span> <span class='ocrx_word' id='word_1_735' title='bbox 882 5508 989 5563; x_wconf 89' lang='lat' dir='ltr'><strong>hoc</strong></span> <span class='ocrx_word' id='word_1_736' title='bbox 1017 5505 1346 5580; x_wconf 88' lang='lat' dir='ltr'><strong>prohibetur</strong></span> <span class='ocrx_word' id='word_1_737' title='bbox 1362 5507 1442 5563; x_wconf 86' lang='lat' dir='ltr'><strong>eis</strong></span> <span class='ocrx_word' id='word_1_738' title='bbox 1457 5525 1492 5562; x_wconf 90' lang='lat' dir='ltr'><strong>a</strong></span> <span class='ocrx_word' id='word_1_739' title='bbox 1510 5525 1678 5580; x_wconf 81' lang='lat' dir='ltr'><strong>pseu-</strong></span> <span class='ocrx_word' id='word_1_740' title='bbox 1839 5509 1922 5566; x_wconf 78' lang='lat' dir='ltr'><strong>l2.</strong></span> <span class='ocrx_word' id='word_1_741' title='bbox 1945 5513 2053 5566; x_wconf 87' lang='lat' dir='ltr'><strong>Per</strong></span> <span class='ocrx_word' id='word_1_742' title='bbox 2072 5513 2442 5581; x_wconf 85' lang='lat' dir='ltr'><strong>prophetiam.</strong></span> <span class='ocrx_word' id='word_1_743' title='bbox 2466 5511 2828 5582; x_wconf 88' lang='lat' dir='ltr'><strong>Prophetiam</strong></span> <span class='ocrx_word' id='word_1_744' title='bbox 2855 5515 3362 5590; x_wconf 84' lang='lat' dir='ltr'><strong>vocatinspiratio-</strong></span> 
     </span>
     <span class='ocr_line' id='line_1_58' title="bbox 151 5595 441 5639; baseline 0 0"><span class='ocrx_word' id='word_1_745' title='bbox 151 5595 441 5639; x_wconf 53' lang='lat' dir='ltr'><strong>canostnlim</strong></span> 
     </span>
    </p>
   </div>
   <div class='ocr_carea' id='block_1_58' title="bbox 151 5595 442 5662">
    <p class='ocr_par' dir='ltr' id='par_1_58' title="bbox 151 5595 442 5662">
     <span class='ocr_line' id='line_1_59' title="bbox 151 5595 442 5662; baseline 0.014 -14"><span class='ocrx_word' id='word_1_746' title='bbox 151 5595 442 5662; x_wconf 74' lang='lat' dir='ltr'><strong>oapostolis.</strong></span> 
     </span>
    </p>
   </div>
  </div>
