3878 6358
102 252 195 313 387
785 258 863 313 ΙΝ
900 258 966 315 D.
1009 257 1225 322 PAULI
1263 257 1486 324 EPIST.
1528 264 1618 322 00

1717 268 1907 330 tum.
1947 299 2012 319 -ι
2051 272 2278 334 mar.
2319 277 2348 337 ἰ
2381 278 2478 332 AD
2516 281 2664 348 TIM,
3253 291 3359 360 8.58

97 380 202 435 iam
228 379 584 438 occasionem
603 381 740 439 dare
764 382 1105 447 adversario,
1133 401 1238 452 quo
1258 389 1430 455 possit
1470 404 1559 442 eas
1587 391 1696 445 sibi
1754 395 2058 461 m'ndiaare,
2111 398 2393 456 maledicti
2441 403 2649 471 gratia.
2704 406 2829 462 1am
2886 410 3036 473 enim
3097 416 3356 484 quaedam

97 483 358 525 conversa
387 474 532 526 sunt
561 476 707 526 retro
739 471 1028 534 Satanam,
1053 479 1328 541 sequentes
1358 478 1542 530 illum.
1579 478 1636 530 Si
1669 478 1793 548 quis
1810 481 1990 539 ﬁdelis
2019 483 2188 540 habet
2216 486 2591 559 viduas,apud
2609 510 2662 550 se
2682 471 3059 566 congregatas,
3082 471 3355 569 submitti;

94 560 220 610 stret
242 556 374 616 illis.
410 560 474 613 id
495 563 590 621 est,
628 561 830 613 viderit
859 564 1004 614 unde
1030 565 1160 620 illas
1193 569 1364 628 regat,
1398 575 1788 634 nongravetur
1806 570 2068 637 Ecclesia,
2097 581 2138 638 ,Ι
2155 579 2269 640 ΩΙ
2304 556 2819 642 subministrattom
2839 602 3048 654 eorum,
3067 591 3215 648 utiis
3231 567 3354 664 quae

90 660 202 700 vero
231 645 408 703 viduae
453 653 592 701 sunt
621 648 878 704 sufﬁciat.
917 649 1022 712 Qui
1048 650 1188 711 bene
1227 659 1477 721 praesunt
1506 655 1835 726 presbyteri.
1866 659 2073 730 duplici
2103 663 2314 718 honore
2341 666 2498 736 digni
2535 669 2868 738 habeantur,
2904 645 3098 743 verbis,
3124 685 3174 732 et

89 733 454 797 traicerentur,-
485 739 570 790 eet
601 741 804 804 majori
826 754 996 804 quam
1019 741 1144 801 alii,
1181 739 1418 794 maxime
1451 743 1548 811 qui
1573 744 1832 802 laborant
1860 748 1918 807 in
1949 749 2136 813 verbo,
2169 753 2246 805 ad
2267 771 2459 821 mores,
2495 764 2552 811 et
2571 759 2842 828 doctrina,
2891 767 2966 822 ad
2993 766 3180 835 ﬁdem.
3205 770 3351 828 Dicit

88 819 220 876 enim
247 821 551 893 Scriptum
580 845 590 878 :
629 825 752 880 Non
781 825 1039 894 alligabis
1069 844 1132 880 os
1161 826 1286 880 bovi
1317 828 1626 896 trituranti,
1661 840 1734 897 et,
1771 835 1975 904 dignus
2017 845 2103 894 est
2131 843 2422 909 cperarius
2449 819 2731 904 Vmercede
2783 819 2920 910 sua.“

87 910 464 979 presbyterum
497 913 911 970 accusationem
946 919 1186 982 cujusvis
1214 917 1330 972 noli
1362 919 1632 988 recipere.
1661 921 1765 976 nisi
1797 924 1900 979 sub
1927 925 2164 992 duobUS,
2192 936 2309 990 aut.
2335 931 2414 987 19.
2433 933 2614 990 tribus
2643 937 2900 996 testibus.
2921 939 3010 998 20.

84 1014 249 1052 coram
280 999 553 1056 omnibus
583 1019 775 1070 argue,
800 1007 862 1056 ut
893 1007 950 1057 et
974 1004 1159 1062 caeteri
1191 1005 1450 1060 timorem
1477 1009 1738 1064 habeant.
1767 1013 1966 1069 Testor
1993 1032 2178 1070 coram
2207 1018 2320 1073 Deo
2347 1025 2403 1074 et
2459 1022 2681 1081 Christo
2725 1027 2877 1093 Jesu,
2937 1032 3157 1098 qdjuro,

85 1088 189 1149 Deo,
213 1094 269 1142 et
287 1088 487 1144 electis
520 1089 754 1159 angelis,
792 1106 904 1145 non
934 1093 1194 1159 reprobis,
1228 1100 1292 1148 ut
1319 1095 1435 1150 huic
1460 1099 1744 1154 custodias
1767 1102 1886 1156 sine
1917 1105 2260 1173 praejudicio,
2295 1109 2713 1180 claudicatione,
2760 1118 2820 1170 id
2867 1123 2960 1183 est,
2996 1122 3339 1190 discretione,

83 1175 200 1230 nihil
221 1176 435 1232 faciens
455 1178 519 1234 in
549 1180 782 1235 alteram
815 1186 1031 1249 partem
1063 1181 1412 1248 declinando,
1448 1202 1565 1252 qua:
1593 1188 1926 1244 declinanda
1952 1195 2041 1244 sit.
2063 1192 2270 1256 Manus
2282 1175 2618 1255 citonem'ini
2732 1175 3342 1280 gradus'ecctesiasticos

83 1264 264 1320 dando:
287 1265 662 1337 .imposueris.
692 1273 965 1324 neminem
992 1273 1096 1325 cito
1127 1274 1494 1342 ordinaveris,
1525 1291 1706 1346 neque
1751 1276 1840 1334 2i.
1887 1282 2384 1340 communicaveris
2415 1289 2656 1357 peccatis
2695 1292 2913 1359 alienis,
2953 1294 3040 1352 ‘22.
3072 1297 3336 1369 Teipsum

77 1359 268 1408 castum
296 1356 548 1410 custodi.
582 1355 672 1422 23,
702 1356 787 1410 24.
823 1358 949 1413 Noli
979 1359 1163 1414 adhuc
1189 1378 1394 1430 aquam
1427 1363 1638 1429 bibere,
1679 1367 1777 1422 sed
1807 1369 2024 1424 modico
2058 1371 2184 1426 vino
2214 1379 2392 1438 utere,
2416 1355 2655 1446 propter
2681 1355 3037 1450 stomachum
3065 1355 3248 1450 tuum,
3281 1396 3339 1454 et

76 1440 373 1511 frequentes
403 1450 540 1503 tuas
567 1446 919 1504 inﬁrmitates
946 1451 1038 1516 (ad
1067 1451 1163 1504 hoc
1190 1454 1336 1518 quod
1362 1455 1526 1511 dixit.
1557 1457 1676 1508 sine
1713 1459 2035 1523 praeiudicio
2074 1461 2221 1517 nihil
2260 1440 2508 1529 faciens).
2530 1440 2637 1531 -25,
2682 1467 2771 1535 '26,
2817 1469 2904 1526 27.

75 1530 341 1588 hominum
377 1540 615 1604 peccata
634 1537 928 1592 manifesta
954 1544 1105 1601 sunt,
1131 1546 1260 1594 ante
1283 1543 1696 1609 discussionem,
1719 1545 2093 1614 praecedentia
2111 1548 2180 1610 ad
2199 1549 2472 1617 judicium
2491 1570 2501 1604 :
2522 1557 2622 1622 qui
2639 1559 3128 1628 latenterpcccant,
3143 1582 3336 1634 eorum

69 1625 259 1685 increta
278 1623 341 1676 in
364 1625 550 1690 ipsius
571 1625 781 1690 judicii
808 1627 1143 1680 discussione
1172 1632 1647 1695 manifestantur;
1683 1633 1975 1702 quosdam,
2011 1640 2090 1690 vel
2147 1641 2524 1705 quorumdam
2558 1649 2748 1706 autem
2779 1655 2837 1700 et
2881 1632 3331 1723 subsequuntur;

68 1710 271 1773 quidam
286 1713 522 1778 quidet);
551 1717 698 1778 ante,
747 1719 924 1778 ειη
951 1718 1181 1783 quidam
1211 1724 1332 1785 post
1376 1722 1819 1787 disquisitionem
1843 1757 1857 1790 ;
1889 1723 2149 1778 similiter
2173 1731 2230 1780 et
2257 1726 2403 1786 facta
2429 1728 2573 1786 bona
2598 1734 2896 1792 manifesta
2925 1710 3182 1808 suntinet

68 1792 284 1816 anAn,
445 1800 540 1816 ι.
643 1802 863 1816 .
1175 1809 1183 1816 .
1364 1813 1372 1816 -
1487 1809 1550 1816 -.
2059 1815 2067 1816 ,

68 1792 140 1850 ‘28.
171 1797 328 1853 aliter
349 1816 415 1856 se
443 1800 662 1858 habent
686 1802 888 1870 (idest,
919 1821 1036 1873 quis
1068 1809 1222 1861 nauta
1241 1813 1394 1874 sunt,
1420 1812 1498 1862 ret
1532 1809 1692 1873 bona,
1724 1827 1842 1878 qua
1878 1815 2172 1876 manifesta
2203 1831 2315 1871 non
2333 1823 2504 1884 sunt},
2535 1819 2798 1889 abscondi
2825 1843 2938 1882 non
2966 1792 3223 1898 possunt.

1526 1925 1760 1980 CAPUT
1789 1927 1867 1980 VI

125 2019 441 2093 Quicunque
473 2030 612 2079 sunt
640 2025 742 2082 sub
747 2027 884 2098 jugo
905 2028 1150 2083 hominis
1167 2031 1342 2096 ﬁdetis
1370 2032 1513 2086 servi
1538 2033 1872 2099 Christiani,
1894 2036 2151 2097 dominos
2174 2057 2303 2093 suos
2325 2042 2478 2095 omni
2495 2043 2705 2098 honore
2725 2047 2924 2117 dignos
2946 2050 3313 2120 arbitrentur,

77 2105 111 2162 1.
146 2125 207 2170 ne
233 2125 440 2170 nomen
465 2111 696 2170 Domini
725 2121 780 2170 et
792 2115 1045 2170 doctrina
1057 2115 1499 2191 blasphemetur.
1524 2120 1630 2184 Qui
1654 2127 1845 2182 autem
1861 2124 2051 2178 ﬁdeles
2069 2127 2566 2197 habentdominos,
2592 2149 2704 2187 non
2723 2105 3102 2206 contemnant,
3127 2105 3323 2212 ‘2.quia

1383 2246 1980 2304 COMMENTARIUS.

130 2329 202 2386 l8.
235 2335 517 2389 Adversus
536 2336 938 2404 presbyterum.
956 2341 1247 2411 Prospexit
1261 2359 1394 2411 ergo
1407 2343 1699 2413 Aposto—A
1720 2362 1785 2398 ex
1815 2353 1973 2416 parte
2002 2349 2428 2419 perspiciantur,
2460 2371 2563 2410 nec
2591 2357 2766 2414 ullam
2818 2376 2884 2414 ex
2925 2361 3012 2418 his
3065 2337 3320 2429 nocuim-

77 2417 144 2471 lus
159 2436 317 2489 quam
351 2423 523 2478 facile
543 2425 811 2480 adversus
855 2428 1211 2499 presbyteros
1262 2433 1642 2490 accusationes
1724 2439 1839 2492 tem
1868 2417 2267 2501 sustinebimus
2292 2459 2304 2506 ς
2331 2417 2767 2508 licetvideantur
2785 2449 2949 2507 multi

75 2507 266 2563 adnasci
297 2519 560 2581 possunt,
593 2531 658 2568 eo
675 2516 820 2585 quod
845 2516 1128 2572 interdum
1157 2519 1452 2590 increpant
1465 2520 1641 2577 obno-
1723 2540 1760 2578 ε,
1785 2527 1977 2582 multis
2005 2527 2274 2597 ignorari.

77 2595 168 2648 xios
185 2615 278 2667 pro
315 2603 542 2656 amissis
571 2603 799 2662 deliciis.

127 2683 422 2744 Nissen.
480 2693 680 2745 Tribus
720 2696 960 2759 testibus,
993 2695 1050 2748 id
1079 2700 1184 2760 est,
1218 2697 1324 2750 nisi
1353 2704 1643 2753 accusator

75 2770 244 2828 habeat
270 2777 410 2832 duos
460 2785 567 2834 aut
603 2792 718 2834 tres
783 2788 954 2836 testes
999 2784 1250 2838 criminis
1301 2787 1449 2856 quod
1505 2804 1642 2842 con-

75 2863 240 2916 tendit.

127 2951 202 3006 720.
229 2956 472 3012 Amus'r.
499 2960 623 3028 (tib.
655 2961 727 3013 De
751 2962 898 3017 verb.
933 2963 1088 3015 Dom.
1111 2979 1280 3017 serm.
1308 2963 1392 3032 l6,
1411 2981 1532 3034 cap.
1558 2963 1634 3028 7).

76 3041 337 3097 Peccantes.
369 3046 522 3116 Ergo
552 3047 676 3117 ipsa
705 3049 1054 3118 corripienda
1084 3057 1217 3104 sunt
1243 3068 1429 3106 coram
1459 3054 1636 3109 omniv

75 3125 172 3192 bus,
200 3148 312 3201 qua:
355 3141 668 3205 peccantur
723 3154 911 3191 coram
957 3139 1250 3206 omnibus;
1294 3141 1416 3211 ipsa
1470 3143 1636 3200 corri-

73 3215 241 3286 pienda
267 3231 395 3276 sunt
425 3225 723 3292 secretius,
769 3244 890 3297 quae
919 3229 1186 3282 secretius
1214 3236 1532 3299 peccantur.

127 3305 202 3361 ‘ll.
225 3309 425 3366 LANFR.
457 3314 984 3368 Communicaveris.
1019 3317 1122 3370 Cui
1148 3318 1440 3387 indignum
1481 3320 1628 3372 ordi-

76 3400 168 3452 nat.
195 3402 424 3467 peccatis
454 3402 702 3456 ordinati
725 3409 782 3457 et
810 3405 928 3474 ipse
959 3407 1351 3460 communicat.

26 3510 32 3516 η
127 3481 203 3540 ‘22.
241 3489 302 3540 Te
321 3493 507 3558 ipsum
533 3498 763 3546 castum.
800 3495 968 3558 Quasi
989 3495 1224 3548 diceret:
1255 3497 1349 3568 qui
1370 3496 1629 3566 indi-gnos

129 3750 200 3808 ‘23.
227 3758 348 3812 Noli
362 3763 546 3815 adhuc
561 3777 785 3830 aquam.
808 3763 951 3826 Quia
966 3763 1280 3819 castitatem
1294 3766 1624 3818 servandam

76 3846 308 3914 precepit,
327 3865 395 3903 ne
414 3851 848 3905 immoderatam
879 3853 1274 3907 abstinentiam
1299 3855 1383 3907 vel
1399 3871 1622 3924 augere.

76 3928 137 3979 vel
160 3936 329 3989 tenere
352 3940 538 4001 vellet,
563 3940 666 3992 hoc
689 3940 997 4010 subjungit.
1029 3941 1129 3995 Vel
1153 3943 1286 4012 quia
1309 3943 1624 3997 inﬁrmatus

75 4013 233 4088 fuerat,
247 4027 373 4080 necd
384 4045 478 4082 um
498 4029 566 4081 ad
582 4028 808 4098 plenum
821 4031 1196 4084 convaluerat.
1212 4031 1312 4084 Vel
1325 4031 1450 4085 ideo
1462 4032 1616 4099 dicit,

77 4101 221 4162 adhuc
243 4129 359 4168 cum
379 4118 606 4187 juvenis
635 4119 727 4184 sis,
763 4119 939 4172 donec
965 4121 1195 4189 majoris
1215 4121 1291 4174 sis
1321 4121 1521 4178 aetatis.

128 4191 199 4249 ‘24.
227 4203 456 4261 AMBROS.
492 4209 622 4260 Noli
640 4209 819 4262 adhuc
847 4225 1051 4280 aquam
1103 4213 1295 4265 bibere.
1364 4211 1624 4264 Contem-

79 4279 276 4370 platione
299 4297 653 4350 continentia
673 4297 856 4352 adhuc
877 4279 1080 4368 aquam
1117 4298 1364 4364 bibebat,
1391 4306 1447 4354 et
1489 4301 1622 4370 quia

78 4367 348 4441 fl‘equenter
375 4387 616 4439 aliorum
641 4403 827 4451 causa,
864 4387 1001 4440 talia
1036 4389 1276 4457 agimus,
1322 4405 1393 4442 ne
1434 4390 1619 4443 videa-

77 4472 174 4514 mur
191 4465 556 4529 intlitferentes
586 4491 706 4529 esse
748 4492 883 4548 erga
930 4478 1428 4545 conversationem,
1479 4479 1620 4534 bene

79 4547 253 4618 adjecit.

124 4638 202 4698 Ἠ).
236 4648 602 4712 Quorumdam
626 4655 936 4708 hominum.
957 4655 1091 4709 Vult
1120 4655 1308 4709 dicere
1336 4655 1466 4726 quia
1479 4656 1624 4714 sicut

77 4722 457 4804 delinquentium
481 4743 772 4796 hominum
799 4761 909 4797 non
941 4750 1090 4797 recte
1119 4744 1461 4798 intuentium
1481 4746 1616 4799 deli-

72 4818 138 4868 cta
153 4825 480 4886 manifestata
499 4838 649 4896 sunt,
673 4849 798 4903 qua
827 4833 939 4886 illis
961 4833 1020 4886 in
1039 4834 1230 4888 futuro
1261 4835 1461 4888 sacculo
1493 4852 1612 4905 pce-

171 4920 278 4971 Sllnt
306 4921 610 4988 provisura,
646 4922 774 4976 licet
797 4923 1005 4976 faciant
1034 4924 1222 4993 aliqua
1253 4941 1375 4994 quae
1406 4925 1611 4978 multos

1793 2629 1882 2688 26.
1933 2636 2179 2691 Αυρυετ.
2231 2638 2346 2705 (lib.
2396 2655 2438 2693 II
2480 2643 2552 2695 He
2589 2659 2757 2696 serm.
2793 2647 2948 2699 Dem.
2995 2651 3059 2703 in
3115 2659 3318 2719 monte,

1723 2737 1843 2791 cap.
1879 2722 1986 2784 l8).
2019 2725 2398 2790 Quorumdam
2423 2731 3044 2792 hominummanifesta
3066 2755 3132 2793 ea
3160 2741 3315 2809 dicit,

1721 2811 1790 2862 de
1818 2811 2019 2880 quibus
2043 2814 2257 2868 clarum
2287 2821 2374 2869 est
2407 2834 2516 2886 quo
2559 2821 2752 2874 animo
2790 2824 2966 2890 fiant;
3017 2826 3136 2880 hac
3173 2846 3319 2898 prm-

1719 2899 1926 2952 cedunt
1956 2901 2023 2954 ad
2049 2903 2342 2970 judicium,
2373 2904 2428 2958 id
2457 2912 2560 2970 est,
2587 2909 2718 2978 quia
2747 2911 2796 2962 si
2825 2912 3319 2973 fueritistasubse-

1719 2994 1928 3053 cutum,
1943 2990 2218 3058 judicium
2244 3009 2352 3045 non
2383 3000 2469 3047 est
2493 2998 3320 3073 temerarium.Subsequuntur

1718 3081 1907 3129 autem
1933 3077 2030 3130 illa
2053 3096 2176 3148 quae
2205 3083 2424 3135 occulta
2446 3090 2597 3147 sunt,
2629 3102 2752 3154 quae
2781 3103 2883 3141 nec
2909 3088 3034 3159 ipsa
3059 3092 3318 3149 latebunt

1717 3170 1967 3238 tempore
1998 3184 2116 3220 suo.
2141 3169 2230 3222 Sic
2241 3175 2295 3221 et
2315 3170 2384 3223 de
2402 3170 2560 3225 bonis
2576 3173 3175 3246 factisintelligendum
3207 3188 3314 3250 est,

1717 3271 1849 3306 nam
1865 3254 1945 3307 ita
1965 3256 2257 3326 subjungit
2283 3277 2294 3323 ;
2321 3260 2598 3313 Similiter
2619 3269 2666 3315 et
2691 3265 2828 3317 bona
2853 3268 3000 3332 facta
3017 3272 3315 3338 manifesta

1714 3349 1843 3395 sunt
1868 3362 1883 3406 ;
1915 3348 1960 3396 et
1991 3362 2325 3414 quaecunque
2357 3351 2526 3401 ai'iter
2550 3366 2601 3402 se
2631 3351 2846 3419 habent,
2893 3357 3155 3411 abscondi
3201 3376 3314 3416 non

1708 3437 1954 3498 possunt.
1989 3433 2068 3486 De
2100 3435 2408 3489 manifestis
2437 3453 2568 3507 ergo
2593 3439 2930 3512 judicemus.
2973 3445 3052 3499 De
3083 3449 3314 3504 occultis

1710 3537 1860 3584 vero,
1882 3521 2156 3590 judicium
2189 3525 2302 3578 Deo
2335 3526 2737 3596 relinquamus,
2791 3532 2923 3601 quia
2950 3539 3007 3586 et
3031 3534 3153 3605 ipsa
3182 3537 3312 3592 abs-

1780 3803 1866 3859 ‘27.
1893 3806 2099 3860 LANFR.
2133 3809 2511 3876 Quorumdam
2533 3812 2843 3866 hominum.
2878 3817 3119 3872 Causam
3167 3836 3303 3891 sup-

1708 3893 1866 3962 ponit
1893 3911 1993 3946 cur
2023 3912 2220 3949 manus
2252 3897 2461 3950 nemini
2487 3899 2596 3952 cito
2613 3901 3124 3973 suntimponendae.
3145 3909 3307 3962 Judi-

1707 3982 1856 4036 cium
1886 3989 2074 4046 autem
2105 3991 2264 4038 vocat
2283 3986 2598 4053 concilium,
2621 3990 2917 4060 synodum,
2943 4009 3041 4060 seu
3056 3995 3304 4066 aliquem

1705 4071 1908 4137 locum,
1936 4073 1992 4126 in
2017 4090 2126 4148 quo
2158 4075 2220 4127 fit
2247 4074 2517 4135 discussio
2569 4094 2936 4147 personarum
2965 4101 2980 4135 :
3028 4084 3305 4149 Quorum-

1704 4161 1852 4224 dam,
1887 4161 2091 4231 inquit,
2117 4163 2409 4216 hominum
2426 4171 2640 4232 peccata
2672 4169 2752 4220 ita
2775 4173 3070 4238 manifesta
3089 4181 3219 4228 sunt
3241 4181 3306 4230 ut

1705 4265 1899 4302 eorun
1931 4251 2078 4304 fama
2108 4252 2192 4304 vel
2238 4252 2439 4306 notitia
2485 4253 2642 4325 prius
2696 4259 2982 4328 perveniat
3032 4262 3104 4316 ad
3147 4264 3304 4332 judi-

1702 4337 1869 4402 cium,
1895 4356 2060 4408 quam
2079 4339 2183 4410 ipsi
2204 4340 2443 4397 infames
2456 4343 2549 4415 qui
2567 4343 2794 4398 veniant
2812 4347 2882 4405 ad
2899 4349 3295 4414 ordinandum.

1703 4427 1984 4490 Quosdam
2016 4436 2203 4492 autem
2217 4438 2442 4502 peccata
2461 4449 2565 4485 sua
2577 4434 2643 4486 ad
2661 4434 2930 4503 judicium
2945 4439 3300 4516 subsequun-

1702 4522 1821 4583 tur;
1856 4517 1988 4590 quia
2014 4523 2150 4574 tunc
2190 4521 2438 4592 primum
2489 4522 2922 4590 manifestantur
2974 4545 3102 4592 cum
3154 4532 3301 4588 ordi-

1705 4605 1874 4658 nandi
1906 4606 2301 4661 discutiuntur.

1773 4711 1844 4772 28
1889 4715 2066 4770 Aliter
2084 4731 2136 4769 se
2156 4716 2374 4779 habent.
2396 4717 2478 4772 De
2507 4717 2707 4788 quibus
2745 4722 2986 4794 peccatis
3010 4724 3102 4781 hic
3128 4726 3300 4793 intel-

1695 4802 1982 4872 ligendum
2031 4809 2137 4872 est,
2177 4821 2291 4861 non
2337 4805 2488 4864 enim
2538 4809 2728 4870 omnia
2773 4810 2896 4884 ipsa
2950 4812 3296 4883 discussione

1693 4891 2038 4962 panduntur,
2070 4893 2317 4966 plurima
2344 4911 2588 4969 namque
2619 4899 2920 4970 aliquando
2952 4902 3150 4962 latent.

74 4988 204 5054 latere
228 5013 553 5074 potuerunt:
588 5011 667 5064 sic
700 5017 757 5065 et
805 5012 873 5065 de
924 5012 1034 5065 illis
1092 5014 1187 5083 qui
1228 5019 1378 5066 recte
1424 5014 1607 5066 vivere

1765 4998 1922 5052 CAP.
1953 4999 2049 5055 VI.
2089 5034 2150 5046 -—
2183 4999 2228 5055 1.
2264 5000 2475 5058 LANFR.
2519 5004 2599 5056 Ne
2642 5020 2843 5061 nomen
2873 5008 3122 5074 Domini,
3173 5015 3286 5070 etc.

77 5077 392 5160 instituerunt,
426 5099 675 5173 plurima
705 5100 929 5170 quidem
973 5077 1204 5156 illorum
1252 5103 1612 5157 manifestata

77 5180 173 5262 sunt
213 5179 526 5242 hominibus.
579 5190 723 5243 Sunt
776 5191 945 5244 etiam
995 5193 1176 5245 multa
1229 5209 1350 5262 quae
1399 5193 1612 5246 lateant

79 5261 266 5349 inultos:
296 5274 391 5329 hoc
420 5278 570 5331 enim
602 5279 882 5349 signiﬁcat
905 5279 1095 5334 dicens
1119 5299 1130 5332 :
1156 5287 1202 5334 et
1228 5261 1345 5349 qua
1373 5283 1541 5335 aliter
1560 5298 1610 5334 se

79 5342 244 5421 habent,
272 5367 312 5414 et
331 5369 584 5421 abscondi
626 5385 734 5421 non
782 5374 1032 5436 possunt.
1082 5370 1252 5424 Utere
1307 5386 1435 5423 vero
1482 5370 1608 5422 vino

81 5441 277 5530 pmlPSa
300 5451 641 5521 inﬁrmitate,
687 5457 866 5511 sciens
924 5462 980 5510 et
1030 5459 1128 5511 illa
1173 5476 1293 5530 quae
1354 5459 1610 5512 homines

79 5528 341 5608 c“licium,
363 5545 466 5600 etsi
494 5551 646 5600 recte
674 5545 946 5614 vivamus,
985 5546 1131 5625 bona
1177 5565 1316 5616 esse,
1366 5548 1612 5618 plurima

1691 5087 2188 5159 Blasphemaretur
2214 5105 2421 5146 nomen
2449 5091 2571 5156 Dei,
2605 5098 2663 5148 et
2689 5094 2966 5162 doctrina,
2987 5097 3036 5156 si
3065 5105 3295 5170 propter

1693 5177 1841 5246 quod
1871 5177 2158 5234 humiliari
2185 5177 2474 5245 deberent,
2503 5182 2883 5251 superbirent.
2934 5190 2993 5244 et
3034 5186 3292 5253 dominos

1693 5271 2146 5323 contemnerent.

1762 5371 1814 5428 2.
1841 5373 1981 5439 Quia
2010 5375 2215 5440 fratres
2250 5379 2400 5432 sunt.
2455 5375 2563 5428 Per
2599 5377 2703 5430 hoc
2745 5376 3080 5432 videbantur
3123 5398 3290 5452 pares

1692 5479 1812 5516 esse
1858 5462 2002 5516 servi
2033 5474 2090 5516 et
2128 5463 2360 5528 domini,
2415 5463 2548 5533 quia
2582 5465 2887 5518 Christiani
2931 5465 3176 5541 utrique,
3225 5489 3291 5528 ac

1690 5566 1790 5619 per
1814 5551 1921 5605 hoc
1949 5549 2092 5605 servi
2119 5550 2555 5606 contemnebant
2584 5551 2858 5608 dominos.
