3878 6382
575 279 676 335 359
1554 275 1617 328 Β.
1657 273 2074 331 LANFRANCI
2113 275 2472 333 CANTUAR.
2512 276 2851 336 ARCHIEP.
3070 308 3075 309 ν
3728 287 3812 347 360

574 405 776 459 fratres
805 405 954 465 sunt,
989 399 1088 454 sed
1117 399 1299 469 magis
1327 398 1591 461 serviant,
1626 401 1760 470 quia
1791 401 1982 455 ﬁdeles
2015 406 2166 461 sunt,
2197 404 2416 457 domini
2442 420 2654 471 eorum,
2689 409 2770 460 rel
2801 409 2928 474 ipsi,
2956 412 3011 461 et
3035 406 3223 463 dilecti
3242 425 3279 463 a
3298 411 3422 474 Deo,
3448 410 3578 482 quia
3593 411 3814 468 beneﬁcii

574 490 876 562 participes
914 495 1065 555 sunt,
1100 488 1431 542 Christiana:
1459 491 1767 556 religionis,
1804 493 1886 543 ret
1915 491 2290 544 humaniores.
2327 493 2455 546 Haec
2486 493 2641 561 doce,
2669 500 2727 549 et
2755 497 3066 551 exhortare.
3086 498 3143 552 Si
3169 498 3294 568 quis
3323 499 3490 553 aliter
3514 501 3673 554 docet
3695 504 3812 567 (eum

576 582 795 648 devita),
829 583 886 632 et
906 594 1018 632 non
1047 576 1353 647 acquiescit
1381 577 1532 630 sanis
1554 578 1905 633 sermonibus
1928 578 2146 632 Domini
2180 580 2360 634 nostri
2389 582 2520 636 Jesu
2540 582 3083 649 Christi,anathema
3106 590 3200 648 sit,
3230 593 3287 641 et
3309 588 3379 653 ei,
3401 605 3523 659 quae
3536 590 3810 644 secundum

575 667 866 736 pietatem,
898 669 1244 733 religionem,
1273 670 1377 729 est,
1414 665 1699 732 doctrinae,
1725 666 1998 736 superbus
2028 674 2131 734 est,
2166 669 2304 721 nihil
2335 669 2537 735 sciens,
2567 670 2618 724 3.
2656 672 2753 725 sed
2785 674 3057 743 languens
3082 675 3243 743 (quia
3281 681 3449 731 nescit
3499 683 3694 732 solvere
3719 695 3813 747 qus

571 757 850 825 proponit)
881 756 1029 809 circa
1049 756 1381 826 quaestiones
1408 761 1465 808 et
1484 772 1699 826 pugnas
1719 756 2011 809 verborum
2037 775 2049 822 ;
2076 773 2141 809 ex
2163 757 2365 826 quibus
2395 759 2656 813 oriuntur
2692 761 2935 832 invidiae,
2957 764 3367 834 contentiones,
3387 764 3817 836 blasphemiae,“

578 851 722 902 alter
748 850 918 901 alteri
946 848 1190 913 maligne
1221 852 1475 914 opponat,
1510 846 1860 917 suspiciones
1888 847 2069 908 malae,
2101 846 2544 901 conﬂictationes
2574 848 2865 904 hominum
2896 859 3082 906 mente
3112 860 3527 925 corruptorum,
3558 861 3616 909 et
3641 856 3729 926 qui
3750 872 3820 909 ve-

576 933 745 986 ritate
773 932 976 1003 privati
1002 930 1214 988 sunt.4.
1233 932 1674 986 existimantium
1697 931 1748 988 5.
1781 940 2059 1003 quaestum
2092 937 2444 1003 temporalem
2474 954 2594 991 esse
2624 932 3280 1011 pietatem,retigionem,
3295 946 3746 1012 praedicationem.
3765 941 3814 1001 6.

580 1021 679 1075 Est
696 1026 886 1075 autem
918 1025 1164 1091 quaestus
1200 1023 1479 1090 (aquivoce
1510 1027 1779 1093 quantum
1809 1027 2027 1091 accipit)
2047 1040 2304 1093 magnus,
2322 1025 2502 1095 pietas
2525 1043 2651 1081 cum
2674 1029 3027 1097 sufﬁcientia,
3048 1034 3177 1099 ﬁdes
3206 1035 3299 1086 cui
3311 1036 3517 1101 sufﬁcit
3534 1036 3672 1102 quod
3685 1050 3718 1088 a
3740 1035 3823 1087 Deo

577 1112 765 1165 datur.
797 1112 954 1165 Ratio
974 1126 1076 1163 cur
1094 1111 1343 1177 sufﬁcere
1371 1112 1582 1177 debeat,
1605 1128 1710 1179 quo
1739 1114 2250 1180 imprwsentiarum
2279 1120 2370 1169 est.
2401 1115 2553 1168 Nihil
2583 1116 2734 1170 enim
2764 1118 3060 1174 intulimus
3091 1120 3147 1173 in
3180 1122 3329 1175 hunc
3368 1122 3661 1188 mundum,
3694 1122 3820 1176 haud

576 1199 807 1254 dubium
828 1199 962 1270 quia
992 1215 1101 1253 nec
1132 1200 1353 1253 auferre
1380 1199 1515 1269 quid
1546 1216 1863 1270 possumus,
1897 1217 1993 1254 nec
2012 1204 2117 1255 ista
2148 1207 2279 1255 sunt
2310 1208 2520 1270 nostra,
2554 1221 2666 1259 non
2691 1210 2843 1261 enim
2889 1209 3173 1263 nobiseum
3201 1212 3526 1277 deferemus.
3572 1210 3820 1265 Habentes

576 1295 768 1343 autem
797 1289 1063 1341 alimenta
1093 1294 1151 1341 et
1173 1288 1373 1357 quibus
1387 1295 1664 1358 tegamur,
1692 1289 1778 1342 his
1798 1290 2046 1343 contenti
2077 1307 2292 1344 sumus.
2326 1293 2433 1345 Nec
2462 1309 2717 1347 curemus
2735 1297 2931 1350 ditari.
2952 1298 3094 1351 Nam
3127 1301 3219 1368 qui
3250 1299 3443 1353 volunt
3471 1300 3667 1354 divites
3695 1298 3821 1363 fieri,

576 1377 832 1433 incidunt
857 1377 917 1431 in
946 1375 1317 1429 tentationem
1347 1380 1404 1429 et
1430 1376 1487 1429 in
1519 1377 1782 1446 laqueum
1813 1377 2039 1442 diaboli,
2073 1383 2130 1431 et
2157 1378 2436 1433 desideria
2457 1383 2637 1435 multa
2666 1382 2905 1449 inutilia,
2937 1391 2994 1439 et
3023 1385 3237 1452 nociva,
3280 1403 3405 1457 quae
3438 1394 3698 1457 mergunt
3737 1388 3820 1440 ho-

576 1468 758 1521 mines
786 1468 844 1520 in
871 1467 1185 1531 interitum,
1210 1471 1267 1518 et
1285 1464 1674 1534 perditionem.
1703 1463 1756 1521 7.
1780 1466 1957 1520 Radix
1978 1466 2125 1520 enim
2159 1467 2408 1521 omnium
2442 1470 2716 1524 malorum
2750 1478 2835 1526 est
2869 1473 3147 1543 cupiditas
3175 1492 3188 1541 ;
3223 1492 3391 1546 quam
3415 1475 3472 1529 8.
3511 1476 3727 1547 quidam
3745 1492 3822 1547 ap-

576 1561 851 1627 petentes,
885 1560 1228 1615 erraverunt,
1271 1558 1450 1618 .93
1481 1571 1516 1607 a
1546 1554 1678 1616 ﬁde,
1714 1559 1771 1607 et
1798 1555 2159 1609 inseruerunt
2187 1573 2247 1610 se
2273 1557 2558 1612 doloribus
2589 1561 2801 1614 multis.
2830 1562 2883 1616 9.
2914 1564 2998 1616 Tu
3027 1568 3240 1623 autem,
3280 1581 3312 1617 ο
3359 1565 3529 1618 homo
3577 1564 3690 1629 Dei,
3729 1565 3823 1618 haec

577 1645 706 1714 fuge
733 1663 744 1711 ;
772 1650 987 1698 sectare
1015 1661 1142 1698 vero
1160 1642 1461 1713 justitiam,
1490 1642 1776 1711 pietatem,
1810 1643 1998 1709 ﬁdem,
2021 1644 2373 1707 charitatem,
2394 1647 2746 1716 patientiam,
2774 1652 3285 1706 mansuetudinem.
3313 1654 3481 1707 Certa
3503 1652 3704 1708 bonum
3720 1668 3821 1706 cer-

579 1740 771 1789 tamen
796 1733 943 1797 fidei,
979 1735 1121 1802 quod
1144 1747 1249 1801 pro
1277 1734 1380 1798 ﬁde
1405 1732 1729 1785 Christiana
1752 1734 2079 1785 certandum
2109 1740 2181 1787 est
2207 1753 2220 1786 :
2247 1737 2324 1787 sic
2353 1740 2612 1792 certando
2636 1739 2995 1810 apprehende
3020 1740 3191 1794 vitam
3213 1746 3503 1807 aeternam,
3533 1742 3593 1796 in
3621 1758 3742 1812 qua,
3758 1742 3818 1794 ad

578 1839 748 1892 quam
777 1824 1102 1888 habendam,
1136 1826 1361 1874 vocatus
1393 1837 1471 1884 es,
1507 1825 1565 1873 et
1593 1819 1878 1873 confessus
1908 1819 2111 1875 bonam
2135 1822 2561 1889 confessionem,
2595 1830 2919 1882 catholicam
2949 1831 3130 1896 ﬁdem,
3153 1845 3342 1884 coram
3374 1831 3568 1885 multis
3587 1829 3818 1897 testibus,

577 1928 643 1981 in
672 1914 931 1981 baptismi
957 1913 1043 1964 die
1072 1913 1153 1964 vel
1181 1912 1516 1977 susceptione
1536 1911 1906 1977 presbyterii.
1947 1910 2214 1982 Praecipio
2239 1910 2341 1964 tibi
2369 1926 2556 1964 coram
2583 1912 2718 1977 Deo,
2753 1912 2848 1982 qui
2880 1912 3120 1966 vivificat
3140 1914 3348 1979 omnia,
3382 1919 3440 1969 et
3455 1914 3816 1974 ChristoJesu,

542 1984 550 1991 ’
579 1999 675 2071 qui
706 1999 1094 2054 testimonium
1124 1998 1370 2053 reddidit
1395 1996 1482 2054 10.
1517 1997 1620 2052 sub
1649 1997 1848 2052 Pontio
1876 1998 2058 2052 Pilato
2100 2016 2211 2057 non
2238 2002 2550 2053 erubescens
2578 1995 2783 2050 bonam
2809 1996 3236 2065 confessionem,
3266 2001 3488 2053 Patrem
3529 2002 3739 2061 scilicet,
3769 2001 3822 2050 ut

575 2104 762 2142 serves
784 2090 868 2155 11,
901 2089 1230 2143 mandatum
1249 2088 1369 2141 sine
1386 2088 1621 2149 macula,
1648 2086 1673 2155 (
1673 2103 1783 2140 non
1797 2088 2075 2140 erubescas
2098 2103 2284 2141 coram
2307 2088 2522 2152 regibus
2537 2087 2913 2152 evangelicum
2939 2091 3288 2154 praceptum,
3318 2088 3380 2140 de
3401 2103 3509 2156 quo
3530 2090 3595 2141 in
3612 2088 3823 2156 psalmo:

579 2194 662 2246 lea:
688 2178 913 2247 Domini
937 2180 1319 2234 immaculata)
1353 2174 1861 2247 irreprehensibile,
1894 2192 2070 2245 usque
2093 2173 2182 2230 1‘2.
2213 2175 2272 2228 in
2303 2174 2608 2227 adventum
2635 2172 2859 2227 Domini
2890 2174 3067 2227 nostri
3089 2174 3221 2229 Jesu
3245 2174 3453 2229 Christi
3480 2194 3493 2241 ;
3529 2191 3690 2247 quem
3709 2173 3823 2238 suis,

576 2269 856 2333 congruis,
887 2265 1269 2337 temporibus,
1308 2262 1390 2321 13.
1421 2265 1677 2318 ostendet
1706 2266 1851 2318 Deus
1874 2264 2095 2328 beatus,
2128 2269 2181 2317 et
2211 2263 2365 2317 solus
2393 2267 2611 2333 potens,
2638 2262 2754 2315 Rex
2778 2278 2996 2332 regum,
3029 2267 3088 2316 et
3114 2263 3388 2317 Dominus
3433 2263 3823 2317 dominantium

578 2352 676 2423 qui
697 2353 850 2407 solus
879 2353 1050 2407 habet
1087 2353 1166 2418 14,
1202 2352 1291 2409 15.
1329 2352 1839 2419 immortalitatem,
1877 2358 1934 2406 et
1956 2354 2135 2407 lucem
2177 2351 2457 2405 inhabitat
2481 2350 2921 2405 inaccessibilem
2954 2370 2967 2419 ;
3001 2368 3166 2423 quem
3190 2353 3379 2407 nullus
3406 2353 3699 2408 hominum
3721 2367 3827 2421 per-

578 2456 809 2494 manens
831 2444 893 2494 in
919 2443 1021 2494 hac
1051 2442 1513 2509 corruptibilitate
1541 2440 1697 2507 vidit,
1736 2441 1835 2495 sed
1859 2456 1962 2495 nec
1980 2438 2068 2495 16.
2119 2439 2306 2493 videre
2338 2444 2557 2509 potest:
2588 2439 2674 2492 cui
2721 2439 2923 2501 honor,
2978 2445 3036 2493 et
3074 2440 3376 2510 imperium
3423 2441 3825 2512 sempiternum-

578 2532 778 2584 Amen.
813 2530 1089 2584 Divitibus
1114 2531 1283 2601 hujus
1311 2530 1498 2585 saeculi
1527 2531 1786 2601 praecipe,
1816 2546 1930 2583 non
1958 2528 2199 2583 sublime
2230 2544 2446 2597 sapere,
2479 2531 2542 2581 in
2570 2529 2785 2582 divitiis
2811 2531 3071 2597 gloriari,
3106 2546 3289 2601 neque
3313 2547 3545 2601 sperare
3567 2531 3629 2585 in
3647 2530 3828 2583 incerto

578 2619 922 2683 divitiarum,
952 2620 1050 2674 sed
1079 2620 1138 2674 in
1168 2620 1283 2674 Deo
1304 2620 1425 2673 vivo
1457 2620 1576 2690 (qui
1598 2624 1827 2689 praestat
1850 2617 2011 2671 nobis
2032 2615 2223 2669 omnia
2246 2615 2467 2670 abunde
2488 2615 2859 2670 adfruendum
2891 2633 3003 2671 non
3032 2620 3501 2688 congregandum)
3534 2620 3610 2673 ad
3634 2620 3725 2672 hoc
3749 2616 3829 2670 sci-

582 2710 811 2777 licet,uet
828 2712 1054 2777 praeeipe
1078 2707 1216 2763 bene
1229 2707 1620 2778 agere,divites
1632 2708 1755 2761 ﬁeri
1767 2707 1824 2760 in
1841 2705 1999 2759 bonis
2019 2702 2278 2775 operibus
2293 2705 2452 2758 facile
2467 2704 2538 2758 tri
2546 2704 3155 2770 buere,communicare
3166 2710 3438 2775 proximis
3454 2707 3826 2776 indigentibus,

583 2796 961 2851 tbesaurizare
981 2797 1085 2851 sibi
1105 2798 1534 2852 fundamentum
1566 2795 1773 2850 bonum
1796 2796 1852 2848 in
1883 2795 2158 2858 futurum,
2192 2797 2256 2845 ut
2283 2793 2709 2863 apprehendant
2726 2811 2915 2847 veram
2936 2794 3127 2849 vitam.
3166 2796 3212 2850 Ο
3241 2796 3558 2862 Timothee,
3579 2794 3668 2851 17.
3691 2795 3833 2864 depo-

578 2886 770 2953 situm,
799 2890 982 2955 ﬁdem,
1003 2890 1340 2956 episcopatus
1364 2889 1630 2954 gratiam,
1652 2884 1889 2949 custodi,
1928 2883 2179 2937 devitans
2209 2881 2470 2952 profanas
2500 2899 2697 2936 vocum
2731 2882 3027 2946 novitates,
3055 2884 3354 2952 deceptivas
3373 2885 3830 2953 propositiones,et

577 2975 954 3046 oppositiones
982 2975 1109 3028 falsi
1137 2974 1384 3028 nominis
1412 2974 1679 3040 scientiae,
1711 2975 1905 3041 (artem
1930 2973 2279 3039 sophisticam
2307 2972 2459 3040 dicit)
2495 2988 2669 3042 quam
2700 2972 2931 3043 quidam
2956 2969 3048 3027 18.
3070 2973 3483 3043 promittentes,
3510 2975 3828 3042 proﬁtentes,

576 3064 727 3119 circa
755 3065 923 3119 ﬁdem
949 3064 1294 3131 exciderunt,
1328 3067 1393 3118 in
1426 3065 1669 3120 Imreses.
1701 3061 1898 3116 Gratia
1921 3067 2129 3118 tecum.
2159 3061 2359 3113 Amen.

1931 3190 2532 3251 COMMENTARIUS.

651 3303 700 3358 3.
731 3305 976 3359 Aunaos.
1001 3300 1105 3359 Sed
1130 3308 1419 3372 languens.
1461 3303 1814 3373 Languorem
1859 3300 1997 3358 dicit
2038 3299 2185 3371 cogi-
2200 3304 2238 3358 A
2261 3300 2330 3354 In
2353 3299 2856 3366 adventum.Quem
2881 3301 3095 3358 scilicet
3113 3303 3414 3358 adventum
3434 3301 3663 3357 Domini
3678 3297 3831 3356 nostri

580 3394 861 3448 tationum
881 3411 1096 3461 corum,
1120 3410 1185 3448 eo
1217 3394 1365 3465 quod
1396 3394 1778 3464 relinquentes
1798 3393 2068 3465 pietatem
2106 3390 2179 3444 ad

578 3484 917 3554 quaestiones
941 3482 1355 3543 evolvebantur.

646 3573 700 3626 4.
730 3573 939 3626 LANFR-
962 3537 1441 3627 Esistimantium.
1467 3568 1876 3626 Existimabant
1890 3569 2176 3625 Christum
2208 3537 2220 3546 .

576 3678 699 3723 esse
750 3661 1047 3716 colendum
1091 3661 1486 3716 tantummodo
1529 3665 1758 3732 propter
1806 3661 1964 3714 lucra
2007 3659 2178 3729 hujus

575 3753 721 3805 vitae.

644 3841 680 3896 5
740 3842 1016 3908 Quantum
1041 3857 1164 3895 esse.
1195 3840 1279 3894 Ab
1306 3839 1411 3894 hoc
1433 3855 1493 3894 se
1523 3839 1644 3910 pios
1674 3838 1959 3905 exhibent,
1978 3843 2043 3893 ut
2059 3843 2179 3893 ter-

572 3947 711 3985 rena
729 3937 1121 4002 assequuntur,
1150 3928 1351 4000 quibus
1380 3945 1482 3983 sua
1506 3945 1619 3982 non
1649 3929 1958 3982 sufﬁciunt-

642 4018 676 4075 6
733 4020 1032 4074 Estautem
1066 4024 1316 4088 quaestus.
1362 4017 1533 4083 Quasi
1560 4017 1798 4072 diceret:
1834 4023 1920 4071 est
1945 4017 2173 4088 quidem

572 4107 769 4178 religio
798 4106 1119 4163 Christiana
1139 4113 1403 4179 quaestus,
1437 4107 1535 4161 sed
1564 4123 1677 4161 non
1709 4105 2171 4178 qualemipsipu-

571 4202 716 4259 tant,
751 4197 850 4251 sed
877 4214 1136 4268 magnus,
1174 4197 1232 4251 id
1253 4203 1340 4251 est
1366 4202 1628 4252 aeternus.

645 4283 704 4341 7.
729 4287 913 4341 Radix
939 4290 1194 4340 omnium
1220 4286 1524 4351 malorum,
1546 4290 1632 4339 etc
1682 4284 1951 4352 Avaritia,
1984 4285 2042 4339 id
2067 4291 2169 4352 est,

573 4374 853 4445 cupiditas
878 4374 1198 4430 divitiarum
1229 4376 1398 4430 infert
1427 4376 1545 4430 haec
1574 4375 1754 4442 mala;
1791 4391 1893 4429 nec
1941 4374 2169 4442 mirum,

575 4463 711 4535 quia
729 4463 1002 4535 cupiditas
1021 4465 1272 4519 omnium
1299 4470 1384 4519 est
1405 4464 1562 4518 radix
1586 4464 1882 4517 malorum.

648 4553 700 4607 8.
744 4554 989 4610 Animos.
1015 4553 1251 4620 Quidam
1278 4557 1598 4624 appetentes.
1631 4551 1743 4606 Pro
1771 4552 1883 4606 illis
1914 4570 2037 4624 qua:
2066 4552 2172 4607 sibi

578 4642 920 4698 acciderunt.

646 4728 697 4788 9.
739 4732 817 4786 Tu
846 4738 1050 4801 autem,
1084 4751 1113 4789 o
1137 4733 1295 4788 homo
1324 4734 1438 4787 Dei.
1490 4732 1697 4801 Aperte
1735 4729 1883 4785 visus
1915 4737 2001 4785 est
2047 4748 2174 4786 eum

575 4820 917 4888 exhortasse,
943 4823 1229 4877 hominem
1255 4821 1356 4877 Dei
1384 4820 1543 4874 illum
1574 4819 1781 4873 dicens.

650 4907 735 4966 10.
767 4910 974 4966 LANFR.
999 4913 1111 4968 Sub
1138 4914 1350 4966 Pontio.
1373 4908 1609 4973 Quando
1642 4906 1798 4974 dixit,
1844 4908 2034 4963 Omnis
2072 4913 2173 4979 qui

573 5015 642 5055 ea:
660 5004 889 5055 veritate
916 5006 1011 5067 est,
1043 5001 1204 5055 audit
1231 5015 1411 5052 meam
1432 5012 1629 5059 vocem,
1658 5000 1761 5050 etc.

650 5087 735 5145 11.
767 5090 1120 5157 Mandatum,
1154 5089 1213 5142 id
1242 5093 1344 5153 est,
1375 5085 1758 5155 evangelicum
1806 5090 2166 5157 praeceptum,

573 5178 643 5234 de
669 5195 780 5250 quo
802 5179 859 5232 in
879 5180 1096 5250 psalmo
1121 5197 1133 5232 :
1158 5180 1259 5232 Lee:
1286 5177 1513 5231 Domini
1536 5176 1918 5228 immaculata.

645 5266 734 5327 42.
762 5268 1007 5324 AUGUST.
1031 5267 1150 5343 (lib.
1174 5280 1238 5321 Ill
1268 5269 1461 5320 contra
1476 5265 1707 5318 Maxim.
1739 5262 1963 5330 Arian.,
1987 5263 2165 5337 0.12).

2185 4699 2232 4759 Β

2260 3389 2289 3443 J
2295 3404 2393 3443 esu
2412 3390 2619 3444 Christi
2643 3392 2915 3450 ostendet.

2338 3478 2421 3536 13.
2450 3482 2700 3535 Asianos.
2737 3483 2987 3537 Ostendet
3032 3485 3238 3537 beatus.
3268 3483 3507 3537 Beatum
3550 3480 3752 3537 vocavit
3776 3476 3833 3532 ad

2261 3569 2742 3623 conﬁrmationem
2772 3570 3210 3626 invertibilitatis
3238 3578 3454 3626 natura
3477 3571 3539 3626 in
3570 3571 3726 3625 nobis
3758 3568 3833 3622 fu-

2260 3662 2422 3722 turae,
2458 3674 2578 3729 quae
2598 3659 2679 3712 illi
2702 3666 2787 3714 est
2814 3660 2870 3713 in
2892 3666 3095 3714 natura
3125 3661 3406 3732 potentiae.
3448 3659 3525 3714 Et
3567 3675 3751 3731 regem
3783 3672 3834 3709 ac

2260 3746 2569 3815 dominum,
2603 3748 2736 3818 quia
2763 3755 2963 3820 potens
2992 3756 3095 3815 est,
3135 3756 3192 3804 et
3220 3750 3501 3805 daemones
3533 3749 3829 3819 subjugal‘ea

2261 3840 2318 3889 et
2336 3842 2573 3890 mortem
2606 3837 2872 3894 adimere.
2892 3840 2961 3893 Et
2990 3839 3173 3894 lucem
3194 3839 3436 3910 habitat,
3466 3839 3605 3911 quia
3627 3849 3836 3908 corpora

2260 3931 2583 3980 sanctorum
2606 3925 2927 3982 illustrabit.

2332 4013 2416 4070 14.
2447 4017 2694 4071 Αυϐυδτ.
2730 4018 2947 4085 (ibid.).
2980 4020 3485 4073 Immortalitatem.
3515 4010 3835 4072 Immortali-

2254 4110 2432 4159 tatem
2457 4111 2647 4159 autem
2686 4105 2892 4160 dicitur
2917 4106 3124 4162 habere
3154 4109 3306 4162 solus
3355 4108 3526 4161 Deus.
3581 4107 3645 4161 In
3699 4098 3833 4158 omni

2256 4194 2407 4248 enim
2437 4194 2694 4248 mutabili
2727 4201 2948 4262 natura,
2981 4198 3254 4251 nonnulla
3284 4213 3435 4250 mors
3464 4201 3553 4251 est
3583 4195 3704 4266 ipsa
3726 4206 3835 4245 mu-

2254 4283 2428 4353 tatio;
2466 4283 2599 4354 quia
2627 4283 2758 4338 facit
2785 4285 2998 4355 aliquid
3019 4286 3078 4340 in
3109 4302 3176 4340 ea
3195 4302 3309 4340 non
3328 4302 3449 4339 esse
3472 4284 3624 4355 quod
3655 4286 3785 4337 erat.

2325 4373 2415 4427 15.
2455 4373 2662 4429 Laure.
2697 4374 3206 4444 Immortalitatem,
3237 4374 3294 4429 id
3321 4379 3406 4429 est
3433 4369 3837 4428 immutabilita-

2253 4466 2367 4515 tem
2397 4481 2410 4528 ;
2443 4462 2627 4516 omnis
2646 4462 2794 4516 enim
2816 4468 3076 4518 creatura
3099 4463 3405 4518 mutabilis.

2324 4547 2412 4607 46.
2460 4552 2642 4605 Videre
2667 4556 2858 4620 potest.
2904 4553 2968 4607 In
2998 4553 3102 4607 hac
3128 4553 3245 4608 vita
3281 4551 3714 4623 intelligendum
3740 4548 3830 4607 est,

2254 4656 2368 4693 non
2390 4656 2552 4710 posse
2571 4639 2641 4694 ab
2660 4640 2980 4695 hominibus
3010 4641 3184 4696 videri
3211 4642 3410 4696 Deum.
3445 4641 3592 4695 Nam
3634 4637 3703 4693 de
3743 4632 3838 4689 alia

2257 4729 2527 4800 scriptum
2547 4735 2632 4784 est
2656 4748 2667 4782 :
2701 4731 3003 4785 Videbimus
3032 4748 3157 4786 eum
3185 4734 3352 4785 sicuti
3390 4736 3486 4784 est.

2332 4815 2416 4872 17.
2468 4819 2803 4886 Depositum,
2854 4818 2912 4872 id
2963 4825 3068 4884 est,
3116 4818 3436 4891 spiritualia
3489 4815 3833 4873 charismata,

2255 4924 2377 4979 quae
2398 4906 2500 4962 tibi
2519 4907 2668 4961 Deus
2698 4906 2992 4977 disposuit,
3023 4909 3080 4963 id
3103 4915 3190 4964 est
3227 4904 3670 4963 commendavit.

2328 4997 2411 5055 18.
2447 4999 2784 5052 Pwnitentes.
2847 4997 3015 5052 Ordo.
3076 4997 3335 5053 Scientiae
3385 4995 3480 5070 [[2,
3531 4983 3835 5059 scientiam]

2252 5087 2379 5140 falsi
2405 5086 2646 5141 nominis
2672 5091 2862 5141 autem
2891 5087 3252 5157 sophisticam
3269 5086 3424 5152 dicit,
3452 5100 3578 5156 quae
3599 5082 3736 5136 falso
3758 5093 3840 5132 no-

2252 5176 2404 5230 mine
2423 5175 2658 5230 scientia
2686 5175 2929 5247 dicitur;
2959 5193 3088 5231 cum
3111 5192 3269 5231 error
3299 5180 3356 5230 et
3386 5173 3607 5229 fallacia
3646 5167 3837 5225 rectius

2252 5266 2550 5321 diceretur.
