3878 6392
564 331 668 428 ἤρε’
1502 325 1564 378 B-
1606 324 2021 408 Libit‘l’s‘NCI
2062 321 2421 398 CANTUAR-
2464 322 2800 402 Asculea
3710 320 3791 384 aa

563 451 825 516 venisset,
858 448 1094 503 sollicite
1123 463 1212 500 me
1236 447 1487 517 quaesivit
1517 454 1573 501 et
1602 447 1830 501 invenit.
1859 447 1967 499 Det
1987 445 2066 498 illi
2100 444 2370 497 Dominus
2404 446 2562 496 Pater
2592 444 2842 497 invenire
2876 444 3326 498 misericordiam
3358 461 3391 496 a
3417 443 3645 498 Domino
3671 448 3793 512 apud

568 544 870 601 Christuu'i,
910 541 1042 608 quia
1088 554 1243 590 omne
1277 537 1563 603 judicium
1608 539 1755 589 dedit
1797 539 1955 588 Pater
1989 536 2143 596 Filio,
2167 532 2256 588 '13.
2291 533 2346 585 in
2379 533 2476 584 illa
2503 533 2612 585 die.
2647 532 2719 585 Et
2749 540 2956 603 quanta
2991 533 3191 603 Ephesi
3217 533 3552 586 ministravit
3579 533 3721 598 mihi,
3747 541 3794 586 tu

567 631 770 686 melius
796 629 964 693 nosti,
999 643 1168 695 quam
1189 629 1312 691 alii,
1349 632 1406 678 tu
1439 630 1588 679 enim.
1608 629 1897 679 intereras.

822 713 834 730 '
1018 713 1024 724 '
1212 705 1220 716 ’
1703 701 1708 705 ’
2038 710 2270 779 CAPUT
2301 706 2378 780 1.1-.

639 809 723 862 Tu
754 824 906 876 ergo,
938 806 1016 860 fili
1047 805 1144 867 mi,
1168 807 1300 872 quia
1331 806 1418 855 illi
1440 805 1819 863 discessermzl,
1854 800 2166 853 confortare
2190 800 2244 851 in
2273 799 2455 866 gratia
2497 816 2618 868 quae
2640 804 2725 850 est
2747 799 2802 850 in
2835 799 3056 852 Christo
3069 801 3219 864 Jesu,
3250 804 3304 853 in
3321 804 3423 868 [ide
3445 802 3646 854 Christi
3661 803 3797 852 Jesu:

571 897 621 950 1.
657 903 714 950 et
744 914 866 966 quae
890 895 1095 948 audisti
1128 910 1158 945 a
1191 909 1279 944 me
1304 890 1357 946 2.
1393 908 1490 960 per
1520 890 1724 943 multos
1746 895 1936 950 testes,
1960 889 2317 956 mussantibus
2352 891 2540 938 multis
2574 888 2814 945 testibus,
2833 888 2946 940 haec
2969 891 3298 976 commenda
3323 889 3576 942 ﬁdelibus
3594 889 3802 942 homini-

568 985 696 1054 bus,
725 985 819 1055 qui
841 983 1025 1036 idonei
1054 988 1219 1034 erunt
1244 986 1300 1031 et
1325 979 1462 1032 alios
1487 979 1704 1031 docere.
1742 977 1964 1052 Labora
1995 977 2138 1051 sicut
2168 975 2344 1049 bonus
2376 976 2536 1046 miles
2567 976 2772 1028 Christi
2804 977 2957 1042 Jesu,
2985 994 3093 1029 non
3125 975 3429 1045 implicitus
3457 980 3798 1031 sa’eularibus.

568 1077 744 1130 Nemo
773 1073 1020 1126 militans
1050 1072 1163 1124 Deo
1194 1069 1464 1138 implicat,
1492 1070 1637 1119 debet
1673 1069 1980 1133 implicare,
2011 1083 2068 1118 se
2101 1065 2339 1133 negotiis
2372 1063 2751 1125 saecularibus,
2784 1071 2845 1116 ut
2872 1065 2942 1130 ei,
2971 1067 3074 1118 Deo
3099 1067 3335 1136 placeat,
3367 1067 3461 1136 qui
3480 1085 3538 1120 se
3559 1066 3798 1136 probavit.

563 1165 909 1232 placiturum
937 1161 1112 1226 elegit.
1148 1156 1198 1210 3.
1232 1157 1372 1209 Nam
1419 1162 1475 1220 et
1511 1154 1608 1223 qui
1640 1159 1819 1208 certat
1859 1155 1913 1207 in
1945 1170 2146 1221 agone,
2179 1169 2290 1206 non
2321 1152 2697 1218 coronabitur,
2727 1156 2835 1206 nisi
2866 1154 3113 1223 legitime
3144 1156 3456 1208 certaverit.
3490 1157 3542 1219 ἆ,
3578 1154 3627 1211 5.
3657 1154 3803 1209 Labo-

562 1256 782 1304 rantem
812 1247 1114 1317 agricolam
1147 1250 1368 1314 Oportet
1395 1242 1635 1312 primum
1664 1243 1732 1295 de
1761 1241 2031 1294 fructibus
2063 1241 2366 1310 percipere.
2402 1243 2570 1307 Quasi
2602 1244 2962 1310 metaphorice
2990 1247 3199 1311 loquor,
3235 1245 3494 1313 Intelligo
3511 1260 3646 1315 quae
3661 1244 3793 1296 dico:

563 1339 718 1392 dabit
750 1337 902 1390 enim
932 1340 979 1388 et
1007 1337 1170 1401 faciet
1202 1332 1303 1384 tibi
1326 1332 1596 1385 Dominus
1623 1331 1680 1382 in
1707 1329 1966 1402 omnibus
1997 1330 2361 1382 intellectum.
2393 1330 2610 1382 Memor
2639 1336 2756 1383 esto
2784 1332 3084 1384 Dominum
3107 1333 3296 1385 Jesum
3331 1333 3612 1385 Christum
3642 1349 3802 1385 resur-

561 1427 768 1480 rexisse
802 1423 1104 1477 amortuis.
1140 1427 1337 1474 natum
1370 1437 1434 1472 ex
1463 1419 1674 1472 semine
1695 1418 1888 1482 David,
1921 1417 2234 1490 secundum
2253 1419 2611 1487 Evangelium
2637 1436 2844 1488 meum,
2869 1419 2923 1472 in
2949 1437 3057 1490 quo
3077 1420 3634 1489 laboro'pra'dieande
3654 1437 3802 1490 usque

561 1492 632 1570 ad
655 1513 1012 1580 'vincul‘a,quo
1040 1497 1208 1578 usque
1225 1509 1631 1584 cinciar.quasi
1653 1509 1796 1560 male
1819 1524 2054 1578 operans
2087 1525 2097 1559 :
2131 1508 2238 1573 Ego
2259 1510 2477 1574 quidem.
2511 1509 2781 1572 ligonsed
2809 1509 3040 1561 verbum
3064 1509 3161 1562 Dei
3183 1511 3237 1564 b'.
3262 1527 3373 1566 non
3404 1517 3489 1564 est
3518 1510 3799 1580 alligatum.

562 1596 715 1668 Ideo,
753 1597 812 1656 ut
842 1603 1202 1666 E-vangelium
1228 1599 1539 1665 praedicem,
1574 1596 1763 1648 omnia
1789 1595 2035 1648 sustineo
2067 1603 2295 1665 propter
2326 1594 2529 1646 electos
2552 1597 2941 1658 salmndos,ut
2957 1603 3013 1649 et
3038 1597 3143 1666 ipsi
3175 1597 3432 1656 salutem,
3460 1601 3800 1649 remissionem

552 1683 1593 1762 peccatorum,consequanlur.quteest
1623 1685 1678 1756 in
1712 1685 1932 1756 Christo
1957 1685 2238 1746 Jesu,cum
2261 1682 2441 1752 gloria
2471 1684 2700 1746 ccrlesti,
2734 1687 2986 1744 salutem,
3005 1691 3050 1737 et
3077 1689 3316 1750 gloriam
3343 1685 3803 1751 futuram.Fidelis

561 1769 765 1843 sermo,
799 1795 958 1847 quem
992 1779 1130 1836 dixi,
1166 1781 1213 1827 et
1237 1777 1494 1827 dicturus
1527 1792 1670 1834 sum,
1702 1779 1762 1825 ut
1784 1776 2012 1825 salutem
2053 1778 2487 1840 consequantur;
2521 1774 2663 1838 quod
2697 1778 2744 1823 et
2771 1774 2974 1838 facient
3003 1790 3014 1832 ;
3051 1790 3178 1836 nam
3209 1774 3252 1826 si
3280 1775 3615 1827 commortui
3636 1791 3804 1830 sumus

559 1857 792 1930 Christo.
822 1874 878 1920 et
908 1865 1279 1927 convivemus,
1307 1863 1352 1916 si
1385 1861 1961 1926 sustinebilnus,si(‘:’t
1991 1863 2101 1924 ille,
2129 1868 2184 1912 et.
2205 1858 2672 1928 conregnabimus
2697 1878 2708 1921 ;
2740 1859 2786 1912 si
2808 1861 3215 1929 negaverimus,
3240 1868 3294 1914 et
3324 1862 3417 1914 ille
3448 1860 3799 1930 negabitnos;

557 1963 605 2016 si
637 1977 747 2014 non
784 1955 1085 2012 credimus,
1112 1953 1170 2008 7.
1215 1952 1305 2004 ille
1335 1951 2171 2020 ﬁdelis,verae.permanet.(qui
2199 1950 2479 2001 erubuerit
2515 1965 2596 2000 me
2625 1964 2808 2000 coram
2836 1950 2954 2000 hom
2969 1951 3223 2012 inibus,et
3256 1966 3346 2016 ego
3372 1966 3498 2002 eum
3521 1952 3803 2003 erubescam

557 2049 744 2104 coram.
798 2047 957 2100 Patre
1001 2042 1141 2110 meo)
1170 2057 1376 2111 negare
1413 2057 1470 2091 sc
1501 2039 1683 2111 ipsum
1711 2056 1819 2091 non
1850 2045 2050 2107 potest.
2087 2039 2214 2090 Haec
2240 2054 2553 2100 commone,
2597 2036 2904 2106 testiﬁcans
2934 2055 3121 2102 coram
3152 2037 3409 2099 Domino,
3440 2044 3622 2091 testem
3647 2040 3796 2094 Deum

555 2123 841 2193 adhibens.
873 2121 1000 2187 N'oli
1025 2114 1366 2184 contendere
1399 2108 1576 2180 verbis
1605 2147 1616 2193 ;
1641 2129 1710 2180 ad
1742 2128 1876 2180 nihil
1920 2127 2066 2179 enim
2102 2125 2236 2179 utile
2251 2133 2352 2187 est,
2373 2124 2556 2177 nisiad
2572 2125 2992 2178 subvvrsioncm
3015 2127 3508 2186 audientium,nisi
3538 2129 3801 2180 contendas

556 2211 617 2281 ut
647 2217 946 2282 contritas,
983 2221 1127 2273 nihil
1157 2221 1296 2271 utile
1321 2223 1412 2269 est.
1443 2217 1684 2269 Sollicito
1707 2201 1895 2268 autem
1927 2233 2062 2268 cura
2091 2212 2688 2289 teipsumprobabilem
2721 2215 2980 2266 exhibere
3009 2215 3141 2276 Deo,
3178 2215 3499 2285 operarium
3527 2215 3804 2277 inconfusi-

553 2299 743 2378 bilem,
775 2295 885 2364 non
917 2293 1308 2362 erubescentem
1329 2307 1645 2374 pradicare,
1675 2311 1821 2358 recte
1852 2291 2200 2356 tractantem.
2221 2302 2448 2370 verbum
2476 2301 2742 2355 veritatis.
2778 2301 3016 2355 Profana
3039 2309 3230 2356 autem
3250 2304 3804 2373 rerba,etvaniloquia

553 2385 768 2467 devita;
821 2387 1062 2452 multum
1114 2396 1261 2448 enim
1311 2395 1610 2464 proliciunt
1661 2394 1730 2446 ad
1779 2393 2166 2466 impietatem:
2202 2398 2256 2443 et
2301 2408 2483 2443 sermo
2529 2408 2721 2460 eorum
2773 2397 2835 2443 ut
2880 2389 2930 2446 8.
2979 2409 3177 2444 cancer
3221 2395 3488 2460 (morbus)
3529 2392 3720 2462 serpit;
3751 2407 3802 2442 ex

555 2469 756 2564 quibus
809 2475 893 2541 est
923 2473 1301 2556 'Hymenzeus,
1337 2489 1412 2536 ‘et
1457 2483 1723 2546 Philetus,
1767 2483 1935 2552 quia
1985 2481 2218 2533 veritate
2270 2480 2611 2546 exciderunt,
2651 2484 2754 2548 (ret
2803 2484 2936 2546 quia
2978 2484 3193 2534 nullius
3233 2483 3587 2536 crediderunt
3634 2495 3797 2533 resur-

555 2556 868 2638 φῖὲέίῖοῆρηι,
899 2559 1020 2628 nisi
1050 2556 1270 2632 Christi,
1307 2574 1384 2624 ret
1409 2574 1521 2623 nisi
1549 2573 1833 2623 mortalem
1860 2572 1918 2622 in.
1951 2571 2230 2636 bap/ismo)
2259 2567 2506 2636 dicentes
2531 2567 2584 2619 9.
2620 2570 3085 2638 resurrectionem
3108 2586 3226 2622 esse
3255 2571 3371 2638 jam
3417 2575 3630 2636 [.96.-
3647 2572 3798 2640 [.92

552 2657 776 2728 factum,
811 2663 1024 2718 Christo
1054 2665 1364 2726 resurgenle
1396 2675 1521 2710 cum
1558 2658 1907 2726 quibusdam,
1948 2659 2025 2708 rel
2051 2659 2106 2708 in
2137 2657 2418 2722 baptismo,
2451 2664 2506 2708 et
2535 2656 2929 2714 subverterunt
2953 2660 3325 2727 quorumdam
3357 2659 3548 2712 ﬁdem.
3584 2658 3687 2711 Sed
3707 2658 3801 2724 (qui

556 2738 818 2820 templum
849 2751 946 2804 Dei
969 2752 1118 2813 sunt)
1147 2746 1235 2810 '10,
1272 2745 1353 2800 ll.
1389 2746 1613 2797 ﬁrmum
1635 2743 2061 2796 fundamentum
2089 2744 2188 2796 Dei
2215 2745 2604 2814 stat,(eeeeem'
2625 2749 2877 2811 ﬁrmum)
2903 2739 3112 2800 habens
3135 2747 3802 2816 signaculum,hocpnunl-

555 2843 799 2896 mentzun
828 2840 922 2892 hoc
953 2838 1096 2904 quod
1124 2853 1158 2888 a
1188 2837 1290 2888 Deo
1321 2839 1722 2901 cognoscuntur
1746 2835 2040 2885 secundum
2060 2835 2599 2899 prmleslinutfonem.
2622 2835 3190 2906 ;cognovitDominus
3205 2837 3299 2906 qui
3330 2842 3461 2898 sunt
3483 2834 3802 2905 ejusgetideo

551 2935 696 2993 stat;
731 2933 806 2992 et,
839 2925 1090 2980 discedat
1113 2923 1181 2977 ab
1209 2922 1507 2994 iniquitate
1539 2921 1719 2976 omnis
1747 2921 1842 2994 qui
1872 2921 2091 2974 invocat
2113 2938 2315 2974 nomen
2349 2922 2591 2974 Domini.
2625 2924 2713 2977 1'2.
2747 2923 2808 2977 In
2840 2941 3044 2994 magna
3074 2932 3259 2979 autem
3284 2926 3470 2991 domo,
3505 2942 3617 2978 non
3646 2924 3803 2978 solum

1893 3026 2487 3104 COMMENTARIUS.

622 3139 706 3206 l3.
740 3142 807 3194 In
821 3140 1062 3208 itte/tie.
1096 3136 1269 3204 Quasi
1291 3136 1503 3188 diceret
1533 3147 1544 3181 :
1578 3135 1646 3188 de
1679 3151 1787 3215 quo
1819 3151 2041 3204 semper
2070 3135 2209 3194 lo-A
2229 3153 2381 3199 suos,
2417 3153 2676 3206 magnam
2722 3137 2780 3206 in
2809 3136 2998 3190 orbem
3042 3144 3333 3204 terrarum
3355 3141 3608 3192 futuram
3640 3137 3803 3192 Eccle-

549 3243 691 3299 quor
720 3233 924 3294 tecum.

811 3315 882 3387 Ii.
915 3344 972 3355 —
1007 3315 1060 3370 1.-.
1095 3314 1344 3369 AMBROS.
1380 3315 1503 3380 Qua:
1548 3313 1760 3366 audisti
1807 3328 1840 3364 a
1883 3329 1985 3365 me.
2011 3313 2144 3376 Quae

548 3403 756 3478 audisti
799 3419 850 3473 a_
880 3419 992 3473 me,
1036 3403 1358 3472 frequenter
1395 3403 1533 3456 alios
1565 3402 1802 3456 docere:
1853 3401 1957 3453 hoc
1987 3401 2138 3472 dicit,

542 3510 644 3566 per
664 3495 864 3564 multos
876 3498 1046 3562 testes.

623 3581 673 3636 ‘2.-
697 3572 702 3582 ’
723 3582 1101 3653 LANraAscL's.
1137 3582 1234 3634 Per
1263 3581 1465 3645 multos
1497 3583 1664 3642 testes.
1701 3578 1809 3643 Pei-
1837 3579 2061 3642 multos,
2088 3579 2162 3632 id;

549 3677 654 3736 est,
686 3669 833 3740 inter
860 3670 1081 3738 multos.
1123 3670 1196 3722 Ut
1234 3667 1500 3736 Virgilius
1532 3684 1542 3717 :
1585 3666 1686 3718 Via
1717 3672 1866 3724 secta
1896 3684 1995 3735 per
2022 3685 2144 3719 am-

547 3741 669 3828 bas,
693 3751 749 3812 id
781 3764 884 3824 est,
916 3760 1065 3828 inter
1095 3757 1304 3810 ambas-
1338 3756 1436 3808 Vel
1467 3756 1542 3808 ita
1578 3769 1730 3824 :quae
1756 3755 2028 3816 audistia
2055 3773 2145 3810 me

547 3825 682 3924 sunt
700 3849 934 3919 probata
974 3825 1074 3916 per
1114 3841 1324 3898 multos
1357 3851 1544 3910 testes,
1571 3844 1624 3896 id
1658 3859 1756 3913 per
1784 3833 1961 3897 multa
1986 3844 2145 3900 testi-

549 3919 741 3992 monia
771 3937 1208 4010 scripturarum.

622 4027 674 4079 3.
710 4027 913 4080 Lmen.
942 4024 1083 4076 Nam
1106 4025 1204 4088 qui
1226 4025 1396 4074 certat
1417 4024 1475 4073 in
1500 4037 1688 4087 agone.
1719 4022 1883 4075 Certa
1902 4021 2151 4090 legitime

551 4122 618 4169 ut
641 4113 943 4176 coroneris,
981 4128 1014 4163 a
1043 4109 1321 4163 contrario
1366 4127 1376 4161 :
1421 4109 1587 4162 aliter
1631 4127 1742 4164 non
1772 4107 2146 4175 coronaberis,

552 4219 588 4257 a
612 4201 784 4255 "simili
810 4219 820 4252 :
866 4201 1004 4253 Nam
1036 4201 1133 4266 qui
1152 4195 1320 4251 certati
1351 4201 1410 4251 in
1426 4215 1614 4264 agone,
1651 4205 1756 4252 etc.

626 4290 680 4341 4.
713 4292 961 4342 AMBROS.
994 4289 1372 4340 Laborantem.
1410 4287 1550 4350 Quia
1585 4289 1840 4342 hortatus
1871 4293 1956 4340 est
2000 4293 2062 4340 ut.
2094 4288 2151 4340 in

553 4379 650 4433 illa
679 4376 1108 4430 sollicitudinem
1132 4377 1200 4429 de
1229 4377 1588 4430 saecularibus
1618 4377 2150 4436 habeat,necessitas

2227 3225 2392 3290 siam,
2418 3232 2474 3279 et
2501 3227 2770 3296 populum
2793 3228 3088 3295 grandem,
3107 3228 3162 3280 in
3190 3245 3299 3298 quo
3319 3229 3640 3281 laudandus
3659 3231 3802 3280 esset.

2228 3314 2286 3368 Si
2315 3332 2468 3383 ergo,
2505 3315 2706 3384 inquit,
2746 3331 2846 3369 nos
2879 3333 2987 3368 non
3030 3317 3346 3385 credimus;
3381 3318 3472 3370 ille
3513 3324 3699 3372 tamen
3735 3330 3808 3365 ve-

2226 3419 2323 3459 rax
2346 3410 2452 3470 est,
2487 3403 2753 3472 seipsum,
2785 3404 2842 3457 id
2870 3412 2972 3466 est,
3000 3404 3168 3457 verba
3197 3423 3297 3458 sua
3323 3423 3358 3458 a
3389 3423 3448 3459 se
3479 3407 3698 3476 prolata
3726 3421 3808 3458 ne-

2225 3508 2360 3560 gare
2387 3508 2496 3545 non
2527 3499 2728 3561 potest,
2753 3493 3084 3547 inventurus
3103 3495 3244 3547 alios
3270 3511 3370 3564 per
3386 3511 3530 3565 quos
3552 3504 3616 3549 et-
3633 3497 3688 3549 in
3711 3493 3810 3564 qui-

2227 3581 2331 3635 bus
2357 3582 2635 3635 laudetur.

2297 3667 2351 3725 8.
2409 3673 2628 3724 (Ianeer.
2693 3669 2915 3725 Morbus
2962 3671 3032 3739 ad
3077 3672 3501 3739 similitudinem
3551 3671 3805 3732 animalis,

2229 3759 2362 3828 quia
2391 3759 2536 3812 sicut
2564 3759 2812 3829 undique
2843 3760 2934 3812 hic
2961 3760 3128 3814 habet
3150 3762 3337 3831 pedes,
3357 3762 3436 3815 ita
3464 3763 3558 3816 hic
3586 3762 3810 3831 undique

2228 3854 2480 3917 Occupat.

2305 3934 2355 3990 9.
2389 3938 2876 3991 [lesurl‘ectioncm.
2908 3939 3009 3992 Vel
3030 3956 3139 4010 quo
3170 3944 3422 4010 tempore
3453 3940 3726 3997 Dominus
3742 3954 3811 3991 re-

2233 4025 2492 4095 surrexit,
2527 4031 2584 4078 et
2609 4043 2733 4079 cum
2762 4043 2826 4079 eo
2867 4029 3044 4081 multa
3070 4045 3303 4098 corpora
3331 4035 3702 4095 mortuorum,
3739 4027 3810 4079 vel

2235 4113 2291 4165 in
2323 4113 2619 4182 baptismo,
2666 4115 2723 4167 in
2776 4133 2885 4184 quo
2930 4118 3242 4170 secundum
3268 4118 3573 4188 quemdam
3605 4119 3812 4180 modum

2234 4201 2488 4255 homines
2522 4204 2860 4274 moriuntur,
2884 4211 2937 4257 et
2968 4213 3297 4275 resurgunt.

2312 4291 2390 4342 l0.
2422 4293 2668 4347 AMBROS.
2703 4293 2954 4345 Firmuzn
2986 4296 3424 4359 ﬁrmamentum.
3457 4297 3574 4366 Ista
3598 4298 3668 4360 ad
3699 4312 3815 4349 con-

2234 4380 2560 4433 solutionem
2582 4382 2629 4449 ej
2641 4398 2703 4434 us
2721 4381 2939 4434 videtur
2950 4381 3153 4436 dixisse
3175 4385 3493 4454 Apostolus,
3523 4403 3596 4440 ne
3614 4385 3815 4457 quando

557 4466 776 4535 ﬂagitat
799 4466 1048 4518 humana
1077 4465 1146 4518 de
1174 4465 1284 4518 illis
1301 4465 1550 4536 perquiri
1576 4483 1697 4535 quae
1727 4482 1862 4535 erga
1890 4482 2070 4518 escam
2100 4462 2215 4519 etB
2236 4469 2327 4520 det
2350 4468 2459 4521 illis
2499 4470 2664 4539 Deus,
2710 4469 2765 4523 id
2785 4519 2788 4538 ἶ
2808 4477 2912 4537 est,
2946 4475 3008 4538 ut
3045 4472 3332 4538 veritatem
3357 4475 3683 4544 prospicere
3711 4491 3815 4545 pos-

555 4555 886 4609 indumenta
914 4561 1065 4608 sunt.

631 4645 680 4698 5.
716 4647 1092 4698 Laborantem.
1124 4645 1450 4699 Timotheus
1481 4644 1586 4696 iste
1617 4644 1870 4713 exemplo
1903 4644 2153 4712 Apostoli

557 4731 748 4808 labore
769 4749 1040 4804 manuum
1071 4751 1300 4787 suarum
1322 4733 1541 4786 volebat
1559 4732 1756 4795 vivere,
1777 4739 1833 4784 et
1849 4732 1918 4784 ab
1938 4733 2155 4785 audito-

557 4820 730 4895 ribus,
781 4822 980 4892 quibus
1020 4822 1250 4891 verbum
1303 4822 1401 4888 Dei
1460 4821 1812 4898 praedicabat,
1843 4820 1982 4881 nihil
2010 4822 2155 4875 acci-

557 4895 885 4982 pere,lu‘nde
913 4911 1223 4980 penuriam.
1257 4911 1494 4975 multam
1535 4895 1873 4984 patiebatur,
1909 4909 2040 4979 quia
2069 4910 2155 4964 in-

557 5001 753 5056 ﬁrmus
787 5006 930 5069 erat,
959 5005 1016 5052 et
1034 4999 1219 5066 labori
1252 5014 1522 5063 manuum
1556 5013 1749 5050 vacare
1771 5014 1882 5050 non
1913 5004 2150 5067 poterat.

555 5069 835 5162 Admonet
855 5103 996 5159 ergo
1026 5104 1154 5140 eum
1198 5084 1514 5154 subspccie
1545 5084 1802 5152 agricolae
1834 5091 1896 5146 ut
1924 5086 1992 5138 de
2020 5103 2153 5155 agro

557 5156 722 5248 quem
755 5177 886 5229 colit
905 5165 1170 5240 fructum,
1203 5174 1353 5227 unde
1382 5178 1662 5226 sustentet
1683 5191 1774 5239 ,se,
1806 5190 1918 5227 non
1963 5191 2154 5244 asper-

555 5271 686 5336 netu
697 5282 722 5316 r
750 5265 1054 5335 percipere.

625 5351 677 5408 6.
714 5355 836 5406 Non
867 5357 940 5405 est
972 5352 1289 5416 alligatmn.
1340 5349 1510 5412 Quasi
1541 5350 1750 5404 diceret
1778 5370 1787 5404 :
1821 5369 1910 5405 me
1954 5352 2148 5422 ligant,

556 5442 656 5495 sed
709 5425 939 5495 verbum
982 5438 1082 5514 Dei
1117 5437 1292 5514 ligare
1331 5431 1460 5512 non
1489 5429 1739 5510 p0ssunt,
1771 5425 1906 5511 quia
1947 5430 2153 5514 ubique

552 5523 826 5601 praedico.“
908 5517 951 5529 ·’
1072 5513 1116 5520 ⁷·
1257 5517 1260 5522 ·
1307 5513 1328 5522 "
1703 5519 1706 5522 '

628 5616 682 5672 7'.
717 5613 818 5673 Itte
847 5617 1042 5676 ﬁdelis.
1081 5615 1347 5672 Praedixit
1382 5617 1677 5686 Dominus,
1719 5634 1822 5702 per
1850 5619 2153 5696 prophetas

2235 4557 2362 4610 sint.

2313 4644 2365 4699 ll
2405 4646 2606 4700 Lmen.
2643 4650 2894 4701 Firmum.
2921 4652 3366 4715 ﬁrmamentum,
3396 4652 3681 4725 Quidquid
3707 4667 3816 4722 gare

2235 4735 2383 4787 riunt
2410 4736 2677 4803 haeretici,
2710 4737 3137 4791 fundamentum
3187 4740 3314 4810 Dei,_
3338 4741 3392 4809 id
3437 4743 3739 4810 est‘homo,
3771 4741 3818 4793 in

2239 4841 2348 4897 quo
2380 4825 2515 4876 ﬁdes
2535 4825 2629 4878 Dei
2660 4827 2919 4879 ﬁrmatur
2945 4833 3000 4880 et
3017 4828 3247 4882 fundata
3274 4829 3437 4902 estid
3463 4847 3575 4902 non
3606 4831 3818 4894 titubat,

2239 4917 2349 4965 nun
2381 4912 2620 4976 vacillat,
2653 4914 2863 4967 habens
2909 4916 3011 4968 hoc
3042 4916 3414 4988 signaculum,
3468 4919 3522 4986 id
3555 4926 3662 4986 est,
3692 4921 3821 4972 hanc

2239 5001 2414 5054 menti
2433 5018 2546 5055 suae
2563 5002 2634 5054 im
2644 5019 2893 5078 pressam
2919 5005 3527 5080 memoriam,6'ognovit
3543 5011 3815 5076 Dominus,

2238 5096 2342 5142 etc.
2377 5090 2484 5142 Per
2513 5092 2615 5143 hoc
2659 5093 2805 5145 enim
2839 5098 2894 5145 et
2933 5094 3172 5164 luereses
3205 5100 3262 5146 et
3290 5096 3478 5164 omnia
3508 5096 3680 5164 saluti
3702 5111 3822 5150 con-

2237 5179 2412 5230 traria
2443 5178 2650 5231 devitat
2676 5201 2688 5243 ;
2716 5181 2847 5250 quia
2895 5182 2998 5234 scit
3042 5182 3243 5236 debere
3274 5183 3558 5254 discedere
3584 5185 3655 5238 ab
3685 5184 3821 5240 omni

2237 5265 2532 5334 iniquitate
2565 5269 2745 5343 omnis
2771 5269 2865 5338 qui
2894 5269 3111 5322 invocat
3138 5289 3342 5344 nomen
3372 5273 3621 5346 meini.

2313 5354 2395 5410 ‘1‘2.
2430 5357 2494 5408 In
2540 5373 2743 5426 magna
2786 5363 2991 5411 autem.
3028 5359 3110 5413 Ne
3141 5361 3283 5430 forte
3313 5361 3615 5432 miraretur
3645 5363 3770 5432 quia
3798 5379 3824 5414 a

2236 5444 2344 5496 ﬁde
2377 5445 2605 5518 quidam
2635 5447 3018 5516 discederent,
3059 5448 3480 5514 similitudinem
3507 5451 3654 5522 hanc
3681 5452 3819 5505 facit.

2239 5533 2478 5596 Quidam
2522 5540 2692 5603 stant,
2744 5537 2970 5607 quidam
2998 5539 3284 5606 excidunt,
3315 5556 3417 5595 nec
3447 5557 3640 5608 omnes
3669 5541 3822 5595 unius

2235 5623 2389 5678 modi
2417 5629 2566 5702 sunt,
2598 5625 2744 5682 sicut
2764 5626 2824 5680 in
2850 5643 3057 5698 magna
3085 5629 3269 5684 domo.
