  <div class='ocr_page' id='page_1' title='image "/cluster/home/n/w/nwhite01/storage/ocr_20150623/150/umn.31951002477443u/225.png"; bbox 0 0 3878 6392; ppageno 0'>
   <div class='ocr_carea' id='block_1_1' title="bbox 563 308 3803 387">
    <p class='ocr_par' dir='ltr' id='par_1_1' title="bbox 563 308 3803 387">
     <span class='ocr_line' id='line_1_1' title="bbox 563 308 3803 387; baseline -0.001 -1"><span class='ocrx_word' id='word_1_1' title='bbox 563 324 669 387; x_wconf 84' lang='grc'>367</span> <span class='ocrx_word' id='word_1_2' title='bbox 1548 326 1613 380; x_wconf 91' lang='lat' dir='ltr'>B.</span> <span class='ocrx_word' id='word_1_3' title='bbox 1654 324 2068 382; x_wconf 81' lang='lat' dir='ltr'>LANFRANCI</span> <span class='ocrx_word' id='word_1_4' title='bbox 2108 324 2468 381; x_wconf 79' lang='lat' dir='ltr'>GANTUAR.</span> <span class='ocrx_word' id='word_1_5' title='bbox 2507 308 2893 387; x_wconf 39' lang='lat' dir='ltr'>ARCHIEP.‘</span> <span class='ocrx_word' id='word_1_6' title='bbox 3716 325 3803 384; x_wconf 85' lang='lat'>368</span> 
     </span>
    </p>
   </div>
   <div class='ocr_carea' id='block_1_2' title="bbox 561 447 3804 523">
    <p class='ocr_par' dir='ltr' id='par_1_2' title="bbox 561 447 3804 523">
     <span class='ocr_line' id='line_1_2' title="bbox 561 447 3804 523; baseline -0.002 -16"><span class='ocrx_word' id='word_1_7' title='bbox 561 468 731 523; x_wconf 89' lang='lat' dir='ltr'>crepa</span> <span class='ocrx_word' id='word_1_8' title='bbox 754 450 817 505; x_wconf 91' lang='lat' dir='ltr'>in</span> <span class='ocrx_word' id='word_1_9' title='bbox 840 465 995 506; x_wconf 90' lang='lat' dir='ltr'>omn.</span> <span class='ocrx_word' id='word_1_10' title='bbox 1022 449 1313 522; x_wconf 85' lang='lat' dir='ltr'>patientia,</span> <span class='ocrx_word' id='word_1_11' title='bbox 1344 450 1584 503; x_wconf 68' lang='lat' dir='ltr'>exterius</span> <span class='ocrx_word' id='word_1_12' title='bbox 1612 452 1841 510; x_wconf 87' lang='lat' dir='ltr'>ostensa,</span> <span class='ocrx_word' id='word_1_13' title='bbox 1876 450 2118 502; x_wconf 86' lang='lat' dir='ltr'>interius</span> <span class='ocrx_word' id='word_1_14' title='bbox 2149 448 2357 510; x_wconf 87' lang='lat' dir='ltr'>habita,</span> <span class='ocrx_word' id='word_1_15' title='bbox 2392 453 2450 502; x_wconf 91' lang='lat' dir='ltr'>et</span> <span class='ocrx_word' id='word_1_16' title='bbox 2476 448 2750 503; x_wconf 82' lang='lat' dir='ltr'>doctrina.</span> <span class='ocrx_word' id='word_1_17' title='bbox 2773 448 3084 509; x_wconf 75' lang='lat' dir='ltr'>verborum,</span> <span class='ocrx_word' id='word_1_18' title='bbox 3117 451 3170 500; x_wconf 85' lang='lat' dir='ltr'>et</span> <span class='ocrx_word' id='word_1_19' title='bbox 3199 460 3446 514; x_wconf 86' lang='lat' dir='ltr'>operum.</span> <span class='ocrx_word' id='word_1_20' title='bbox 3476 447 3545 501; x_wconf 88' lang='lat' dir='ltr'>Et</span> <span class='ocrx_word' id='word_1_21' title='bbox 3572 450 3649 501; x_wconf 87' lang='lat' dir='ltr'>sic</span> <span class='ocrx_word' id='word_1_22' title='bbox 3673 463 3804 515; x_wconf 80' lang='lat' dir='ltr'>opor-</span> 
     </span>
    </p>
   </div>
   <div class='ocr_carea' id='block_1_3' title="bbox 559 535 3803 611">
    <p class='ocr_par' dir='ltr' id='par_1_3' title="bbox 559 535 3803 611">
     <span class='ocr_line' id='line_1_3' title="bbox 559 535 3803 611; baseline -0.002 -16"><span class='ocrx_word' id='word_1_23' title='bbox 559 540 731 611; x_wconf 55' lang='lat' dir='ltr'>tebit”:</span> <span class='ocrx_word' id='word_1_24' title='bbox 754 540 880 594; x_wconf 89' lang='lat' dir='ltr'>Erit</span> <span class='ocrx_word' id='word_1_25' title='bbox 907 539 1059 594; x_wconf 90' lang='lat' dir='ltr'>enim</span> <span class='ocrx_word' id='word_1_26' title='bbox 1081 544 1305 610; x_wconf 87' lang='lat' dir='ltr'>tempus</span> <span class='ocrx_word' id='word_1_27' title='bbox 1328 554 1474 603; x_wconf 92' lang='lat' dir='ltr'>cum,</span> <span class='ocrx_word' id='word_1_28' title='bbox 1501 538 1740 606; x_wconf 83' lang='lat' dir='ltr'>quando,</span> <span class='ocrx_word' id='word_1_29' title='bbox 1774 552 1970 590; x_wconf 89' lang='lat' dir='ltr'>sanam</span> <span class='ocrx_word' id='word_1_30' title='bbox 1991 535 2303 590; x_wconf 83' lang='lat' dir='ltr'>doctrinam</span> <span class='ocrx_word' id='word_1_31' title='bbox 2332 553 2444 591; x_wconf 87' lang='lat' dir='ltr'>non</span> <span class='ocrx_word' id='word_1_32' title='bbox 2461 536 2838 603; x_wconf 90' lang='lat' dir='ltr'>sustinebunt,</span> <span class='ocrx_word' id='word_1_33' title='bbox 2869 536 2967 590; x_wconf 94' lang='lat' dir='ltr'>sed</span> <span class='ocrx_word' id='word_1_34' title='bbox 2988 536 3057 589; x_wconf 90' lang='lat' dir='ltr'>ad</span> <span class='ocrx_word' id='word_1_35' title='bbox 3088 552 3192 590; x_wconf 91' lang='lat' dir='ltr'>sua</span> <span class='ocrx_word' id='word_1_36' title='bbox 3216 535 3498 589; x_wconf 90' lang='lat' dir='ltr'>desideria</span> <span class='ocrx_word' id='word_1_37' title='bbox 3541 552 3803 590; x_wconf 87' lang='lat' dir='ltr'>coacerva-</span> 
     </span>
    </p>
   </div>
   <div class='ocr_carea' id='block_1_4' title="bbox 556 624 3806 698">
    <p class='ocr_par' dir='ltr' id='par_1_4' title="bbox 556 624 3806 698">
     <span class='ocr_line' id='line_1_4' title="bbox 556 624 3806 698; baseline -0.001 -16"><span class='ocrx_word' id='word_1_38' title='bbox 556 628 706 684; x_wconf 90' lang='lat' dir='ltr'>bunt</span> <span class='ocrx_word' id='word_1_39' title='bbox 734 628 840 683; x_wconf 87' lang='lat' dir='ltr'>sibi</span> <span class='ocrx_word' id='word_1_40' title='bbox 857 628 1175 698; x_wconf 87' lang='lat' dir='ltr'>magistros,</span> <span class='ocrx_word' id='word_1_41' title='bbox 1197 626 1250 683; x_wconf 81' lang='lat'>2.</span> <span class='ocrx_word' id='word_1_42' title='bbox 1276 626 1592 698; x_wconf 78' lang='lat' dir='ltr'>prurientes</span> <span class='ocrx_word' id='word_1_43' title='bbox 1611 624 1860 692; x_wconf 86' lang='lat' dir='ltr'>auribus,</span> <span class='ocrx_word' id='word_1_44' title='bbox 1893 630 1951 678; x_wconf 94' lang='lat' dir='ltr'>et</span> <span class='ocrx_word' id='word_1_45' title='bbox 1977 642 2011 678; x_wconf 90' lang='lat' dir='ltr'>a</span> <span class='ocrx_word' id='word_1_46' title='bbox 2035 624 2270 678; x_wconf 82' lang='lat' dir='ltr'>veritate</span> <span class='ocrx_word' id='word_1_47' title='bbox 2301 624 2528 695; x_wconf 88' lang='lat' dir='ltr'>quidem</span> <span class='ocrx_word' id='word_1_48' title='bbox 2554 625 2810 680; x_wconf 89' lang='lat' dir='ltr'>auditum</span> <span class='ocrx_word' id='word_1_49' title='bbox 2833 631 3104 690; x_wconf 89' lang='lat' dir='ltr'>avertent,</span> <span class='ocrx_word' id='word_1_50' title='bbox 3137 626 3209 679; x_wconf 89' lang='lat' dir='ltr'>ad</span> <span class='ocrx_word' id='word_1_51' title='bbox 3241 624 3457 679; x_wconf 86' lang='lat' dir='ltr'>fabulas</span> <span class='ocrx_word' id='word_1_52' title='bbox 3476 630 3666 679; x_wconf 89' lang='lat' dir='ltr'>autem</span> <span class='ocrx_word' id='word_1_53' title='bbox 3692 642 3806 681; x_wconf 90' lang='lat' dir='ltr'>con-</span> 
     </span>
    </p>
   </div>
   <div class='ocr_carea' id='block_1_5' title="bbox 558 711 3803 785">
    <p class='ocr_par' dir='ltr' id='par_1_5' title="bbox 558 711 3803 785">
     <span class='ocr_line' id='line_1_5' title="bbox 558 711 3803 785; baseline -0.002 -13"><span class='ocrx_word' id='word_1_54' title='bbox 558 722 873 772; x_wconf 80' lang='lat' dir='ltr'>vertentur.</span> <span class='ocrx_word' id='word_1_55' title='bbox 900 718 1179 785; x_wconf 74' lang='lat' dir='ltr'>Quidquid</span> <span class='ocrx_word' id='word_1_56' title='bbox 1197 718 1304 777; x_wconf 90' lang='lat' dir='ltr'>illi,</span> <span class='ocrx_word' id='word_1_57' title='bbox 1326 716 1409 769; x_wconf 93' lang='lat' dir='ltr'>Tu</span> <span class='ocrx_word' id='word_1_58' title='bbox 1442 730 1572 768; x_wconf 90' lang='lat' dir='ltr'>vero</span> <span class='ocrx_word' id='word_1_59' title='bbox 1600 713 1788 783; x_wconf 87' lang='lat' dir='ltr'>vigila,</span> <span class='ocrx_word' id='word_1_60' title='bbox 1819 712 1879 766; x_wconf 92' lang='lat' dir='ltr'>in</span> <span class='ocrx_word' id='word_1_61' title='bbox 1912 712 2172 766; x_wconf 92' lang='lat' dir='ltr'>omnibus</span> <span class='ocrx_word' id='word_1_62' title='bbox 2200 711 2412 771; x_wconf 78' lang='lat' dir='ltr'>labora.</span> <span class='ocrx_word' id='word_1_63' title='bbox 2442 714 2499 767; x_wconf 84' lang='lat'>3.</span> <span class='ocrx_word' id='word_1_64' title='bbox 2552 730 2693 785; x_wconf 93' lang='lat' dir='ltr'>opus</span> <span class='ocrx_word' id='word_1_65' title='bbox 2737 714 2824 768; x_wconf 85' lang='lat' dir='ltr'>fac</span> <span class='ocrx_word' id='word_1_66' title='bbox 2850 712 3228 783; x_wconf 62' lang='lat' dir='ltr'>evangelista,</span> <span class='ocrx_word' id='word_1_67' title='bbox 3257 711 3639 766; x_wconf 83' lang='lat' dir='ltr'>ministerium</span> <span class='ocrx_word' id='word_1_68' title='bbox 3662 718 3803 767; x_wconf 88' lang='lat' dir='ltr'>tuum</span> 
     </span>
    </p>
   </div>
   <div class='ocr_carea' id='block_1_6' title="bbox 557 800 3804 877">
    <p class='ocr_par' dir='ltr' id='par_1_6' title="bbox 557 800 3804 877">
     <span class='ocr_line' id='line_1_6' title="bbox 557 800 3804 877; baseline -0.001 -18"><span class='ocrx_word' id='word_1_69' title='bbox 557 806 753 877; x_wconf 89' lang='lat' dir='ltr'>imple.</span> <span class='ocrx_word' id='word_1_70' title='bbox 775 804 1007 860; x_wconf 90' lang='lat' dir='ltr'>Sobrius</span> <span class='ocrx_word' id='word_1_71' title='bbox 1029 810 1168 859; x_wconf 91' lang='lat' dir='ltr'>esto.</span> <span class='ocrx_word' id='word_1_72' title='bbox 1190 804 1243 858; x_wconf 81' lang='grc'>4.</span> <span class='ocrx_word' id='word_1_73' title='bbox 1261 805 1377 873; x_wconf 90' lang='lat' dir='ltr'>Ego</span> <span class='ocrx_word' id='word_1_74' title='bbox 1395 804 1543 856; x_wconf 90' lang='lat' dir='ltr'>enim</span> <span class='ocrx_word' id='word_1_75' title='bbox 1564 803 1684 873; x_wconf 89' lang='lat' dir='ltr'>jam</span> <span class='ocrx_word' id='word_1_76' title='bbox 1707 800 1940 866; x_wconf 91' lang='lat' dir='ltr'>delibor,</span> <span class='ocrx_word' id='word_1_77' title='bbox 1955 805 2234 863; x_wconf 87' lang='lat' dir='ltr'>immolor,</span> <span class='ocrx_word' id='word_1_78' title='bbox 2261 805 2318 854; x_wconf 90' lang='lat' dir='ltr'>et</span> <span class='ocrx_word' id='word_1_79' title='bbox 2340 807 2565 873; x_wconf 87' lang='lat' dir='ltr'>tempus</span> <span class='ocrx_word' id='word_1_80' title='bbox 2585 800 2946 856; x_wconf 90' lang='lat' dir='ltr'>resolutionis</span> <span class='ocrx_word' id='word_1_81' title='bbox 2962 817 3099 854; x_wconf 64' lang='lat' dir='ltr'>mea;</span> <span class='ocrx_word' id='word_1_82' title='bbox 3118 800 3372 854; x_wconf 87' lang='lat' dir='ltr'>instat.5.</span> <span class='ocrx_word' id='word_1_83' title='bbox 3397 800 3617 854; x_wconf 90' lang='lat' dir='ltr'>Bonum</span> <span class='ocrx_word' id='word_1_84' title='bbox 3644 808 3804 855; x_wconf 84' lang='lat' dir='ltr'>certa-</span> 
     </span>
    </p>
   </div>
   <div class='ocr_carea' id='block_1_7' title="bbox 556 888 3801 961">
    <p class='ocr_par' dir='ltr' id='par_1_7' title="bbox 556 888 3801 961">
     <span class='ocr_line' id='line_1_7' title="bbox 556 888 3801 961; baseline -0.001 -13"><span class='ocrx_word' id='word_1_85' title='bbox 556 910 691 948; x_wconf 87' lang='lat' dir='ltr'>men</span> <span class='ocrx_word' id='word_1_86' title='bbox 718 893 945 960; x_wconf 88' lang='lat' dir='ltr'>certavi,</span> <span class='ocrx_word' id='word_1_87' title='bbox 977 908 1203 947; x_wconf 88' lang='lat' dir='ltr'>cursum</span> <span class='ocrx_word' id='word_1_88' title='bbox 1229 890 1628 956; x_wconf 86' lang='lat' dir='ltr'>consummavi,</span> <span class='ocrx_word' id='word_1_89' title='bbox 1662 889 1830 943; x_wconf 81' lang='lat' dir='ltr'>ﬁdem</span> <span class='ocrx_word' id='word_1_90' title='bbox 1860 888 2093 943; x_wconf 88' lang='lat' dir='ltr'>servavi.</span> <span class='ocrx_word' id='word_1_91' title='bbox 2117 888 2169 942; x_wconf 88' lang='lat'>6.</span> <span class='ocrx_word' id='word_1_92' title='bbox 2198 890 2264 943; x_wconf 91' lang='lat' dir='ltr'>In</span> <span class='ocrx_word' id='word_1_93' title='bbox 2288 890 2502 961; x_wconf 87' lang='lat' dir='ltr'>reliquo</span> <span class='ocrx_word' id='word_1_94' title='bbox 2527 893 2596 957; x_wconf 83' lang='lat' dir='ltr'>(et</span> <span class='ocrx_word' id='word_1_95' title='bbox 2624 893 2760 960; x_wconf 87' lang='lat' dir='ltr'>quid</span> <span class='ocrx_word' id='word_1_96' title='bbox 2788 893 3136 959; x_wconf 73' lang='lat' dir='ltr'>relinquitur</span> <span class='ocrx_word' id='word_1_97' title='bbox 3158 896 3182 943; x_wconf 83' lang='lat'><strong><em>?</em></strong></span> <span class='ocrx_word' id='word_1_98' title='bbox 3199 890 3297 943; x_wconf 88' lang='lat' dir='ltr'>hoc</span> <span class='ocrx_word' id='word_1_99' title='bbox 3313 891 3546 960; x_wconf 75' lang='lat' dir='ltr'>scilicet)</span> <span class='ocrx_word' id='word_1_100' title='bbox 3558 890 3801 960; x_wconf 86' lang='lat' dir='ltr'>reposita,</span> 
     </span>
    </p>
   </div>
   <div class='ocr_carea' id='block_1_8' title="bbox 553 976 3804 1049">
    <p class='ocr_par' dir='ltr' id='par_1_8' title="bbox 553 976 3804 1049">
     <span class='ocr_line' id='line_1_8' title="bbox 553 976 3804 1049; baseline -0.001 -13"><span class='ocrx_word' id='word_1_101' title='bbox 553 984 619 1036; x_wconf 87' lang='lat' dir='ltr'>id</span> <span class='ocrx_word' id='word_1_102' title='bbox 645 987 738 1045; x_wconf 85' lang='lat' dir='ltr'>est,</span> <span class='ocrx_word' id='word_1_103' title='bbox 772 986 1007 1047; x_wconf 79' lang='lat' dir='ltr'>servata,</span> <span class='ocrx_word' id='word_1_104' title='bbox 1033 986 1118 1035; x_wconf 92' lang='lat' dir='ltr'>est</span> <span class='ocrx_word' id='word_1_105' title='bbox 1146 978 1199 1034; x_wconf 88' lang='lat'>7.</span> <span class='ocrx_word' id='word_1_106' title='bbox 1218 979 1357 1032; x_wconf 89' lang='lat' dir='ltr'>mihi</span> <span class='ocrx_word' id='word_1_107' title='bbox 1385 994 1591 1032; x_wconf 86' lang='lat' dir='ltr'>corona</span> <span class='ocrx_word' id='word_1_108' title='bbox 1614 976 1869 1048; x_wconf 81' lang='lat' dir='ltr'>justitiae,</span> <span class='ocrx_word' id='word_1_109' title='bbox 1891 993 2062 1044; x_wconf 83' lang='lat' dir='ltr'>quam</span> <span class='ocrx_word' id='word_1_110' title='bbox 2081 993 2293 1031; x_wconf 89' lang='lat' dir='ltr'>mereor</span> <span class='ocrx_word' id='word_1_111' title='bbox 2318 981 2625 1046; x_wconf 74' lang='lat' dir='ltr'>justitiam,</span> <span class='ocrx_word' id='word_1_112' title='bbox 2662 995 2830 1049; x_wconf 90' lang='lat' dir='ltr'>quam</span> <span class='ocrx_word' id='word_1_113' title='bbox 2856 978 3056 1033; x_wconf 89' lang='lat' dir='ltr'>reddet</span> <span class='ocrx_word' id='word_1_114' title='bbox 3074 977 3212 1031; x_wconf 89' lang='lat' dir='ltr'>mihi</span> <span class='ocrx_word' id='word_1_115' title='bbox 3246 977 3520 1032; x_wconf 89' lang='lat' dir='ltr'>Dominus</span> <span class='ocrx_word' id='word_1_116' title='bbox 3543 978 3603 1031; x_wconf 92' lang='lat' dir='ltr'>in</span> <span class='ocrx_word' id='word_1_117' title='bbox 3621 979 3714 1033; x_wconf 90' lang='lat' dir='ltr'>illa</span> <span class='ocrx_word' id='word_1_118' title='bbox 3728 979 3804 1033; x_wconf 90' lang='lat' dir='ltr'>die</span> 
     </span>
    </p>
   </div>
   <div class='ocr_carea' id='block_1_9' title="bbox 549 1062 3803 1141">
    <p class='ocr_par' dir='ltr' id='par_1_9' title="bbox 549 1062 3803 1141">
     <span class='ocr_line' id='line_1_9' title="bbox 549 1062 3803 1141; baseline -0.001 -16"><span class='ocrx_word' id='word_1_119' title='bbox 549 1073 738 1141; x_wconf 88' lang='lat' dir='ltr'>justus</span> <span class='ocrx_word' id='word_1_120' title='bbox 760 1070 959 1140; x_wconf 89' lang='lat' dir='ltr'>judex,</span> <span class='ocrx_word' id='word_1_121' title='bbox 992 1085 1105 1122; x_wconf 91' lang='lat' dir='ltr'>non</span> <span class='ocrx_word' id='word_1_122' title='bbox 1129 1068 1311 1122; x_wconf 91' lang='lat' dir='ltr'>solum</span> <span class='ocrx_word' id='word_1_123' title='bbox 1336 1073 1527 1121; x_wconf 89' lang='lat' dir='ltr'>autem</span> <span class='ocrx_word' id='word_1_124' title='bbox 1557 1065 1715 1131; x_wconf 90' lang='lat' dir='ltr'>mihi,</span> <span class='ocrx_word' id='word_1_125' title='bbox 1748 1065 1845 1118; x_wconf 90' lang='lat' dir='ltr'>sed</span> <span class='ocrx_word' id='word_1_126' title='bbox 1875 1072 1934 1119; x_wconf 91' lang='lat' dir='ltr'>et</span> <span class='ocrx_word' id='word_1_127' title='bbox 1959 1062 2012 1121; x_wconf 91' lang='lat'>8.</span> <span class='ocrx_word' id='word_1_128' title='bbox 2046 1065 2117 1119; x_wconf 88' lang='lat' dir='ltr'>iis</span> <span class='ocrx_word' id='word_1_129' title='bbox 2146 1066 2243 1136; x_wconf 89' lang='lat' dir='ltr'>qui</span> <span class='ocrx_word' id='word_1_130' title='bbox 2288 1067 2549 1136; x_wconf 89' lang='lat' dir='ltr'>diligunt.</span> <span class='ocrx_word' id='word_1_131' title='bbox 2583 1065 2634 1123; x_wconf 89' lang='lat'>9.</span> <span class='ocrx_word' id='word_1_132' title='bbox 2663 1067 2966 1121; x_wconf 86' lang='lat' dir='ltr'>adventum</span> <span class='ocrx_word' id='word_1_133' title='bbox 3022 1067 3161 1136; x_wconf 87' lang='lat' dir='ltr'>ejus,</span> <span class='ocrx_word' id='word_1_134' title='bbox 3197 1069 3341 1129; x_wconf 86' lang='lat' dir='ltr'>boni,</span> <span class='ocrx_word' id='word_1_135' title='bbox 3384 1083 3500 1121; x_wconf 88' lang='lat' dir='ltr'>non</span> <span class='ocrx_word' id='word_1_136' title='bbox 3528 1073 3803 1122; x_wconf 82' lang='lat' dir='ltr'>metuentes</span> 
     </span>
    </p>
   </div>
   <div class='ocr_carea' id='block_1_10' title="bbox 555 1153 3804 1226">
    <p class='ocr_par' dir='ltr' id='par_1_10' title="bbox 555 1153 3804 1226">
     <span class='ocr_line' id='line_1_10' title="bbox 555 1153 3804 1226; baseline -0.002 -12"><span class='ocrx_word' id='word_1_137' title='bbox 555 1161 970 1214; x_wconf 85' lang='lat' dir='ltr'>damnationem</span> <span class='ocrx_word' id='word_1_138' title='bbox 991 1161 1056 1211; x_wconf 87' lang='lat' dir='ltr'>in</span> <span class='ocrx_word' id='word_1_139' title='bbox 1076 1158 1163 1211; x_wconf 87' lang='lat' dir='ltr'>die</span> <span class='ocrx_word' id='word_1_140' title='bbox 1182 1158 1411 1225; x_wconf 87' lang='lat' dir='ltr'>judicii.</span> <span class='ocrx_word' id='word_1_141' title='bbox 1443 1154 1672 1209; x_wconf 89' lang='lat' dir='ltr'>Festina</span> <span class='ocrx_word' id='word_1_142' title='bbox 1697 1154 1769 1207; x_wconf 90' lang='lat' dir='ltr'>ad</span> <span class='ocrx_word' id='word_1_143' title='bbox 1799 1169 1890 1207; x_wconf 90' lang='lat' dir='ltr'>me</span> <span class='ocrx_word' id='word_1_144' title='bbox 1913 1153 2103 1207; x_wconf 89' lang='lat' dir='ltr'>venire</span> <span class='ocrx_word' id='word_1_145' title='bbox 2133 1155 2263 1209; x_wconf 91' lang='lat' dir='ltr'>cito.</span> <span class='ocrx_word' id='word_1_146' title='bbox 2289 1155 2493 1209; x_wconf 88' lang='lat' dir='ltr'>Demas</span> <span class='ocrx_word' id='word_1_147' title='bbox 2522 1156 2670 1209; x_wconf 91' lang='lat' dir='ltr'>enim</span> <span class='ocrx_word' id='word_1_148' title='bbox 2685 1172 2776 1209; x_wconf 92' lang='lat' dir='ltr'>me</span> <span class='ocrx_word' id='word_1_149' title='bbox 2801 1155 3047 1226; x_wconf 86' lang='lat' dir='ltr'>reliquit,</span> <span class='ocrx_word' id='word_1_150' title='bbox 3080 1155 3322 1225; x_wconf 89' lang='lat' dir='ltr'>diligens</span> <span class='ocrx_word' id='word_1_151' title='bbox 3341 1155 3448 1209; x_wconf 88' lang='lat' dir='ltr'>hoc</span> <span class='ocrx_word' id='word_1_152' title='bbox 3476 1156 3804 1219; x_wconf 81' lang='lat' dir='ltr'>saeculum,et</span> 
     </span>
    </p>
   </div>
   <div class='ocr_carea' id='block_1_11' title="bbox 552 1241 3800 1311">
    <p class='ocr_par' dir='ltr' id='par_1_11' title="bbox 552 1241 3800 1311">
     <span class='ocr_line' id='line_1_11' title="bbox 552 1241 3800 1311; baseline -0.001 -9"><span class='ocrx_word' id='word_1_153' title='bbox 552 1247 693 1302; x_wconf 90' lang='lat' dir='ltr'>abiit</span> <span class='ocrx_word' id='word_1_154' title='bbox 710 1245 1185 1311; x_wconf 86' lang='lat' dir='ltr'>Thessalonicam,</span> <span class='ocrx_word' id='word_1_155' title='bbox 1209 1244 1479 1299; x_wconf 85' lang='lat' dir='ltr'>Crescens</span> <span class='ocrx_word' id='word_1_156' title='bbox 1502 1243 1563 1296; x_wconf 91' lang='lat' dir='ltr'>in</span> <span class='ocrx_word' id='word_1_157' title='bbox 1584 1241 1886 1309; x_wconf 87' lang='lat' dir='ltr'>Galatiam,</span> <span class='ocrx_word' id='word_1_158' title='bbox 1918 1242 2077 1295; x_wconf 72' lang='lat' dir='ltr'>Titus</span> <span class='ocrx_word' id='word_1_159' title='bbox 2105 1242 2165 1295; x_wconf 90' lang='lat' dir='ltr'>in</span> <span class='ocrx_word' id='word_1_160' title='bbox 2184 1242 2524 1297; x_wconf 84' lang='lat' dir='ltr'>Dalmatiam</span> <span class='ocrx_word' id='word_1_161' title='bbox 2550 1262 2563 1310; x_wconf 91' lang='lat'>;</span> <span class='ocrx_word' id='word_1_162' title='bbox 2595 1245 2774 1298; x_wconf 85' lang='lat' dir='ltr'>Lucas</span> <span class='ocrx_word' id='word_1_163' title='bbox 2796 1249 2890 1311; x_wconf 82' lang='lat' dir='ltr'>est</span> <span class='ocrx_word' id='word_1_164' title='bbox 2917 1259 3141 1298; x_wconf 90' lang='lat' dir='ltr'>mecum</span> <span class='ocrx_word' id='word_1_165' title='bbox 3166 1244 3336 1298; x_wconf 90' lang='lat' dir='ltr'>solus.</span> <span class='ocrx_word' id='word_1_166' title='bbox 3380 1245 3634 1298; x_wconf 86' lang='lat' dir='ltr'>Marcum</span> <span class='ocrx_word' id='word_1_167' title='bbox 3660 1261 3800 1298; x_wconf 88' lang='lat' dir='ltr'>assu-</span> 
     </span>
    </p>
   </div>
   <div class='ocr_carea' id='block_1_12' title="bbox 547 1329 3798 1404">
    <p class='ocr_par' dir='ltr' id='par_1_12' title="bbox 547 1329 3798 1404">
     <span class='ocr_line' id='line_1_12' title="bbox 547 1329 3798 1404; baseline -0.001 -13"><span class='ocrx_word' id='word_1_168' title='bbox 547 1341 723 1400; x_wconf 87' lang='lat' dir='ltr'>me,et</span> <span class='ocrx_word' id='word_1_169' title='bbox 747 1335 930 1390; x_wconf 89' lang='lat' dir='ltr'>adduc</span> <span class='ocrx_word' id='word_1_170' title='bbox 957 1339 1165 1401; x_wconf 90' lang='lat' dir='ltr'>tecum;</span> <span class='ocrx_word' id='word_1_171' title='bbox 1193 1337 1280 1387; x_wconf 86' lang='lat' dir='ltr'>est</span> <span class='ocrx_word' id='word_1_172' title='bbox 1304 1332 1458 1387; x_wconf 85' lang='lat' dir='ltr'>enim</span> <span class='ocrx_word' id='word_1_173' title='bbox 1486 1331 1625 1385; x_wconf 87' lang='lat' dir='ltr'>mihi</span> <span class='ocrx_word' id='word_1_174' title='bbox 1645 1330 1798 1384; x_wconf 88' lang='lat' dir='ltr'>utilis</span> <span class='ocrx_word' id='word_1_175' title='bbox 1828 1330 1886 1383; x_wconf 91' lang='lat' dir='ltr'>in</span> <span class='ocrx_word' id='word_1_176' title='bbox 1916 1329 2625 1402; x_wconf 88' lang='lat' dir='ltr'>ministerium.Tychicum</span> <span class='ocrx_word' id='word_1_177' title='bbox 2647 1337 2838 1386; x_wconf 90' lang='lat' dir='ltr'>autem</span> <span class='ocrx_word' id='word_1_178' title='bbox 2860 1332 2989 1386; x_wconf 89' lang='lat' dir='ltr'>misi</span> <span class='ocrx_word' id='word_1_179' title='bbox 3018 1332 3798 1404; x_wconf 76' lang='lat' dir='ltr'>Ephesum.Paenulam,quam</span> 
     </span>
    </p>
   </div>
   <div class='ocr_carea' id='block_1_13' title="bbox 544 1418 3797 1496">
    <p class='ocr_par' dir='ltr' id='par_1_13' title="bbox 544 1418 3797 1496">
     <span class='ocr_line' id='line_1_13' title="bbox 544 1418 3797 1496; baseline -0.002 -17"><span class='ocrx_word' id='word_1_180' title='bbox 544 1425 749 1496; x_wconf 90' lang='lat' dir='ltr'>reliqui</span> <span class='ocrx_word' id='word_1_181' title='bbox 771 1423 989 1479; x_wconf 90' lang='lat' dir='ltr'>Troade</span> <span class='ocrx_word' id='word_1_182' title='bbox 1012 1420 1163 1492; x_wconf 86' lang='lat' dir='ltr'>apud</span> <span class='ocrx_word' id='word_1_183' title='bbox 1184 1423 1446 1491; x_wconf 84' lang='lat' dir='ltr'>Carpum,</span> <span class='ocrx_word' id='word_1_184' title='bbox 1471 1420 1699 1473; x_wconf 89' lang='lat' dir='ltr'>veniens</span> <span class='ocrx_word' id='word_1_185' title='bbox 1717 1418 1856 1471; x_wconf 79' lang='lat' dir='ltr'>affer</span> <span class='ocrx_word' id='word_1_186' title='bbox 1883 1423 2089 1484; x_wconf 90' lang='lat' dir='ltr'>tecum,</span> <span class='ocrx_word' id='word_1_187' title='bbox 2118 1424 2175 1472; x_wconf 91' lang='lat' dir='ltr'>et</span> <span class='ocrx_word' id='word_1_188' title='bbox 2202 1418 2392 1486; x_wconf 91' lang='lat' dir='ltr'>libros,</span> <span class='ocrx_word' id='word_1_189' title='bbox 2426 1437 2587 1489; x_wconf 77' lang='lat' dir='ltr'>meos,</span> <span class='ocrx_word' id='word_1_190' title='bbox 2617 1422 2859 1475; x_wconf 84' lang='lat' dir='ltr'>maxime</span> <span class='ocrx_word' id='word_1_191' title='bbox 2886 1425 3080 1475; x_wconf 90' lang='lat' dir='ltr'>autem</span> <span class='ocrx_word' id='word_1_192' title='bbox 3098 1421 3475 1475; x_wconf 88' lang='lat' dir='ltr'>membranas.</span> <span class='ocrx_word' id='word_1_193' title='bbox 3498 1422 3797 1476; x_wconf 84' lang='lat' dir='ltr'>Alexander</span> 
     </span>
    </p>
   </div>
   <div class='ocr_carea' id='block_1_14' title="bbox 543 1505 3794 1580">
    <p class='ocr_par' dir='ltr' id='par_1_14' title="bbox 543 1505 3794 1580">
     <span class='ocr_line' id='line_1_14' title="bbox 543 1505 3794 1580; baseline -0.002 -10"><span class='ocrx_word' id='word_1_194' title='bbox 543 1514 793 1571; x_wconf 61' lang='lat' dir='ltr'>JErarius</span> <span class='ocrx_word' id='word_1_195' title='bbox 824 1516 1041 1579; x_wconf 84' lang='lat' dir='ltr'>(narrat</span> <span class='ocrx_word' id='word_1_196' title='bbox 1072 1515 1123 1564; x_wconf 86' lang='lat' dir='ltr'>ei</span> <span class='ocrx_word' id='word_1_197' title='bbox 1151 1512 1287 1580; x_wconf 87' lang='lat' dir='ltr'>quid</span> <span class='ocrx_word' id='word_1_198' title='bbox 1312 1511 1419 1563; x_wconf 87' lang='lat' dir='ltr'>sibi</span> <span class='ocrx_word' id='word_1_199' title='bbox 1447 1511 1625 1564; x_wconf 76' lang='lat' dir='ltr'>Romae</span> <span class='ocrx_word' id='word_1_200' title='bbox 1676 1505 1992 1575; x_wconf 81' lang='lat' dir='ltr'>contigerit)</span> <span class='ocrx_word' id='word_1_201' title='bbox 2017 1508 2195 1561; x_wconf 88' lang='lat' dir='ltr'>multa</span> <span class='ocrx_word' id='word_1_202' title='bbox 2221 1508 2373 1561; x_wconf 89' lang='lat' dir='ltr'>mala</span> <span class='ocrx_word' id='word_1_203' title='bbox 2396 1508 2536 1562; x_wconf 90' lang='lat' dir='ltr'>mihi</span> <span class='ocrx_word' id='word_1_204' title='bbox 2560 1509 2833 1563; x_wconf 86' lang='lat' dir='ltr'>ostendit:</span> <span class='ocrx_word' id='word_1_205' title='bbox 2865 1510 3063 1563; x_wconf 88' lang='lat' dir='ltr'>reddet</span> <span class='ocrx_word' id='word_1_206' title='bbox 3084 1509 3169 1563; x_wconf 92' lang='lat' dir='ltr'>illi</span> <span class='ocrx_word' id='word_1_207' title='bbox 3198 1511 3475 1565; x_wconf 90' lang='lat' dir='ltr'>Dominus</span> <span class='ocrx_word' id='word_1_208' title='bbox 3506 1510 3794 1565; x_wconf 88' lang='lat' dir='ltr'>secundum</span> 
     </span>
    </p>
   </div>
   <div class='ocr_carea' id='block_1_15' title="bbox 543 1595 3792 1675">
    <p class='ocr_par' dir='ltr' id='par_1_15' title="bbox 543 1595 3792 1675">
     <span class='ocr_line' id='line_1_15' title="bbox 543 1595 3792 1675; baseline -0.001 -18"><span class='ocrx_word' id='word_1_209' title='bbox 543 1619 717 1675; x_wconf 87' lang='lat' dir='ltr'>opera</span> <span class='ocrx_word' id='word_1_210' title='bbox 744 1603 886 1673; x_wconf 88' lang='lat' dir='ltr'>ejus,</span> <span class='ocrx_word' id='word_1_211' title='bbox 904 1616 1072 1672; x_wconf 91' lang='lat' dir='ltr'>quem</span> <span class='ocrx_word' id='word_1_212' title='bbox 1099 1604 1156 1654; x_wconf 91' lang='lat' dir='ltr'>et</span> <span class='ocrx_word' id='word_1_213' title='bbox 1180 1604 1243 1652; x_wconf 90' lang='lat' dir='ltr'>tu</span> <span class='ocrx_word' id='word_1_214' title='bbox 1271 1597 1474 1662; x_wconf 82' lang='lat' dir='ltr'>devita,</span> <span class='ocrx_word' id='word_1_215' title='bbox 1508 1613 1573 1650; x_wconf 90' lang='lat' dir='ltr'>ne</span> <span class='ocrx_word' id='word_1_216' title='bbox 1599 1598 1927 1663; x_wconf 84' lang='lat' dir='ltr'>alloquaris,</span> <span class='ocrx_word' id='word_1_217' title='bbox 1963 1595 2119 1649; x_wconf 88' lang='lat' dir='ltr'>valde</span> <span class='ocrx_word' id='word_1_218' title='bbox 2148 1596 2297 1650; x_wconf 89' lang='lat' dir='ltr'>enim</span> <span class='ocrx_word' id='word_1_219' title='bbox 2321 1597 2529 1651; x_wconf 86' lang='lat' dir='ltr'>restitit</span> <span class='ocrx_word' id='word_1_220' title='bbox 2546 1598 2728 1652; x_wconf 86' lang='lat' dir='ltr'>verbis</span> <span class='ocrx_word' id='word_1_221' title='bbox 2757 1599 2980 1653; x_wconf 89' lang='lat' dir='ltr'>nostris.</span> <span class='ocrx_word' id='word_1_222' title='bbox 3016 1599 3082 1653; x_wconf 91' lang='lat' dir='ltr'>In</span> <span class='ocrx_word' id='word_1_223' title='bbox 3103 1599 3287 1669; x_wconf 87' lang='lat' dir='ltr'>prima</span> <span class='ocrx_word' id='word_1_224' title='bbox 3315 1616 3443 1653; x_wconf 89' lang='lat' dir='ltr'>mea</span> <span class='ocrx_word' id='word_1_225' title='bbox 3468 1599 3792 1663; x_wconf 87' lang='lat' dir='ltr'>defensione,</span> 
     </span>
    </p>
   </div>
   <div class='ocr_carea' id='block_1_16' title="bbox 546 1682 3791 1759">
    <p class='ocr_par' dir='ltr' id='par_1_16' title="bbox 546 1682 3791 1759">
     <span class='ocr_line' id='line_1_16' title="bbox 546 1682 3791 1759; baseline -0.001 -14"><span class='ocrx_word' id='word_1_226' title='bbox 546 1682 659 1759; x_wconf 85' lang='lat' dir='ltr'>qua</span> <span class='ocrx_word' id='word_1_227' title='bbox 690 1707 775 1744; x_wconf 89' lang='lat' dir='ltr'>me</span> <span class='ocrx_word' id='word_1_228' title='bbox 804 1690 955 1758; x_wconf 88' lang='lat' dir='ltr'>apud</span> <span class='ocrx_word' id='word_1_229' title='bbox 981 1690 1252 1743; x_wconf 81' lang='lat' dir='ltr'>Neronem</span> <span class='ocrx_word' id='word_1_230' title='bbox 1281 1686 1518 1753; x_wconf 79' lang='lat' dir='ltr'>defendi,</span> <span class='ocrx_word' id='word_1_231' title='bbox 1550 1700 1715 1738; x_wconf 90' lang='lat' dir='ltr'>nemo</span> <span class='ocrx_word' id='word_1_232' title='bbox 1747 1682 1887 1736; x_wconf 91' lang='lat' dir='ltr'>mihi</span> <span class='ocrx_word' id='word_1_233' title='bbox 1924 1683 2123 1750; x_wconf 87' lang='lat' dir='ltr'>adfuit,</span> <span class='ocrx_word' id='word_1_234' title='bbox 2158 1686 2257 1739; x_wconf 92' lang='lat' dir='ltr'>sed</span> <span class='ocrx_word' id='word_1_235' title='bbox 2295 1703 2489 1740; x_wconf 85' lang='lat' dir='ltr'>omnes</span> <span class='ocrx_word' id='word_1_236' title='bbox 2541 1703 2631 1740; x_wconf 89' lang='lat' dir='ltr'>me</span> <span class='ocrx_word' id='word_1_237' title='bbox 2673 1687 3112 1758; x_wconf 89' lang='lat' dir='ltr'>dereliquerunt;</span> <span class='ocrx_word' id='word_1_238' title='bbox 3155 1705 3266 1741; x_wconf 93' lang='lat' dir='ltr'>non</span> <span class='ocrx_word' id='word_1_239' title='bbox 3304 1688 3416 1742; x_wconf 90' lang='lat' dir='ltr'>illis</span> <span class='ocrx_word' id='word_1_240' title='bbox 3475 1690 3791 1759; x_wconf 88' lang='lat' dir='ltr'>imputetur.</span> 
     </span>
    </p>
   </div>
   <div class='ocr_carea' id='block_1_17' title="bbox 537 1773 3792 1848">
    <p class='ocr_par' dir='ltr' id='par_1_17' title="bbox 537 1773 3792 1848">
     <span class='ocr_line' id='line_1_17' title="bbox 537 1773 3792 1848; baseline -0.001 -13"><span class='ocrx_word' id='word_1_241' title='bbox 537 1779 813 1835; x_wconf 90' lang='lat' dir='ltr'>Dominus</span> <span class='ocrx_word' id='word_1_242' title='bbox 844 1783 1035 1832; x_wconf 88' lang='lat' dir='ltr'>autem</span> <span class='ocrx_word' id='word_1_243' title='bbox 1063 1776 1202 1830; x_wconf 91' lang='lat' dir='ltr'>mihi</span> <span class='ocrx_word' id='word_1_244' title='bbox 1229 1775 1412 1829; x_wconf 90' lang='lat' dir='ltr'>astitit</span> <span class='ocrx_word' id='word_1_245' title='bbox 1438 1780 1496 1828; x_wconf 90' lang='lat' dir='ltr'>et</span> <span class='ocrx_word' id='word_1_246' title='bbox 1513 1773 1848 1827; x_wconf 88' lang='lat' dir='ltr'>confortavit</span> <span class='ocrx_word' id='word_1_247' title='bbox 1874 1788 1982 1839; x_wconf 88' lang='lat' dir='ltr'>me;</span> <span class='ocrx_word' id='word_1_248' title='bbox 2007 1778 2071 1827; x_wconf 91' lang='lat' dir='ltr'>ut</span> <span class='ocrx_word' id='word_1_249' title='bbox 2097 1790 2199 1844; x_wconf 92' lang='lat' dir='ltr'>per</span> <span class='ocrx_word' id='word_1_250' title='bbox 2226 1791 2316 1828; x_wconf 90' lang='lat' dir='ltr'>me</span> <span class='ocrx_word' id='word_1_251' title='bbox 2347 1776 2668 1845; x_wconf 67' lang='lat' dir='ltr'>praedicatio</span> <span class='ocrx_word' id='word_1_252' title='bbox 2698 1776 3020 1847; x_wconf 85' lang='lat' dir='ltr'>impleatur,</span> <span class='ocrx_word' id='word_1_253' title='bbox 3046 1782 3103 1830; x_wconf 89' lang='lat' dir='ltr'>et</span> <span class='ocrx_word' id='word_1_254' title='bbox 3124 1777 3361 1831; x_wconf 90' lang='lat' dir='ltr'>audiant</span> <span class='ocrx_word' id='word_1_255' title='bbox 3376 1794 3574 1832; x_wconf 89' lang='lat' dir='ltr'>omnes</span> <span class='ocrx_word' id='word_1_256' title='bbox 3593 1783 3792 1848; x_wconf 88' lang='lat' dir='ltr'>gentes:</span> 
     </span>
    </p>
   </div>
   <div class='ocr_carea' id='block_1_18' title="bbox 536 1855 3794 1937">
    <p class='ocr_par' dir='ltr' id='par_1_18' title="bbox 536 1855 3794 1937">
     <span class='ocr_line' id='line_1_18' title="bbox 536 1855 3794 1937; baseline -0.002 -13"><span class='ocrx_word' id='word_1_257' title='bbox 536 1874 596 1925; x_wconf 86' lang='lat' dir='ltr'>et</span> <span class='ocrx_word' id='word_1_258' title='bbox 622 1872 702 1923; x_wconf 88' lang='lat' dir='ltr'>sic</span> <span class='ocrx_word' id='word_1_259' title='bbox 730 1867 1001 1922; x_wconf 88' lang='lat' dir='ltr'>liberatus</span> <span class='ocrx_word' id='word_1_260' title='bbox 1026 1882 1151 1921; x_wconf 91' lang='lat' dir='ltr'>sum</span> <span class='ocrx_word' id='word_1_261' title='bbox 1180 1866 1250 1919; x_wconf 91' lang='lat' dir='ltr'>de</span> <span class='ocrx_word' id='word_1_262' title='bbox 1275 1880 1370 1919; x_wconf 90' lang='lat' dir='ltr'>ore</span> <span class='ocrx_word' id='word_1_263' title='bbox 1391 1863 1590 1930; x_wconf 88' lang='lat' dir='ltr'>leonis,</span> <span class='ocrx_word' id='word_1_264' title='bbox 1622 1860 2194 1931; x_wconf 44' lang='lat' dir='ltr'>Neronis.‘Liberavit</span> <span class='ocrx_word' id='word_1_265' title='bbox 2218 1880 2309 1917; x_wconf 90' lang='lat' dir='ltr'>me</span> <span class='ocrx_word' id='word_1_266' title='bbox 2320 1864 2592 1919; x_wconf 91' lang='lat' dir='ltr'>Dominus</span> <span class='ocrx_word' id='word_1_267' title='bbox 2609 1855 2693 1919; x_wconf 86' lang='lat' dir='ltr'>ab</span> <span class='ocrx_word' id='word_1_268' title='bbox 2719 1866 2872 1919; x_wconf 92' lang='lat' dir='ltr'>omni</span> <span class='ocrx_word' id='word_1_269' title='bbox 2902 1883 3069 1937; x_wconf 92' lang='lat' dir='ltr'>opere</span> <span class='ocrx_word' id='word_1_270' title='bbox 3087 1866 3236 1920; x_wconf 86' lang='lat' dir='ltr'>malo</span> <span class='ocrx_word' id='word_1_271' title='bbox 3262 1884 3275 1933; x_wconf 94' lang='lat'>;</span> <span class='ocrx_word' id='word_1_272' title='bbox 3321 1871 3378 1920; x_wconf 91' lang='lat' dir='ltr'>et</span> <span class='ocrx_word' id='word_1_273' title='bbox 3397 1866 3619 1920; x_wconf 85' lang='lat' dir='ltr'>salvum</span> <span class='ocrx_word' id='word_1_274' title='bbox 3646 1865 3794 1919; x_wconf 85' lang='lat' dir='ltr'>faciet</span> 
     </span>
    </p>
   </div>
   <div class='ocr_carea' id='block_1_19' title="bbox 534 1950 3795 2026">
    <p class='ocr_par' dir='ltr' id='par_1_19' title="bbox 534 1950 3795 2026">
     <span class='ocr_line' id='line_1_19' title="bbox 534 1950 3795 2026; baseline -0 -16"><span class='ocrx_word' id='word_1_275' title='bbox 534 1955 597 2010; x_wconf 89' lang='lat' dir='ltr'>in</span> <span class='ocrx_word' id='word_1_276' title='bbox 615 1971 855 2026; x_wconf 85' lang='lat' dir='ltr'>regnum</span> <span class='ocrx_word' id='word_1_277' title='bbox 871 1971 1037 2009; x_wconf 89' lang='lat' dir='ltr'>suum</span> <span class='ocrx_word' id='word_1_278' title='bbox 1066 1954 1307 2019; x_wconf 76' lang='lat' dir='ltr'>caeleste;</span> <span class='ocrx_word' id='word_1_279' title='bbox 1333 1951 1422 2006; x_wconf 90' lang='lat' dir='ltr'>cui</span> <span class='ocrx_word' id='word_1_280' title='bbox 1441 1950 1624 2022; x_wconf 88' lang='lat' dir='ltr'>gloria</span> <span class='ocrx_word' id='word_1_281' title='bbox 1650 1950 1709 2004; x_wconf 90' lang='lat' dir='ltr'>in</span> <span class='ocrx_word' id='word_1_282' title='bbox 1734 1950 1937 2004; x_wconf 86' lang='lat' dir='ltr'>saecula</span> <span class='ocrx_word' id='word_1_283' title='bbox 1955 1952 2304 2007; x_wconf 80' lang='lat' dir='ltr'>saeculorum.</span> <span class='ocrx_word' id='word_1_284' title='bbox 2356 1954 2557 2009; x_wconf 86' lang='lat' dir='ltr'>Amen.</span> <span class='ocrx_word' id='word_1_285' title='bbox 2601 1955 2797 2010; x_wconf 89' lang='lat' dir='ltr'>Saluta</span> <span class='ocrx_word' id='word_1_286' title='bbox 2825 1956 3076 2009; x_wconf 89' lang='lat' dir='ltr'>Priscam</span> <span class='ocrx_word' id='word_1_287' title='bbox 3115 1960 3173 2010; x_wconf 92' lang='lat' dir='ltr'>et</span> <span class='ocrx_word' id='word_1_288' title='bbox 3218 1954 3507 2025; x_wconf 87' lang='lat' dir='ltr'>Aquilam,</span> <span class='ocrx_word' id='word_1_289' title='bbox 3534 1960 3593 2010; x_wconf 91' lang='lat' dir='ltr'>et</span> <span class='ocrx_word' id='word_1_290' title='bbox 3618 1956 3795 2011; x_wconf 85' lang='lat' dir='ltr'>Onesi-</span> 
     </span>
    </p>
   </div>
   <div class='ocr_carea' id='block_1_20' title="bbox 530 2038 3792 2116">
    <p class='ocr_par' dir='ltr' id='par_1_20' title="bbox 530 2038 3792 2116">
     <span class='ocr_line' id='line_1_20' title="bbox 530 2038 3792 2116; baseline 0 -18"><span class='ocrx_word' id='word_1_291' title='bbox 530 2043 698 2116; x_wconf 89' lang='lat' dir='ltr'>phori</span> <span class='ocrx_word' id='word_1_292' title='bbox 728 2043 977 2097; x_wconf 90' lang='lat' dir='ltr'>domum.</span> <span class='ocrx_word' id='word_1_293' title='bbox 1014 2043 1250 2097; x_wconf 90' lang='lat' dir='ltr'>Erastus</span> <span class='ocrx_word' id='word_1_294' title='bbox 1274 2040 1550 2095; x_wconf 88' lang='lat' dir='ltr'>remansit</span> <span class='ocrx_word' id='word_1_295' title='bbox 1576 2038 1862 2106; x_wconf 88' lang='lat' dir='ltr'>Corinthi;</span> <span class='ocrx_word' id='word_1_296' title='bbox 1889 2039 2259 2111; x_wconf 89' lang='lat' dir='ltr'>Trophimum</span> <span class='ocrx_word' id='word_1_297' title='bbox 2288 2046 2480 2097; x_wconf 89' lang='lat' dir='ltr'>autem</span> <span class='ocrx_word' id='word_1_298' title='bbox 2503 2044 2707 2115; x_wconf 89' lang='lat' dir='ltr'>reliqui</span> <span class='ocrx_word' id='word_1_299' title='bbox 2732 2045 3022 2099; x_wconf 85' lang='lat' dir='ltr'>inﬁrmum</span> <span class='ocrx_word' id='word_1_300' title='bbox 3043 2044 3241 2099; x_wconf 92' lang='lat' dir='ltr'>Mileti.</span> <span class='ocrx_word' id='word_1_301' title='bbox 3273 2044 3507 2099; x_wconf 88' lang='lat' dir='ltr'>Festina</span> <span class='ocrx_word' id='word_1_302' title='bbox 3535 2049 3665 2099; x_wconf 86' lang='lat' dir='ltr'>ante</span> <span class='ocrx_word' id='word_1_303' title='bbox 3692 2044 3792 2098; x_wconf 86' lang='lat' dir='ltr'>hie-</span> 
     </span>
    </p>
   </div>
   <div class='ocr_carea' id='block_1_21' title="bbox 526 2126 3791 2196">
    <p class='ocr_par' dir='ltr' id='par_1_21' title="bbox 526 2126 3791 2196">
     <span class='ocr_line' id='line_1_21' title="bbox 526 2126 3791 2196; baseline -0 -8"><span class='ocrx_word' id='word_1_304' title='bbox 526 2148 679 2188; x_wconf 88' lang='lat' dir='ltr'>mem</span> <span class='ocrx_word' id='word_1_305' title='bbox 703 2132 915 2186; x_wconf 86' lang='lat' dir='ltr'>venire.</span> <span class='ocrx_word' id='word_1_306' title='bbox 947 2131 1209 2187; x_wconf 85' lang='lat' dir='ltr'>Salutant</span> <span class='ocrx_word' id='word_1_307' title='bbox 1225 2134 1282 2184; x_wconf 90' lang='lat' dir='ltr'>te</span> <span class='ocrx_word' id='word_1_308' title='bbox 1307 2128 1580 2196; x_wconf 84' lang='lat' dir='ltr'>Eubulus,</span> <span class='ocrx_word' id='word_1_309' title='bbox 1608 2130 1666 2180; x_wconf 91' lang='lat' dir='ltr'>et</span> <span class='ocrx_word' id='word_1_310' title='bbox 1685 2126 1930 2193; x_wconf 89' lang='lat' dir='ltr'>Pudens,</span> <span class='ocrx_word' id='word_1_311' title='bbox 1962 2126 2226 2195; x_wconf 83' lang='lat' dir='ltr'>etLinus,</span> <span class='ocrx_word' id='word_1_312' title='bbox 2259 2134 2317 2183; x_wconf 93' lang='lat' dir='ltr'>et</span> <span class='ocrx_word' id='word_1_313' title='bbox 2345 2132 2580 2187; x_wconf 89' lang='lat' dir='ltr'>Claudia</span> <span class='ocrx_word' id='word_1_314' title='bbox 2603 2138 2661 2187; x_wconf 91' lang='lat' dir='ltr'>et</span> <span class='ocrx_word' id='word_1_315' title='bbox 2684 2134 2889 2189; x_wconf 84' lang='lat' dir='ltr'>fratres</span> <span class='ocrx_word' id='word_1_316' title='bbox 2916 2150 3131 2189; x_wconf 89' lang='lat' dir='ltr'>omnes.</span> <span class='ocrx_word' id='word_1_317' title='bbox 3158 2132 3432 2188; x_wconf 91' lang='lat' dir='ltr'>Dominus</span> <span class='ocrx_word' id='word_1_318' title='bbox 3473 2134 3504 2189; x_wconf 90' lang='lat' dir='ltr'>J</span> <span class='ocrx_word' id='word_1_319' title='bbox 3508 2151 3636 2190; x_wconf 88' lang='lat' dir='ltr'>esus</span> <span class='ocrx_word' id='word_1_320' title='bbox 3651 2133 3791 2190; x_wconf 87' lang='lat' dir='ltr'>Chri-</span> 
     </span>
    </p>
   </div>
   <div class='ocr_carea' id='block_1_22' title="bbox 525 2215 1979 2293">
    <p class='ocr_par' dir='ltr' id='par_1_22' title="bbox 525 2215 1979 2293">
     <span class='ocr_line' id='line_1_22' title="bbox 525 2215 1979 2293; baseline -0.006 -16"><span class='ocrx_word' id='word_1_321' title='bbox 525 2226 648 2278; x_wconf 85' lang='lat' dir='ltr'>stus</span> <span class='ocrx_word' id='word_1_322' title='bbox 665 2237 795 2278; x_wconf 89' lang='lat' dir='ltr'>cum</span> <span class='ocrx_word' id='word_1_323' title='bbox 825 2220 1038 2293; x_wconf 84' lang='lat' dir='ltr'>Spiritu</span> <span class='ocrx_word' id='word_1_324' title='bbox 1064 2224 1184 2276; x_wconf 92' lang='lat' dir='ltr'>tuo.</span> <span class='ocrx_word' id='word_1_325' title='bbox 1218 2217 1416 2274; x_wconf 86' lang='lat' dir='ltr'>Gratia</span> <span class='ocrx_word' id='word_1_326' title='bbox 1437 2215 1752 2274; x_wconf 89' lang='lat' dir='ltr'>vobiscum.</span> <span class='ocrx_word' id='word_1_327' title='bbox 1779 2216 1979 2270; x_wconf 83' lang='lat' dir='ltr'>Amen.</span> 
     </span>
    </p>
   </div>
   <div class='ocr_carea' id='block_1_23' title="bbox 1852 2355 2445 2415">
    <p class='ocr_par' dir='ltr' id='par_1_23' title="bbox 1852 2355 2445 2415">
     <span class='ocr_line' id='line_1_23' title="bbox 1852 2355 2445 2415; baseline 0.005 -5"><span class='ocrx_word' id='word_1_328' title='bbox 1852 2355 2445 2415; x_wconf 88' lang='lat' dir='ltr'>COMMENTARIUS.</span> 
     </span>
    </p>
   </div>
   <div class='ocr_carea' id='block_1_24' title="bbox 585 2460 2742 2544">
    <p class='ocr_par' dir='ltr' id='par_1_24' title="bbox 585 2460 2742 2544">
     <span class='ocr_line' id='line_1_24' title="bbox 585 2460 2742 2544; baseline -0.008 -7"><span class='ocrx_word' id='word_1_329' title='bbox 585 2479 638 2538; x_wconf 78' lang='lat'>2.</span> <span class='ocrx_word' id='word_1_330' title='bbox 671 2480 881 2535; x_wconf 77' lang='lat' dir='ltr'>LANFR.</span> <span class='ocrx_word' id='word_1_331' title='bbox 907 2475 1315 2544; x_wconf 84' lang='lat' dir='ltr'>Prurientes,id</span> <span class='ocrx_word' id='word_1_332' title='bbox 1333 2478 1438 2543; x_wconf 91' lang='lat' dir='ltr'>est,</span> <span class='ocrx_word' id='word_1_333' title='bbox 1461 2475 1629 2542; x_wconf 86' lang='lat' dir='ltr'>leves,</span> <span class='ocrx_word' id='word_1_334' title='bbox 1652 2470 2113 2537; x_wconf 89' lang='lat' dir='ltr'>instabiles,nova</span> <span class='ocrx_word' id='word_1_335' title='bbox 2129 2460 2180 2516; x_wconf 85' lang='lat' dir='ltr'>A</span> <span class='ocrx_word' id='word_1_336' title='bbox 2196 2467 2376 2533; x_wconf 86' lang='lat' dir='ltr'>parte,</span> <span class='ocrx_word' id='word_1_337' title='bbox 2411 2480 2532 2535; x_wconf 74' lang='lat' dir='ltr'>quae</span> <span class='ocrx_word' id='word_1_338' title='bbox 2552 2464 2742 2521; x_wconf 89' lang='lat' dir='ltr'>instat.</span> 
     </span>
    </p>
   </div>
   <div class='ocr_carea' id='block_1_25' title="bbox 516 2549 3783 2641">
    <p class='ocr_par' dir='ltr' id='par_1_25' title="bbox 516 2549 3783 2641">
     <span class='ocr_line' id='line_1_25' title="bbox 516 2549 3783 2641; baseline -0.004 -16"><span class='ocrx_word' id='word_1_339' title='bbox 516 2568 739 2641; x_wconf 85' lang='lat' dir='ltr'>semper</span> <span class='ocrx_word' id='word_1_340' title='bbox 764 2565 1247 2623; x_wconf 77' lang='lat' dir='ltr'>audire&#39;volentes.</span> <span class='ocrx_word' id='word_1_341' title='bbox 2266 2549 2317 2606; x_wconf 93' lang='lat'>7.</span> <span class='ocrx_word' id='word_1_342' title='bbox 2350 2553 2597 2609; x_wconf 71' lang='lat' dir='ltr'>Annnos.</span> <span class='ocrx_word' id='word_1_343' title='bbox 2639 2556 2784 2609; x_wconf 85' lang='lat' dir='ltr'>Mihi</span> <span class='ocrx_word' id='word_1_344' title='bbox 2834 2570 3056 2609; x_wconf 81' lang='lat' dir='ltr'>corona.</span> <span class='ocrx_word' id='word_1_345' title='bbox 3086 2555 3237 2610; x_wconf 84' lang='lat' dir='ltr'>Bene</span> <span class='ocrx_word' id='word_1_346' title='bbox 3268 2555 3508 2626; x_wconf 79' lang='lat' dir='ltr'>justitiee</span> <span class='ocrx_word' id='word_1_347' title='bbox 3534 2573 3783 2612; x_wconf 86' lang='lat' dir='ltr'>coronam</span> 
     </span>
    </p>
   </div>
   <div class='ocr_carea' id='block_1_26' title="bbox 585 2642 3784 2726">
    <p class='ocr_par' dir='ltr' id='par_1_26' title="bbox 585 2642 3784 2726">
     <span class='ocr_line' id='line_1_26' title="bbox 585 2642 3784 2726; baseline -0.004 -14"><span class='ocrx_word' id='word_1_348' title='bbox 585 2654 639 2712; x_wconf 90' lang='lat'>3.</span> <span class='ocrx_word' id='word_1_349' title='bbox 673 2656 814 2726; x_wconf 82' lang='lat' dir='ltr'>Opus</span> <span class='ocrx_word' id='word_1_350' title='bbox 841 2656 932 2725; x_wconf 74' lang='lat' dir='ltr'>fac</span> <span class='ocrx_word' id='word_1_351' title='bbox 959 2654 1319 2723; x_wconf 60' lang='lat' dir='ltr'>evangelista.</span> <span class='ocrx_word' id='word_1_352' title='bbox 1348 2652 1504 2722; x_wconf 87' lang='lat' dir='ltr'>Opus</span> <span class='ocrx_word' id='word_1_353' title='bbox 1523 2650 1877 2721; x_wconf 59' lang='lat' dir='ltr'>evangelista;</span> <span class='ocrx_word' id='word_1_354' title='bbox 1896 2652 1997 2714; x_wconf 66' lang='lat' dir='ltr'>est,</span> <span class='ocrx_word' id='word_1_355' title='bbox 2014 2648 2114 2702; x_wconf 83' lang='lat' dir='ltr'>&#39;be-</span> <span class='ocrx_word' id='word_1_356' title='bbox 2172 2642 2409 2695; x_wconf 72' lang='lat' dir='ltr'>&quot;vocavit</span> <span class='ocrx_word' id='word_1_357' title='bbox 2436 2642 2593 2697; x_wconf 89' lang='lat' dir='ltr'>illam</span> <span class='ocrx_word' id='word_1_358' title='bbox 2615 2659 2737 2714; x_wconf 65' lang='lat' dir='ltr'>que</span> <span class='ocrx_word' id='word_1_359' title='bbox 2778 2644 3249 2716; x_wconf 90' lang='lat' dir='ltr'>contemplatione</span> <span class='ocrx_word' id='word_1_360' title='bbox 3277 2645 3784 2717; x_wconf 86' lang='lat' dir='ltr'>[compensatione?</span> 
     </span>
    </p>
   </div>
   <div class='ocr_carea' id='block_1_27' title="bbox 514 2728 3291 2813">
    <p class='ocr_par' dir='ltr' id='par_1_27' title="bbox 514 2728 3291 2813">
     <span class='ocr_line' id='line_1_27' title="bbox 514 2728 3291 2813; baseline -0.006 -12"><span class='ocrx_word' id='word_1_361' title='bbox 514 2746 589 2801; x_wconf 87' lang='lat' dir='ltr'>ne</span> <span class='ocrx_word' id='word_1_362' title='bbox 616 2742 821 2813; x_wconf 83' lang='lat' dir='ltr'>vivere,</span> <span class='ocrx_word' id='word_1_363' title='bbox 849 2746 906 2800; x_wconf 85' lang='lat' dir='ltr'>et</span> <span class='ocrx_word' id='word_1_364' title='bbox 932 2744 1073 2800; x_wconf 90' lang='lat' dir='ltr'>bene</span> <span class='ocrx_word' id='word_1_365' title='bbox 1086 2743 1272 2799; x_wconf 87' lang='lat' dir='ltr'>dicere</span> <span class='ocrx_word' id='word_1_366' title='bbox 1295 2760 1307 2809; x_wconf 91' lang='lat'>;</span> <span class='ocrx_word' id='word_1_367' title='bbox 1337 2739 1589 2795; x_wconf 89' lang='lat' dir='ltr'>moribus</span> <span class='ocrx_word' id='word_1_368' title='bbox 1617 2744 1675 2793; x_wconf 84' lang='lat' dir='ltr'>et</span> <span class='ocrx_word' id='word_1_369' title='bbox 1713 2736 1893 2792; x_wconf 90' lang='lat' dir='ltr'>verbis</span> <span class='ocrx_word' id='word_1_370' title='bbox 1923 2735 2127 2806; x_wconf 75' lang='lat' dir='ltr'>subje-‘</span> <span class='ocrx_word' id='word_1_371' title='bbox 2194 2729 2295 2783; x_wconf 90' lang='lat' dir='ltr'>ED.</span> <span class='ocrx_word' id='word_1_372' title='bbox 2323 2728 2410 2802; x_wconf 93' lang='lat' dir='ltr'>P.]</span> <span class='ocrx_word' id='word_1_373' title='bbox 2440 2730 2901 2786; x_wconf 56' lang='lat' dir='ltr'>laborum-datur.</span> <span class='ocrx_word' id='word_1_374' title='bbox 3288 2756 3291 2759; x_wconf 56' lang='grc' dir='ltr'>ν</span> 
     </span>
    </p>
   </div>
   <div class='ocr_carea' id='block_1_28' title="bbox 510 2820 3782 2894">
    <p class='ocr_par' dir='ltr' id='par_1_28' title="bbox 510 2820 3782 2894">
     <span class='ocr_line' id='line_1_28' title="bbox 510 2820 3782 2894; baseline -0.002 -12"><span class='ocrx_word' id='word_1_375' title='bbox 510 2840 632 2889; x_wconf 74' lang='lat' dir='ltr'>ctos</span> <span class='ocrx_word' id='word_1_376' title='bbox 650 2833 949 2890; x_wconf 75' lang='lat' dir='ltr'>instruere.</span> <span class='ocrx_word' id='word_1_377' title='bbox 1299 2834 1303 2838; x_wconf 87' lang='lat'>&#39;</span> <span class='ocrx_word' id='word_1_378' title='bbox 1490 2834 1493 2837; x_wconf 86' lang='lat'>&#39;</span> <span class='ocrx_word' id='word_1_379' title='bbox 1552 2832 1555 2835; x_wconf 77' lang='grc'><em>’</em></span> <span class='ocrx_word' id='word_1_380' title='bbox 2145 2833 2151 2838; x_wconf 86' lang='grc'><strong>’</strong></span> <span class='ocrx_word' id='word_1_381' title='bbox 2264 2822 2316 2875; x_wconf 87' lang='grc'>8.</span> <span class='ocrx_word' id='word_1_382' title='bbox 2349 2820 2449 2873; x_wconf 82' lang='lat' dir='ltr'>llis</span> <span class='ocrx_word' id='word_1_383' title='bbox 2472 2823 2573 2888; x_wconf 86' lang='lat' dir='ltr'>qui</span> <span class='ocrx_word' id='word_1_384' title='bbox 2619 2822 2887 2889; x_wconf 85' lang='lat' dir='ltr'>diligunt.</span> <span class='ocrx_word' id='word_1_385' title='bbox 2929 2821 3185 2876; x_wconf 88' lang='lat' dir='ltr'>Miraculi</span> <span class='ocrx_word' id='word_1_386' title='bbox 3235 2821 3473 2892; x_wconf 88' lang='lat' dir='ltr'>dignum</span> <span class='ocrx_word' id='word_1_387' title='bbox 3504 2824 3654 2894; x_wconf 90' lang='lat' dir='ltr'>quod</span> <span class='ocrx_word' id='word_1_388' title='bbox 3681 2838 3782 2876; x_wconf 89' lang='lat' dir='ltr'>non</span> 
     </span>
    </p>
   </div>
   <div class='ocr_carea' id='block_1_29' title="bbox 564 2906 3784 2993">
    <p class='ocr_par' dir='ltr' id='par_1_29' title="bbox 564 2906 3784 2993">
     <span class='ocr_line' id='line_1_29' title="bbox 564 2906 3784 2993; baseline -0 -29"><span class='ocrx_word' id='word_1_389' title='bbox 564 2922 637 2979; x_wconf 56' lang='lat'>‘4,’</span> <span class='ocrx_word' id='word_1_390' title='bbox 663 2924 774 2993; x_wconf 74' lang='lat' dir='ltr'>Ego</span> <span class='ocrx_word' id='word_1_391' title='bbox 801 2924 951 2979; x_wconf 63' lang='lat' dir='ltr'>enim</span> <span class='ocrx_word' id='word_1_392' title='bbox 972 2918 1300 2993; x_wconf 58' lang='lat' dir='ltr'>jamguasi</span> <span class='ocrx_word' id='word_1_393' title='bbox 1329 2917 1575 2972; x_wconf 67' lang='lat' dir='ltr'>diceret:</span> <span class='ocrx_word' id='word_1_394' title='bbox 1602 2914 1727 2969; x_wconf 81' lang='lat' dir='ltr'>ideo</span> <span class='ocrx_word' id='word_1_395' title='bbox 1757 2911 2127 2968; x_wconf 82' lang='lat' dir='ltr'>tam&#39;studio-‘</span> <span class='ocrx_word' id='word_1_396' title='bbox 2192 2906 2358 2976; x_wconf 86' lang='lat' dir='ltr'>dixit,</span> <span class='ocrx_word' id='word_1_397' title='bbox 2375 2907 2487 2961; x_wconf 88' lang='lat' dir='ltr'>illis</span> <span class='ocrx_word' id='word_1_398' title='bbox 2506 2908 2602 2979; x_wconf 86' lang='lat' dir='ltr'>qui</span> <span class='ocrx_word' id='word_1_399' title='bbox 2632 2908 3145 2965; x_wconf 56' lang='lat' dir='ltr'>laboraverunt-aut</span> <span class='ocrx_word' id='word_1_400' title='bbox 3183 2911 3512 2981; x_wconf 86' lang='lat' dir='ltr'>passisunt,</span> <span class='ocrx_word' id='word_1_401' title='bbox 3541 2912 3638 2966; x_wconf 88' lang='lat' dir='ltr'>sed</span> <span class='ocrx_word' id='word_1_402' title='bbox 3658 2910 3784 2966; x_wconf 84' lang='lat' dir='ltr'>dixit</span> 
     </span>
    </p>
   </div>
   <div class='ocr_carea' id='block_1_30' title="bbox 508 2995 3782 3083">
    <p class='ocr_par' dir='ltr' id='par_1_30' title="bbox 508 2995 3782 3083">
     <span class='ocr_line' id='line_1_30' title="bbox 508 2995 3782 3083; baseline -0.003 -17"><span class='ocrx_word' id='word_1_403' title='bbox 508 3028 572 3067; x_wconf 87' lang='lat' dir='ltr'>se</span> <span class='ocrx_word' id='word_1_404' title='bbox 593 3014 651 3067; x_wconf 88' lang='lat' dir='ltr'>te</span> <span class='ocrx_word' id='word_1_405' title='bbox 691 3028 915 3079; x_wconf 89' lang='lat' dir='ltr'>moneo,</span> <span class='ocrx_word' id='word_1_406' title='bbox 962 3012 1093 3083; x_wconf 88' lang='lat' dir='ltr'>quia</span> <span class='ocrx_word' id='word_1_407' title='bbox 1124 3011 1185 3064; x_wconf 93' lang='lat' dir='ltr'>in</span> <span class='ocrx_word' id='word_1_408' title='bbox 1233 3004 1497 3080; x_wconf 70' lang='lat' dir='ltr'>praesenti</span> <span class='ocrx_word' id='word_1_409' title='bbox 1541 3002 1849 3058; x_wconf 90' lang='lat' dir='ltr'>moriturus</span> <span class='ocrx_word' id='word_1_410' title='bbox 1876 3014 2024 3067; x_wconf 87' lang='lat' dir='ltr'>sum,</span> <span class='ocrx_word' id='word_1_411' title='bbox 2054 3005 2111 3055; x_wconf 89' lang='lat' dir='ltr'>te</span> <span class='ocrx_word' id='word_1_412' title='bbox 2193 2995 2289 3065; x_wconf 87' lang='lat' dir='ltr'>qui</span> <span class='ocrx_word' id='word_1_413' title='bbox 2312 2996 2574 3067; x_wconf 87' lang='lat' dir='ltr'>diligunt,</span> <span class='ocrx_word' id='word_1_414' title='bbox 2598 2997 2731 3068; x_wconf 89' lang='lat' dir='ltr'>quia</span> <span class='ocrx_word' id='word_1_415' title='bbox 2759 2998 3130 3054; x_wconf 85' lang='lat' dir='ltr'>certaminum</span> <span class='ocrx_word' id='word_1_416' title='bbox 3146 3004 3204 3054; x_wconf 90' lang='lat' dir='ltr'>et</span> <span class='ocrx_word' id='word_1_417' title='bbox 3216 2999 3550 3070; x_wconf 88' lang='lat' dir='ltr'>passionum</span> <span class='ocrx_word' id='word_1_418' title='bbox 3575 3006 3782 3072; x_wconf 89' lang='lat' dir='ltr'>tempus</span> 
     </span>
    </p>
   </div>
   <div class='ocr_carea' id='block_1_31' title="bbox 506 3081 2037 3173">
    <p class='ocr_par' dir='ltr' id='par_1_31' title="bbox 506 3098 2035 3173">
     <span class='ocr_line' id='line_1_31' title="bbox 506 3098 2035 3173; baseline -0.003 -17"><span class='ocrx_word' id='word_1_419' title='bbox 506 3102 706 3173; x_wconf 74' lang='lat' dir='ltr'>pestea</span> <span class='ocrx_word' id='word_1_420' title='bbox 728 3118 841 3157; x_wconf 90' lang='lat' dir='ltr'>non</span> <span class='ocrx_word' id='word_1_421' title='bbox 869 3101 1198 3156; x_wconf 86' lang='lat' dir='ltr'>moriturus.</span> <span class='ocrx_word' id='word_1_422' title='bbox 1284 3102 1287 3103; x_wconf 65' lang='grc'><strong><em>⁷</em></strong></span> <span class='ocrx_word' id='word_1_423' title='bbox 1690 3100 1695 3104; x_wconf 88' lang='grc'><strong>’</strong></span> <span class='ocrx_word' id='word_1_424' title='bbox 1732 3100 1735 3103; x_wconf 85' lang='grc'><em>’</em></span> <span class='ocrx_word' id='word_1_425' title='bbox 1804 3098 1807 3101; x_wconf 84' lang='grc'><em>’</em></span> <span class='ocrx_word' id='word_1_426' title='bbox 1836 3098 1839 3101; x_wconf 36' lang='grc' dir='ltr'><strong><em>λ</em></strong></span> <span class='ocrx_word' id='word_1_427' title='bbox 2014 3100 2035 3103; x_wconf 64' lang='grc'><strong><em>”</em></strong></span> 
     </span>
    </p>
   </div>
   <div class='ocr_carea' id='block_1_32' title="bbox 1753 3081 3284 3173">
    <p class='ocr_par' dir='ltr' id='par_1_32' title="bbox 1804 3081 3284 3157">
     <span class='ocr_line' id='line_1_32' title="bbox 1804 3081 3284 3157; baseline 0.009 -23"><span class='ocrx_word' id='word_1_428' title='bbox 1804 3098 1839 3101; x_wconf 77' lang='lat'><em>&quot;</em></span> <span class='ocrx_word' id='word_1_429' title='bbox 2014 3100 2035 3103; x_wconf 68' lang='lat'><strong><em>&quot;</em></strong></span> <span class='ocrx_word' id='word_1_430' title='bbox 2108 3102 2111 3103; x_wconf 65' lang='lat'><strong><em>&#39;</em></strong></span> <span class='ocrx_word' id='word_1_431' title='bbox 2192 3092 2686 3157; x_wconf 88' lang='lat' dir='ltr'>nonsemperest.</span> <span class='ocrx_word' id='word_1_432' title='bbox 2768 3106 2773 3111; x_wconf 77' lang='grc'><strong>’</strong></span> <span class='ocrx_word' id='word_1_433' title='bbox 3088 3112 3091 3113; x_wconf 47' lang='grc' dir='ltr'><em>ν</em></span> <span class='ocrx_word' id='word_1_434' title='bbox 3280 3081 3284 3085; x_wconf 8' lang='grc' dir='ltr'><strong>ἢ</strong></span> 
     </span>
    </p>
   </div>
   <div class='ocr_carea' id='block_1_33' title="bbox 579 3175 3777 3248">
    <p class='ocr_par' dir='ltr' id='par_1_33' title="bbox 579 3175 3777 3248">
     <span class='ocr_line' id='line_1_33' title="bbox 579 3175 3777 3248; baseline -0.005 -1"><span class='ocrx_word' id='word_1_435' title='bbox 579 3188 1142 3246; x_wconf 49' lang='lat' dir='ltr'>sannosum];</span> <span class='ocrx_word' id='word_1_436' title='bbox 1162 3181 1519 3240; x_wconf 74' lang='lat' dir='ltr'>certamenN</span> <span class='ocrx_word' id='word_1_437' title='bbox 1523 3195 1594 3234; x_wconf 91' lang='lat' dir='ltr'>on</span> <span class='ocrx_word' id='word_1_438' title='bbox 1614 3180 1816 3235; x_wconf 87' lang='lat' dir='ltr'>ludens</span> <span class='ocrx_word' id='word_1_439' title='bbox 1842 3179 1971 3248; x_wconf 86' lang='lat' dir='ltr'>ista,</span> <span class='ocrx_word' id='word_1_440' title='bbox 2005 3178 2105 3233; x_wconf 90' lang='lat' dir='ltr'>sed</span> <span class='ocrx_word' id='word_1_441' title='bbox 2218 3190 2221 3193; x_wconf 77' lang='lat'><em>‘</em></span> <span class='ocrx_word' id='word_1_442' title='bbox 2254 3175 2318 3229; x_wconf 72' lang='lat'>&#39;9.</span> <span class='ocrx_word' id='word_1_443' title='bbox 2342 3175 2550 3230; x_wconf 81' lang='lat' dir='ltr'>LANFR.</span> <span class='ocrx_word' id='word_1_444' title='bbox 2574 3178 2887 3232; x_wconf 82' lang='lat' dir='ltr'>Adventum</span> <span class='ocrx_word' id='word_1_445' title='bbox 2903 3182 3039 3248; x_wconf 75' lang='lat' dir='ltr'>ejus.</span> <span class='ocrx_word' id='word_1_446' title='bbox 3080 3178 3401 3233; x_wconf 80' lang='lat' dir='ltr'>Adventum</span> <span class='ocrx_word' id='word_1_447' title='bbox 3427 3179 3645 3235; x_wconf 86' lang='lat' dir='ltr'>Christi</span> <span class='ocrx_word' id='word_1_448' title='bbox 3664 3179 3777 3234; x_wconf 90' lang='lat' dir='ltr'>dili-</span> 
     </span>
    </p>
   </div>
   <div class='ocr_carea' id='block_1_34' title="bbox 505 3264 3776 3338">
    <p class='ocr_par' dir='ltr' id='par_1_34' title="bbox 505 3264 3776 3338">
     <span class='ocr_line' id='line_1_34' title="bbox 505 3264 3776 3338; baseline -0.004 -4"><span class='ocrx_word' id='word_1_449' title='bbox 505 3278 581 3335; x_wconf 90' lang='lat' dir='ltr'>ad</span> <span class='ocrx_word' id='word_1_450' title='bbox 611 3279 1056 3334; x_wconf 82' lang='lat' dir='ltr'>exhortationem</span> <span class='ocrx_word' id='word_1_451' title='bbox 1084 3274 1227 3329; x_wconf 85' lang='lat' dir='ltr'>dixit</span> <span class='ocrx_word' id='word_1_452' title='bbox 1247 3268 1552 3327; x_wconf 90' lang='lat' dir='ltr'>Timothei.</span> <span class='ocrx_word' id='word_1_453' title='bbox 2186 3268 2329 3336; x_wconf 83' lang='lat' dir='ltr'>gunt</span> <span class='ocrx_word' id='word_1_454' title='bbox 2347 3265 2441 3335; x_wconf 89' lang='lat' dir='ltr'>qui</span> <span class='ocrx_word' id='word_1_455' title='bbox 2464 3282 2500 3318; x_wconf 91' lang='lat' dir='ltr'>a</span> <span class='ocrx_word' id='word_1_456' title='bbox 2522 3264 2686 3319; x_wconf 89' lang='lat' dir='ltr'>malis</span> <span class='ocrx_word' id='word_1_457' title='bbox 2715 3271 2955 3335; x_wconf 85' lang='lat' dir='ltr'>cessant,</span> <span class='ocrx_word' id='word_1_458' title='bbox 2997 3271 3055 3322; x_wconf 92' lang='lat' dir='ltr'>et</span> <span class='ocrx_word' id='word_1_459' title='bbox 3081 3266 3231 3322; x_wconf 91' lang='lat' dir='ltr'>bona</span> <span class='ocrx_word' id='word_1_460' title='bbox 3269 3268 3508 3338; x_wconf 85' lang='lat' dir='ltr'>faciunt;</span> <span class='ocrx_word' id='word_1_461' title='bbox 3546 3269 3607 3324; x_wconf 91' lang='lat' dir='ltr'>hi</span> <span class='ocrx_word' id='word_1_462' title='bbox 3636 3269 3776 3324; x_wconf 89' lang='lat' dir='ltr'>enim</span> 
     </span>
    </p>
   </div>
   <div class='ocr_carea' id='block_1_35' title="bbox 576 3353 3330 3434">
    <p class='ocr_par' dir='ltr' id='par_1_35' title="bbox 576 3353 3330 3434">
     <span class='ocr_line' id='line_1_35' title="bbox 576 3353 3330 3434; baseline -0.004 -10"><span class='ocrx_word' id='word_1_463' title='bbox 576 3367 629 3424; x_wconf 89' lang='lat'>6.</span> <span class='ocrx_word' id='word_1_464' title='bbox 652 3367 861 3424; x_wconf 67' lang='lat' dir='ltr'>LANFB.</span> <span class='ocrx_word' id='word_1_465' title='bbox 884 3369 953 3423; x_wconf 90' lang='lat' dir='ltr'>In</span> <span class='ocrx_word' id='word_1_466' title='bbox 970 3367 1203 3434; x_wconf 87' lang='lat' dir='ltr'>reliquo,</span> <span class='ocrx_word' id='word_1_467' title='bbox 1242 3361 1305 3415; x_wconf 85' lang='lat' dir='ltr'>id</span> <span class='ocrx_word' id='word_1_468' title='bbox 1325 3362 1429 3427; x_wconf 73' lang='lat' dir='ltr'>est,</span> <span class='ocrx_word' id='word_1_469' title='bbox 1468 3359 1531 3413; x_wconf 86' lang='lat' dir='ltr'>in</span> <span class='ocrx_word' id='word_1_470' title='bbox 1553 3355 2105 3430; x_wconf 73' lang='lat' dir='ltr'>requua&#39;aeternitati</span> <span class='ocrx_word' id='word_1_471' title='bbox 2189 3353 2249 3408; x_wconf 93' lang='lat' dir='ltr'>in</span> <span class='ocrx_word' id='word_1_472' title='bbox 2278 3354 2369 3408; x_wconf 93' lang='lat' dir='ltr'>die</span> <span class='ocrx_word' id='word_1_473' title='bbox 2391 3354 2591 3424; x_wconf 87' lang='lat' dir='ltr'>judicii</span> <span class='ocrx_word' id='word_1_474' title='bbox 2619 3354 2881 3409; x_wconf 90' lang='lat' dir='ltr'>damnari</span> <span class='ocrx_word' id='word_1_475' title='bbox 2907 3371 3021 3410; x_wconf 89' lang='lat' dir='ltr'>non</span> <span class='ocrx_word' id='word_1_476' title='bbox 3050 3361 3330 3413; x_wconf 90' lang='lat' dir='ltr'>metuunt.</span> 
     </span>
    </p>
   </div>
   <div class='ocr_carea' id='block_1_36' title="bbox 600 3664 3447 3798">
    <p class='ocr_par' dir='ltr' id='par_1_36' title="bbox 600 3664 3447 3798">
     <span class='ocr_line' id='line_1_36' title="bbox 600 3664 3447 3798; baseline -0.004 -17"><span class='ocrx_word' id='word_1_477' title='bbox 600 3686 631 3783; x_wconf 79' lang='grc' dir='ltr'><em>ξξ</em></span> <span class='ocrx_word' id='word_1_478' title='bbox 788 3675 1407 3798; x_wconf 72' lang='lat' dir='ltr'>EPISTULA</span> <span class='ocrx_word' id='word_1_479' title='bbox 1481 3676 1584 3777; x_wconf 88' lang='lat' dir='ltr'>B.</span> <span class='ocrx_word' id='word_1_480' title='bbox 1632 3664 2073 3779; x_wconf 37' lang='lat' dir='ltr'>&quot;PAULI</span> <span class='ocrx_word' id='word_1_481' title='bbox 2150 3670 2727 3769; x_wconf 85' lang='lat' dir='ltr'>APOSTOLI</span> <span class='ocrx_word' id='word_1_482' title='bbox 2776 3675 3011 3787; x_wconf 71' lang='lat' dir='ltr'>AD]</span> <span class='ocrx_word' id='word_1_483' title='bbox 3042 3676 3447 3791; x_wconf 84' lang='lat' dir='ltr'>TITUM.</span> 
     </span>
    </p>
   </div>
   <div class='ocr_carea' id='block_1_37' title="bbox 612 3845 2143 3967">
    <p class='ocr_par' dir='ltr' id='par_1_37' title="bbox 612 3860 2143 3967">
     <span class='ocr_line' id='line_1_37' title="bbox 612 3860 2143 3967; baseline 0.002 -28"><span class='ocrx_word' id='word_1_484' title='bbox 612 3867 619 3874; x_wconf 86' lang='lat'><strong>‘</strong></span> <span class='ocrx_word' id='word_1_485' title='bbox 920 3864 941 3867; x_wconf 80' lang='grc'>”</span> <span class='ocrx_word' id='word_1_486' title='bbox 988 3860 1013 3865; x_wconf 75' lang='grc'><em>”</em></span> <span class='ocrx_word' id='word_1_487' title='bbox 1133 3860 1939 3967; x_wconf 54' lang='grc' dir='ltr'>σΠΜζιΝΤΕωΕσΤιμς</span> <span class='ocrx_word' id='word_1_488' title='bbox 1978 3883 2059 3945; x_wconf 78' lang='grc' dir='ltr'><strong>Β.</strong></span> <span class='ocrx_word' id='word_1_489' title='bbox 2105 3880 2143 3942; x_wconf 76' lang='grc' dir='ltr'><strong><em>ι</em></strong></span> 
     </span>
    </p>
   </div>
   <div class='ocr_carea' id='block_1_38' title="bbox 2027 3845 3558 3967">
    <p class='ocr_par' dir='ltr' id='par_1_38' title="bbox 2027 3845 3558 3967">
     <span class='ocr_line' id='line_1_38' title="bbox 2027 3845 3558 3967; baseline 0.008 -34"><span class='ocrx_word' id='word_1_490' title='bbox 2027 3884 2059 3945; x_wconf 60' lang='grc' dir='ltr'><strong>ε.</strong></span> <span class='ocrx_word' id='word_1_491' title='bbox 2105 3868 2619 3959; x_wconf 75' lang='lat' dir='ltr'>LANFRANCI</span> <span class='ocrx_word' id='word_1_492' title='bbox 2657 3873 3146 3967; x_wconf 67' lang='lat' dir='ltr'>mussans.</span> <span class='ocrx_word' id='word_1_493' title='bbox 3408 3878 3411 3881; x_wconf 86' lang='grc'><strong>·</strong></span> <span class='ocrx_word' id='word_1_494' title='bbox 3555 3845 3558 3850; x_wconf 64' lang='grc'><em>’</em></span> 
     </span>
    </p>
   </div>
   <div class='ocr_carea' id='block_1_39' title="bbox 568 4040 3772 4146">
    <p class='ocr_par' dir='ltr' id='par_1_39' title="bbox 568 4040 3772 4146">
     <span class='ocr_line' id='line_1_39' title="bbox 568 4040 3772 4146; baseline -0.004 -17"><span class='ocrx_word' id='word_1_495' title='bbox 568 4046 762 4145; x_wconf 58' lang='grc' dir='ltr'>πω</span> <span class='ocrx_word' id='word_1_496' title='bbox 784 4040 1195 4135; x_wconf 54' lang='grc' dir='ltr'>ΑᾲαύΜΕΝτὺΜ.</span> <span class='ocrx_word' id='word_1_497' title='bbox 1237 4097 1303 4109; x_wconf 94' lang='grc'><strong><em>-</em></strong></span> <span class='ocrx_word' id='word_1_498' title='bbox 1340 4067 1531 4131; x_wconf 89' lang='lat' dir='ltr'>Titum</span> <span class='ocrx_word' id='word_1_499' title='bbox 1576 4063 2003 4121; x_wconf 87' lang='lat' dir='ltr'>commonefacit</span> <span class='ocrx_word' id='word_1_500' title='bbox 2038 4069 2097 4119; x_wconf 90' lang='lat' dir='ltr'>et</span> <span class='ocrx_word' id='word_1_501' title='bbox 2180 4064 2628 4135; x_wconf 87' lang='lat' dir='ltr'>conversatione,</span> <span class='ocrx_word' id='word_1_502' title='bbox 2655 4068 2712 4119; x_wconf 91' lang='lat' dir='ltr'>et</span> <span class='ocrx_word' id='word_1_503' title='bbox 2738 4063 3015 4119; x_wconf 83' lang='lat' dir='ltr'>haereticis</span> <span class='ocrx_word' id='word_1_504' title='bbox 3037 4052 3280 4146; x_wconf 86' lang='lat' dir='ltr'>vitandis</span> <span class='ocrx_word' id='word_1_505' title='bbox 3309 4062 3405 4134; x_wconf 92' lang='lat' dir='ltr'>qui</span> <span class='ocrx_word' id='word_1_506' title='bbox 3432 4061 3488 4116; x_wconf 91' lang='lat' dir='ltr'>in</span> <span class='ocrx_word' id='word_1_507' title='bbox 3517 4058 3772 4118; x_wconf 85' lang='lat' dir='ltr'>traditio-</span> 
     </span>
    </p>
   </div>
   <div class='ocr_carea' id='block_1_40' title="bbox 495 4152 3621 4231">
    <p class='ocr_par' dir='ltr' id='par_1_40' title="bbox 495 4152 3621 4231">
     <span class='ocr_line' id='line_1_40' title="bbox 495 4152 3621 4231; baseline -0.005 -6"><span class='ocrx_word' id='word_1_508' title='bbox 495 4166 728 4226; x_wconf 86' lang='lat' dir='ltr'>instruit</span> <span class='ocrx_word' id='word_1_509' title='bbox 753 4164 835 4227; x_wconf 86' lang='lat' dir='ltr'>de</span> <span class='ocrx_word' id='word_1_510' title='bbox 851 4160 1250 4227; x_wconf 87' lang='lat' dir='ltr'>constitutione</span> <span class='ocrx_word' id='word_1_511' title='bbox 1278 4154 1698 4231; x_wconf 85' lang='lat' dir='ltr'>presbyterii,et</span> <span class='ocrx_word' id='word_1_512' title='bbox 1718 4155 1788 4210; x_wconf 90' lang='lat' dir='ltr'>de</span> <span class='ocrx_word' id='word_1_513' title='bbox 1813 4154 2094 4226; x_wconf 87' lang='lat' dir='ltr'>spirituali</span> <span class='ocrx_word' id='word_1_514' title='bbox 2176 4155 2343 4211; x_wconf 89' lang='lat' dir='ltr'>nibus</span> <span class='ocrx_word' id='word_1_515' title='bbox 2370 4155 2615 4227; x_wconf 85' lang='lat' dir='ltr'>Judaicis</span> <span class='ocrx_word' id='word_1_516' title='bbox 2644 4154 2905 4222; x_wconf 64' lang='lat' dir='ltr'>credunt,</span> <span class='ocrx_word' id='word_1_517' title='bbox 2932 4153 3180 4209; x_wconf 89' lang='lat' dir='ltr'>scribens</span> <span class='ocrx_word' id='word_1_518' title='bbox 3208 4152 3261 4208; x_wconf 91' lang='lat' dir='ltr'>ei</span> <span class='ocrx_word' id='word_1_519' title='bbox 3286 4152 3621 4224; x_wconf 88' lang='lat' dir='ltr'>aNicopoli.</span> 
     </span>
    </p>
   </div>
   <div class='ocr_carea' id='block_1_41' title="bbox 1812 4294 2378 4354">
    <p class='ocr_par' dir='ltr' id='par_1_41' title="bbox 1812 4294 2378 4354">
     <span class='ocr_line' id='line_1_41' title="bbox 1812 4294 2378 4354; baseline 0.005 -3"><span class='ocrx_word' id='word_1_520' title='bbox 1812 4294 2042 4351; x_wconf 87' lang='lat' dir='ltr'>CAPUT</span> <span class='ocrx_word' id='word_1_521' title='bbox 2069 4295 2378 4354; x_wconf 90' lang='lat' dir='ltr'>PRIMUM.</span> 
     </span>
    </p>
   </div>
   <div class='ocr_carea' id='block_1_42' title="bbox 561 4398 3763 4476">
    <p class='ocr_par' dir='ltr' id='par_1_42' title="bbox 561 4398 3763 4476">
     <span class='ocr_line' id='line_1_42' title="bbox 561 4398 3763 4476; baseline -0.002 -12"><span class='ocrx_word' id='word_1_522' title='bbox 561 4404 770 4465; x_wconf 87' lang='lat' dir='ltr'>Paulus</span> <span class='ocrx_word' id='word_1_523' title='bbox 788 4401 984 4463; x_wconf 38' lang='lat' dir='ltr'>&#39;servus</span> <span class='ocrx_word' id='word_1_524' title='bbox 1012 4403 1134 4471; x_wconf 91' lang='lat' dir='ltr'>Dei,</span> <span class='ocrx_word' id='word_1_525' title='bbox 1158 4398 1460 4476; x_wconf 85' lang='lat' dir='ltr'>Apostolus</span> <span class='ocrx_word' id='word_1_526' title='bbox 1484 4398 1697 4469; x_wconf 84' lang='lat' dir='ltr'>autem,</span> <span class='ocrx_word' id='word_1_527' title='bbox 1730 4405 1986 4468; x_wconf 88' lang='lat' dir='ltr'>nuntius,</span> <span class='ocrx_word' id='word_1_528' title='bbox 2012 4400 2042 4457; x_wconf 90' lang='lat' dir='ltr'><strong>J</strong></span> <span class='ocrx_word' id='word_1_529' title='bbox 2046 4419 2147 4457; x_wconf 91' lang='lat' dir='ltr'>esu</span> <span class='ocrx_word' id='word_1_530' title='bbox 2172 4398 2381 4458; x_wconf 87' lang='lat' dir='ltr'>Christi</span> <span class='ocrx_word' id='word_1_531' title='bbox 2400 4401 2428 4458; x_wconf 73' lang='grc' dir='ltr'>ἰ</span> <span class='ocrx_word' id='word_1_532' title='bbox 2448 4449 2460 4461; x_wconf 93' lang='lat'>.</span> <span class='ocrx_word' id='word_1_533' title='bbox 2469 4404 2818 4473; x_wconf 69' lang='lat' dir='ltr'>praedicando</span> <span class='ocrx_word' id='word_1_534' title='bbox 2842 4404 3158 4459; x_wconf 85' lang='lat' dir='ltr'>secundum</span> <span class='ocrx_word' id='word_1_535' title='bbox 3178 4404 3367 4471; x_wconf 85' lang='lat' dir='ltr'>ﬁdem,</span> <span class='ocrx_word' id='word_1_536' title='bbox 3392 4407 3478 4459; x_wconf 74' lang='lat' dir='ltr'>vel</span> <span class='ocrx_word' id='word_1_537' title='bbox 3505 4421 3626 4461; x_wconf 88' lang='lat' dir='ltr'>non</span> <span class='ocrx_word' id='word_1_538' title='bbox 3658 4420 3763 4459; x_wconf 85' lang='lat' dir='ltr'>me-</span> 
     </span>
    </p>
   </div>
   <div class='ocr_carea' id='block_1_43' title="bbox 495 4488 3764 4565">
    <p class='ocr_par' dir='ltr' id='par_1_43' title="bbox 495 4488 3764 4565">
     <span class='ocr_line' id='line_1_43' title="bbox 495 4488 3764 4565; baseline -0.002 -12"><span class='ocrx_word' id='word_1_539' title='bbox 495 4502 644 4564; x_wconf 87' lang='lat' dir='ltr'>ritis,</span> <span class='ocrx_word' id='word_1_540' title='bbox 667 4490 973 4552; x_wconf 86' lang='lat' dir='ltr'>electorum</span> <span class='ocrx_word' id='word_1_541' title='bbox 995 4493 1118 4560; x_wconf 90' lang='lat' dir='ltr'>Dei,</span> <span class='ocrx_word' id='word_1_542' title='bbox 1146 4499 1202 4548; x_wconf 86' lang='lat' dir='ltr'>et</span> <span class='ocrx_word' id='word_1_543' title='bbox 1217 4495 1273 4549; x_wconf 72' lang='lat'>&#39;2.</span> <span class='ocrx_word' id='word_1_544' title='bbox 1295 4493 1639 4564; x_wconf 87' lang='lat' dir='ltr'>agnitionem</span> <span class='ocrx_word' id='word_1_545' title='bbox 1667 4491 1938 4558; x_wconf 88' lang='lat' dir='ltr'>veritatis,</span> <span class='ocrx_word' id='word_1_546' title='bbox 1959 4508 2082 4563; x_wconf 81' lang='lat' dir='ltr'>quae</span> <span class='ocrx_word' id='word_1_547' title='bbox 2108 4488 2160 4543; x_wconf 93' lang='lat'>3.</span> <span class='ocrx_word' id='word_1_548' title='bbox 2185 4492 2491 4546; x_wconf 89' lang='lat' dir='ltr'>secundum</span> <span class='ocrx_word' id='word_1_549' title='bbox 2517 4494 2803 4565; x_wconf 89' lang='lat' dir='ltr'>pietatem,</span> <span class='ocrx_word' id='word_1_550' title='bbox 2822 4494 3205 4549; x_wconf 78' lang='lat' dir='ltr'>Christianam</span> <span class='ocrx_word' id='word_1_551' title='bbox 3227 4495 3577 4561; x_wconf 81' lang='lat' dir='ltr'>religionem,</span> <span class='ocrx_word' id='word_1_552' title='bbox 3607 4499 3690 4549; x_wconf 91' lang='lat' dir='ltr'>est</span> <span class='ocrx_word' id='word_1_553' title='bbox 3712 4493 3764 4547; x_wconf 90' lang='lat' dir='ltr'>in</span> 
     </span>
    </p>
   </div>
   <div class='ocr_carea' id='block_1_44' title="bbox 489 4574 3760 4659">
    <p class='ocr_par' dir='ltr' id='par_1_44' title="bbox 489 4574 3760 4659">
     <span class='ocr_line' id='line_1_44' title="bbox 489 4574 3760 4659; baseline -0.002 -18"><span class='ocrx_word' id='word_1_554' title='bbox 489 4604 652 4659; x_wconf 90' lang='lat' dir='ltr'>spem</span> <span class='ocrx_word' id='word_1_555' title='bbox 677 4578 802 4639; x_wconf 81' lang='lat' dir='ltr'>vitae</span> <span class='ocrx_word' id='word_1_556' title='bbox 828 4580 1073 4652; x_wconf 61' lang='lat' dir='ltr'>aeternae,</span> <span class='ocrx_word' id='word_1_557' title='bbox 1105 4576 1273 4653; x_wconf 86' lang='lat' dir='ltr'>quam</span> <span class='ocrx_word' id='word_1_558' title='bbox 1294 4574 1468 4637; x_wconf 83' lang='lat' dir='ltr'>vitam</span> <span class='ocrx_word' id='word_1_559' title='bbox 1500 4580 1780 4654; x_wconf 89' lang='lat' dir='ltr'>promisit,</span> <span class='ocrx_word' id='word_1_560' title='bbox 1808 4580 1905 4652; x_wconf 87' lang='lat' dir='ltr'>qui</span> <span class='ocrx_word' id='word_1_561' title='bbox 1930 4597 2044 4634; x_wconf 93' lang='lat' dir='ltr'>non</span> <span class='ocrx_word' id='word_1_562' title='bbox 2072 4579 2361 4645; x_wconf 89' lang='lat' dir='ltr'>mentitur,</span> <span class='ocrx_word' id='word_1_563' title='bbox 2384 4577 2553 4650; x_wconf 87' lang='lat' dir='ltr'>Deus,</span> <span class='ocrx_word' id='word_1_564' title='bbox 2588 4586 2718 4637; x_wconf 88' lang='lat' dir='ltr'>ante</span> <span class='ocrx_word' id='word_1_565' title='bbox 2745 4587 3002 4653; x_wconf 89' lang='lat' dir='ltr'>tempora</span> <span class='ocrx_word' id='word_1_566' title='bbox 3032 4582 3347 4651; x_wconf 78' lang='lat' dir='ltr'>saecularia;</span> <span class='ocrx_word' id='word_1_567' title='bbox 3381 4582 3760 4638; x_wconf 83' lang='lat' dir='ltr'>manifestavit</span> 
     </span>
    </p>
   </div>
   <div class='ocr_carea' id='block_1_45' title="bbox 489 4664 3758 4745">
    <p class='ocr_par' dir='ltr' id='par_1_45' title="bbox 489 4664 3758 4745">
     <span class='ocr_line' id='line_1_45' title="bbox 489 4664 3758 4745; baseline -0.003 -15"><span class='ocrx_word' id='word_1_568' title='bbox 489 4679 680 4730; x_wconf 89' lang='lat' dir='ltr'>autem</span> <span class='ocrx_word' id='word_1_569' title='bbox 709 4668 1058 4745; x_wconf 89' lang='lat' dir='ltr'>temporibus</span> <span class='ocrx_word' id='word_1_570' title='bbox 1083 4666 1220 4739; x_wconf 89' lang='lat' dir='ltr'>suis,</span> <span class='ocrx_word' id='word_1_571' title='bbox 1249 4673 1531 4740; x_wconf 82' lang='lat' dir='ltr'>congruis,</span> <span class='ocrx_word' id='word_1_572' title='bbox 1561 4675 1623 4728; x_wconf 79' lang='grc'><strong>4.</strong></span> <span class='ocrx_word' id='word_1_573' title='bbox 1662 4666 1921 4723; x_wconf 80' lang='lat' dir='ltr'>Verbum</span> <span class='ocrx_word' id='word_1_574' title='bbox 1952 4664 2139 4736; x_wconf 88' lang='lat' dir='ltr'>suum,</span> <span class='ocrx_word' id='word_1_575' title='bbox 2159 4668 2462 4729; x_wconf 78' lang='lat' dir='ltr'>Christum,</span> <span class='ocrx_word' id='word_1_576' title='bbox 2498 4669 2597 4736; x_wconf 88' lang='lat' dir='ltr'>qui</span> <span class='ocrx_word' id='word_1_577' title='bbox 2625 4671 2700 4721; x_wconf 89' lang='lat' dir='ltr'>est</span> <span class='ocrx_word' id='word_1_578' title='bbox 2728 4681 2897 4721; x_wconf 87' lang='lat' dir='ltr'>causa</span> <span class='ocrx_word' id='word_1_579' title='bbox 2915 4668 3075 4722; x_wconf 85' lang='lat' dir='ltr'>illius</span> <span class='ocrx_word' id='word_1_580' title='bbox 3104 4667 3320 4731; x_wconf 66' lang='lat' dir='ltr'>vitz,in</span> <span class='ocrx_word' id='word_1_581' title='bbox 3344 4666 3758 4737; x_wconf 80' lang='lat' dir='ltr'>praedicatione,</span> 
     </span>
    </p>
   </div>
   <div class='ocr_carea' id='block_1_46' title="bbox 1755 4808 2393 4889">
    <p class='ocr_par' dir='ltr' id='par_1_46' title="bbox 1755 4808 2393 4889">
     <span class='ocr_line' id='line_1_46' title="bbox 1755 4808 2393 4889; baseline -0.003 -24"><span class='ocrx_word' id='word_1_582' title='bbox 1755 4861 1783 4889; x_wconf 70' lang='grc'><em>,</em></span> <span class='ocrx_word' id='word_1_583' title='bbox 1800 4808 2393 4865; x_wconf 81' lang='lat' dir='ltr'>COMMENTARIUS.</span> 
     </span>
    </p>
   </div>
   <div class='ocr_carea' id='block_1_47' title="bbox 551 4916 3261 4985">
    <p class='ocr_par' dir='ltr' id='par_1_47' title="bbox 551 4916 3261 4985">
     <span class='ocr_line' id='line_1_47' title="bbox 551 4916 3261 4985; baseline -0.004 -3"><span class='ocrx_word' id='word_1_584' title='bbox 551 4924 709 4983; x_wconf 75' lang='lat' dir='ltr'>CAP;</span> <span class='ocrx_word' id='word_1_585' title='bbox 730 4925 847 4981; x_wconf 75' lang='lat' dir='ltr'>I.-&#39;—</span> <span class='ocrx_word' id='word_1_586' title='bbox 874 4924 926 4979; x_wconf 83' lang='grc'>1.</span> <span class='ocrx_word' id='word_1_587' title='bbox 950 4924 1205 4978; x_wconf 80' lang='lat' dir='ltr'>AMBROS.</span> <span class='ocrx_word' id='word_1_588' title='bbox 1226 4918 1735 4985; x_wconf 73' lang='lat' dir='ltr'>Sec’undum‘ﬁdem</span> <span class='ocrx_word' id='word_1_589' title='bbox 1762 4919 2077 4973; x_wconf 84' lang='lat' dir='ltr'>electorum.</span> <span class='ocrx_word' id='word_1_590' title='bbox 2162 4922 2308 4983; x_wconf 83' lang='lat' dir='ltr'>tum,</span> <span class='ocrx_word' id='word_1_591' title='bbox 2337 4922 2626 4972; x_wconf 88' lang='lat' dir='ltr'>mortuum</span> <span class='ocrx_word' id='word_1_592' title='bbox 2650 4916 3046 4983; x_wconf 84' lang='lat' dir='ltr'>resurrexisse,</span> <span class='ocrx_word' id='word_1_593' title='bbox 3072 4932 3261 4971; x_wconf 87' lang='lat' dir='ltr'>nosse.</span> 
     </span>
    </p>
   </div>
   <div class='ocr_carea' id='block_1_48' title="bbox 475 5003 3757 5087">
    <p class='ocr_par' dir='ltr' id='par_1_48' title="bbox 475 5003 3757 5087">
     <span class='ocr_line' id='line_1_48' title="bbox 475 5003 3757 5087; baseline -0.004 -15"><span class='ocrx_word' id='word_1_594' title='bbox 475 5017 625 5073; x_wconf 90' lang='lat' dir='ltr'>Dicit</span> <span class='ocrx_word' id='word_1_595' title='bbox 643 5015 974 5087; x_wconf 85' lang='lat' dir='ltr'>Apostolus:</span> <span class='ocrx_word' id='word_1_596' title='bbox 1008 5012 1348 5067; x_wconf 84' lang='lat' dir='ltr'>constitutus</span> <span class='ocrx_word' id='word_1_597' title='bbox 1385 5020 1509 5063; x_wconf 89' lang='lat' dir='ltr'>sum</span> <span class='ocrx_word' id='word_1_598' title='bbox 1530 5012 1597 5061; x_wconf 91' lang='lat' dir='ltr'>ut</span> <span class='ocrx_word' id='word_1_599' title='bbox 1614 5018 1716 5077; x_wconf 87' lang='lat' dir='ltr'>per</span> <span class='ocrx_word' id='word_1_600' title='bbox 1744 5016 1835 5059; x_wconf 86' lang='lat' dir='ltr'>me</span> <span class='ocrx_word' id='word_1_601' title='bbox 1850 5007 2082 5060; x_wconf 87' lang='lat' dir='ltr'>credant</span> <span class='ocrx_word' id='word_1_602' title='bbox 2234 5003 2284 5059; x_wconf 91' lang='lat'>3.</span> <span class='ocrx_word' id='word_1_603' title='bbox 2320 5006 2635 5061; x_wconf 86' lang='lat' dir='ltr'>Secundum</span> <span class='ocrx_word' id='word_1_604' title='bbox 2656 5008 2937 5073; x_wconf 85' lang='lat' dir='ltr'>pietatem.</span> <span class='ocrx_word' id='word_1_605' title='bbox 2970 5004 3083 5058; x_wconf 91' lang='lat' dir='ltr'>Per</span> <span class='ocrx_word' id='word_1_606' title='bbox 3120 5021 3289 5076; x_wconf 90' lang='lat' dir='ltr'>quam</span> <span class='ocrx_word' id='word_1_607' title='bbox 3315 5003 3591 5060; x_wconf 90' lang='lat' dir='ltr'>habemus</span> <span class='ocrx_word' id='word_1_608' title='bbox 3602 5021 3757 5078; x_wconf 83' lang='lat' dir='ltr'>spem</span> 
     </span>
    </p>
   </div>
   <div class='ocr_carea' id='block_1_49' title="bbox 475 5092 3756 5173">
    <p class='ocr_par' dir='ltr' id='par_1_49' title="bbox 475 5092 3756 5173">
     <span class='ocr_line' id='line_1_49' title="bbox 475 5092 3756 5173; baseline -0.005 -10"><span class='ocrx_word' id='word_1_609' title='bbox 475 5106 657 5173; x_wconf 88' lang='lat' dir='ltr'>electi,</span> <span class='ocrx_word' id='word_1_610' title='bbox 676 5111 741 5161; x_wconf 88' lang='lat' dir='ltr'>ut</span> <span class='ocrx_word' id='word_1_611' title='bbox 762 5104 937 5158; x_wconf 89' lang='lat' dir='ltr'>vitam</span> <span class='ocrx_word' id='word_1_612' title='bbox 962 5107 1231 5157; x_wconf 80' lang='lat' dir='ltr'>aeternam</span> <span class='ocrx_word' id='word_1_613' title='bbox 1261 5096 1484 5168; x_wconf 88' lang='lat' dir='ltr'>assequi</span> <span class='ocrx_word' id='word_1_614' title='bbox 1504 5094 1741 5167; x_wconf 89' lang='lat' dir='ltr'>possint,</span> <span class='ocrx_word' id='word_1_615' title='bbox 1774 5108 1945 5165; x_wconf 84' lang='lat' dir='ltr'>quam</span> <span class='ocrx_word' id='word_1_616' title='bbox 1973 5095 2107 5149; x_wconf 71' lang='lat' dir='ltr'>du-‘</span> <span class='ocrx_word' id='word_1_617' title='bbox 2162 5099 2385 5149; x_wconf 82' lang='lat' dir='ltr'>aeternae</span> <span class='ocrx_word' id='word_1_618' title='bbox 2410 5094 2558 5149; x_wconf 66' lang='lat' dir='ltr'>vitae.</span> <span class='ocrx_word' id='word_1_619' title='bbox 2592 5094 2817 5149; x_wconf 89' lang='lat' dir='ltr'>Diceret</span> <span class='ocrx_word' id='word_1_620' title='bbox 2844 5094 2969 5165; x_wconf 91' lang='lat' dir='ltr'>quis</span> <span class='ocrx_word' id='word_1_621' title='bbox 3001 5112 3012 5148; x_wconf 91' lang='lat'><strong>:</strong></span> <span class='ocrx_word' id='word_1_622' title='bbox 3043 5092 3181 5148; x_wconf 90' lang='lat' dir='ltr'>satis</span> <span class='ocrx_word' id='word_1_623' title='bbox 3213 5098 3374 5164; x_wconf 90' lang='lat' dir='ltr'>potes</span> <span class='ocrx_word' id='word_1_624' title='bbox 3421 5110 3670 5165; x_wconf 87' lang='lat' dir='ltr'>sperare,</span> <span class='ocrx_word' id='word_1_625' title='bbox 3702 5099 3756 5148; x_wconf 91' lang='lat' dir='ltr'>et</span> 
     </span>
    </p>
   </div>
   <div class='ocr_carea' id='block_1_50' title="bbox 471 5181 3755 5270">
    <p class='ocr_par' dir='ltr' id='par_1_50' title="bbox 471 5181 3755 5270">
     <span class='ocr_line' id='line_1_50' title="bbox 471 5181 3755 5270; baseline -0.005 -19"><span class='ocrx_word' id='word_1_626' title='bbox 471 5196 608 5252; x_wconf 89' lang='lat' dir='ltr'>dum</span> <span class='ocrx_word' id='word_1_627' title='bbox 652 5196 1059 5270; x_wconf 85' lang='lat' dir='ltr'>repraesentare</span> <span class='ocrx_word' id='word_1_628' title='bbox 1087 5189 1581 5261; x_wconf 80' lang='lat' dir='ltr'>praesumpSerant.</span> <span class='ocrx_word' id='word_1_629' title='bbox 1640 5184 1706 5238; x_wconf 91' lang='lat' dir='ltr'>In</span> <span class='ocrx_word' id='word_1_630' title='bbox 1757 5196 1897 5254; x_wconf 90' lang='lat' dir='ltr'>opus</span> <span class='ocrx_word' id='word_1_631' title='bbox 1942 5198 2072 5238; x_wconf 89' lang='lat' dir='ltr'>vero</span> <span class='ocrx_word' id='word_1_632' title='bbox 2158 5183 2299 5237; x_wconf 91' lang='lat' dir='ltr'>nihil</span> <span class='ocrx_word' id='word_1_633' title='bbox 2330 5184 2633 5255; x_wconf 87' lang='lat' dir='ltr'>consequi;</span> <span class='ocrx_word' id='word_1_634' title='bbox 2694 5184 2766 5237; x_wconf 89' lang='lat' dir='ltr'>ad</span> <span class='ocrx_word' id='word_1_635' title='bbox 2790 5184 2897 5238; x_wconf 89' lang='lat' dir='ltr'>hoc</span> <span class='ocrx_word' id='word_1_636' title='bbox 2926 5181 3269 5253; x_wconf 89' lang='lat' dir='ltr'>respondet:</span> <span class='ocrx_word' id='word_1_637' title='bbox 3302 5184 3481 5250; x_wconf 81' lang='lat' dir='ltr'>Quam</span> <span class='ocrx_word' id='word_1_638' title='bbox 3498 5186 3755 5252; x_wconf 80' lang='lat' dir='ltr'>promisit</span> 
     </span>
    </p>
   </div>
   <div class='ocr_carea' id='block_1_51' title="bbox 466 5271 3754 5354">
    <p class='ocr_par' dir='ltr' id='par_1_51' title="bbox 466 5271 3754 5354">
     <span class='ocr_line' id='line_1_51' title="bbox 466 5271 3754 5354; baseline -0.004 -15"><span class='ocrx_word' id='word_1_639' title='bbox 466 5300 617 5339; x_wconf 89' lang='lat' dir='ltr'>nunc</span> <span class='ocrx_word' id='word_1_640' title='bbox 626 5280 890 5354; x_wconf 84' lang='lat' dir='ltr'>produxit</span> <span class='ocrx_word' id='word_1_641' title='bbox 904 5280 1207 5335; x_wconf 88' lang='lat' dir='ltr'>adventum</span> <span class='ocrx_word' id='word_1_642' title='bbox 1225 5273 1456 5340; x_wconf 88' lang='lat' dir='ltr'>Christi,</span> <span class='ocrx_word' id='word_1_643' title='bbox 1503 5272 1729 5343; x_wconf 90' lang='lat' dir='ltr'>quando</span> <span class='ocrx_word' id='word_1_644' title='bbox 1776 5272 1985 5343; x_wconf 86' lang='lat' dir='ltr'>Optime</span> <span class='ocrx_word' id='word_1_645' title='bbox 2010 5289 2071 5327; x_wconf 91' lang='lat' dir='ltr'>se</span> <span class='ocrx_word' id='word_1_646' title='bbox 2154 5274 2319 5328; x_wconf 86' lang='lat' dir='ltr'>Deus.</span> <span class='ocrx_word' id='word_1_647' title='bbox 2337 5274 2549 5328; x_wconf 88' lang='lat' dir='ltr'>Iterum</span> <span class='ocrx_word' id='word_1_648' title='bbox 2572 5271 2852 5342; x_wconf 88' lang='lat' dir='ltr'>objicienti</span> <span class='ocrx_word' id='word_1_649' title='bbox 2876 5287 2887 5320; x_wconf 88' lang='lat'>:</span> <span class='ocrx_word' id='word_1_650' title='bbox 2912 5287 3039 5343; x_wconf 88' lang='lat' dir='ltr'>spes</span> <span class='ocrx_word' id='word_1_651' title='bbox 3058 5271 3361 5343; x_wconf 87' lang='lat' dir='ltr'>aliquando</span> <span class='ocrx_word' id='word_1_652' title='bbox 3374 5271 3537 5338; x_wconf 83' lang='lat' dir='ltr'>fallit,</span> <span class='ocrx_word' id='word_1_653' title='bbox 3558 5272 3754 5344; x_wconf 82' lang='lat' dir='ltr'>adjun-</span> 
     </span>
    </p>
   </div>
   <div class='ocr_carea' id='block_1_52' title="bbox 463 5362 3164 5433">
    <p class='ocr_par' dir='ltr' id='par_1_52' title="bbox 463 5362 3164 5433">
     <span class='ocr_line' id='line_1_52' title="bbox 463 5362 3164 5433; baseline -0.004 -7"><span class='ocrx_word' id='word_1_654' title='bbox 463 5378 586 5426; x_wconf 75' lang='lat' dir='ltr'>rem‘</span> <span class='ocrx_word' id='word_1_655' title='bbox 614 5370 824 5423; x_wconf 89' lang='lat' dir='ltr'>habere</span> <span class='ocrx_word' id='word_1_656' title='bbox 853 5367 1208 5433; x_wconf 83' lang='lat' dir='ltr'>existimavit.</span> <span class='ocrx_word' id='word_1_657' title='bbox 1562 5370 1563 5373; x_wconf 67' lang='grc'><em>“</em></span> <span class='ocrx_word' id='word_1_658' title='bbox 1622 5372 1625 5375; x_wconf 86' lang='grc'><em>’</em></span> <span class='ocrx_word' id='word_1_659' title='bbox 1774 5372 1777 5373; x_wconf 66' lang='grc'><strong><em>⁷</em></strong></span> <span class='ocrx_word' id='word_1_660' title='bbox 1875 5372 1881 5376; x_wconf 74' lang='grc'><em>’</em></span> <span class='ocrx_word' id='word_1_661' title='bbox 2150 5362 2238 5433; x_wconf 84' lang='lat' dir='ltr'>git</span> <span class='ocrx_word' id='word_1_662' title='bbox 2269 5379 2280 5415; x_wconf 93' lang='lat'>:</span> <span class='ocrx_word' id='word_1_663' title='bbox 2310 5365 2410 5430; x_wconf 88' lang='lat' dir='ltr'>qui</span> <span class='ocrx_word' id='word_1_664' title='bbox 2446 5378 2559 5416; x_wconf 82' lang='lat' dir='ltr'>non</span> <span class='ocrx_word' id='word_1_665' title='bbox 2586 5365 2876 5416; x_wconf 85' lang='lat' dir='ltr'>mentitur.</span> <span class='ocrx_word' id='word_1_666' title='bbox 3160 5388 3164 5392; x_wconf 29' lang='grc' dir='ltr'><strong>Α</strong></span> 
     </span>
    </p>
   </div>
   <div class='ocr_carea' id='block_1_53' title="bbox 534 5448 3751 5525">
    <p class='ocr_par' dir='ltr' id='par_1_53' title="bbox 534 5448 3751 5525">
     <span class='ocr_line' id='line_1_53' title="bbox 534 5448 3751 5525; baseline -0.003 -12"><span class='ocrx_word' id='word_1_667' title='bbox 534 5457 812 5515; x_wconf 54' lang='lat' dir='ltr'>21¢an.</span> <span class='ocrx_word' id='word_1_668' title='bbox 833 5458 1189 5525; x_wconf 78' lang='lat' dir='ltr'>Agnitionem</span> <span class='ocrx_word' id='word_1_669' title='bbox 1209 5453 1477 5506; x_wconf 77' lang='lat' dir='ltr'>veritatis.</span> <span class='ocrx_word' id='word_1_670' title='bbox 1494 5448 1729 5504; x_wconf 82' lang='lat' dir='ltr'>‘Ve’ritas</span> <span class='ocrx_word' id='word_1_671' title='bbox 1757 5449 2065 5505; x_wconf 89' lang='lat' dir='ltr'>secundum</span> <span class='ocrx_word' id='word_1_672' title='bbox 2218 5449 2273 5506; x_wconf 89' lang='grc'><strong>4.</strong></span> <span class='ocrx_word' id='word_1_673' title='bbox 2322 5453 2557 5506; x_wconf 83' lang='lat' dir='ltr'>Verbum</span> <span class='ocrx_word' id='word_1_674' title='bbox 2578 5466 2765 5505; x_wconf 84' lang='lat' dir='ltr'>suum.</span> <span class='ocrx_word' id='word_1_675' title='bbox 2789 5450 3270 5505; x_wconf 79' lang='lat' dir='ltr'>Vitam-aeternam</span> <span class='ocrx_word' id='word_1_676' title='bbox 3304 5450 3447 5521; x_wconf 78' lang='lat' dir='ltr'>(quae</span> <span class='ocrx_word' id='word_1_677' title='bbox 3475 5450 3751 5520; x_wconf 84' lang='lat' dir='ltr'>promissa</span> 
     </span>
    </p>
   </div>
   <div class='ocr_carea' id='block_1_54' title="bbox 457 5538 3758 5622">
    <p class='ocr_par' dir='ltr' id='par_1_54' title="bbox 457 5538 3758 5622">
     <span class='ocr_line' id='line_1_54' title="bbox 457 5538 3758 5622; baseline -0.002 -20"><span class='ocrx_word' id='word_1_678' title='bbox 457 5548 747 5622; x_wconf 86' lang='lat' dir='ltr'>pietatem,</span> <span class='ocrx_word' id='word_1_679' title='bbox 778 5546 839 5602; x_wconf 91' lang='lat' dir='ltr'>id</span> <span class='ocrx_word' id='word_1_680' title='bbox 868 5551 976 5616; x_wconf 87' lang='lat' dir='ltr'>est,</span> <span class='ocrx_word' id='word_1_681' title='bbox 990 5542 1372 5600; x_wconf 89' lang='lat' dir='ltr'>Christianam</span> <span class='ocrx_word' id='word_1_682' title='bbox 1406 5540 1756 5613; x_wconf 87' lang='lat' dir='ltr'>religionem,</span> <span class='ocrx_word' id='word_1_683' title='bbox 1780 5545 1873 5596; x_wconf 86' lang='lat' dir='ltr'>est</span> <span class='ocrx_word' id='word_1_684' title='bbox 1888 5540 2067 5596; x_wconf 58' lang='lat' dir='ltr'>Crea:</span> <span class='ocrx_word' id='word_1_685' title='bbox 2101 5554 2107 5559; x_wconf 69' lang='lat'><strong><em>’</em></strong></span> <span class='ocrx_word' id='word_1_686' title='bbox 2145 5544 2204 5595; x_wconf 91' lang='lat' dir='ltr'>et</span> <span class='ocrx_word' id='word_1_687' title='bbox 2221 5540 2578 5595; x_wconf 88' lang='lat' dir='ltr'>manifestata</span> <span class='ocrx_word' id='word_1_688' title='bbox 2597 5539 2708 5611; x_wconf 91' lang='lat' dir='ltr'>est)</span> <span class='ocrx_word' id='word_1_689' title='bbox 2728 5539 2866 5595; x_wconf 90' lang='lat' dir='ltr'>dicit</span> <span class='ocrx_word' id='word_1_690' title='bbox 2885 5555 3006 5595; x_wconf 89' lang='lat' dir='ltr'>esse</span> <span class='ocrx_word' id='word_1_691' title='bbox 3019 5538 3274 5596; x_wconf 87' lang='lat' dir='ltr'>Verbum</span> <span class='ocrx_word' id='word_1_692' title='bbox 3292 5538 3396 5595; x_wconf 87' lang='lat' dir='ltr'>Dei</span> <span class='ocrx_word' id='word_1_693' title='bbox 3420 5556 3432 5593; x_wconf 89' lang='lat'><strong>:</strong></span> <span class='ocrx_word' id='word_1_694' title='bbox 3464 5539 3579 5607; x_wconf 85' lang='lat' dir='ltr'>Ego</span> <span class='ocrx_word' id='word_1_695' title='bbox 3596 5554 3722 5595; x_wconf 82' lang='lat' dir='ltr'>sum</span> <span class='ocrx_word' id='word_1_696' title='bbox 3733 5568 3758 5609; x_wconf 88' lang='lat'>,-</span> 
     </span>
    </p>
   </div>
   <div class='ocr_carea' id='block_1_55' title="bbox 455 5628 3031 5703">
    <p class='ocr_par' dir='ltr' id='par_1_55' title="bbox 455 5628 3031 5703">
     <span class='ocr_line' id='line_1_55' title="bbox 455 5628 3031 5703; baseline -0.004 -8"><span class='ocrx_word' id='word_1_697' title='bbox 455 5644 643 5695; x_wconf 84' lang='lat' dir='ltr'>torem</span> <span class='ocrx_word' id='word_1_698' title='bbox 665 5641 983 5695; x_wconf 85' lang='lat' dir='ltr'>creaturam</span> <span class='ocrx_word' id='word_1_699' title='bbox 1020 5633 1253 5703; x_wconf 82' lang='lat' dir='ltr'>factum,</span> <span class='ocrx_word' id='word_1_700' title='bbox 1280 5631 1572 5689; x_wconf 89' lang='lat' dir='ltr'>hominem</span> <span class='ocrx_word' id='word_1_701' title='bbox 1600 5630 1673 5686; x_wconf 86' lang='lat' dir='ltr'>de</span> <span class='ocrx_word' id='word_1_702' title='bbox 1688 5628 1927 5702; x_wconf 84' lang='lat' dir='ltr'>Virgine</span> <span class='ocrx_word' id='word_1_703' title='bbox 1956 5644 2063 5686; x_wconf 86' lang='lat' dir='ltr'>na-</span> <span class='ocrx_word' id='word_1_704' title='bbox 2143 5629 2347 5702; x_wconf 86' lang='lat' dir='ltr'>inquit,</span> <span class='ocrx_word' id='word_1_705' title='bbox 2376 5633 2489 5695; x_wconf 78' lang='lat' dir='ltr'>via,</span> <span class='ocrx_word' id='word_1_706' title='bbox 2520 5636 2571 5686; x_wconf 83' lang='lat' dir='ltr'>et</span> <span class='ocrx_word' id='word_1_707' title='bbox 2595 5632 2798 5686; x_wconf 80' lang='lat' dir='ltr'>veritas</span> <span class='ocrx_word' id='word_1_708' title='bbox 2828 5635 2878 5685; x_wconf 86' lang='lat' dir='ltr'>et</span> <span class='ocrx_word' id='word_1_709' title='bbox 2895 5632 3031 5686; x_wconf 66' lang='lat' dir='ltr'>vita.</span> 
     </span>
    </p>
   </div>
  </div>
