3878 6352
88 358 201 415 369-
804 356 882 411 IN
918 355 985 410 D.
1026 353 1242 410 PAULI
1280 353 1503 412 EPIST.
1545 353 1917 411 COMMENT.
1958 384 2022 397 -
2060 351 2284 411 EPIST.
2324 355 2421 410 AD
2456 354 2593 411 TIT.
3219 357 3331 416 370

86 497 195 553 quae
219 480 433 537 credita
462 483 548 535 est
567 479 707 536 mihi
732 479 1042 535 secundum
1067 485 1406 550 praeceptum
1436 478 1742 534 Salvatoris
1771 477 1954 534 nostri
1982 477 2123 547 Dei;
2164 477 2291 533 Tito
2314 478 2365 533 5.
2402 478 2606 534 dilecto
2634 479 2751 535 ﬁlio
2780 481 3088 537 secundum
3126 482 3326 552 (deter-

84 576 244 626 minat
290 570 561 639 quomodo
606 573 679 623 sit
722 569 901 639 ﬁlius}
948 584 1304 622 communem
1343 568 1533 633 ﬁdem,
1590 566 1775 637 gratia
1811 571 1868 621 et
1905 582 2013 637 pax
2050 583 2085 620 a
2120 567 2237 621 Deo
2268 567 2437 621 Patre
2488 572 2546 622 et
2596 569 2818 624 Christo
2859 571 2994 625 Jesu
3041 571 3326 627 Salvatore

81 664 271 716 nostro.
311 659 501 730 Hujus
528 658 612 713 rei
653 656 840 729 gratia
879 656 1083 726 reliqui
1127 661 1184 710 te
1213 657 1412 722 Cretas,
1444 661 1509 709 ut
1536 654 1589 709 6.
1622 671 1690 709 ea
1738 672 1862 725 quae
1906 655 2110 709 desunt
2152 655 2424 725 corrigas,
2470 661 2738 726 suppleas,
2772 663 2831 713 et
2874 660 3183 715 constituas
3227 677 3329 732 per

80 751 310 804 civitates
345 748 729 820 presbyteros,
767 749 1055 815 episcopos,
1086 744 1233 813 sicut
1260 750 1313 799 et
1343 761 1445 816 ego
1474 744 1726 816 disposui
1764 743 1887 798 tibi.
1922 744 1980 798 Si
2010 743 2135 814 quis
2168 744 2218 798 7.
2252 743 2375 799 sine
2402 744 2638 800 crimine
2666 752 2769 814 est,
2804 748 2974 803 unius
3000 749 3191 803 uxoris
3219 749 3326 818 vir,

77 837 202 893 ﬁlios
227 836 442 891 habens
487 836 699 903 ﬁdeles,
730 851 845 889 non
887 834 947 888 in
982 832 1337 889 accusatione
1379 832 1632 900 luxuriae,
1663 837 1763 895 aut
1807 847 1922 885 non
1967 831 2238 887 subditos.
2269 837 2322 889 8.
2364 833 2600 905 Oportet
2645 836 2796 890 enim
2833 836 3175 909 episcopum,
3201 836 3325 892 sine

78 931 232 992 ιω
263 925 508 980 crimine
527 941 668 989 esse,
696 924 843 978 sicut
865 923 969 977 Dei
995 922 1439 993 dispensatorem
1464 942 1477 990 ;
1511 938 1623 976 non
1642 920 1969 992 superbum,
1989 918 2043 976 9.
2068 937 2181 975 non
2207 921 2559 990 iracundum,
2584 940 2697 979 non
2721 925 3089 993 vinolentum,
3112 928 3326 992 effectus

74 1016 378 1081 iracundiis,
393 1030 512 1069 non
530 1029 938 1086 percussorem,
960 1027 1071 1066 non
1099 1011 1281 1082 turpis
1305 1011 1444 1065 lucri
1469 1011 1764 1082 cupidum;
1787 1010 1887 1064 sed
1905 1009 2261 1081 hospitalem,
2289 1011 2617 1083 benignum,
2644 1013 2915 1079 sobrium,
2932 1016 3171 1086 justum,
3194 1030 3325 1069 san-

75 1110 225 1171 ctum,
238 1104 647 1168 continentem,
660 1103 1111 1174 amplectentem,
1127 1103 1223 1154 adi
1228 1118 1276 1154 m
1276 1103 1519 1168 plcntem
1534 1116 1844 1168 opere,eum
1858 1098 1953 1170 qui
1968 1099 2277 1154 secundum
2294 1100 2609 1157 doctrinam
2624 1104 2959 1171 est,ﬁdelem
2972 1119 3315 1169 sermonem,

75 1194 362 1247 doctrinam
381 1196 589 1247 scilicet
610 1193 992 1247 Christianam
1010 1206 1275 1255 ueracem,
1296 1195 1362 1243 ut
1390 1193 1589 1260 potens
1615 1192 1687 1242 sit
1713 1187 1996 1242 exhortari
2024 1187 2082 1241 in
2109 1187 2366 1243 doctrina
2392 1206 2550 1258 sana,
2581 1196 2834 1257 sanante,
2862 1197 2920 1246 et
2946 1208 3042 1246 eos
3063 1191 3159 1263 qui
3190 1208 3320 1247 con-

75 1282 352 1348 tradicunt,
379 1284 766 1344 inobedientes,
793 1296 1050 1351 arguere.
1076 1280 1221 1334 Sunt
1247 1277 1398 1332 enim
1424 1277 1586 1331 multi
1615 1277 1787 1332 etiam
1817 1276 2221 1344 inobcdientes,
2246 1278 2547 1350 vaniloqui,
2570 1285 2628 1334 et
2654 1282 2996 1350 seductores,
3024 1282 3247 1350 (pseudo
3266 1286 3316 1335 et

73 1373 435 1425 incircumcisi
450 1372 770 1439 quastiones
790 1371 1084 1438 deceptorie
1106 1370 1309 1422 exteris
1324 1368 1617 1434 faciebant)
1633 1364 1875 1418 maxime
1895 1365 1991 1435 qui
2010 1365 2080 1419 de
2100 1364 2524 1421 circumcisione
2542 1372 2701 1433 sunt;
2726 1386 2866 1440 quos
2886 1373 3109 1440 oportet
3122 1368 3313 1423 redar-

73 1459 179 1528 gui;
209 1459 301 1530 qui
319 1460 618 1514 universas
639 1459 855 1524 domos,
877 1460 1148 1526 familias,
1173 1455 1506 1511 subvertant
1522 1471 1557 1508 a
1585 1455 1707 1521 ﬁde,
1732 1453 1995 1509 docentes
2016 1472 2139 1526 quae
2166 1472 2280 1510 non
2304 1461 2546 1523 oportet,
2569 1459 2751 1530 turpis
2774 1459 2917 1513 lucri
2938 1459 3143 1530 gratia.
3156 1459 3314 1515 Dixit

73 1547 271 1616 quidam
300 1565 368 1602 ex
398 1548 517 1602 illis
543 1545 632 1604 10.
660 1547 921 1618 proprius
961 1547 1214 1618 ipsorum
1255 1544 1531 1616 propheta
1558 1561 1569 1596 :
1607 1540 1691 1598 11.
1726 1544 2020 1599 Cretenses
2047 1560 2270 1615 semper
2298 1545 2617 1611 mendaces,
2649 1546 2811 1601 malae
2844 1546 3056 1613 bestize,
3086 1551 3311 1601 ventres

64 1635 203 1705 pigri.
224 1636 639 1690 Testimonium
657 1635 764 1689 hoc
782 1637 846 1689 de
866 1635 1210 1691 Cretensibus
1231 1647 1426 1686 verum
1456 1636 1560 1686 est.
1584 1630 1765 1695 Quam
1794 1631 1863 1686 ob
1882 1649 2108 1688 causam
2137 1634 2366 1705 increpa
2389 1634 2514 1689 illos
2536 1634 2694 1702 dure,
2720 1640 2786 1691 ut
2803 1636 2927 1690 sani
2947 1637 3063 1691 sint
3088 1635 3150 1692 in
3177 1636 3307 1703 ﬁde,

66 1738 159 1776 non
183 1723 544 1779 intendentes
565 1723 812 1779 Judaicis
830 1722 1053 1788 fabulis,
1086 1726 1145 1775 et
1167 1720 1469 1786 mandatis,
1504 1720 1922 1787 traditionibus,
1950 1722 2247 1776 hominum
2277 1722 2651 1778 avertentium
2680 1740 2741 1779 se
2772 1742 2808 1778 a
2833 1725 3091 1792 veritate,
3123 1727 3311 1779 volen-

66 1815 183 1865 tium
201 1814 520 1881 judaizare,
545 1829 580 1865 a
610 1814 743 1867 cibis
762 1814 1056 1879 abstinere,
1079 1811 1222 1879 quod
1243 1825 1355 1864 non
1377 1811 1539 1871 decet,
1567 1810 1702 1877 quia
1726 1806 1809 1874 12,
1836 1807 1919 1876 13,
1943 1810 2034 1865 14.
2062 1810 2267 1865 Omnia
2289 1811 2502 1866 munda
2521 1813 2746 1867 mundis
2772 1832 2785 1881 ;
2827 1812 2909 1870 15.
2931 1813 3311 1884 coinquinatis

64 1906 223 1954 autem
252 1905 307 1955 et
333 1900 662 1955 inﬁdelibus
689 1899 830 1954 nihil
859 1904 946 1954 est
973 1898 1268 1963 mundum,
1301 1897 1400 1951 sed
1425 1895 1732 1966 inquinata:
1760 1901 1896 1950 sunt
1921 1914 2119 1953 eorum
2137 1904 2194 1953 et
2224 1915 2384 1953 mens
2406 1904 2463 1953 et
2491 1900 2852 1955 conscientia.
2877 1901 3232 1956 Conﬁtentur
3250 1917 3313 1956 se

64 2004 200 2044 nosse
216 1990 418 2057 Deum,
442 1990 610 2046 factis
633 1995 823 2046 autem
842 1992 1075 2059 negant,
1095 2002 1224 2042 cum
1243 1984 1359 2039 sint
1384 1983 1715 2051 abominati,
1743 1987 1941 2053 abjecti
1967 2002 2003 2040 a
2032 1988 2155 2050 Deo,
2182 1991 2239 2042 et
2267 1986 2641 2057 incredibiles,
2670 1993 2728 2044 et
2754 1989 2828 2044 ad
2855 2005 3022 2045 omne
3047 2005 3188 2061 opus
3215 1988 3313 2045 bo-

67 2092 176 2131 num
199 2078 441 2150 reprobi.
1600 2130 1617 2142 .

1486 2161 1721 2217 CAPUT
1759 2160 1835 2216 II.

118 2291 191 2346 Tu
214 2291 399 2348 autem
419 2294 655 2365 loquere
680 2307 803 2363 quae
831 2291 1033 2345 docent
1050 2303 1247 2343 sanam
1278 2286 1615 2341 doctrinam.
1638 2287 1884 2341 Admone
1924 2287 2117 2355 Senes,
2139 2291 2205 2343 ut
2235 2287 2408 2343 sobrii
2432 2289 2568 2358 sint,
2589 2290 2800 2361 pudici,
2823 2290 3152 2362 prudentes,
3178 2290 3306 2347 sani

67 2377 111 2432 in
136 2379 253 2448 ﬁde,
274 2382 332 2436 in
361 2381 687 2447 dilectione,
710 2380 771 2434 in
799 2378 1104 2450 patientia;
1138 2378 1372 2431 admone
1391 2391 1533 2430 anus
1551 2373 1814 2429 similiter
1832 2380 1893 2428 ut
1919 2379 2035 2430 sint
2057 2375 2117 2429 in
2139 2376 2335 2432 habitu
2360 2383 2574 2447 sancto,
2601 2395 2715 2434 non
2742 2379 3170 2447 criminatrices,
3192 2396 3309 2435 non

69 2469 212 2523 multo
241 2471 367 2526 vino
399 2471 731 2532 servientes,
760 2468 905 2522 bene
932 2467 1217 2535 docentes,
1249 2469 1313 2518 ut
1342 2463 1705 2535 prudentiam
1733 2465 1970 2520 doceant
1993 2466 2462 2536 adolescentulus,
2488 2474 2555 2523 ut
2580 2468 2730 2523 viros
2759 2485 2891 2523 suos
2918 2473 3131 2536 ament,
3162 2468 3308 2523 ﬁlios

71 2573 172 2610 suos
196 2559 445 2630 diligant,
489 2577 544 2614 se
592 2559 882 2612 exhibeant
907 2555 1234 2627 prudentes,
1266 2559 1466 2619 castas,
1499 2551 1734 2617 sobrias,
1767 2555 1968 2609 domus
1998 2572 2190 2610 curam
2221 2557 2515 2625 habentes,
2548 2557 2841 2633 benignas,
2885 2558 3141 2613 subditas
3166 2558 3304 2613 viris

73 2647 179 2713 suis,
198 2654 257 2702 ut
273 2665 383 2703 non
409 2648 835 2719 blasphemetur
853 2646 1085 2701 verbum
1108 2644 1229 2699 Dei.
1255 2645 1498 2699 Juvenes
1519 2641 1783 2696 similiter
1804 2642 2033 2697 hortare
2052 2649 2117 2697 ut
2142 2643 2313 2698 sobrii
2333 2645 2464 2700 sint.
2488 2647 2554 2701 In
2576 2645 2834 2701 omnibus
2854 2645 3099 2717 teipsum
3119 2645 3308 2717 praebe

72 2737 345 2808 exemplum
372 2738 656 2792 bonorum
677 2753 931 2808 operum,
955 2736 1016 2790 in
1042 2734 1319 2803 doctrina,
1340 2733 1401 2787 in
1430 2731 1754 2801 integritate
1774 2734 1915 2798 vitae,
1937 2732 1997 2786 in
2015 2736 2293 2805 gravitate
2313 2751 2537 2790 morum
2555 2734 2787 2790 verbum
2817 2751 3019 2790 sanum
3041 2738 3114 2789 sit
3144 2740 3306 2790 tuum

72 2821 527 2894 irreprehensibile
555 2831 744 2892 σιεγε
765 2831 831 2880 ut
853 2826 901 2879 is
924 2824 1021 2896 qui
1047 2840 1114 2878 ex
1135 2822 1369 2876 adverso
1398 2825 1500 2886 est,
1525 2821 1766 2886 inﬁdelis
1786 2823 1868 2873 vel
1887 2822 2158 2885 diabolus,
2182 2828 2464 2893 vereatur,
2484 2824 2625 2878 nihil
2644 2824 2856 2879 habens
2880 2824 3093 2877 malum
3119 2823 3306 2879 dicere

68 2910 120 2964 de
143 2912 308 2970 nobis.
345 2917 615 2970 Admone.
653 2916 851 2970 Servos
888 2913 1131 2968 dominis
1160 2911 1279 2966 suis
1308 2909 1562 2965 subditos
1597 2924 1739 2969 esse,
1784 2908 1844 2962 in
1886 2909 2144 2965 omnibus
2172 2912 2476 2982 placentes,
2517 2929 2631 2967 non
2675 2913 3145 2980 contradicentes,
3185 2928 3303 2967 non

69 2998 376 3070 fraudantes,
398 3004 502 3059 sed
522 3004 583 3057 in
606 3002 865 3057 omnibus
894 3002 1063 3055 ﬁdem
1090 3001 1298 3054 bonam
1318 2997 1703 3065 ostendentes,
1727 2995 1778 3052 1.
1804 3001 1870 3050 ut
1894 2998 2209 3053 doctrinam
2229 2999 2532 3054 Salvatoris
2562 3000 2745 3055 nostri
2763 3000 2867 3055 Dei
2886 2998 2940 3057 2.
2965 3004 3191 3067 ornent,
3212 3016 3303 3054 or-

74 3095 171 3143 nate
196 3090 436 3156 habeant,
461 3092 524 3147 in
551 3091 812 3146 omnibus
829 3093 986 3154 actis,
1011 3095 1060 3143 et
1083 3090 1265 3145 dictis.
1286 3088 1380 3142 Est
1405 3102 1472 3141 ne
1491 3088 1686 3152 aliqua
1704 3085 1959 3140 doctrina
1974 3092 1999 3140 ?
2015 3092 2090 3141 est
2116 3088 2225 3142 hac
2243 3103 2353 3158 qua
2372 3090 2545 3143 dicit:
2567 3086 2620 3145 3.
2642 3088 2921 3161 Apparuit
2941 3088 3093 3143 enim
3113 3087 3302 3159 gratia

1398 3225 1991 3284 COMMENTARIUS.

120 3352 162 3408 5.
180 3357 366 3415 Dilecto
393 3363 534 3429 ﬁlio.
555 3359 663 3425 Qui
696 3364 784 3414 est
799 3358 948 3413 ﬁlius
968 3374 1146 3425 meus,
1169 3372 1285 3411 non
1306 3353 1615 3409 secundum
1633 3352 1686 3410 A
1711 3349 1911 3404 Omnia
1931 3353 2145 3406 munda
2157 3353 2616 3408 mundis.0mnia
2627 3353 2841 3409 munda
2857 3352 3086 3408 mundis
3105 3369 3303 3413 secun.

68 3455 268 3515 carnem,
300 3450 396 3504 sed
431 3450 747 3505 secundum
776 3448 1108 3503 catholicam
1140 3446 1324 3511 ﬁdem,
1366 3459 1535 3515 quam
1565 3441 1616 3494 ei
1698 3439 1833 3493 dum
1860 3446 2123 3495 naturam
2151 3441 2212 3496 in
2240 3459 2354 3514 qua
2382 3448 2572 3498 creata
2598 3447 2768 3511 sunt;
2808 3459 2924 3497 non
2949 3448 3145 3497 tamen
3175 3459 3301 3498 om-

69 3526 333 3606 insinuavi;
383 3538 725 3593 catholicum
768 3538 919 3592 enim
964 3537 1174 3603 Gmce,
1216 3549 1502 3590 commune
1529 3531 1615 3585 vel
1697 3529 1794 3583 nia
1808 3530 2115 3584 secundum
2138 3531 2605 3601 signiﬁcationem
2621 3533 2863 3587 munda:
2888 3532 3070 3603 primo
3089 3533 3297 3604 populo

71 3623 330 3681 universale
355 3628 563 3683 dicitur
590 3628 808 3682 Latine,
1697 3618 2045 3686 Judaeorum;
2074 3636 2178 3674 nec
2205 3620 2365 3675 nobis
2385 3621 2576 3676 omnia
2588 3622 2675 3675 vel
2697 3626 2928 3693 propter
2949 3621 3193 3675 salutem
3209 3622 3298 3677 vel

120 3706 164 3764 6.
190 3713 422 3773 Alanos.
470 3718 552 3771 Ea
596 3733 714 3785 quas
740 3718 963 3774 desunt.
1000 3716 1151 3770 Bene
1186 3712 1326 3767 dixit
1354 3726 1478 3782 quae
1514 3708 1615 3763 de-

72 3805 207 3868 sunt;
242 3820 365 3860 nam
408 3806 640 3879 pietatis
686 3806 832 3861 ratio
862 3804 1120 3861 omnibus
1148 3801 1362 3858 credita
1388 3804 1512 3854 erat
1545 3798 1615 3854 ab

72 3883 303 3954 Apostolo.

123 3974 164 4028 7.
196 3981 432 4040 Anons'r.
481 3987 672 4053 (cmpos.
718 3989 783 4040 in
824 3986 1032 4052 Evang.
1070 3985 1254 4043 Joan.,
1295 3980 1479 4035 Tract.
1519 3975 1607 4043 41,

73 4063 175 4117 t0m.
200 4066 289 4138 IX)
313 4071 439 4129 Sine
470 4077 709 4128 crimine
752 4078 848 4130 est.
881 4072 1107 4128 Crimen
1147 4074 1337 4125 autem
1366 4072 1453 4122 est
1481 4082 1612 4137 pec-

75 4157 220 4209 catum
242 4174 418 4231 grave,
450 4161 809 4217 accusatione
846 4166 905 4216 et
942 4158 1303 4216 damnatione
1346 4155 1611 4227 dignissi-

74 4252 208 4296 mum.

127 4327 168 4382 8-
191 4332 376 4394 Lm.
412 4341 625 4409 Oportet
655 4343 979 4409 episcopum.
1009 4338 1114 4393 Hic
1149 4341 1342 4409 aperte
1367 4333 1613 4390 ostendit

78 4418 471 4492 presbyterorum
499 4429 727 4483 nomine
754 4428 1041 4500 episcopos
1071 4426 1329 4499 superius
1351 4425 1611 4494 designa-

79 4506 142 4558 tos
166 4507 330 4570 fuisse.

130 4592 170 4646 9-
197 4598 412 4659 Annos.
440 4607 566 4663 Non
594 4608 955 4662 iracundum.
980 4607 1098 4661 Hoc
1130 4610 1215 4661 est
1243 4603 1609 4659 reminiscen-

80 4680 165 4733 ῖεῐῐι
187 4683 327 4759 iram,
356 4699 411 4747 et
432 4711 536 4767 per
562 4696 715 4766 longi
744 4696 1014 4767 temporis
1042 4695 1226 4766 spatia
1252 4698 1560 4748 tenentem.

128 4767 200 4855 1οο
222 4775 408 4838 LANFn.
423 4787 692 4854 Proprius
716 4802 908 4840 eorum
921 4786 1208 4855 propheta.
1234 4782 1474 4839 Attende
1498 4796 1613 4835 non

83 4853 221 4945 solum
242 4865 461 4939 Iudaeos,
495 4874 594 4928 sed
617 4879 674 4928 et
697 4880 894 4945 gentes
922 4853 1189 4929 habuisse
1213 4873 1537 4945 prophetas.

135 4944 202 5000 Η-
236 4953 485 5016 Cretenses
529 4944 738 5032 semper
776 4964 1075 5018 mendaces.
1127 4944 1289 5017 Tales
1345 4978 1468 5015 esse
1516 4974 1610 5014 eos

86 5035 320 5124 °°I}i:1rmat
339 5055 530 5105 auctor
552 5050 928 5122 Epimenides,
952 5058 1121 5124 poeta
1146 5051 1392 5123 gentilis.

138 5117 437 5192 ῙῖοΑΜΒΒοε.
458 5117 657 5194 Omnia
677 5143 889 5195 munda
911 5117 1314 5205 mundisiQum
1334 5140 1405 5195 ad
1424 5156 1609 5195 escam

87 5201 194 5298 fma
210 5227 339 5288 sunt,
356 5226 493 5280 nihil
522 5226 580 5281 in
600 5244 659 5281 se
686 5228 1044 5283 immundum
1072 5201 1313 5298 habent;
1346 5229 1393 5283 si
1418 5233 1629 5283 tamen'

91 5296 180 5360 (luis
200 5319 307 5363 cum
325 5315 527 5369 munda
545 5317 886 5371 conscientia
907 5318 1042 5372 velit
1067 5318 1370 5373 insumere.
1403 5318 1458 5371 Si
1485 5318 1608 5389 quis

90 5388 230 5482 “item
247 5411 333 5465 Per
352 5417 506 5458 suam
535 5404 990 5461 incredulitatem
1010 5407 1182 5461 habet
1209 5388 1611 5461 conscientiam

89 5482 452 5627 :l'izqeusitnatam,
484 5493 626 5548 nihil
665 5495 940 5550 mundum
982 5496 1190 5567 poterit
1226 5496 1309 5550 illi
1338 5512 1477 5563 esse,
1514 5496 1611 5567 qui

142 5650 217 5712 13.
238 5660 464 5727 AUGUST.
485 5671 605 5742 (lib.
627 5686 759 5728 xxxx
776 5678 915 5728 cont.
943 5675 1125 5728 Faust.
1140 5711 1177 5739 .,
1198 5689 1249 5728 c.
1271 5675 1325 5741 4,
1351 5679 1487 5730 tom.
1511 5674 1607 5743 Vl)

1696 3713 1926 3778 propter
1939 3714 2209 3763 consuetu
2216 3709 2400 3763 dinem
2414 3711 2677 3765 humanae
2695 3710 2978 3765 societatis
2992 3714 3126 3781 apta
3138 3715 3293 3777 sunt,

1696 3795 1795 3850 sed
1815 3812 1939 3850 cum
1962 3814 2065 3852 sua
2080 3798 2282 3869 cuique
2299 3799 2615 3854 redduntur
2632 3804 2689 3852 et
2704 3798 3019 3853 naturalem
3039 3798 3294 3853 ordinem

1693 3891 1937 3953 servant,
1969 3886 2161 3941 omnia
2186 3887 2399 3941 munda
2416 3892 2549 3941 sunt
2574 3887 2823 3944 mundis.

1762 3990 1852 4047 44.
1877 3993 2095 4049 LANFR.
2131 3994 2331 4048 Omnia
2359 3995 2592 4047 munda.
2625 3993 2806 4047 Datur
2838 3990 3078 4062 intelligi
3116 3990 3287 4063 quod,

1692 4096 1760 4134 ex
1786 4081 2067 4136 mandatis
2097 4082 2348 4153 ipsorum
2375 4082 2687 4150 hominum,
2719 4080 2949 4153 quidam
2986 4079 3097 4135 cibi
3131 4079 3290 4151 judi-

1693 4175 1954 4225 carentur
1974 4171 2275 4226 immundi.

1766 4275 1852 4333 15.
1881 4278 2124 4333 AUGUST.
2146 4275 2336 4350 (ibid.)
2364 4277 2770 4346 Ooinquinatis.
2792 4276 3123 4333 Immundos
3150 4275 3292 4330 dicit

1692 4366 1992 4437 Apostolus
2036 4367 2184 4437 quod
2232 4366 2534 4421 carnaliter
2583 4370 2881 4438 saperent;
2922 4371 2981 4420 et
3030 4364 3288 4419 inﬁdeles

1694 4454 1842 4533 quod
1868 4459 2093 4525 tempus
2117 4455 2315 4525 gratiae
2344 4471 2377 4509 a
2418 4454 2558 4525 legis
2584 4458 2838 4526 tempore
2863 4470 2974 4508 non
3003 4452 3290 4507 disceme-

1695 4547 1840 4609 rent,
1871 4543 2074 4614 quibus
2118 4543 2245 4597 ideo
2278 4543 2415 4597 dicit
2442 4542 2584 4609 nihil
2625 4543 2919 4609 mundum,
2940 4541 3089 4613 quia
3115 4544 3174 4595 et
3197 4540 3288 4595 his

1697 4648 1819 4704 quae
1848 4633 2259 4704 respuebantur
2285 4631 2411 4705 [al.,
2445 4630 2823 4704 respuebant],
2849 4636 2906 4684 et
2930 4629 3021 4684 his
3049 4644 3172 4701 quae
3199 4643 3289 4683 su-

1692 4720 1923 4775 mebant
1949 4738 2064 4776 non
2093 4726 2303 4790 sancte,
2325 4738 2437 4776 non
2457 4722 2611 4792 juste
2636 4720 2964 4775 utebantur.

1765 4829 1921 4885 CAP.
1943 4827 2091 4883 II.—
2109 4828 2157 4884 1.
2177 4830 2385 4885 Lmn.
2414 4830 2474 4883 Ut
2497 4830 2829 4882 doctrinam.
2856 4827 2975 4881 Hoc
3002 4825 3074 4880 ad
3097 4824 3290 4879 omnia

1691 4919 1983 4990 superiora
2010 4917 2271 4985 refertur,
2301 4934 2368 4973 ex
2397 4933 2463 4972 eo
2500 4916 2641 4984 loco,
2685 4932 2796 4988 quo
2823 4914 2959 4970 dicit
2992 4933 3003 4969 :
3036 4930 3186 4969 senes
3221 4916 3289 4967 ut

1690 5010 1863 5063 sobrii
1888 5011 2022 5063 sint.

1762 5115 1815 5170 2.
1852 5116 2060 5172 Ornent
2086 5118 2152 5170 in
2175 5115 2447 5169 omnibus.
2483 5112 2899 5168 Ornamentum
2929 5107 3171 5166 doctoris
3201 5110 3289 5162 est

1691 5206 1929 5261 honesta
1954 5205 2068 5260 vita
2097 5204 2520 5276 discipulorum.

1762 5312 1815 5371 3.
1834 5315 2112 5383 Apparuit
2141 5316 2289 5367 enim
2320 5312 2593 5365 omnibus.
2618 5307 2791 5372 Quasi
2813 5305 3055 5360 diceret:
3075 5301 3290 5358 Doctri-

1693 5419 1826 5458 nam
1868 5401 2075 5457 Christi
2105 5416 2305 5456 ornare
2346 5402 2571 5470 oportet
2599 5395 2780 5450 omnis
2822 5392 2914 5447 cui
2949 5391 3138 5463 gratia
3161 5390 3288 5457 Dei,

1692 5494 1750 5548 id
1778 5498 1865 5548 est
1891 5491 2148 5547 remissio
2176 5493 2553 5563 peccatorum,
2573 5491 2631 5541 et
2658 5485 2771 5538 vita
2790 5487 3002 5539 asterna
3018 5481 3079 5537 in
3097 5497 3293 5553 prom-

1692 5588 1795 5656 ptu
1826 5588 1932 5651 est,
1966 5580 2227 5637 omnibus
2250 5574 2581 5634 ornantibus
2606 5588 2752 5631 eam.
