3878 6350
83 318 175 392 313
620 341 699 397 IN
739 342 796 397 ι).
839 343 1056 401 PAULI
1097 333 1320 402 E-PIST.
1365 329 1737 401 coMM‘EN'r‘.
1781 365 1846 388 —-
1886 333 2109 402 EP’IS’F.
2151 331 2250 400 At)
2286 330 2788 401 PH‘lLEiiONEM.
3231 335 3342 401 3'34

80 462 256 532 Appiae
283 465 455 516 ua‘ori
479 465 652 519 sorori
676 464 1035 534 charissima},
1071 467 1127 525 et
1157 465 1434 542 Archippo
1468 475 1584 537 ﬁlio
1614 475 1729 538 ejus
1750 466 2120 526 commilitoni
2153 477 2366 531 nostro,
2401 475 2455 524 et
2489 467 2764 534 Ecclesiae,
2799 477 2927 541 quae
2951 471 3008 524 in
3038 471 3206 525 dom
3228 477 3333 526 tua

81 551 384 606 est.Gratia
403 553 573 616 vobis,
592 552 646 608 et
667 569 777 626 pax
799 573 832 610 a
853 553 968 612 D'eo
997 553 1162 613 Patre
1187 566 1396 614 nostro.
1417 567 1472 613 et
1493 545 1729 614 Domino
1751 561 1882 613 Je‘su
1904 557 2143 615 Christo.
2165 557 2391 614 Gratias
2419 573 2525 628 ago
2557 560 2668 612 Deo
2701 565 2844 622 meo,
2875 566 3102 629 semper
3119 567 3338 613 meme-

82 639 206 691 riam
237 639 318 692 tui
349 639 559 695 faciens
598 643 656 697 in
694 647 1040 702 orationibus
1086 649 1244 711 meis,
1281 649 1515 702 audiens
1545 648 1875 702 charitatem
1906 655 2083 713 tuam,
2125 657 2180 702 et
2207 649 2394 714 tidem,
2424 654 2593 718 quam
2625 639 2801 701 habes
2825 648 2886 701 in
2913 648 3150 702 Domino
3178 640 3333 708 Iesu.-

83 745 232 795 quam
247 729 577 783 charitatem
589 733 746 786 habes
763 739 820 787 et
836 734 884 791 3.
910 737 966 790 in
992 755 1185 790 omnes
1203 745 1449 806 sanctos,
1472 737 1522 793 -i.
1548 744 1610 791 ut
1633 739 2065 792 communicatio
2094 739 2162 792 ﬁd
2175 739 2221 791 ei
2242 749 2348 792 tuae
2377 739 2602 791 evidens
2625 740 2742 797 tiat.
2768 740 2824 792 in
2848 739 3134 808 agnitione
3151 738 3336 792 omnis

84 817 252 886 operis
281 816 415 871 boni
456 822 688 888 patrati,
722 823 870 892 quod
912 825 1075 878 estin
1099 825 1270 888 vobis,
1296 827 1379 879 rel
1400 827 1570 886 nobis,
1595 826 1645 882 5.
1677 827 1735 880 in
1773 828 1994 880 Christo
2025 827 2177 892 Jesu,
2213 829 2284 880 ad
2324 829 2533 882 Christi
2559 828 2840 880 honorem.
2867 827 3150 881 Gaudium‘
3185 827 3340 880 enim

83 909 206 974 (alia
224 910 444 961 ratione
476 911 648 962 reddit
677 916 908 979 gratias)
934 931 1196 983 magnum
1227 915 1418 982 habui,
1442 922 1497 969 et
1517 916 1951 969 consolationem
1975 916 2031 969 in
2059 915 2352 979 charitate,
2379 915 2511 985 quia
2530 916 2740 980 viscera
2770 921 3093 978 sanctorum
3109 917 3336 986 requie-

85 1005 267 1048 verunt
293 1007 398 1073 per
427 987 504 1064 te,
534 998 728 1068 frater,
758 1005 972 1055 sanctos
1004 1006 1242 1068 i-e;‘;w'..-ti
1277 993 1458 1056 (tando
1487 1006 1550 1056 de
1582 1007 1694 1057 tuis
1717 1044 1727 1055 .
1749 997 1985 1074 Pr'Opter
2015 1005 2181 1074 quod,
2216 1005 2276 1055 id
2315 1012 2412 1070 est,
2447 999 2776 1058 charitatem
2800 1009 2976 1066 tuam,
3009 997 3058 1058 6.
3096 995 3336 1058 multam

87 1082 330 1136 ﬁduciam
361 1084 578 1139 habens
595 1087 648 1140 in
666 1089 888 1142 Christo
901 1091 927 1142 J
935 1107 1032 1144 esu
1057 1091 1369 1160 imperandi
1392 1091 1491 1144 tibi
1519 1094 1665 1162 quod
1686 1093 1753 1145 ad
1780 1110 1893 1145 rem
1919 1095 2179 1163 pertinet;
2198 1099 2426 1162 propter
2440 1092 2770 1146 charitatem
2797 1093 2974 1162 magis
2995 1092 3242 1155 obsecro,
3279 1089 3330 1145 7.

88 1188 194 1223 cum
228 1171 302 1224 sis
331 1170 388 1226 8.
421 1175 570 1239 talis,
605 1181 668 1228 ut
696 1195 787 1243 ego
816 1171 1023 1232 Paulus
1055 1196 1241 1240 senex,
1275 1196 1420 1233 nunc
1449 1188 1637 1233 autem
1664 1187 1721 1234 et
1748 1183 1964 1235 vinctus
1989 1177 2120 1235 .lesu
2159 1181 2367 1235 Christi
2394 1200 2406 1246 ;
2442 1180 2671 1234 obsecro
2701 1185 2756 1234 te
2796 1197 2896 1250 pro
2942 1178 2996 1231 9.
3042 1197 3165 1234 meo
3195 1181 3332 1242 ﬁlio,

89 1276 232 1328 quem
259 1262 457 1329 genui.
490 1265 787 1331 baptizari,
820 1267 875 1320 in
905 1269 1159 1329 vinculis,
1185 1267 1272 1324 10.
1309 1269 1591 1331 Onesimo,
1623 1270 1718 1340 qui
1755 1270 1858 1323 tibi
1902 1269 1983 1325 11.
2029 1270 2330 1339 aliquando
2360 1269 2574 1322 inutilis
2607 1269 2995 1336 (temperatire)
3025 1268 3152 1332 fuit,
3187 1283 3338 1320 nunc

87 1353 254 1400 autem
289 1353 347 1402 et
377 1350 520 1404 mihi
550 1347 635 1408 12.
669 1359 725 1408 et
754 1348 854 1408 tibi
883 1357 1036 1410 utilis
1065 1361 1189 1421 erit,
1215 1376 1380 1430 quem
1415 1359 1601 1411 remisi
1630 1357 1750 1412 tibi.
1781 1358 1864 1412 Tu
1894 1369 2082 1411 autem
2113 1358 2272 1411 illum
2302 1361 2367 1410 ut
2389 1373 2511 1410 mea
2535 1357 2742 1410 viscera
2763 1357 3018 1426 suscipe;
3043 1363 3212 1425 quem
3233 1370 3336 1424 ego

89 1437 356 1490 volueram
392 1457 617 1494 mecum
661 1444 929 1501 detinere.
953 1452 1015 1498 ut
1036 1462 1135 1515 pro
1152 1453 1206 1500 te
1229 1447 1364 1500 mihi
1393 1446 1456 1502 i3
1501 1448 1845 1501 ministraret
1883 1444 1971 1501 14.
2009 1446 2066 1499 in
2099 1445 2328 1500 vinculis
2359 1443 2679 1515 Evangelii;
2714 1446 2836 1498 sine
2879 1433 3110 1498 consilio
3142 1451 3339 1498 autem

94 1533 174 1576 tuo
201 1527 338 1580 nihil
371 1530 523 1582 volui
550 1531 730 1584 facere
763 1533 844 1586 uti
874 1550 943 1587 ne
974 1536 1139 1598 velut,
1160 1542 1221 1588 ut
1247 1551 1454 1598 non,ex
1479 1537 1827 1596 necessitate,
1855 1539 2140 1588 eatacta-rte.
2175 1535 2384 1589 bonum
2413 1539 2572 1588 tuum
2603 1541 2770 1596 esset,
2805 1534 2900 1587 sed
2931 1533 3338 1587 voluntarium.

95 1611 332 1668 Forsitan
355 1617 509 1670 enim
532 1618 657 1671 ideo
674 1613 929 1673 disCessit
949 1623 1018 1674 ad
1042 1623 1236 1676 horam
1259 1640 1292 1676 a
1314 1630 1388 1687 te,
1409 1623 1471 1677 ut
1497 1618 1575 1686 15',
1613 1622 1688 1680 16.
1710 1631 2003 1688 aeternam,
2027 1623 2132 1689 hic,
2156 1627 2284 1677 etin
2309 1624 2573 1691 futzu‘um
2594 1623 2834 1690 ﬁdeliter
2850 1623 3008 1676 illum
3031 1623 3332 1691 reciperes;

87 1701 188 1768 jam
213 1709 321 1757 non
349 1705 436 1782 i7.
465 1709 530 1760 ut
561 1719 804 1765 servum.
827 1710 922 1762 sed
948 1715 1047 1778 pro
1071 1723 1234 1764 servo
1260 1713 1652 1766 charissimam
1692 1714 1944 1770 fratrem.
1988 1712 2244 1770 maxime.
2278 1711 2450 1772 ralde,
2499 1712 2657 1777 mihi,
2686 1713 2899 1782 quanto
2938 1717 3129 1764 autem
3159 1709 3343 1778 magis

90 1787 196 1851 tibi,
220 1798 272 1843 et
303 1791 384 1846 i8.
413 1781 470 1846 in
495 1799 663 1847 carne
687 1812 892 1859 serrus,
918 1803 975 1850 et
1006 1797 1062 1850 in
1099 1799 1364 1852 Domino?
1388 1803 1446 1852 in
1477 1798 1579 1866 ΙὶίΙρ
1612 1803 1797 1867 ﬁrma.
1824 1799 1881 1854 Si
1915 1813 2051 1871 ergo
2071 1799 2426 1869 (adjuratirei
2446 1801 2620 1854 habes
2641 1781 2729 1854 me
2756 1800 2835 1856 i9.
2862 1800 3097 1862 socium,-
3118 1796 3341 1868 suscipe

91 1877 229 1931 illum
251 1881 394 1934 sicut
412 1899 535 1949 me;
560 1884 814 1937 siautem
840 1883 1072 1956 aliquid,
1102 1885 1435 1941 detrahendo
1468 1905 1552 1941 res
1577 1895 1717 1954 tuas,
1751 1889 1941 1943 nocuit
1972 1890 2089 1943 tibi.
2127 1891 2224 1942 aut
2253 1889 2418 1943 debet
2443 1909 2454 1955 ;
2488 1891 2592 1943 hoc
2622 1890 2758 1942 mihi
2791 1890 3028 1958 imputa.
3055 1889 3168 1956 Ego
3193 1888 3348 1940 Faue

90 1964 162 2017 lus
177 1967 371 2038 scripsi
393 1987 526 2024 mea
551 1987 724 2025 manu
743 1991 755 2039 ;
777 1990 880 2041 ego
904 1974 1156 2040 reddam,
1180 1982 1243 2029 ut
1265 1993 1375 2029 non
1403 1978 1582 2030 dicam
1604 1978 1723 2042 tibi,
1742 1974 1891 2048 quod
1923 1976 1978 2031 et
1998 1979 2241 2048 teipsum
2264 1978 2400 2030 mihi
2423 1977 2593 2030 debes
2617 1996 2629 2043 ;
2653 1975 2741 2032 ΞΟ.
2767 1977 2863 2039 ita,
2889 1973 3082 2029 frater.
3104 1973 3219 2044 Ego
3246 1973 3341 2029 Si.

95 2060 141 2105 te
176 2055 324 2110 fruar
354 2058 414 2111 in
446 2059 690 2113 Domino
719 2080 730 2126 ;
765 2063 928 2116 reﬁce
959 2065 1168 2117 viscera
1190 2081 1334 2127 mea,
1358 2067 1522 2126 hunc,
1541 2067 1597 2120 in
1628 2067 1881 2120 Dom‘in'o.
1907 2067 2204 2120 Conﬁdens
2232 2066 2290 2119 in
2311 2066 2631 2119 obedientia
2657 2072 2755 2119 tua
2787 2065 2979 2135 scripsi
3010 2064 3131 2127 tibi,
3157 2063 3342 2116 sciens

93 2145 334 2214 quoniam
365 2152 424 2200 et
442 2165 617 2220 super
633 2149 688 2203 id
708 2153 855 2220 quod
877 2152 1129 2220 dico,(rel
1153 2156 1409 2216 liberum,
1435 2158 1513 2208 vel
1534 2159 1694 2210 aliud
1715 2158 1938 2214 bonum)
1964 2155 2150 2209 facies.
2174 2155 2350 2218 Simul
2366 2162 2556 2210 autem
2581 2160 2636 2208 et
2659 2171 2797 2226 para
2826 2153 2962 2207 mihi
2987 2151 3294 2223 hospitium
3326 2171 3341 2217 ί

1428 2298 2013 2360 COMMENTARIUS.

95 2430 138 2478 et
155 2421 290 2481 nunc
317 2428 386 2482 de
415 2428 507 2482 his
537 2446 662 2500 quae
699 2428 756 2482 in
796 2435 1073 2500 potestate
1113 2427 1454 2485 Philemonis
1483 2438 1663 2485 erant.
1687 2437 1732 2490 Α
1752 2437 1908 2485 zatus
1939 2439 2061 2501 est;
2095 2450 2258 2504 quem
2288 2432 2602 2496 remittens,
2633 2446 2734 2503 pro
2759 2445 2825 2484 eo
2853 2443 3006 2482 nunc
3029 2430 3211 2496 rogat.

95 2513 149 2566 Et
175 2514 302 2570 illud
351 2518 540 2588 magis
582 2519 1003 2588 proponendum
1051 2520 1269 2573 censuit
1314 2521 1460 2590 quod
1509 2521 1666 2574 valde
1828 2519 1910 2575 11.
1943 2522 2187 2575 AMBROS.
2217 2521 2548 2590 Aliquando.
2574 2519 2806 2590 Adjecto
2835 2515 3156 2587 aliquando,
3171 2508 3350 2567 alium

96 2603 307 2657 suadere
329 2611 576 2676 poterat,
597 2606 728 2676 quia
752 2622 852 2676 pro
881 2606 1118 2660 aliorum
1150 2609 1329 2661 salute
1359 2608 1670 2662 habebatur
1751 2625 1874 2663 esse
1903 2609 2052 2664 hunc
2079 2611 2326 2670 ostendit
2353 2609 2421 2662 ab
2450 2609 2544 2662 ilio
2575 2608 2670 2677 qui
2699 2607 2933 2662 dudum.

96 2688 140 2741 in
175 2692 420 2748 vinculis.
1823 2697 1918 2754 1‘2.
1953 2701 2017 2753 Et
2050 2702 2169 2754 tibi.
2213 2702 2278 2754 In
2308 2699 2501 2770 primis
2527 2697 2680 2756 dixit.
2711 2696 2832 2762 tibi,
2859 2700 2924 2756 ut
2950 2709 3064 2761 non
3091 2689 3350 2745 videatur

151 2777 197 2835 ‘2.
224 2783 553 2837 Philemoni.
577 2784 776 2838 Marito
791 2783 980 2853 junxit
997 2800 1247 2848 uxorem,
1271 2785 1470 2838 deinde
1491 2785 1666 2838 lilium
1751 2787 1995 2842 alienum
2024 2805 2242 2843 servum
2291 2788 2621 2842 subtrahere
2652 2785 2721 2838 ab
2751 2786 2873 2854 ejus
2900 2782 3147 2837 domino.
3187 2775 3349 2843 Quod

98 2867 408 2926 Philemonis
439 2878 497 2926 et
526 2873 740 2945 Appia},
772 2890 872 2926 nec
901 2880 1149 2940 caeteros,
1183 2874 1278 2944 qui
1314 2873 1670 2944 pertinebant
1749 2875 1909 2936 dixit,
1949 2876 2070 2941 tibi,
2102 2877 2498 2946 contemplatio
2529 2876 2616 2945 [[2,
2664 2869 3158 2942 contemplatione]
3190 2865 3349 2920 obse-

97 2955 152 3008 ad
177 2974 280 3018 eos.
309 2960 597 3013 fraudavit
625 2958 961 3014 salutatione
1751 2964 1867 3033 quii
1895 2965 2060 3028 dixit;
2095 2966 2241 3035 quod
2272 2971 2481 3028 autem,
2509 2963 2664 3028 mihi,
2698 2961 3005 3015 secundum
3036 2953 3344 3027 correptio-

155 3044 198 3097 3.
228 3049 290 3101 In
335 3067 525 3102 omnes
556 3056 784 3103 sanctos.
831 3052 906 3104 Ex
953 3052 1054 3104 hoc
1093 3051 1231 3104 illud
1285 3051 1660 3120 cognoscitm‘.
1750 3057 1878 3104 item
1909 3055 2031 3122 ejus
2057 3054 2215 3107 dixit.

98 3133 217 3188 Nam
242 3153 372 3206 erga
398 3147 624 3191 sanctos
653 3140 894 3193 Charitas
930 3140 986 3193 in
1019 3140 1280 3211 operibus
1311 3141 1666 3194 demonstra—
1825 3131 1907 3196 iii.-
1939 3143 2302 3195 Ministraret.
2330 3138 2662 3195 Vultdicere
2681 3137 3042 3193 :etiatnsihoc
3067 3134 3342 3200 fecissem,

99 3223 160 3284 ta,
191 3226 473 3302 allectum,
507 3229 674 3298 quem
704 3245 837 3297 erga
871 3229 1047 3282 Deum
1079 3229 1270 3289 habes.
1317 3230 1661 3299 comprobat.
1749 3233 1908 3282 tuum
1958 3231 2174 3284 lucrum
2218 3237 2340 3284 erat
2370 3237 2436 3284 ut
2459 3231 2507 3283 is
2538 3228 2674 3282 mihi
2725 3227 3090 3281 ministraret.
3123 3226 3268 3280 Nam
3297 3223 3347 3280 si

98 3309 230 3365 Unde
256 3321 308 3367 et
342 3316 557 3387 optime
586 3317 790 3386 adjecit
822 3336 834 3369 :
871 3319 930 3370 Ut
962 3321 1387 3371 communicatio
1412 3320 1540 3385 fidei
1561 3323 1668 3372 tum
1748 3327 1939 3373 servus
1995 3316 2125 3373 titus
2182 3320 2532 3373 ministraret
2573 3317 2731 3378 mihi,
2775 3315 3091 3369 mercedem
3147 3315 3344 3385 utique

95 3404 298 3467 Perfecta"
328 3407 426 3472 ﬁat
457 3407 521 3459 in
550 3395 833 3473 agnitione
861 3410 1041 3460 omnis
1073 3408 1219 3460 boni.
1746 3406 1846 3460 tibi
1872 3408 2214 3478 acquirebat.
2243 3409 2359 3462 Nec
2383 3407 2526 3461 dixit
2552 3421 2652 3476 pro
2681 3412 2756 3468 te,
2788 3404 2888 3459 sed
2912 3396 3018 3489 pro
3051 3407 3152 3458 tuo
3187 3419 3344 3458 com.-

151 3488 197 3564 γι.
228 3493 426 3547 Lma.
465 3497 526 3548 Ut
555 3497 1072 3562 communicatio,id
1103 3503 1207 3560 est,
1243 3497 1664 3551 communicaris
1747 3496 1932 3549 modo.
2186 3489 2193 3499 ’

101 3573 205 3631 fidei
239 3583 437 3637 nostra;
474 3583 610 3637 fides
640 3577 757 3638 tua.
1827 3586 1906 3641 14.
1943 3587 2152 3640 ῙλΑΝινῐι.
2205 3587 2270 3638 In
2324 3587 2564 3638 vinculi:
2614 3585 2920 3650 Evangelii,
2954 3583 3013 3636 id
3064 3585 3169 3648 est,
3217 3591 3341 3651 qua

156 3665 199 3769 εξ.
225 3671 285 3723 1η
307 3655 535 3726 Christo.
575 3672 681 3736 Qui
714 3690 802 3727 me
830 3671 1160 3744 Apo‘stoiu‘in
1183 3661 1332 3726 fecit.
1680 3710 1726 3769 B
1745 3676 1995 3729 sustineo
2024 3682 2253 3746 propter
2284 3675 2665 3769 Evangelium,
2697 3673 2846 3743 quod
2875 3673 3134 3742 praadico.

156 3753 199 3807 6.
226 3760 477 3817 Asianos.
525 3763 811 3815 Fiduciam
843 3767 1100 3816 multam.
1133 3764 1254 3816 Non
1287 3762 1425 3816 dixit
1459 3782 1470 3816 :
1503 3767 1657 3833 pote-

1820 3763 1903 3819 15.
1925 3765 2291 3826 .Eternude
2309 3760 2760 3826 estaeternaliter
2779 3763 2964 3814 tecum
2986 3760 3343 3827 "afutu-

101 3847 272 3900 stateni
300 3847 476 3904 habeo
507 3851 884 3922 praecipiendi,
919 3852 1014 3904 sed
1056 3852 1337 3906 fiduciam.
1370 3854 1493 3905 Non
1523 3852 1664 3906 dixit
1743 3867 1888 3917 rum,
1908 3859 1972 3906 ut
2001 3861 2110 3920 non
2133 3855 2312 3907 dicam
2339 3853 2459 3906 tibi.
2483 3856 2681 3906 Astute
2707 3854 2870 3919 rogat
2893 3856 2958 3902 ut
2975 3850 3124 3919 quod
3145 3857 3340 3904 servus

104 3941 296 4003 Propter
319 3939 714 4010 apostolatum,
745 3941 841 3994 sed
874 3947 1102 4011 propter
1124 3942 1456 3995 charitntem
1490 3958 1659 4010 quam
1743 3941 1792 3994 ei
1825 3941 2007 4003 debet,
2043 3942 2147 3994 sibi
2177 3941 2444 3995 dimittat.
2477 3938 2648 4004 Quasi
2675 3937 3172 3995 dieeret:Possem
3195 3937 3341 3992 dico-

101 4035 209 4088 erga
230 4041 413 4081 omnes
445 4029 709 4083 habebat.
737 4030 842 4093 Qui
873 4030 1022 4083 enim
1046 4041 1179 4099 erga
1210 4047 1402 4084 omnes
1436 4035 1658 4084 sanctos
1743 4047 1802 4082 re
1829 4031 1976 4100 qtlod
2006 4042 2114 4085 non
2137 4032 2319 4088 solum
2352 4031 2471 4093 hoc,
2499 4031 2597 4084 sed
2623 4036 2679 4083 et
2706 4028 2947 4099 teipsum
2978 4027 3148 4087 debes
3173 4026 3333 4092 mihi,

102 4107 161 4160 sic
178 4109 404 4170 liberalis
426 4117 530 4179 est,
557 4119 842 4189 nunquam
867 4106 1014 4172 hunc
1033 4121 1274 4189 gratiam
1320 4120 1658 4191 postulatam
1742 4120 1836 4172 sed
1868 4121 2015 4172 nolo.

103 4195 211 4252 dare
237 4203 458 4274 pigebit.
1812 4207 1903 4260 10.
1931 4210 2176 4262 AMBROS.
2211 4209 2518 4262 .ﬁ'ternum.
2569 4203 2807 4260 Evidens
2855 4212 2942 4260 est
2978 4205 3247 4277 quoniam
3278 4205 3338 4258 in

158 4287 200 4340 Ἰ.
232 4291 356 4346 Cum
384 4298 460 4347 32's
496 4298 622 4348 talis
645 4301 705 4348 ut
726 4298 951 4350 Paulus.
986 4298 1164 4352 Omne
1191 4299 1338 4368 quod
1375 4305 1656 4353 summum
1743 4295 1930 4364 fugam
1967 4307 2156 4350 versus
2198 4302 2283 4349 est
2312 4291 2530 4348 arbitrii
2573 4310 2676 4366 per
2720 4295 3077 4365 pravitatem.
3127 4293 3208 4348 Ex
3253 4294 3340 4360 his

103 4369 272 4432 bonum
294 4380 530 4453 intelligi
555 4376 789 4454 poterat,
811 4387 912 4439 hoc
928 4392 1050 4440 erat
1078 4387 1132 4440 in
1164 4388 1357 4441 Paulo.
1379 4388 1660 4457 Adjicion-
1746 4397 1871 4437 vero
1901 4395 2022 4455 quae
2050 4386 2196 4438 facta
2224 4386 2450 4438 fuerant
2477 4385 2764 4438 occasione
2785 4382 3186 4455 accepta,dixit
3201 4399 3336 4438 eum

105 4460 158 4512 do
181 4469 440 4525 seniorem
472 4476 529 4526 et
553 4473 819 4540 ‘vinetum,
852 4461 921 4528 ad
955 4476 1324 4530 reverentiam
1363 4491 1491 4529 eum
1523 4477 1659 4530 invis
1741 4474 2052 4538 recessisse,
2085 4480 2150 4527 ut
2179 4473 2376 4527 melior
2414 4476 2606 4539 ﬂeret;
2640 4472 2924 4543 praebebat
2963 4473 3117 4526 enim
3163 4472 3336 4527 ﬁrmi-

105 4552 231 4608 tan't.
1740 4570 1914 4616 tatem
1945 4564 2236 4617 verborum
2289 4560 2433 4633 erS,
2474 4564 2658 4616 exitus
2697 4562 2873 4632 ipsius
2905 4562 3133 4633 negotii.
3176 4563 3338 4618 Unde

158 4638 202 4694 8.
232 4644 426 4704 LAth.
468 4637 631 4704 Talis.
671 4653 847 4706 Senex
880 4657 999 4706 erat
1029 4653 1134 4707 iste
1163 4654 1306 4706 sicut
1334 4645 1656 4724 Apostolus,
1740 4663 1842 4706 nec
1867 4653 2170 4715 deiinitive,
2201 4653 2301 4706 sed
2329 4652 2638 4706 dubitative
2662 4652 2816 4705 dixit.

107 4727 269 4824 etideo
294 4738 399 4791 ἢθη
425 4740 545 4792 vult
567 4739 678 4792 Sibi
709 4740 1005 4810 impemre,
1032 4742 1135 4795 sed
1165 4741 1456 4795 οδεθθνέῑνθ
1484 4761 1496 4808 i
1537 4743 1656 4811 ipse
1808 4758 1894 4816 17.
1925 4761 1983 4813 Ut
2014 4775 2250 4812 servum.
2288 4755 2405 4812 Hoc
2433 4764 2538 4820 est,
2571 4756 2809 4828 recipias
2839 4772 2968 4812 eum
2995 4773 3111 4813 non
3155 4760 3334 4814 solum

105 4827 227 4918 enim
253 4828 496 4895 superius
528 4829 668 4882 dixit
694 4848 704 4881 :
734 4829 1018 4883 Seniorem
1046 4847 1114 4883 ne
1144 4834 1530 4898 increpareris,
1565 4833 1660 4884 sed.
1740 4849 1938 4901 servile
1960 4847 2288 4918 Obsequium
2317 4827 2746 4918 pet-solventem.

108 4901 283 4963 obsecra
307 4920 365 4966 ut
387 4921 623 4983 patrem.

165 4992 208 5048 9.
231 4999 458 5059 Asianos.
479 4992 583 5059 Pro
615 5023 727 5059 meo
746 5010 878 5073 ﬁlio.
897 5009 1047 5062 Bene
1073 5010 1319 5080 primum
1356 5001 1512 5070 dixit,
1535 5023 1660 5078 pro-

115 5086 272 5171 Positis
309 5096 425 5163 ejus
470 5097 905 5151 mutabilitatem
941 5097 1032 5171 [f.,
1066 5101 1352 5171 proposita
1381 5102 1502 5168 ejus
1532 5117 1657 5154 mu-

117 5170 392 5259 tabilitate];
427 5201 490 5238 ac
517 5186 597 5238 sic
628 5187 814 5256 posuit
835 5170 1150 5258 nomen,i-eo
1181 5189 1328 5259 quod
1359 5190 1528 5242 sciret
1547 5205 1656 5241 non

115 5255 226 5348 bene
251 5255 443 5326 habere
469 5255 649 5328 demo
673 5255 1083 5342 Phiiemone'm,
1115 5255 1347 5348 propter
1358 5267 1658 5348 pristinam

116 5347 210 5414 ejus
236 5361 673 5419 mutabilitatem.
1117 5345 1136 5348 ”
1222 5345 1239 5348 “
1361 5345 1377 5348 ’
1813 5345 1898 5401 ‘20.
1931 5348 2034 5409 Ita,
2064 5348 2258 5412 frater.
2296 5347 2403 5399 Pro
2433 5346 2786 5416 adjm‘atione
2811 5349 3020 5416 posuit.

1809 4949 1896 5010 18.
1934 4953 1998 5008 In
2029 4973 2210 5009 carne.
2236 4955 2459 5010 Statum
2484 4956 2634 5010 hunc
2661 4956 3027 5030 temporalem
3053 4957 3210 5022 dixit,
3242 4956 3339 5030 qui

1675 5067 1718 5125 α
1740 5043 1798 5097 in
1834 5045 2129 5115 praesentia
2158 5044 2419 5099 habetur.

1816 5151 1898 5207 19.
1927 5152 2168 5206 Sociu-m.
2220 5153 2298 5218 Si,
2351 5152 2552 5222 inquit,
2609 5152 2893 5208 existimas
2937 5151 3096 5208 nobis
3147 5152 3338 5220 omnia

1742 5257 1862 5294 esse
1890 5242 2229 5303 communia,
2263 5240 2447 5311 recipe
2478 5241 2646 5307 hunc,
2683 5258 2752 5294 eo
2782 5241 2931 5312 quod
2969 5257 3098 5304 eum
3123 5241 3334 5314 mergi,-

145 5436 244 5526 ¹11).
276 5444 473 5502 Lmen.
510 5451 779 5505 Onesimo.
802 5452 1112 5507 Onesimus
1128 5454 1234 5506 iste
1255 5458 1446 5507 servus
1478 5453 1659 5507 Phile-
1811 5452 1872 5507 :21
1895 5483 1927 5508 .-
1952 5455 2016 5505 Te
2045 5454 2232 5519 fruar.
2269 5453 2387 5505 Hoc
2415 5452 2604 5504 estsic
2630 5451 2846 5504 videam
2879 5457 2955 5517 te,
2984 5451 3044 5506 in
3077 5453 3338 5509 omnibus

120 5529 265 5612 {nonis
291 5543 422 5604 erat,
454 5539 550 5610 qui
577 5538 804 5609 fugiens
849 5541 1138 5596 dominum
1180 5543 1658 5612 saumquadam
1741 5534 1850 5595 iiiis
1875 5557 2000 5611 quae
2023 5540 2328 5594 secundum
2374 5540 2553 5594 Eoum
2593 5545 2751 5602 sunt,
2788 5543 3103 5611 pudentem
3130 5541 3342 5600 habet

120 5609 301 5674 iuratus
326 5632 432 5694 est;
464 5609 564 5681 sed
592 5629 819 5682 veniens
836 5629 1078 5685 Romam
1095 5623 1177 5684 iab
1199 5609 1464 5701 expostulo
1484 5630 1659 5700 bapti-
1740 5637 1854 5684 tem
1879 5609 2252 5701 spuit-“810m.
2299 5630 2448 5699 ιιαοά
2471 5645 2668 5683 meum
2938 5645 3068 5696 ⁸⁸³⁸
3088 5633 3333 5687 m-
