3878 6364
507 306 614 366 375
1488 309 1553 364 Β.
1594 309 2010 365 LANFRANCI
2050 309 2411 367 CANTUAR.
2455 309 2792 366 ARCHIEP.
3674 310 3773 369 376

502 448 636 488 nam
670 448 836 505 spero
880 449 983 505 per
1016 433 1299 492 orationes
1331 437 1546 490 vestras
1582 433 1779 487 donari
1805 450 1895 487 me
1914 433 2086 487 vobis.
2120 435 2341 487 Veniam
2364 437 2515 488 enim
2543 436 2617 489 ad
2647 440 2712 489 te.
2748 435 2969 491 Salutat
2992 440 3049 491 te
3077 435 3372 508 Epaphras
3395 438 3754 509 concaptivus

507 539 668 579 meus
695 524 754 577 in
782 523 1008 578 Christo
1036 524 1190 589 Jesu,
1224 523 1463 587 Marcus,
1496 522 1878 591 Aristarchus,
1906 523 2112 580 Demas
2141 528 2197 578 et
2222 523 2422 591 Lucas,
2463 524 2752 596 adjutores
2781 525 2913 582 mei.
2948 525 3144 582 Gratia
3170 525 3398 584 Domini
3429 527 3616 583 nostri
3650 528 3773 583 Jesu

507 611 721 670 Christi
749 628 879 671 cum
908 611 1113 686 spiritu
1142 616 1349 666 vestro.
1379 612 1578 671 Amen.

494 814 767 831 ῃ

651 952 1305 1082 EPISTOLA
1363 953 1480 1060 B.
1540 952 1946 1064 PAULI
2003 953 2666 1065 APOSTOLI
2723 957 2903 1065 AD
2958 957 3634 1072 HEBRIZEOS

1146 1158 1324 1219 CUM
1368 1156 1527 1219 [NT
1524 1140 1749 1219 ERJE
1756 1158 1806 1219 C
1816 1157 1952 1219 TIS
1992 1158 2071 1218 Β.
2119 1158 2622 1222 ιΑΝρἮΑΝσ]
2664 1159 3151 1225 GLOSSULIS.
3718 1176 3726 1183 '

572 1325 978 1380 ARGUMENTUM.
1005 1348 1066 1360 —
1087 1319 1152 1374 In
1175 1319 1374 1390 primis
1394 1318 1692 1374 dicendum
1723 1324 1808 1374 est
1835 1335 1936 1373 cur
1955 1321 2099 1391 Apo-
2116 1320 2345 1382 Aferre.
2378 1321 2522 1375 Nam
2546 1321 2715 1375 simili
2744 1322 2911 1375 modo
2941 1322 3112 1376 etiam
3134 1326 3192 1375 et
3220 1322 3466 1377 Joannes
3494 1325 3777 1395 apostolus

505 1414 682 1472 stolus
705 1412 913 1467 Paulus
943 1410 1003 1464 in
1027 1409 1133 1463 hac
1168 1409 1419 1480 Epistola
1462 1408 1755 1464 scribenda
1782 1426 1892 1464 non
1919 1426 2101 1464 serva-
2179 1413 2411 1480 prapter
2436 1409 2810 1464 humilitatem
2838 1410 2897 1463 in
2926 1410 3175 1480 Epistola
3217 1427 3321 1465 sua
3357 1428 3570 1467 nomen
3621 1430 3772 1469 suum

504 1503 647 1559 verit
673 1517 889 1556 morem
936 1515 1123 1565 suum,
1153 1502 1219 1552 ut
1247 1498 1330 1551 vel
1356 1496 1686 1552 vocabulum
1719 1498 1961 1552 nominis
1988 1499 2096 1566 sui,
2182 1499 2378 1552 eadem
2407 1499 2627 1553 ratione
2651 1515 2762 1553 non
2792 1500 3060 1570 praetulit.
3104 1500 3259 1554 Hauc
3298 1516 3432 1571 ergo
3472 1502 3773 1573 Epistulam

504 1592 593 1647 vel
619 1589 832 1646 ordinis
879 1586 1222 1643 describeret
1263 1586 1615 1657 dignitatem.
1650 1587 1781 1641 Haec
1817 1603 1988 1641 causa
2015 1593 2101 1643 est
2179 1587 2360 1642 fertur
2384 1588 2684 1658 Apostolus
2708 1588 2780 1642 ad
2812 1587 3072 1642 Hebrmos
3099 1589 3474 1660 conscriptam
3506 1589 3777 1645 Hebraica

508 1678 763 1752 quod,ad
784 1694 879 1732 eos
908 1675 1156 1731 scribens
1173 1675 1268 1746 qui
1297 1692 1363 1729 ex
1399 1675 1821 1730 circumcisione
1848 1676 2099 1731 credide-
2180 1675 2375 1746 lingua
2415 1677 2654 1733 misisse.
2696 1677 2871 1748 Cujus
2899 1693 3127 1731 sensum
3166 1682 3223 1731 et
3250 1678 3505 1733 ordinem
3535 1680 3777 1734 retinens

507 1772 658 1834 rant,
680 1766 839 1838 quasi
858 1765 1115 1837 gentium
1146 1764 1464 1836 Apostolus,
1489 1769 1547 1818 et
1564 1781 1678 1818 non
1698 1764 2096 1835 Hebrzeorum;
2183 1764 2361 1819 Lucas
2388 1766 2751 1836 evangelista,
2783 1773 2910 1837 post
2939 1782 3227 1822 excessum
3255 1766 3406 1823 beati
3433 1768 3601 1824 Pauli
3648 1785 3777 1840 apo-

507 1856 691 1911 sciens
732 1870 953 1926 quoque
973 1869 1168 1908 eorum
1203 1851 1545 1924 superbiam,
1567 1869 1840 1924 suamque
1868 1853 2103 1907 humili-
2183 1853 2330 1920 stoli,
2366 1856 2553 1910 Graeco
2578 1871 2837 1911 sermone
2865 1854 3196 1927 composuit.

509 1948 685 2000 tatem
714 1945 1127 2009 demonstrans,
1158 1941 1421 1996 meritum
1443 1941 1610 1997 officii
1635 1942 1723 1996 sui
1747 1943 1930 1997 noluit
1948 1948 2103 1998 ante-

1742 2063 1935 2123 πω
1971 2058 2215 2115 CAPUT
2252 2059 2561 2116 PRIMUM.

585 2177 635 2233 1.
669 2174 724 2230 2.
757 2174 809 2231 3.
839 2174 1225 2241 Multifariam,
1258 2172 1311 2230 4.
1356 2173 1661 2245 multisque
1711 2174 1894 2228 modis
1933 2176 2095 2242 factis
2133 2176 2266 2230 olim
2314 2177 2464 2231 Deus
2510 2178 2744 2249 loquens
2790 2178 3045 2250 patribus
3071 2179 3131 2234 in
3162 2180 3472 2251 prophetis,
3506 2195 3612 2249 per
3640 2193 3770 2248 pro-

506 2265 717 2337 phetas,
749 2265 1048 2319 novissime
1083 2263 1279 2318 diebus
1313 2263 1438 2318 istis
1477 2263 1533 2320 5.
1573 2264 1792 2317 locutus
1813 2268 1901 2317 est
1921 2263 2082 2319 nobis
2096 2265 2150 2318 6.
2176 2264 2233 2319 in
2249 2265 2409 2331 Filio,
2427 2282 2529 2335 per
2548 2269 2779 2334 Filium,
2802 2270 2867 2322 in
2884 2285 2960 2331 eo,
2989 2269 3131 2338 quod
3173 2270 3349 2331 homo,
3374 2285 3549 2339 quem
3579 2266 3773 2323 consti-

510 2354 624 2409 tuit
643 2355 694 2409 7.
717 2354 995 2409 haeredem
1026 2353 1437 2417 universorum,
1472 2352 1611 2420 (qua:
1640 2357 1773 2405 tunc
1800 2367 1898 2420 per
1926 2354 2107 2420 ipsum
2136 2354 2286 2420 facta
2312 2360 2465 2423 sunt)
2489 2371 2591 2425 per
2619 2371 2787 2427 quem
2810 2356 2941 2410 fecit
2969 2362 3027 2411 et
3049 2357 3271 2423 saecula,
3310 2359 3620 2411 secundum
3641 2356 3775 2424 quod

509 2445 670 2499 Deus.
694 2441 747 2497 8.
773 2442 1026 2506 Quicum
1044 2442 1119 2495 sit
1136 2440 1401 2512 splendor
1423 2439 1635 2510 gloriae,
1666 2442 1979 2507 (procedens
2000 2457 2035 2493 a
2056 2443 2235 2503 Patre,
2256 2448 2321 2497 ut
2338 2445 2598 2511 splendor
2615 2460 2650 2497 a
2664 2447 2790 2509 sole,
2812 2461 2925 2499 non
2948 2451 3135 2499 tamen
3154 2448 3402 2500 diversus
3420 2448 3515 2500 sed
3534 2445 3774 2500 eamdem

515 2534 718 2586 habens
747 2533 1135 2596 substantiam)
1159 2536 1216 2584 et
1236 2530 1284 2584 9.
1307 2530 1509 2599 ﬁgura,
1534 2532 1757 2593 veritas,
1780 2528 2108 2583 substantiae
2151 2531 2292 2599 ejus,
2332 2536 2695 2601 portansque,
2732 2549 2941 2600 regens,
2973 2534 3166 2588 omnia
3192 2533 3361 2588 verbo
3389 2534 3621 2588 virtutis
3649 2549 3771 2595 suae,

503 2624 669 2690 jussu
688 2622 917 2689 potenti,
942 2616 1028 2684 10,
1062 2618 1141 2674 11.
1175 2617 1569 2689 purgationem
1590 2621 1945 2687 peccatorum
1974 2617 2203 2683 faciens,
2233 2635 2346 2673 non
2376 2624 2561 2674 tamen
2576 2627 2808 2688 portans
2821 2627 3063 2688 peccata,
3096 2623 3188 2676 sed
3209 2624 3495 2691 dejiciens,
3520 2620 3607 2678 12.
3630 2620 3775 2676 sedet

514 2709 587 2765 ad
615 2709 900 2765 dexteram
924 2707 1240 2777 majestatis
1268 2711 1416 2771 (cum
1437 2707 1723 2761 dexteram
1742 2721 1838 2758 nec
1856 2708 2149 2759 sinistram
2166 2708 2306 2760 Deus
2327 2709 2539 2774 habeat,
2562 2712 2936 2776 aequalitatem
2965 2714 3083 2778 ejus
3102 2716 3152 2764 et
3174 2712 3321 2771 Filii,
3346 2712 3581 2764 dextera:
3606 2711 3770 2764 sedem

514 2798 883 2866 appellamus)
903 2796 961 2850 in
982 2795 1244 2861 excelsis;
1268 2799 1426 2848 tanto
1452 2793 1653 2848 melior
1671 2794 1887 2863 angelis
1904 2794 2153 2862 effectus,
2177 2801 2387 2866 quanto
2399 2796 2748 2851 diiferentius
2778 2814 2894 2868 prae
2916 2798 3026 2852 illis
3048 2814 3258 2853 nomen
3278 2798 3653 2853 haereditavit.
3677 2796 3770 2851 Cui

513 2887 666 2943 enim
691 2886 833 2941 dixit
857 2884 1160 2956 aliquando
1184 2883 1512 2955 angelorum
1541 2901 1553 2936 :
1579 2882 1756 2937 Filius
1773 2898 1931 2937 meus
1952 2899 2011 2937 es
2029 2890 2121 2949 tu;
2145 2900 2248 2953 ego
2276 2883 2359 2952 13,
2382 2884 2471 2941 14.
2486 2885 2676 2951 hodie,
2695 2889 2759 2940 in
2777 2891 3069 2955 aeternum,
3090 2888 3262 2959 genui
3292 2887 3392 2942 te?
3413 2892 3605 2953 ειη
3627 2886 3776 2942 Nulli

1842 2999 2432 3056 COMMENTARIUS.

585 3118 745 3174 CAP.
775 3118 821 3173 Ι.
852 3146 925 3159 -
947 3116 999 3171 1.
1028 3117 1234 3172 Lmen.
1262 3117 1664 3185 Multi/ariam,
1689 3120 1796 3171 etc.
1837 3116 2106 3171 Conscius
2127 3115 2327 3173 Adabo
2352 3118 2455 3169 tibi
2479 3120 2678 3183 gentes,
2716 3120 2823 3170 etc.

512 3204 920 3276 indignationis
947 3210 1006 3260 et
1031 3205 1251 3261 invidia:
1268 3222 1462 3261 eorum
1494 3206 1688 3261 audito
1704 3206 1931 3260 nomine
1947 3205 2107 3260 Pauli
2257 3201 2309 3260 8.
2347 3206 2454 3273 Qui
2470 3221 2597 3259 cum
2616 3208 2689 3258 sit
2707 3206 2980 3274 splendor.
3007 3204 3227 3276 Ubique
3247 3204 3473 3276 quidem
3499 3201 3777 3275 religionis

514 3294 775 3366 apostoli,
824 3293 992 3348 solita
1043 3300 1226 3349 cessat
1269 3295 1624 3361 salutatione,
1660 3293 1766 3348 etsi
1812 3294 1938 3348 ideo
1987 3295 2107 3364 ejus
2188 3292 2350 3347 nobis
2378 3297 2465 3347 est
2487 3293 3227 3364 opusintellectus,maxime
3255 3299 3443 3347 autem
3466 3292 3567 3347 ubi
3585 3291 3654 3346 de
3672 3290 3777 3345 Deo

513 3383 767 3454 Epistola
793 3381 1123 3452 denegatur,
1147 3384 1280 3454 quia
1303 3385 1425 3454 ejus
1454 3383 1680 3438 nomine
1695 3399 1807 3437 non
1820 3383 2103 3450 titulatur;
2189 3380 2586 3451 autloquimur
2601 3382 3236 3453 autaudimus.0portet
3259 3387 3469 3446 autem,
3485 3380 3587 3435 ubi
3606 3392 3775 3434 sermo

512 3471 725 3526 nullius
753 3487 893 3537 esse,
925 3471 1095 3525 simili
1120 3472 1336 3526 ratione
1359 3471 1645 3543 probatur.
2188 3469 2375 3524 deﬁcit
2417 3471 2500 3524 vel
2545 3470 2829 3540 cogitatio,
2883 3470 3204 3541 glorificare
3251 3486 3354 3525 nos
3401 3470 3606 3534 Deum,
3640 3464 3775 3538 quod

584 3558 639 3617 2.
697 3561 1096 3628 Multi/ariam.
1141 3562 1218 3616 Ut
1262 3561 1332 3615 de
1378 3561 1652 3632 propheta
1705 3561 1794 3616 cui
1846 3560 2109 3632 praecepit
2186 3558 2359 3612 talem
2391 3559 2566 3613 Deum
2587 3559 2858 3613 habemus
2884 3559 3052 3631 quiet
3069 3559 3412 3613 intellectum
3440 3554 3777 3613 transcendit

513 3665 746 3704 uxorem
777 3648 1026 3719 accipere
1065 3649 1421 3705 fornicariam
1449 3651 1582 3717 (Ose.
1614 3654 1671 3707 ι).
1703 3650 1773 3704 Et
1795 3650 1863 3704 de
1893 3650 1989 3704 illo
2017 3650 2108 3704 cui

514 3738 781 3810 precepit
826 3752 1033 3809 ponere
1074 3737 1331 3793 lumbare
1369 3738 1474 3793 sub
1502 3738 1707 3810 lapide,
1740 3744 1797 3793 et
1825 3743 1951 3810 post
1977 3756 2110 3810 qua-

515 3826 779 3897 draginta
805 3827 925 3882 dies
952 3827 1149 3888 visere,
1174 3827 1323 3898 quod
1352 3826 1534 3881 visens
1562 3827 1775 3882 invenit
1794 3828 1928 3899 quia
1954 3845 2109 3883 com-

514 3917 736 3988 putruit
761 3918 895 3988 (Jer.
930 3920 1066 3972 xm).
1112 3917 1184 3972 Et
1231 3917 1300 3970 de
1346 3916 1442 3972 illo
1488 3917 1579 3972 cui
1615 3917 1877 3989 praecepit
1907 3934 2108 3988 panem

516 4022 683 4060 suum
709 4010 900 4076 tegere
929 4005 1177 4060 humano
1206 4005 1370 4072 fimo;
1403 4005 1500 4059 sed
1524 4006 1655 4077 quia
1675 4022 1788 4061 non
1818 4012 2005 4077 posset
2022 4022 2111 4060 co-

518 4094 689 4160 medi,
721 4099 848 4165 post
873 4093 1138 4165 prmcepit
1158 4094 1271 4163 tegi
1302 4094 1500 4149 bovino
1532 4096 1740 4162 (Ezech.
1775 4094 1872 4166 ιν).

588 4182 650 4238 3.
687 4184 1090 4250 Multi/ariam,
1122 4182 1179 4235 id
1216 4187 1319 4248 est,
1349 4184 1649 4255 aliquando
1681 4199 1969 4255 prospera,
2004 4183 2107 4237 ali-

520 4270 745 4341 quando
772 4270 1005 4325 adversa
1033 4272 1357 4343 praedicens,
1381 4273 1681 4345 aliquando
1706 4274 2107 4344 prophetarum

514 4358 719 4425 verbis,
741 4364 799 4413 et
816 4360 1117 4432 aliquando
1142 4378 1335 4417 eorum
1385 4362 1544 4417 factis
1566 4362 1759 4417 futura
1786 4362 2105 4418 ostendens.

2191 3652 2248 3701 et
2274 3647 2627 3717 cogitationis
2656 3648 2946 3702 intuitum.
2973 3647 3179 3703 Merito
3209 3652 3398 3702 autem
3430 3646 3773 3718 splendorem

2191 3752 2320 3789 eum
2341 3736 2496 3799 dicit,
2520 3737 2616 3807 qui
2633 3742 2720 3790 est
2738 3738 2832 3791 lux
2855 3738 3068 3804 mundi,
3097 3738 3288 3791 lumen
3307 3737 3376 3791 de
3396 3737 3631 3801 lumine,
3655 3730 3775 3787 insi-

2191 3841 2371 3878 nuans
2391 3824 2552 3879 nobis
2580 3826 2826 3880 Patrem.
2858 3827 2967 3881 Per
2994 3826 3351 3897 splendorem
3380 3830 3572 3880 autem
3601 3821 3774 3878 unita-

2192 3920 2305 3968 tem
2334 3913 2640 3969 declaravit
2681 3916 2954 3981 essentiaa,
3003 3921 3061 3970 et
3096 3915 3237 3969 duas
3266 3914 3489 3987 aperuit
3519 3924 3774 3987 personas

2189 4003 2246 4057 in
2274 4003 2456 4073 gloria
2484 4010 2541 4058 et
2568 4005 2884 4075 splendore.

2259 4091 2314 4145 9.
2346 4094 2553 4160 Figura
2581 4095 2916 4149 substantiae.
2950 4094 3081 4148 Haec
3099 4094 3283 4165 ﬁgura
3295 4092 3633 4164 aequalitatis
3647 4103 3771 4161 prte-

2189 4180 2287 4236 bet
2323 4182 2619 4252 judicium,
2650 4188 2707 4236 et
2735 4184 2973 4254 ﬁguram
3005 4183 3141 4238 dicit
3186 4182 3335 4254 quod
3376 4182 3487 4237 alio
3520 4182 3642 4236 loco
3675 4177 3771 4231 for-

2190 4287 2342 4324 mam
2375 4289 2387 4324 :
2422 4272 2530 4339 Qui
2557 4288 2682 4326 cum
2711 4275 2774 4325 in
2802 4274 2987 4340 forma
3016 4272 3112 4326 Dei
3136 4278 3281 4327 esset.

2266 4358 2349 4416 10.
2378 4360 2581 4414 Lmen.
2616 4363 3031 4429 Purgationem.
3065 4362 3274 4432 Aperte
3319 4361 3407 4430 [[2,
3450 4358 3651 4431 aperit,
3699 4354 3770 4408 rel

587 4447 642 4504 4.
671 4447 928 4504 ΑΜΒΒοε.
950 4451 1243 4519 Multisque
1262 4453 1453 4506 modis.
1474 4450 1867 4507 Totaintentio
1887 4451 1949 4505 B.
1968 4444 2172 4522 Apo-B
2190 4447 2368 4520 apud]
2415 4449 2642 4504 Patrem
2688 4450 2997 4505 exhibendo
3038 4449 3468 4514 humanitatem,
3501 4462 3670 4520 quam
3695 4458 3771 4497 as-

519 4536 671 4603 stoli,
694 4536 754 4591 in
783 4537 1048 4608 Epistola,
1074 4538 1337 4595 Hebraeos
1367 4540 1438 4593 ad
1465 4540 1633 4594 ﬁdem
1669 4538 1878 4593 Christi
1906 4555 2110 4593 convo-

519 4641 667 4692 care,
699 4625 1175 4698 eminentiamquc
1202 4628 1423 4699 gratiae,
1452 4644 1575 4700 quae
1603 4644 1705 4699 per
1730 4627 1936 4682 Filium
1979 4628 2112 4683 data

520 4719 627 4782 est,
661 4731 697 4769 a
720 4715 992 4785 legalibus
1019 4716 1335 4772 discernere
1360 4716 1562 4773 verbis.

591 4804 645 4857 5.
678 4804 883 4862 Lmen.
912 4808 1143 4860 Locutus
1181 4812 1257 4861 est
1306 4808 1460 4861 nobis
1494 4808 1558 4860 in
1595 4808 1758 4868 Filio,
1789 4810 1893 4859 etc.
1945 4804 2113 4860 Com-

517 4892 784 4948 mendato
811 4894 970 4962 Filio,
993 4896 1349 4951 commendat
1372 4896 2021 4951 NovumTestamentum
2040 4895 2111 4950 ab

519 4981 643 5053 ipso
680 4983 913 5053 datum;
945 4990 1002 5040 et
1029 4986 1340 5040 humiliatis
1367 4985 1606 5056 angelis,
1636 4984 1969 5039 humiliatur
2011 5000 2113 5056 per

514 5070 641 5126 illos
667 5072 841 5127 Vetus
869 5074 1086 5128 datum.

586 5157 640 5216 6.
669 5162 917 5218 AMBROS.
943 5166 1012 5218 In
1050 5166 1210 5228 Filio,
1242 5163 1401 5235 quasi
1450 5164 1661 5218 diceret
1691 5181 1703 5217 :
1737 5164 1845 5218 Per
1880 5163 2106 5228 Filium,

513 5249 660 5303 sicut
686 5249 746 5303 in
773 5252 967 5306 multis
993 5252 1128 5306 locis
1158 5252 1535 5323 Epistolarum
1571 5252 1855 5307 invenitur
1898 5268 2106 5324 praepo-

515 5335 811 5392 sitionibus
839 5339 1228 5394 indifferenter
1254 5340 1357 5396 uti.

584 5425 637 5478 7.
669 5427 965 5494 Haredem,
996 5428 1103 5483 hoc
1130 5436 1217 5485 est
1244 5431 1546 5485 Dominum
1566 5429 1741 5485 totius
1763 5428 1979 5492 mundi,
2010 5444 2112 5482 nec

505 5511 625 5581 jam
648 5516 831 5584 portio
847 5516 1072 5572 Domini
1084 5523 1307 5574 tantum
1326 5518 1515 5586 Jacob,
1534 5524 1593 5573 et
1611 5535 1733 5572 sors
1764 5519 1887 5588 ejus
1907 5516 2103 5581 Israel,

508 5601 609 5660 sed
635 5602 781 5665 sicut
807 5605 871 5666 in-
896 5607 1112 5677 psalmo
1149 5609 1221 5665 de
1249 5625 1315 5669 eo
1343 5609 1554 5690 legitur
1583 5622 1596 5658 :
1623 5610 1846 5670 Postula
1865 5623 1901 5669 α
1922 5623 2028 5677 me,
2058 5613 2109 5666 et

2192 4538 2434 4608 sumpsit
2456 4555 2556 4609 pro
2575 4538 2756 4593 nobis.

2269 4625 2350 4682 11.
2373 4628 2618 4682 Αδηιιιοε.
2642 4630 3056 4695 Purgationem.
3082 4627 3170 4682 Ad
3189 4627 3427 4682 humilia
3450 4620 3772 4682 incarnatio-

2192 4715 2281 4770 nis
2308 4715 2614 4783 descendit,
2642 4716 2866 4772 dicens:
2899 4717 3301 4788 Purgationem
3326 4721 3677 4788 peccatorum
3703 4708 3771 4762 fa.

2194 4805 2348 4859 ciens
2376 4821 2479 4876 per
2505 4805 2842 4877 passionem.

2271 4892 2352 4950 1‘2.
2379 4894 2549 4950 Sedet.
2574 4894 2655 4948 De
2675 4894 3082 4950 resurrectione
3110 4900 3167 4949 et
3194 4894 3519 4949 ascensione
3547 4894 3666 4964 ejus
3681 4901 3773 4942 nos

2193 4981 2439 5037 instruit.
2469 4984 2579 5037 Per
2617 4984 2905 5039 dexteram
2950 4989 3141 5039 autem
3191 4982 3638 5054 magnitudinem
3682 4976 3771 5030 de-

2194 5072 2525 5126 monstravit
2554 5073 2803 5127 honoris.

2263 5159 2353 5217 13.
2388 5162 2593 5215 LANFR.
2618 5163 2729 5229 Ego
2754 5163 2932 5230 hodie,
2964 5161 3023 5216 id
3070 5167 3175 5227 est,
3206 5162 3267 5216 in
3313 5163 3416 5215 hac
3448 5157 3766 5215 aeternitate:

2191 5266 2295 5304 nec
2330 5249 2531 5305 melius
2558 5250 2741 5321 potuit
2768 5250 3004 5322 exprimi
3031 5252 3316 5306 aeternitas
3344 5267 3466 5323 quae
3494 5246 3771 5304 continua-

2192 5340 2356 5394 verit.

2267 5429 2351 5482 14.
2382 5430 2490 5496 Ego
2519 5430 2675 5483 hodie
2693 5432 2865 5496 genui
2888 5435 2953 5496 te,
2987 5434 3092 5485 etc.
3123 5428 3401 5484 Probatur
3426 5427 3598 5483 Filius
3617 5433 3763 5480 esse;

2191 5534 2324 5572 nam
2347 5517 2468 5588 ipse
2496 5522 2581 5572 est
2605 5518 2792 5585 Pater,
2824 5518 2958 5589 quia
2994 5518 3114 5589 ipse
3141 5518 3294 5586 dicit,
3325 5516 3474 5590 quod
3502 5519 3588 5571 est
3624 5530 3636 5565 :
3669 5509 3765 5563 Ero

2191 5608 2285 5661 illi
2311 5606 2375 5660 in
2402 5609 2643 5670 Patrem,
2675 5612 2725 5661 et
2748 5611 2861 5675 ipse
2883 5610 3009 5674 erit,
3032 5612 3139 5661 etc.
