3878 6350
61 329 157 391 377
738 332 817 388 ΙΝ
855 331 920 387 D.
966 329 1183 386 PAULI
1222 327 1451 387 EPIST.
1490 326 1867 385 COMMENT.
1916 362 1971 375 σο
2012 327 2238 384 EPIST.
2279 328 2375 384 AD
2414 326 2627 383 HEBR.
3215 323 3321 385 378

52 457 241 522 itaque.
283 451 353 506 Et
380 466 629 518 rursum,
677 454 771 506 cui
813 454 1156 521 Angelorum
1206 454 1359 507 dixit
1399 470 1416 506 :
1456 452 1573 523 Ego
1617 467 1714 507 ero
1756 451 1841 506 illi
1879 452 1941 507 in
1978 453 2231 512 Patrem.
2274 456 2333 506 et
2375 451 2498 522 ipse
2542 452 2653 506 erit
2687 450 2828 505 mihi
2856 451 2914 506 in
2950 450 3199 507 Filium?
3231 450 3316 508 15.

56 544 266 597 Etcum
292 542 507 597 iterum
536 545 699 597 Pater
744 541 828 609 16,
864 541 1186 602 introducit,
1228 542 1582 596 introducere
1618 544 1881 610 disponit,
1936 543 1997 596 id
2040 548 2135 603 est,
2188 543 2510 602 incarnari,
2554 540 3006 611 Primogenitum
3039 542 3100 595 in
3128 541 3325 596 orbem

62 637 232 709 terrae,
261 630 447 686 dicit:
499 630 584 694 l7,
615 632 685 686 Et
730 631 971 686 adorent
1017 646 1148 685 eum
1196 645 1393 685 omnes
1439 630 1628 700 angeli
1673 630 1797 684 Dei.
1851 630 1919 684 Et
1969 628 2054 687 18.
2103 630 2175 685 ad
2225 630 2477 700 angelos.
2510 631 2575 683 de
2614 632 2845 697 angelis,
2880 629 3108 701 quidem
3136 628 3321 683 diciti

54 721 149 784 Qui
166 720 298 774 facit
343 720 577 791 angelos
593 722 755 783 (dum
773 724 907 773 sunt
920 722 1094 780 missi)
1116 734 1265 784 suos,
1299 717 1551 789 spiritus,
1573 723 1631 773 et
1649 719 1939 773 ministros
1957 734 2108 782 suos,
2135 718 2287 788 (dum
2307 720 2575 772 assistunt
2595 718 2721 786 Deo)
2744 718 3031 771 ﬂammam
3049 716 3217 787 ignis.
3239 714 3326 770 Ad

56 807 242 861 Filium
261 813 481 874 autem,
506 824 609 877 per
637 808 980 877 prophetam,
1010 804 1097 873 i9,
1128 805 1235 862 20:
1265 806 1523 861 Thronus
1551 811 1684 860 tuus
1713 806 1880 860 Deus.
1911 807 2040 867 Fili,
2066 805 2127 859 in
2155 804 2419 859 saeculum
2445 804 2670 875 saeculi;
2712 804 2870 875 virga
2897 804 3202 875 aequitatis,
3233 802 3324 860 21.

59 894 197 966 virga
223 895 386 967 regni
424 895 528 950 tui.
561 893 652 952 22.
678 895 934 949 Dilexisti
957 893 1260 965 justitiam,
1301 899 1360 948 et
1377 894 1545 949 odisti
1572 893 1929 964 iniquitatem
1958 894 2114 963 (item
2134 894 2361 960 dignior
2388 898 2480 955 est,
2512 896 2646 961 quia
2675 897 2884 962 majori
2910 894 3051 946 dono
3079 892 3328 961 Spiritus

56 988 218 1038 sancti
248 991 458 1039 unctus
488 989 583 1049 est,
616 1000 786 1053 quam
815 986 924 1037 alii
938 986 1118 1036 sancti
1136 1002 1154 1048 ;
1190 999 1327 1036 nam
1355 984 1654 1051 Scriptura
1682 983 1841 1050 dicit)
1870 1002 1880 1035 :
1909 980 1996 1036 1’3.
2027 982 2332 1053 Propterea
2346 981 2506 1036 unxit
2518 986 2598 1051 te,
2619 982 2835 1047 oDeus,
2856 982 3008 1037 Deus
3025 987 3180 1044 tuus,
3202 980 3326 1036 oleo

58 1071 454 1139 exsultationis,
487 1073 781 1140 spirituali
806 1073 1019 1139 gratia,
1041 1086 1159 1137 quae
1181 1071 1438 1138 lzliﬁcat,
1462 1086 1576 1141 prae
1594 1070 1683 1123 24.
1705 1069 2072 1141 participibus
2092 1070 2225 1135 tuis,
2245 1072 2376 1138 plus
2393 1072 2525 1123 aliis
2544 1073 2750 1124 sanctis
2773 1089 2789 1124 :
2812 1071 2899 1136 Et,
2922 1074 2984 1124 tu
3006 1071 3116 1124 Fili
3132 1068 3243 1125 25..
3265 1069 3327 1124 in

57 1159 310 1230 principio
346 1170 439 1221 (ne
469 1160 752 1212 sileretur
769 1160 1070 1227 posterior;
1119 1162 1201 1212 vel
1253 1164 1314 1211 tu
1359 1160 1523 1212 Pater
1560 1162 1624 1213 in
1670 1161 1831 1225 Filio,
1852 1162 1952 1226 qui
1966 1161 2421 1227 estprincipium)
2453 1158 2708 1225 Domine,
2725 1163 2936 1212 terram
2967 1157 3235 1221 fundasti,
3269 1162 3328 1212 et

58 1264 209 1319 opera
230 1263 512 1302 manuum
541 1252 790 1313 tuarum,
822 1249 977 1312 Filii,
1014 1248 1114 1314 qui
1139 1251 1214 1299 est
1236 1262 1437 1301 manus
1456 1250 1659 1314 Patris,
1680 1250 1766 1302 uel
1780 1249 1853 1301 ad
1879 1250 2145 1313 litteram,
2165 1251 2299 1302 sunt
2317 1247 2458 1301 coeli.
2482 1244 2569 1302 26.
2587 1246 2700 1318 Ipsi
2720 1247 3004 1318 peribunt,
3029 1248 3326 1300 mulabun-

59 1343 159 1402 lur,
191 1342 256 1391 tu
283 1341 485 1391 autem
514 1334 891 1406 permanebis,
916 1339 975 1389 et
1003 1349 1199 1388 omnes
1217 1339 1285 1389 ut
1301 1335 1699 1389 vestimentum
1720 1339 2092 1400 veterascent,
2119 1340 2177 1388 et
2203 1335 2358 1389 velut
2383 1334 2649 1389 amictum
2675 1334 2920 1389 mutabis
2934 1350 3050 1401 eos,
3072 1339 3130 1388 et
3148 1338 3329 1388 muta-

57 1423 278 1494 buntur;
311 1431 379 1480 tu
419 1430 614 1479 autem
634 1423 784 1478 idem
813 1423 933 1494 ipse
954 1439 1033 1487 es,
1062 1427 1119 1477 et
1144 1423 1278 1476 anni
1299 1422 1380 1476 tui
1406 1440 1518 1477 non
1540 1424 1820 1478 deﬁcient.
1845 1427 2003 1484 (Item
2023 1426 2219 1493 probat
2241 1427 2340 1491 qui
2354 1425 2583 1491 dignior
2608 1429 2699 1483 est,
2723 1429 2785 1477 ut
2815 1426 3029 1491 supra.)
3046 1422 3129 1476 Ad
3159 1438 3327 1493 quem

54 1520 222 1568 autem
250 1513 593 1584 angelorum
621 1512 758 1567 dixit
779 1510 1109 1582 aliquando:
1143 1510 1289 1564 Sede
1319 1527 1353 1564 a
1376 1510 1585 1565 dextris
1616 1511 1775 1576 meis,
1804 1511 1894 1567 ‘27.
1932 1513 2299 1583 quoadusque
2343 1529 2548 1582 ponam
2580 1512 2836 1566 inimicos
2856 1517 2985 1566 tuos
3013 1510 3320 1565 scabellum

50 1601 234 1672 pedum
256 1601 539 1656 tuorum?
564 1599 654 1654 28.
696 1600 896 1654 Nonne
926 1613 1121 1651 omnes
1155 1605 1290 1652 sunt
1318 1596 1407 1654 ‘29.
1442 1599 1910 1655 administratorii
1961 1601 2213 1672 spiritus,
2246 1600 2305 1655 in
2334 1600 2709 1656 ministerium
2757 1600 2914 1655 missi
2943 1605 3173 1672 propter
3230 1615 3327 1654 eos

53 1691 229 1758 ﬁdeles,
257 1690 357 1761 qui
386 1688 781 1744 hereditatem
807 1687 1036 1759 capiunt
1065 1685 1310 1740 salutis?
1400 1714 1411 1727 κ

1393 1780 1582 1841 308
1615 1774 1853 1832 CAPUT
1881 1776 1956 1833 Π.

108 1865 569 1940 l.Propterea2.
615 1863 995 1920 abundantius
1025 1868 1248 1935 oportet
1272 1863 1569 1918 observare
1600 1881 1702 1919 nos
1735 1880 1803 1919 ea
1828 1882 1952 1936 quae
1984 1865 2319 1924 audivimus.
2352 1867 2495 1935 Ergo
2523 1869 2659 1935 quia
2687 1866 2916 1934 dignior
2967 1868 3199 1934 angelis,
3234 1867 3325 1921 di-

52 1959 194 2023 gnius
214 1962 289 2011 est
315 1961 673 2026 praeceptum,
700 1970 869 2023 quam
888 1958 1040 2007 vetus
1064 1953 1261 2007 datum
1282 1968 1386 2021 per
1414 1956 1657 2020 angelos.
1686 1960 1735 2008 et
1759 1957 1894 2023 quia
1918 1956 2148 2023 dignius
2175 1961 2271 2013 est.
2305 1960 2509 2024 oportet
2540 1971 2638 2010 nos
2666 1957 2811 2010 illud
2836 1971 3074 2017 servare,
3098 1971 3170 2009 ne
3186 1954 3331 2009 forte

61 2048 103 2100 3.
132 2046 551 2118 pereftluamus,
582 2058 967 2098 evanescamus
994 2057 1151 2110 opere
1175 2044 1240 2095 in
1266 2043 1390 2109 ﬁde.
1425 2042 1483 2096 Si
1507 2042 1656 2097 enim
1689 2043 1785 2113 qui
1810 2059 1911 2114 per
1940 2044 2171 2114 angelos
2200 2044 2383 2098 dictus
2410 2048 2497 2097 est
2516 2043 2570 2098 4.
2601 2042 2656 2101 5.
2686 2060 2890 2107 sermo,
2913 2042 3092 2098 factus
3119 2048 3206 2097 est
3230 2044 3328 2098 ﬁr-

55 2151 178 2201 mus,
201 2141 257 2191 et
287 2133 476 2190 omnis
504 2131 907 2205 praevaricatio,
939 2135 997 2185 et
1018 2128 1404 2184 inobedientia
1429 2135 1625 2185 veteris
1648 2133 1781 2199 legis
1806 2130 2021 2201 accepit
2035 2132 2251 2201 justam
2272 2129 2544 2184 mercedis
2570 2128 3018 2195 retributionem,
3039 2129 3322 2199 quomodo

60 2226 371 2292 nullatenus,
404 2239 515 2278 nos
532 2221 881 2292 effugiemus,
910 2219 959 2274 si
992 2223 1211 2273 tantam
1235 2217 1289 2273 6.
1323 2220 1738 2289 neglexerimus
1767 2219 2026 2283 salutem,
2061 2220 2201 2274 Novi
2236 2221 2562 2274 Testamenti
2586 2220 2810 2281 scilicet,
2836 2234 2949 2272 non
2980 2222 3202 2272 tantum
3219 2233 3330 2272 ser-

1407 2326 2002 2381 COMMENTARIUS.

118 2416 193 2474 15.
212 2420 426 2474 Etcum
456 2421 685 2473 iterum.
717 2416 867 2473 Ordo
891 2434 903 2469 :
936 2422 994 2471 et
1018 2431 1146 2469 cum
1166 2412 1493 2479 introducit,
1522 2421 1630 2471 etc.
1652 2420 1705 2478 Α
1725 2414 1831 2469 Per
1861 2415 2031 2486 pedes
2050 2415 2275 2469 Domini
2295 2413 2577 2469 stabilitas
2605 2420 2818 2469 aeterna
2841 2415 3209 2485 signiﬁcatur,
3232 2411 3328 2465 ubi

65 2506 248 2561 Iterum
275 2508 434 2564 dicit.
1725 2510 1998 2574 tanquam
2052 2502 2304 2572 vestigiis
2352 2503 2588 2573 positus,
2639 2502 3057 2573 omnipotentiae
3117 2499 3325 2554 virtute

128 2594 201 2652 16.
226 2598 545 2651 Introducit
572 2596 1031 2662 Primogenilum,
1060 2598 1163 2647 etc.
1199 2593 1342 2648 Item
1371 2592 1643 2664 probatur
1726 2592 2016 2658 consistit,-
2049 2592 2137 2645 his
2166 2591 2401 2661 pedibus
2430 2596 2649 2645 constat
2695 2607 2814 2645 esse
2851 2588 3168 2644 subdendos
3213 2587 3331 2659 qui,

71 2684 179 2753 quia
201 2684 420 2755 dignior
448 2689 540 2739 est
566 2682 800 2753 angelis,
850 2697 982 2734 nam
1030 2680 1300 2734 adoratur
1328 2679 1398 2734 ab
1426 2680 1509 2735 eis
1538 2697 1552 2746 ;
1585 2686 1645 2734 et
1727 2680 1877 2734 vitiis
1906 2680 2208 2748 derelictis,
2252 2682 2375 2752 ejus
2430 2679 2923 2752 praedicationibus
2966 2677 3330 2732 inclinantur.

67 2772 223 2828 omnis
252 2773 346 2845 qui
373 2774 651 2828 adoratur
676 2769 898 2841 dignior
943 2774 1030 2823 est
1083 2769 1377 2823 adorante.
1427 2769 1643 2824 Deinde
1728 2768 1919 2823 Donec
1940 2786 2070 2823 vero
2094 2786 2206 2825 non
2230 2770 2321 2824 hic
2343 2771 2512 2824 ﬁnem
2526 2768 2816 2839 temporis,
2839 2767 2939 2822 sed
2957 2765 3329 2822 aeternitatem

70 2860 213 2916 etiam
237 2862 514 2934 probatur
558 2861 711 2932 ipsos
738 2874 859 2914 esse
886 2857 1253 2929 indigniores,
1303 2857 1399 2928 qui
1446 2857 1645 2911 minis-
1730 2858 2102 2913 demonstrat.

70 2955 202 3006 trant
225 2952 292 3015 ei,
322 2958 381 3006 et
404 2952 516 3006 hoc
545 2949 616 3004 ab
640 2948 1000 3013 auctoritate,
1029 2947 1177 3018 quod
1207 2951 1294 3002 est
1316 2962 1328 2997 :
1350 2947 1417 3001 Et
1435 2948 1509 3000 ad
1536 2962 1647 3000 an-
1800 2946 1891 3001 28.
1923 2950 2119 3002 Nonne
2163 2964 2368 3003 omnes.
2396 2947 2572 3002 Filius
2595 2948 2748 3001 solus
2777 2947 2988 3013 salvat;
3020 2941 3117 2998 isti
3159 2939 3330 2997 saluti

72 3042 207 3105 gelos,
228 3046 356 3108 etc.,
386 3045 475 3095 et:
509 3040 619 3107 Qui
644 3040 780 3107 facit
804 3039 1043 3105 angelos,
1078 3040 1185 3089 etc.
1735 3036 2262 3107 prmdestinatorum
2281 3036 2606 3091 deserviunt
2632 3077 2646 3104 ,
2666 3052 2798 3091 nam
2820 3034 3084 3105 angelum
3115 3031 3186 3086 ad
3213 3030 3334 3085 Ma-

133 3125 208 3184 17.
233 3130 295 3183 Et
323 3131 582 3183 adorent.
615 3127 979 3182 Incarnatum
999 3122 1249 3177 Verbum
1276 3122 1512 3177 adorare
1551 3123 1654 3177 ad-
1735 3127 1882 3180 riam
1910 3127 2151 3197 legimus
2179 3126 2415 3182 missum
2445 3126 2796 3199 ;pastoribus
2817 3126 2989 3181 etiam
3010 3128 3068 3179 et
3090 3120 3338 3177 mulieri-

77 3218 309 3272 monendi
330 3222 501 3272 erant
522 3215 709 3286 angeli
732 3233 746 3283 ;
769 3215 829 3270 in
850 3215 972 3286 ipsa
1000 3212 1292 3267 divinitate
1318 3211 1655 3266 admonitio-
1734 3214 1842 3270 bus
1862 3215 1919 3270 in
1950 3216 2359 3270 resurrectione
2386 3216 2574 3287 angeli
2608 3218 3012 3287 apparuerunt.

75 3305 146 3359 nis
166 3323 270 3361 non
287 3305 641 3378 indigebant.
1808 3302 2109 3361 29.LANFR.
2119 3306 2614 3360 Administratorii
2622 3307 2872 3374 spiritus.
2881 3302 3122 3358 Probata
3133 3299 3339 3355 Filium

140 3393 211 3450 18.
248 3397 331 3452 Ad
356 3396 604 3465 angelos.
638 3392 824 3451 Ordo:
858 3391 954 3463 qui
981 3391 1117 3445 facit
1136 3389 1367 3462 spiritus
1394 3405 1525 3445 suos
1552 3405 1657 3444 an-
1740 3408 1862 3447 esse
1884 3394 2199 3464 digniorem
2228 3393 2433 3463 probat
2472 3410 2693 3465 quoque
2744 3393 2974 3463 angelos
3021 3407 3144 3445 esse
3190 3388 3342 3443 indi-

79 3484 226 3551 8⁸108,
256 3492 312 3541 et
341 3487 638 3540 ﬂammam
665 3481 809 3553 ignis
832 3497 964 3535 suos
992 3479 1298 3534 ministros-
1736 3482 1963 3552 gniores
1989 3501 2002 3550 ;
2035 3489 2167 3537 sunt
2187 3483 2337 3537 enim
2367 3483 2420 3537 ei
2445 3488 2503 3537 et
2523 3482 2843 3537 hominibus
2862 3480 3338 3535 administrantes.

136 3573 213 3629 19.
249 3577 505 3630 Thronus
535 3578 666 3626 tuus
701 3573 862 3626 Deus.
890 3570 1032 3624 Item
1081 3568 1352 3640 probatur
1388 3567 1652 3638 dignior;
1813 3572 1970 3626 CAP.
2005 3573 2077 3627 ll.
2098 3602 2171 3612 --
2204 3571 2248 3629 ι,
2278 3572 2482 3627 Linea.
2510 3574 2821 3639 Propterea.
2850 3570 2996 3635 Quia
3012 3573 3230 3624 tantam
3249 3582 3345 3621 cu-

84 3677 191 3716 nam
216 3666 475 3730 thronus,
501 3663 557 3716 id
588 3666 696 3732 est,
722 3660 882 3715 sedes
928 3660 1053 3729 ejus
1109 3663 1167 3712 et
1212 3664 1494 3730 sceptrum
1535 3659 1657 3728 ejus
1741 3677 1863 3714 ram
1894 3660 2094 3717 habuit
2122 3666 2181 3716 et
2222 3660 2394 3715 habet
2422 3659 2596 3723 Deus,
2632 3665 2696 3714 ut
2720 3666 2778 3714 et
2799 3660 3003 3714 Filium
3035 3672 3203 3711 suum
3240 3671 3343 3726 pro

87 3760 249 3808 manet
273 3754 327 3809 in
356 3759 635 3809 aeternum
669 3768 681 3803 :
714 3749 865 3820 quod
901 3764 1015 3802 non
1045 3752 1134 3802 est
1160 3747 1511 3817 angelorum.
1674 3776 1722 3836 B
1744 3749 1903 3804 nobis
1919 3749 2114 3804 fecerit
2129 3749 2731 3819 incarnari,etangelos
2749 3765 2880 3803 suos
2896 3744 3343 3802 inministerium

142 3839 218 3897 20.
252 3844 500 3898 Axnaos.
542 3841 791 3894 Thronus
823 3842 971 3891 tuus.
998 3837 1259 3891 Thronus
1287 3835 1391 3890 Dei
1417 3835 1489 3888 ad
1512 3835 1681 3906 judi-'
1742 3846 2000 3895 nostrum
2029 3839 2280 3909 quotidie
2312 3838 2533 3892 invitet.

89 3927 211 3985 cium
236 3931 485 4013 pertinet
500 3929 750 3984 futurum
777 3945 789 3992 ;
818 3926 876 3979 in
897 3925 1164 3979 saeculum
1192 3924 1380 3978 saeculi
1404 3924 1663 4013 ait,_quia
1813 3946 1866 4000 2.
1899 3949 2145 4001 AMBROS_
2178 3947 2591 3999 Αὸυηάαηηαε,
2636 3944 2754 3998 Hoc
2781 3947 2866 3997 est
2890 3941 3134 4013 amplius
3173 3954 3342 4010 quam

90 4004 421 4075 novissimum
446 4016 728 4091 judicium
760 4020 974 4069 aeterna
997 4013 1333 4068 discretione
1360 4011 1552 4067 stabit.
1742 4036 1801 4090 in
1830 4037 1953 4105 lege
1981 4034 2300 4089 solebamus
2329 4032 2552 4090 audire.

142 4104 221 4163 21.
257 4110 416 4178 Virga
442 4109 626 4176 regni.
659 4105 793 4159 Haec
837 4103 996 4173 virga
1023 4101 1293 4157 fortitudo
1320 4107 1406 4156 est
1431 4102 1661 4166 invicta,

90 4197 292 4266 equites
320 4196 657 4262 rectissima,
678 4191 999 4249 inﬂexibilis
1028 4191 1341 4260 disciplina.

144 4284 223 4342 22.
252 4289 522 4343 bilem-isti.
552 4284 685 4355 Ipsa
719 4287 806 4336 est
829 4281 987 4351 virga
1013 4286 1187 4343 recta,
1210 4295 1402 4334 amare
1430 4278 1666 4351 aequita-

93 4377 202 4442 tem,
228 4378 405 4433 odisse
427 4375 808 4447 iniquitatem.

150 4462 228 4521 23.
257 4469 569 4537 Propterea.
597 4464 811 4520 Unctus
855 4458 1113 4514 Christus
1138 4464 1195 4513 et
1232 4474 1422 4529 regem
1450 4459 1669 4529 signiﬁ-

108 4556 184 4606 cat
202 4560 254 4608 et
278 4556 625 4610 sacerdotem
651 4571 665 4619 ;
697 4551 795 4605 sed
823 4549 921 4603 illa
946 4554 1155 4602 natura
1183 4556 1387 4602 unctus
1440 4547 1664 4611 dicitur,

104 4654 197 4709 qua
219 4649 378 4699 natus
408 4649 468 4699 et
496 4657 694 4714 passus
728 4658 741 4707 ;
766 4637 916 4710 quod
957 4635 1093 4690 dicit
1128 4635 1299 4701 Deus,
1328 4637 1667 4707 praeconium

100 4742 284 4800 magna
310 4730 628 4788 dilectionis
648 4726 913 4785 ostendit.
947 4725 1148 4779 Oleum
1185 4724 1391 4780 laetitiae
1419 4730 1523 4789 est,
1547 4742 1672 4797 pec-

1816 4140 1871 4195 3.
1902 4142 2108 4196 LANFR.
2140 4143 2219 4195 Ne
2239 4143 2378 4208 forte
2397 4141 2814 4210 pere/fluamus.
2835 4138 2920 4192 Ne
2942 4138 3102 4209 pejus
3138 4135 3344 4209 punia-

1749 4247 1897 4297 mur,
1927 4230 2053 4284 ideo
2084 4230 2232 4301 quod
2260 4227 2639 4299 cognovimus,
2671 4232 2869 4282 notum
2893 4226 3339 4299 postposuimus.

1749 4319 1870 4386 Vel,
1903 4319 2036 4389 quia
2058 4320 2179 4388 jam
2209 4335 2273 4373 ex
2293 4323 2453 4390 parte
2480 4317 2812 4388 decidimus,
2855 4333 2926 4371 ne
2953 4333 3019 4371 ex
3046 4321 3165 4371 toto
3193 4314 3345 4370 deci-

1750 4407 1970 4462 damus.

1821 4514 1875 4567 4.
1906 4512 2095 4568 Sermo
2125 4515 2325 4581 factus.
2352 4512 2574 4568 Veteris
2604 4512 2947 4568 Testamenti
2982 4512 3164 4582 legem
3192 4510 3347 4577 dicit,

1752 4619 1874 4673 quae
1895 4619 1997 4673 per
2026 4602 2255 4671 angelos
2269 4602 2401 4655 data
2421 4608 2508 4656 est
2535 4601 2737 4671 Moysi.
2762 4603 2889 4657 Non
2918 4601 3066 4656 enim
3083 4602 3232 4656 Deus
3252 4617 3353 4672 per

1750 4690 2036 4761 propriam
2051 4690 2426 4745 substantiam
2447 4690 2799 4762 loquebatur,
2822 4691 2920 4745 sed
2942 4691 3127 4762 angeli
3151 4690 3211 4745 in
3231 4706 3355 4762 per-

152 4780 284 4800 ruhw
313 4780 625 4788 ”’””””⁷“’””
655 4780 805 4785 ""V
836 4780 841 4781 ⁷
1513 4780 1522 4789 ν
1548 4780 1565 4797 ,
2012 4780 2024 4789 _

100 4818 191 4872 Cati
216 4823 487 4876 maculam
516 4836 629 4875 non
652 4817 899 4883 habere;
933 4814 1084 4869 unde
1133 4813 1471 4869 conscientia
1514 4816 1670 4870 exhi-
1750 4795 1889 4833 sona
1927 4780 2047 4833 De"
2482 4803 2491 4812 '
2679 4845 2684 4850 .

101 4901 308 4976 luatur,
334 4909 560 4982 quando
588 4907 743 4963 nulla
771 4902 1093 4975 asperitatis
1120 4903 1507 4959 recordatione
1526 4920 1671 4982 φον,
1822 4887 1876 4941 5.
1908 4884 2098 4939 Sermo
2126 4887 2310 4982 factus
2328 4891 2404 4940 est
2439 4889 2660 4982 ﬁrmus.
2694 4887 2930 4959 Oportet
2969 4904 3082 4982 nos
3125 4902 3349 4982 serva-re

107 4975 301 5050 demi-,7
348 4975 370 4982 ’
1541 4975 1561 4988 '
1754 4991 2071 5029 sermonem
2131 4976 2293 5046 ejus;
2345 4991 2477 5029 nam
2524 4977 2721 5031 ﬁrmus
2761 4982 2890 5031 est:
2957 4978 3154 5031 ﬁrmus
3204 4975 3357 5030 enim

162 5081 237 5138 24,
265 5088 649 5157 Ρανιίείρίδαε,
673 5084 830 5140 Finis
860 5080 1152 5138 hominum
1183 5079 1344 5138 dicit.
1693 5088 1738 5147 ο
1758 5063 1938 5118 factus
1968 5068 2055 5118 est
2069 5080 2253 5157 sermo
2277 5064 2443 5119 datus
2499 5082 2600 5157 per
2650 5066 2903 5157 angelos.
2957 5066 3193 5136 Oportet
3248 5079 3351 5157 nos

166 5168 242 5227 25_
275 5175 339 5230 [η
362 5152 663 5245 whom“,
690 5176 940 5229 Domine.
981 5174 1114 5232 post
1156 5168 1525 5227 humanitatis
1578 5189 1676 5227 ex-
1757 5168 2000 5221 servare,
2022 5158 2099 5217 et,
2121 5152 2303 5222 sinon
2329 5154 2752 5222 servaverimus,
2772 5155 3090 5226 puniemur;
3104 5170 3237 5207 nam
3258 5153 3355 5223 qui

116 5242 416 5330 cellentiam,
447 5242 654 5319 iterum
692 5264 764 5318 ad
819 5264 1196 5319 teternitatem
1252 5262 1379 5317 Filii
1434 5278 1496 5315 se
1550 5278 1681 5317 con-
1758 5258 1871 5295 non
1900 5247 2261 5297 servaverunt
2311 5244 2491 5314 Ιθεεω
2539 5242 2751 5311 δαίδων
2786 5260 2887 5315 Per
2917 5243 3145 5313 ειηεθιοε
3173 5242 3357 5314 Puniti

121 5348 278 5403 vertit.
484 5388 489 5393 .
536 5372 539 5375 ν
1758 5330 2008 5384 fuerunt.

128 5516 139 5529 .
179 5433 256 5492 ‘26.
280 5440 385 5508 Ipsi
397 5443 679 5514 peribunt.
720 5441 969 5495 Pereunt
992 5440 1063 5494 ab
1095 5456 1160 5495 eo
1190 5439 1338 5511 quod
1361 5442 1512 5506 sunt,
1544 5438 1680 5493 dum
1833 5434 1887 5492 6.
1913 5440 2157 5494 AMBROS.
2194 5438 2624 5506 Neglemerimus.
2659 5438 2769 5493 Per
2786 5439 2891 5493 hoc
2917 5438 3198 5508 signiﬁcat
3226 5440 3362 5511 quia

126 5526 461 5584 immutantur
486 5529 547 5584 in
570 5528 789 5582 melius.
1763 5542 1877 5580 non
1928 5531 2051 5580 erat
2086 5531 2248 5581 tanta
2289 5528 2441 5581 salus
2479 5526 2538 5580 in
2585 5527 2776 5582 Veteri
2821 5528 3222 5599 Testamento;
3263 5530 3361 5585 illa

186 5608 265 5668 υ.
287 5614 462 5682 Quoad
488 5633 658 5707 usque
688 5614 1016 5688 |al.,donec]
1030 5630 1237 5685 ponam
1266 5616 1523 5671 inimicos
1541 5619 1679 5668 tuos.
1766 5614 1916 5683 enim
1948 5616 2295 5685 temporalis,
2332 5616 2449 5670 haec
2484 5621 2774 5687 perpetua.
