3878 6386
450 345 556 406 333
1439 340 1503 395 Β.
1545 339 1962 399 LANFRANCI
2001 342 2361 400 CANTUAR.
2400 343 2739 401 ARCHIEP.
3631 341 3761 402 384

443 469 777 527 tentationis
804 469 865 524 in
889 469 1130 533 deserto,
1158 465 1257 521 ubi
1283 469 1645 521 tentaverunt
1668 484 1759 522 me
1788 472 1976 538 patres
1996 468 2184 536 vestri,
2204 468 2580 540 probaverunt
2598 486 2703 535 me,
2730 473 2789 523 et
2814 467 3072 523 viderunt
3099 485 3269 541 opera
3297 486 3428 525 mea
3458 472 3611 523 sicut
3637 471 3761 523 Dei

455 560 831 632 quadraginta
860 558 1022 614 annis
1046 576 1058 624 ;
1092 560 1323 628 propter
1349 555 1516 626 quod,
1551 559 1684 625 quia
1704 561 2073 622 tentaverunt,
2096 558 2349 611 infensus
2372 558 2451 613 fui
2475 558 2827 628 generationi
2855 558 3005 623 huic,
3039 563 3096 612 et
3122 558 3261 612 dixit
3284 577 3297 612 :
3329 559 3762 630 Semper,nam

453 650 691 714 assidue,
715 653 907 702 errant
935 645 1121 702 corde.
1163 644 1275 715 Ipsi
1300 650 1490 697 autem
1514 659 1628 697 non
1656 649 2037 712 cognoverunt
2065 646 2181 700 vias
2210 662 2384 712 meas,
2413 652 2678 715 praecepta
2708 662 2849 711 mea,
2873 645 3022 700 sicut
3043 647 3229 717 juravi
3257 647 3317 700 in
3345 647 3433 701 ira
3463 663 3592 701 mea
3632 666 3647 700 :
3692 645 3767 699 Si

457 740 822 808 (aposiopesis)
851 734 1184 801 introibant,
1220 749 1330 787 non
1359 733 1617 786 introibit
1644 733 2035 800 quisquam,in
2060 734 2312 808 requiem
2336 751 2540 789 meam.
2572 733 2792 800 Videte,
2820 734 3041 799 fratres,
3076 751 3143 789 ne
3170 738 3291 789 sitis
3326 737 3637 802 increduli,
3679 750 3767 788 ne

453 827 599 882 forte
628 826 700 880 sit
721 825 782 879 in
811 825 999 895 aliquo
1029 828 1277 877 vestrum
1307 837 1403 874 cor
1428 820 2424 888 malum,incredulitatis,discedendi
2454 840 2489 877 a
2517 823 2633 878 Deo
2660 823 2817 891 vivo;
2840 823 2937 877 sed
2953 823 3333 878 adhortamini
3358 823 3767 894 vosmetipsos

450 931 554 986 per
582 914 833 984 singulos
856 914 995 978 dies,
1029 912 1204 966 donec
1230 910 1396 964 hodie
1429 910 1509 980 (in
1533 912 1796 977 praesenti
1822 912 1960 964 dum
1985 910 2132 981 licet)
2162 912 2612 982 cognominatur,
2645 916 2710 965 ut
2746 927 2860 965 non
2880 912 3190 966 obduretur
3210 911 3335 983 quis
3357 928 3424 966 ex
3452 910 3617 966 vobis
3660 909 3762 967 11.

451 1003 673 1057 fallacia
699 1002 912 1074 peccati
938 1002 1122 1076 (causa
1149 1016 1252 1054 cur
1279 1016 1391 1053 non
1428 1000 1714 1052 debeamus
1738 1000 2049 1066 obdurari).
2089 999 2172 1056 1‘2.
2205 1000 2511 1071 Participes
2531 1000 2682 1053 enim
2710 999 2936 1067 Christi,
2955 1005 3017 1053 ut
3034 1002 3281 1054 membra
3310 1000 3528 1069 capitis,
3546 999 3767 1053 effecti

450 1108 679 1157 sumus;
734 1090 823 1144 13.
865 1090 914 1144 si
956 1096 1144 1143 tamen
1191 1087 1275 1145 14.
1307 1087 1533 1141 initium
1571 1086 1901 1141 substantiae
1952 1089 2095 1158 ejus,
2137 1090 2265 1155 ﬁdei
2310 1091 2531 1158 quando
2583 1091 2952 1154 substitimus,
2992 1106 3172 1161 usque
3203 1089 3275 1143 ad
3305 1090 3473 1142 ﬁnem
3499 1089 3767 1144 ﬁrmum

454 1181 816 1234 retineamus.
844 1180 991 1232 Dum
1021 1177 1227 1231 dicitur
1256 1195 1268 1230 :
1305 1176 1502 1241 Hodie,
1534 1178 1597 1229 in
1630 1178 1910 1244 presenti,
1959 1177 2009 1229 si
2044 1193 2237 1230 vocem
2289 1179 2410 1246 ejus
2453 1176 2764 1245 audieritis,
2796 1177 2970 1230 nolite
3018 1176 3298 1231 obdurare
3322 1176 3493 1230 corda
3518 1182 3761 1245 vestra,

455 1268 931 1341 quemadmodum
959 1269 1373 1321 obduraverunt
1397 1270 1584 1334 patres
1612 1267 1779 1318 vestri
1797 1264 1854 1317 in
1878 1264 1976 1319 illa
1996 1264 2436 1319 exacerbatione.
2463 1267 2766 1333 Responsio.
2800 1265 3042 1328 Quidam
3071 1265 3219 1318 enim
3252 1264 3568 1331 audientes,
3600 1282 3763 1320 exa-

454 1357 841 1422 cerbaverant,
869 1355 967 1409 sed
996 1370 1109 1408 non
1134 1352 1380 1407 universi
1408 1352 1506 1423 qui
1536 1351 1768 1422 profecti
1798 1360 1932 1406 sunt
1950 1353 2019 1407 ab
2039 1353 2279 1425 {Egypto
2308 1369 2408 1424 per
2435 1354 2684 1424 Moysen.
2716 1352 2931 1417 Quibus
2959 1359 3150 1407 autem
3178 1353 3431 1407 infensus
3461 1359 3550 1407 est
3589 1371 3763 1424 qua-

451 1447 716 1517 draginta
744 1444 946 1499 annis?
983 1444 1185 1497 Nonne
1213 1442 1322 1495 illis
1348 1442 1444 1512 qui
1465 1447 1852 1512 peccaverunt,
1885 1457 2125 1511 quorum
2155 1441 2426 1495 cadavera
2454 1446 2736 1512 prostrata
2767 1445 2899 1495 sunt
2922 1441 2983 1495 in
3008 1441 3261 1496 deserto?
3290 1440 3503 1504 Quibus
3534 1448 3759 1497 autem

447 1534 661 1605 juravit
683 1550 798 1587 non
824 1532 1061 1586 introire
1090 1532 1148 1584 in
1164 1531 1416 1601 requiem
1447 1529 1640 1600 ipsius,
1660 1534 1740 1584 cel
1773 1535 1985 1584 terram
2011 1532 2421 1598 promissionis,
2453 1529 2563 1584 nisi
2588 1530 2701 1584 illis
2728 1530 2825 1601 qui
2852 1530 3123 1584 increduli
3150 1530 3382 1586 fuerunt
3408 1531 3432 1584 Τ
3472 1531 3543 1585 Et
3571 1532 3758 1588 vide-

455 1640 584 1679 mus
617 1622 752 1693 quia
781 1637 895 1676 non
923 1625 1233 1692 potuerunt
1257 1619 1493 1673 introire
1521 1624 1747 1691 propter
1779 1618 2251 1673 incredulitatem.

1800 1777 1916 1838 2]
1930 1778 1990 1837 π
2018 1771 2253 1827 CAPUT
2280 1769 2377 1825 IV.

529 1901 853 1955 Timeamus
874 1914 1006 1970 ergo
1033 1897 1097 1969 (a
1125 1899 1323 1965 simili)
1358 1913 1482 1965 ergo
1514 1912 1613 1951 nec
1641 1912 1740 1950 nos
1759 1898 2099 1951 intrabimus
2130 1898 2416 1951 existentes
2446 1898 2744 1959 increduli,
2779 1913 2904 1965 ergo
2928 1899 3245 1964 timeamus,
3275 1913 3347 1952 ne
3373 1897 3518 1952 forte
3532 1896 3761 1951 relicta

457 1989 863 2063 pollicitatione
891 1989 1021 2057 ﬁdei
1047 1986 1370 2042 introeundi
1400 1987 1459 2040 in
1487 1986 1739 2057 requiem
1766 1986 1903 2056 ejus,
1934 1987 1994 2040 id
2016 1990 2379 2051 est,:eternam
2395 1986 3024 2055 requiem,existimetur
3041 1985 3244 2057 aliquis
3263 1985 3753 2056 exvobisdeesse.

456 2079 569 2134 Cur
602 2083 920 2133 timeremus
940 2084 964 2131 Ρ
987 2078 1105 2131 illis
1119 2082 1338 2130 tantum
1352 2078 1790 2131 nuntiatumest.
1805 2075 2024 2130 Etenim
2047 2080 2105 2129 et
2116 2074 2278 2130 nobis
2295 2074 2619 2129 nuntiatum
2645 2081 2748 2141 est,
2758 2075 3231 2147 quemadmodum
3250 2080 3309 2130 et
3319 2075 3430 2130 illis
3449 2095 3462 2143 ;
3493 2075 3596 2129 sed
3615 2091 3749 2130 non

453 2168 663 2240 profuit
690 2168 803 2222 illis
822 2184 1007 2222 sermo
1036 2167 1402 2232 auditus,non
1430 2162 2129 2230 admistus,creditus,ﬁdei
2148 2162 2297 2217 exiis
2318 2180 2443 2234 quae
2470 2163 3188 2235 audieruntlngrediemur
3203 2164 3355 2219 enim
3375 2168 3755 2234 (nuntiatum

452 2263 533 2312 est
555 2257 1269 2323 nobis,namingrcdiemur
1297 2273 1313 2318 ;
1347 2258 1448 2319 vel,
1481 2255 1573 2307 sed
1602 2255 1774 2315 nobis,
1799 2255 1898 2320 qui
1918 2252 2277 2320 credidimus,
2294 2253 2696 2322 ingrediemur)
2721 2253 2777 2306 in
2801 2253 3054 2324 requiem
3081 2257 3216 2323 ejus,
3238 2253 3337 2324 qui
3358 2252 3748 2318 credidimus,

457 2345 935 2416 quemadmodum
963 2344 1107 2397 dixit
1127 2344 1335 2412 (probat
1367 2344 1509 2411 quod
1540 2359 1652 2395 non
1672 2343 2049 2410 profuit,nam
2070 2355 2183 2393 non
2204 2342 2501 2394 intrabunt
2540 2343 2603 2394 in
2620 2340 2884 2410 requiem)
2908 2359 2919 2391 :
2945 2341 3103 2396 Sicut
3124 2342 3311 2412 juravi
3335 2342 3395 2396 in
3424 2342 3513 2396 ira
3550 2358 3697 2397 mea
3734 2360 3749 2394 :

456 2434 514 2487 Si
542 2433 858 2487 introibant
879 2433 1239 2502 (aposiopesis)
1269 2431 1326 2484 in
1359 2430 1609 2500 requiem
1641 2446 1846 2489 meam.
1875 2435 2086 2482 terram
2116 2431 2521 2497 promissionis,
2560 2428 2610 2485 1.
2643 2435 2699 2483 et
2729 2430 2954 2501 quidem
2983 2431 3245 2501 operibus
3273 2431 3342 2485 ab
3371 2431 3755 2486 institutione

448 2520 647 2576 mundi
669 2519 1105 2591 perfectis.Di‘xit
1120 2518 1271 2573 enim
1292 2517 1348 2571 in
1369 2517 1614 2587 quodam
1635 2518 1755 2570 loco
1770 2516 1839 2570 de
1853 2515 1943 2569 die
1964 2515 2205 2587 septima
2225 2517 2304 2570 sic
2337 2534 2350 2570 :
2384 2516 2515 2572 2.Et
2535 2518 2812 2587 requievit
2836 2519 2985 2573 Deus
3005 2518 3095 2573 die
3105 2520 3347 2591 septima
3371 2518 3441 2574 ab
3472 2520 3755 2575 omnibus

453 2609 715 2681 operibus
747 2608 883 2663 suis.
918 2607 986 2661 Et
1012 2607 1071 2661 in
1102 2607 1210 2661 isto
1241 2623 1466 2660 rursum
1496 2624 1507 2658 :
1542 2606 1600 2660 Si
1637 2603 2037 2659 introibant‘in
2075 2606 2326 2675 requiem
2361 2622 2566 2659 meam.
2608 2606 2662 2662 3.
2707 2607 2986 2671 Quoniam
3025 2624 3158 2678 ergo
3197 2614 3457 2679 superest
3493 2609 3750 2664 introire

457 2698 730 2770 quosdam
757 2697 815 2751 in
841 2697 1019 2763 illam,
1042 2702 1100 2751 et
1115 2696 1177 2759 ii,
1201 2694 1403 2766 quibus
1424 2694 1702 2766 prioribus
1721 2692 2122 2747 annuntiatum
2149 2699 2250 2759 est,
2276 2711 2388 2749 non
2407 2695 2749 2751 introierunt
2767 2702 2999 2769 propter
3010 2697 3463 2752 incredulitatem
3489 2718 3501 2765 ;
3525 2698 3753 2753 iterum

451 2787 725 2843 terminat
750 2786 901 2841 diem
932 2785 965 2842 4
999 2786 1338 2857 .quemdam,
1385 2784 1581 2850 Hodie,
1623 2783 1682 2838 in
1710 2782 1885 2837 David
1929 2782 2181 2850 dicendo,
2229 2790 2356 2855 post
2389 2789 2609 2839 tantum
2654 2786 2945 2858 temporis,
2993 2786 3140 2841 sicut
3170 2787 3561 2858 supradictum
3607 2793 3706 2843 est
3736 2804 3749 2839 :

454 2876 634 2933 Hodie
664 2876 711 2930 si
740 2892 929 2931 vocem
957 2876 1079 2946 ejus
1109 2874 1420 2941 audieritis,
1455 2874 1629 2928 nolite
1648 2872 1928 2927 obdurare
1947 2873 2116 2926 corda
2143 2878 2347 2927 vestra.
2391 2875 2441 2928 5.
2465 2875 2609 2930 Nam
2626 2875 2674 2930 si
2694 2875 2775 2930 eis
2798 2877 2827 2930 J
2833 2892 2961 2930 esus
2990 2874 3041 2934 6.
3068 2877 3321 2945 requiem
3352 2876 3745 2947 praestitisset,

454 2981 745 3037 nunquam
775 2965 845 3019 de
876 2965 989 3019 alia
1015 2950 1343 3035 loqueretur
1370 2964 1604 3035 posthac
1632 2962 1743 3017 die.
1763 2960 1814 3016 7.
1837 2963 2033 3032 Itaque
2051 2962 2390 3032 relinquitur
2405 2963 2779 3019 sabbatismus
2798 2965 3004 3036 populo
3019 2964 3256 3028 Dei.Qui
3275 2964 3425 3019 enim
3443 2966 3753 3036 ingressus

451 3054 614 3109 estin
633 3053 886 3127 requiem
909 3055 1066 3125 ejus;
1100 3052 1270 3110 etiam
1303 3053 1355 3109 8.
1389 3053 1511 3124 ipse
1549 3051 1825 3123 requievit
1852 3050 1922 3105 ab
1952 3051 2213 3121 operibus
2247 3051 2383 3119 suis,
2418 3053 2563 3107 sicut
2586 3069 2621 3107 a
2648 3053 2765 3107 suis
2788 3052 2957 3109 Deus.
2989 3050 3042 3119 9,
3087 3053 3178 3109 10.
3209 3053 3567 3108 Festinemus
3607 3069 3752 3123 ergo

1801 3202 2395 3259 COMMENTARIUS.

528 3328 615 3387 11.
666 3331 909 3384 Fallacia
949 3331 1174 3398 peccati.
1216 3329 1516 3383 Peccatum
1552 3333 1713 3383 vocat
1740 3327 2044 3393 diabolum,
2066 3326 2294 3386 Aenim
2322 3334 2484 3384 vocat
2504 3327 2676 3403 [sup.,
2705 3328 3211 3403 incredulos],cum
3231 3330 3368 3385 dicit
3400 3348 3412 3383 :
3441 3329 3630 3385 Nolite
3662 3331 3755 3385 ob-

446 3419 540 3475 vel
586 3418 1059 3485 incredulitatem,
1084 3434 1194 3489 quo
1230 3418 1318 3473 vel
1344 3435 1456 3489 qua
1488 3418 1755 3472 fallantur
1780 3417 2051 3481 inﬁdeles,

452 3525 527 3563 ne
557 3508 790 3562 credant
809 3507 958 3578 quod
988 3506 1330 3561 credendum
1361 3513 1467 3561 est.

525 3597 615 3652 12.
648 3598 894 3652 AMBROS.
930 3600 1231 3665 Participes
1257 3598 1406 3650 enim
1435 3597 1658 3659 Christi,
1693 3595 1749 3649 id
1784 3601 1889 3659 est,
1910 3610 2056 3648 unus

452 3685 637 3742 effecti
666 3701 860 3740 sumus
891 3700 1018 3740 cum
1047 3685 1142 3739 illo
1170 3685 1217 3739 si
1256 3684 1481 3756 quidem
1519 3685 1639 3756 ipse
1666 3690 1836 3755 caput
1865 3688 1968 3751 est,
2001 3688 2059 3736 et

453 3791 558 3831 nos
587 3773 859 3833 membra.

528 3860 613 3920 13.
641 3862 707 3918 Si
736 3869 922 3918 tamen
953 3865 1208 3917 initium.
1249 3861 1391 3926 Quid
1423 3868 1509 3917 est
1537 3861 1760 3915 initium
1792 3859 2056 3915 substan-

448 3953 585 4007 tiae?
637 3953 829 4007 Fidem
877 3952 1175 4023 signiﬁcat,
1223 3967 1324 4023 per
1375 3968 1545 4022 quam
1590 3950 1969 4014 subsistimus,
2001 3955 2058 4003 ct

450 4041 568 4097 Deo
590 4042 711 4097 nati
730 4058 924 4097 sumus
944 4041 1002 4095 in
1023 4041 1188 4095 ﬁlios.

519 4131 610 4187 14.
641 4132 847 4185 LANFR.
893 4132 1133 4185 Initium
1162 4131 1499 4184 substantiae.
1542 4128 1872 4185 Substantia
1900 4130 2062 4181 vocat

451 4219 641 4287 ﬁdem,
658 4219 790 4290 quia
825 4219 950 4291 ipsa
975 4219 1128 4273 velut
1154 4218 1581 4273 fundamentum
1611 4217 1771 4271 bonis
1799 4215 2060 4288 operibus

454 4305 695 4374 substet,
730 4306 788 4360 id
827 4312 912 4360 est
930 4307 1098 4377 jacet.

526 4395 684 4450 CAP.
721 4395 811 4450 IV.
839 4425 905 4435 —
947 4394 993 4450 l.
1027 4397 1231 4450 LANFR.
1264 4397 1331 4451 Et
1360 4397 1581 4465 quidem
1611 4396 1883 4464 operibus.
1916 4393 2055 4447 Pro-

451 4482 552 4538 bat
571 4483 711 4538 duas
740 4499 859 4538 esse
880 4485 1123 4555 requies,
1148 4501 1321 4539 unam
1334 4489 1766 4554 terrenam,quae
1783 4480 2057 4553 promissa

2135 3417 2347 3471 durare
2370 3418 2535 3471 corda
2559 3423 2756 3471 vestra.

2205 3504 2258 3557 4.
2296 3505 2614 3571 Quemdam.
2640 3505 2790 3561 Ordo
2819 3507 3153 3578 :quemdam
3180 3507 3268 3576 [/Z,
3298 3506 3572 3560 terminat
3592 3506 3754 3560 diem

2139 3593 2461 3665 quemdam]
2482 3600 2609 3663 post
2627 3599 2848 3649 tantum
2878 3595 3149 3667 temporis
3176 3595 3343 3649 hodie
3372 3594 3430 3647 in
3450 3594 3634 3648 David
3655 3593 3754 3648 di-

2137 3687 2334 3751 cendo,
2365 3688 2512 3741 sicut
2540 3704 2707 3758 supra
2732 3688 2944 3743 dictum
2969 3693 3055 3743 est
3085 3690 3250 3742 Hodie
3278 3690 3347 3753 si,
3380 3692 3485 3741 etc.

2209 3771 2260 3829 5-
2286 3776 2432 3829 Nam
2468 3779 2518 3828 si
2554 3781 2631 3829 eis
2653 3778 2824 3830 Jesus.
2860 3778 2987 3831 Non
3025 3782 3111 3831 est
3140 3775 3247 3830 iste
3283 3776 3446 3830 Jesus
3484 3776 3753 3830 Salvator

2138 3862 2372 3930 mundi;
2407 3863 2506 3916 sed
2548 3864 2730 3929 Jesus,
2775 3864 2871 3935 qui
2900 3864 3072 3918 etiam
3111 3864 3279 3917 Josue
3330 3863 3685 3929 nominatur,
3717 3879 3753 3916 a

2139 3969 2248 4025 quo
2298 3952 2539 4023 populus
2585 3954 2905 4007 Iudaeorum
2954 3954 3154 4007 ductus
3183 3957 3269 4007 est
3296 3952 3354 4007 in
3376 3958 3591 4007 terram
3622 3968 3754 4024 pro-

2137 4040 2457 4107 missionis;
2493 4041 2589 4110 qui
2626 4041 2674 4095 si
2720 4057 2909 4095 veram
2959 4041 3214 4111 requiem
3260 4041 3341 4095 eis
3370 4040 3751 4111 prazstitisset,

2141 4144 2430 4200 nunquam
2460 4135 2587 4200 post
2609 4130 2763 4184 illam
2788 4130 2893 4183 hac
2920 4130 3029 4197 die,
3061 4130 3117 4184 id
3147 4134 3234 4184 est
3251 4129 3437 4197 hodie,
3470 4129 3576 4184 hoc
3596 4134 3753 4184 tem-

2147 4235 2277 4290 pore
2306 4218 2481 4272 David
2511 4219 2580 4272 de
2609 4219 2720 4274 alia
2748 4220 3093 4291 loqueretur.

2213 4307 2264 4362 6.
2289 4309 2543 4376 Requiem
2567 4312 2928 4376 prastitisset.
2963 4308 3051 4363 Illi
3092 4307 3330 4378 ingressi
3367 4311 3516 4374 sunt,
3551 4306 3609 4360 id
3642 4314 3752 4369 est,

2137 4397 2250 4451 illis
2276 4414 2391 4451 non
2420 4397 2576 4451 dedit
2604 4398 2859 4469 requiem
2881 4397 3060 4458 illam,
3085 4414 3215 4451 nam
3246 4397 3293 4451 si
3323 4397 3434 4450 illis
3460 4396 3754 4466 praestitis-

2139 4488 2245 4549 set,
2273 4500 2562 4556 nunquam
2588 4486 2657 4540 de
2685 4486 2797 4539 alia
2825 4486 3047 4540 locutus
3068 4485 3390 4540 fuisset.Ve1
3409 4485 3705 4556 respondit
3737 4511 3748 4544 :

455 4578 543 4627 est
563 4572 809 4643 Judzeis;
851 4572 1021 4626 aliam
1043 4574 1326 4628 caelestem
1354 4591 1476 4644 quae
1505 4571 1853 4644 promittitur
1873 4569 2107 4646 nobis._
2140 4589 2253 4627 non
2284 4590 2506 4627 omnem
2556 4577 2809 4646 requiem
2858 4575 3058 4630 tribuit
3081 4576 3161 4630 eis
3200 4576 3364 4630 Jesus
3393 4576 3545 4630 Nave
3578 4577 3749 4641 (nun-

451 4660 523 4716 Et
546 4666 633 4715 est
650 4640 1129 4733 responsio,quasi
1140 4662 1342 4734 aliquis
1358 4640 1568 4716 diceret
1592 4679 1602 4714 :
1630 4661 1815 4725 Quare
1830 4658 2019 4713 dixisti
2038 4640 2115 4711 :B
2142 4677 2308 4731 quam
2336 4661 2405 4715 de
2433 4662 2564 4732 alia)
2602 4640 2829 4717 omnem
2873 4663 3129 4733 requiem
3168 4663 3225 4717 id
3264 4670 3350 4717 est
3374 4663 3750 4733 temporalem

451 4749 802 4821 ingredimur
838 4750 897 4804 in
926 4751 1200 4822 requiem,
1233 4768 1362 4805 cum
1402 4751 1461 4805 in
1497 4750 1710 4805 nullam
1737 4747 2058 4820 promissio-

449 4839 540 4893 nis
567 4845 780 4894 terram
819 4839 1034 4895 intrare
1076 4839 1237 4894 nobis
1278 4856 1393 4894 non
1434 4845 1729 4910 tantopere
1757 4837 1896 4893 utile
1934 4836 2058 4890 sit?

448 4928 604 4997 Duae,
638 4928 845 5000 inquit,
867 4929 1091 5001 requies
1120 4935 1271 4983 sunt.

517 5017 571 5073 2.
604 5019 671 5073 Et
701 5021 991 5088 requievit.
1028 5019 1157 5072 Haec
1188 5022 1273 5072 est
1303 5016 1526 5087 requies
1556 5032 1678 5087 qum
1707 5013 2058 5086 promittitur

447 5108 676 5175 sanctis,
715 5107 973 5163 videlicet
999 5106 1259 5173 caelestis,
1291 5104 1589 5159 ineffabilis
1639 5104 1741 5158 Dei
1791 5102 2057 5160 suavitas.

519 5199 572 5253 3.
607 5198 879 5264 Quoniam
911 5212 1038 5263 ergo
1076 5200 1340 5263 superest.
1384 5194 1529 5257 Quia
1568 5193 1820 5264 quidam,
1854 5191 2057 5262 inquit,

449 5283 713 5339 intraturi
755 5290 889 5339 sunt
918 5285 978 5337 in
1007 5283 1263 5354 requiem
1294 5282 1397 5336 Dei
1426 5282 1731 5351 caelestem,
1763 5286 1822 5335 et
1856 5280 1914 5333 hi
1944 5279 2063 5350 qui-

450 5371 557 5426 bus
596 5374 996 5427 annuntiatum
1048 5378 1134 5424 est
1182 5370 1242 5424 in
1288 5370 1509 5425 deserto
1552 5387 1666 5425 non
1698 5369 2057 5434 introierunt,

451 5459 588 5530 quia
612 5461 846 5516 verbum
875 5477 987 5515 non
1016 5459 1788 5517 crediderunt.Admonentur
1817 5476 2054 5531 praesen-

453 5547 529 5601 tis
572 5550 840 5619 temporis
885 5549 1099 5616 ﬁdeles,
1140 5566 1212 5604 ne
1245 5549 1523 5605 obdurent
1550 5550 1721 5604 corda
1747 5566 1850 5604 sua
1886 5550 2053 5605 verbo

454 5635 577 5702 Dei,
611 5635 756 5691 sicut
803 5637 1219 5693 obduraverunt
1261 5640 1580 5713 superiores
1628 5638 1919 5708 increduli,
1964 5657 2058 5697 eos

2138 4755 2195 4804 et
2219 4751 2522 4807 caelestem.

2210 4836 2263 4893 7.
2309 4841 2499 4907 Itaque
2548 4842 2912 4909 relinquitur.
2948 4840 3248 4894 Concludit
3289 4839 3438 4910 quod
3485 4838 3748 4909 superius

2138 4927 2499 5001 probabatur.
2525 4929 2699 4993 Quasi
2723 4929 2968 4983 diceret:
3005 4928 3356 5000 ingredimur
3385 4927 3558 4999 igitur
3581 4927 3643 4981 in
3663 4944 3749 4981 Γρ-

2141 5016 2350 5088 quiem.
3626 5083 3640 5097 Ι

2215 5104 2275 5162 8.
2318 5107 2573 5163 Amanos.
2604 5108 2720 5175 Ipse
2760 5107 3050 5173 requievit.
3094 5102 3336 5175 Requies
3373 5103 3476 5157 Dei
3512 5118 3746 5175 operum

2144 5194 2410 5266 perfectio
2449 5194 2811 5265 intelligenda
2859 5198 2973 5261 est;
3023 5210 3125 5264 per
3152 5193 3306 5246 illam
3336 5207 3467 5245 vero
3494 5191 3746 5261 requiem

2146 5301 2268 5356 quae
2298 5289 2509 5338 aeterna
2559 5289 2643 5337 est
2685 5300 2786 5337 nos
2839 5283 2910 5337 ad
2958 5287 3226 5337 aeternam
3261 5285 3542 5351 provocat,
3576 5294 3745 5351 quam

2143 5373 2547 5427 sabbatismum
2578 5371 2908 5434 nominavit,
2938 5386 3049 5424 non
3100 5370 3375 5440 requiem,
3420 5368 3516 5439 qui
3543 5366 3745 5422 Judaeis

2134 5462 2500 5534 loquebatur;
2542 5476 2644 5515 nec
2671 5461 2792 5514 vult
2832 5459 2947 5513 tale
2991 5458 3291 5512 sabbatum
3319 5457 3379 5511 in
3417 5472 3592 5526 regno
3620 5453 3745 5517 Dei,

2138 5558 2204 5606 ut
2225 5552 2432 5605 iterum
2459 5550 2583 5621 quis
2607 5548 2804 5603 exinde
2831 5552 3148 5602 revertatur
3177 5546 3247 5600 ad
3258 5562 3429 5617 opera
3445 5544 3740 5601 laboriosa,

2139 5642 2285 5697 sicut
2310 5640 2369 5695 in
2398 5639 2630 5695 sabbato
2659 5637 2869 5693 cameli
2892 5637 3165 5691 fecerunt.
3199 5635 3357 5689 Istud
3388 5646 3520 5687 vero
3551 5631 3741 5686 sabba.
