3878 6368
92 276 182 335 385
756 277 834 333 ΙΝ
873 278 942 333 D.
983 277 1201 335 PAULI
1240 280 1478 338 EPIST.
1523 282 1895 340 COMMENT.
1935 306 2001 320 -
2040 279 2255 337 EPIST.
2303 281 2401 337 AD
2438 284 2653 340 HEBR.
3224 276 3334 337 386

87 400 286 471 ingredi
311 400 372 454 in
394 399 547 455 illam
573 401 847 472 requiem,
874 407 941 458 ut
965 420 1039 459 ne
1062 403 1153 459 11.
1177 404 1236 460 in
1256 406 1501 478 idipsum
1520 409 1646 479 quis
1670 407 1884 462 incidat
1909 405 2321 461 incredulitatis
2344 406 2431 465 12.
2456 408 2793 480 exemplum.
2814 406 2902 471 l3,
2928 401 3013 463 14.
3045 403 3215 459 Vivus
3243 407 3332 458 est

88 490 222 543 enim
248 505 431 543 sermo
455 489 574 552 Dei,
603 495 659 544 et
687 490 901 554 efﬁcax,
933 497 989 546 et
1018 494 1423 563 penetrabilior
1450 497 1603 550 omni
1632 496 1821 567 gladio
1851 494 2114 566 ancipiti;
2148 499 2205 549 et
2232 496 2558 566 pertingens
2587 512 2766 567 usque
2785 493 2857 548 ad
2870 492 3199 547 divisionem
3239 491 3326 568 15,

90 576 163 633 16.
191 577 388 632 animae
408 594 474 632 ac
493 578 741 649 spiritus,
776 579 864 646 17,
885 596 1219 652 compagum
1258 600 1481 655 quoque
1518 601 1585 639 ac
1621 583 2016 648 medullarum,
2040 588 2097 637 et
2125 583 2402 639 discretor
2432 583 2837 655 cogitationum
2869 587 2925 636 et
2951 580 3329 635 intentionum

86 666 266 719 cordis.
292 666 361 719 Et
382 682 496 720 non
512 672 597 721 est
610 667 727 721 ulla
743 673 1002 723 creatura
1020 669 1314 726 invisibilis
1334 673 1393 727 in
1414 679 1715 744 conspectu
1735 673 1882 742 ejus;
1902 671 2093 725 omnia
2121 677 2309 726 autem
2342 673 2495 726 nuda
2520 678 2577 726 et
2605 677 2801 744 aperta
2829 674 2962 724 sunt
2989 668 3165 723 oculis
3186 669 3328 738 ejus,

84 753 161 809 18.
197 754 263 808 ad
293 771 460 825 quem
492 755 650 809 nobis
682 773 887 811 sermo.
923 758 1208 814 Habentes
1239 777 1371 832 ergo
1400 763 1723 833 pontiﬁcem
1751 779 2039 833 magnum,
2076 762 2171 833 qui
2200 764 2517 833 penetravit
2537 764 2724 829 caelos,
2749 764 2942 818 Iesum
2969 759 3175 815 Filium
3203 757 3324 824 Dei,

80 848 352 897 teneamus
377 844 802 900 confessionem.
835 847 962 901 Non
999 848 1151 902 enim
1192 848 1464 905 habemus
1506 851 1829 922 pontiﬁcem
1858 851 1954 922 qui
1983 867 2096 905 non
2123 852 2305 922 possit
2341 852 2586 923 compati
2628 850 3053 906 inﬁrmitatibus
3097 845 3324 912 nostris,

81 936 334 986 tentatum
365 938 556 987 autem
588 950 689 1004 per
716 934 908 989 omnia
935 934 1020 1003 19,
1052 937 1141 991 20.
1174 955 1276 1009 pro
1301 938 1672 994 similitudine
1700 939 1911 1011 absque
1941 945 2194 1010 peccato.
2230 940 2517 995 Adeamus
2548 957 2680 1011 ergo
2705 956 2829 994 cum
2857 938 3063 993 ﬁducia
3079 937 3151 992 ad
3168 936 3326 990 thro-

81 1037 195 1075 num
221 1022 436 1092 gratiaa,
469 1028 535 1077 ut
561 1024 1004 1080 misericordiam
1035 1042 1468 1099 consequamur,
1494 1034 1553 1084 et
1574 1029 1818 1100 gratiam
1848 1028 2198 1083 inveniamus
2224 1028 2315 1086 21.
2347 1030 2409 1084 in
2437 1029 2644 1084 auxilio
2675 1032 3015 1100 Opportuno.

1312 1150 1424 1210 2|
1440 1150 1725 1211 πρωιι
1763 1144 1997 1199 CAPUT
2025 1144 2092 1198 V.

134 1263 181 1316 1.
208 1261 266 1321 2.
301 1264 502 1319 Omnis
532 1281 776 1337 namque
806 1267 1073 1337 pontifex,
1102 1284 1167 1322 ex
1194 1268 1518 1324 hominibus
1532 1273 1876 1341 assumptus,
1899 1284 2000 1339 pro
2027 1268 2351 1323 horninibus
2377 1268 2740 1324 constituitur
2766 1267 2827 1322 in
2848 1266 2917 1321 iis
2947 1283 3070 1337 quae
3098 1269 3232 1320 sunt
3250 1264 3322 1320 ad

77 1350 252 1418 Deum,
285 1358 348 1406 ut
367 1353 573 1407 oﬁ'erat
600 1354 748 1409 dona
774 1360 831 1409 et
858 1355 1131 1412 sacriﬁcia
1149 1374 1250 1429 pro
1276 1359 1551 1429 peccatis;
1577 1358 1673 1430 qui
1688 1358 1983 1412 condolere
2007 1358 2181 1429 possit
2200 1357 2269 1411 iis
2290 1358 2387 1428 qui
2407 1358 2668 1428 ignorant
2684 1362 2741 1412 et
2761 1361 2970 1422 errant,
2987 1356 3253 1426 quoniam
3265 1360 3323 1409 et

75 1439 175 1510 ipse
199 1440 577 1497 circumdatus
590 1449 674 1497 est
688 1444 1045 1513 inﬁrmitate;
1070 1450 1128 1500 et
1150 1453 1448 1518 propterea
1462 1447 1646 1514 debet,
1662 1446 2135 1518 quemadmodum
2158 1463 2258 1517 pro
2278 1447 2505 1518 populo,
2529 1446 2608 1499 ita
2630 1445 2799 1500 etiam
2827 1451 2885 1499 et
2903 1461 3003 1516 pro
3022 1444 3323 1515 semetipso

85 1530 261 1584 offerre
280 1547 382 1602 pro
412 1533 681 1602 peccatis.
719 1534 832 1587 Nec
863 1534 1161 1605 quisquam
1200 1535 1376 1590 sumit
1421 1535 1525 1590 sibi
1570 1536 1861 1600 honorem,
1896 1536 1994 1589 sed
2025 1535 2122 1605 qui
2152 1541 2384 1589 vocatur
2412 1552 2447 1589 τι
2465 1535 2581 1589 Deo
2611 1540 2883 1605 tanquam
2910 1534 3116 1587 Aaron.
3150 1532 3239 1587 Sic
3268 1537 3324 1586 et

79 1618 309 1673 Christus
339 1637 454 1675 non
485 1622 851 1693 semetipsum
873 1622 1199 1678 clariﬁcavit
1216 1630 1282 1678 ut
1302 1624 1551 1695 pontifex
1566 1625 1756 1692 ﬁeret;
1788 1624 1884 1678 sed
1909 1624 2004 1694 qui
2020 1624 2242 1678 locutus
2262 1628 2349 1678 est
2367 1625 2438 1678 ad
2470 1639 2630 1678 eum:
2656 1623 2831 1678 Filius
2860 1637 3021 1676 meus
3039 1637 3097 1674 es
3116 1625 3198 1685 tu,
3220 1635 3323 1689 ego

73 1707 214 1761 hodie
239 1709 409 1778 genui
436 1715 514 1763 te.
536 1710 1018 1773 Quemadmodum
1043 1718 1099 1766 et
1119 1712 1176 1766 in
1209 1713 1319 1767 alio
1356 1714 1478 1768 loco
1505 1713 1676 1767 dicit:
1700 1711 1754 1766 3.
1779 1714 1864 1767 Tu
1885 1729 1944 1766 es
1965 1713 2223 1767 sacerdos
2251 1713 2311 1767 in
2343 1706 2619 1768 aeternuni
2649 1711 2956 1766 secundum
2986 1708 3239 1763 ordinem
3267 1704 3319 1763 4.

71 1796 475 1853 Melchisedech.
511 1798 619 1862 Qui
646 1799 706 1853 in
735 1799 930 1855 diebus
959 1802 1143 1856 carnis
1173 1818 1291 1857 suae
1319 1818 1533 1881 preces,
1564 1802 1620 1860 5.
1653 1803 2201 1874 supplicationesque
2231 1803 2299 1857 ad
2328 1819 2457 1857 eum
2487 1802 2584 1874 qui
2627 1801 2806 1872 possit
2830 1804 2883 1856 6.
2913 1800 3075 1854 illum
3104 1797 3320 1853 salvum

1385 1924 1979 1981 COMMENTARIUS.

72 2026 173 2076 tum
200 2023 297 2080 Dei
338 2029 664 2099 quicunque
699 2029 894 2097 intrat,
931 2031 1210 2102 requievit
1253 2036 1526 2103 perpetuo
1568 2032 1639 2086 ab
1663 2032 1859 2092 Astris
1886 2033 1946 2086 in
1974 2032 2065 2087 die
2083 2032 2300 2103 judicii.

74 2112 304 2180 operibus
332 2117 471 2184 suis,
506 2117 656 2173 sicut
681 2119 830 2174 Deus
859 2136 893 2174 a
913 2119 1048 2174 suis.

130 2196 181 2256 9.
207 2203 544 2260 Festinemus
576 2209 816 2274 ingredi.
868 2207 1146 2272 Quoniam
1185 2224 1300 2263 non
1340 2209 1549 2264 sufﬁcit
1575 2210 1643 2263 ﬁ—

75 2286 171 2355 des,
198 2292 290 2346 sed
317 2294 489 2348 debet
536 2295 669 2349 addi
712 2296 845 2351 ﬁdei
872 2296 1044 2368 digna
1074 2297 1209 2362 vita,
1246 2298 1295 2352 si
1341 2298 1490 2351 enim
1521 2314 1642 2351 me-

75 2385 280 2434 ruerunt
303 2386 543 2450 terram,
560 2384 1006 2455 quimurmurati
1035 2391 1186 2452 sunt,
1210 2387 1491 2457 quomodo
1518 2402 1641 2440 me-

75 2465 291 2523 rebimur
307 2472 513 2527 coelum
540 2472 928 2529 indifferenter
956 2475 1206 2529 viventes
1232 2480 1299 2529 ut
1323 2479 1523 2546 gentes
1542 2482 1569 2529 ‘I

132 2555 206 2610 10.
233 2559 447 2618 LANFR.
489 2563 826 2627 Festinamus
855 2565 1252 2632 ergoingredi,
1280 2564 1339 2617 id
1371 2570 1475 2628 est,
1504 2563 1640 2634 quia

76 2646 263 2713 requies
287 2648 384 2713 illa
410 2655 628 2715 aeterna
649 2657 893 2722 est,ergo
915 2650 1243 2706 festinemus
1263 2653 1372 2706 ﬁde
1390 2652 1630 2721 ingredi.

75 2729 171 2800 Vel,
203 2752 327 2806 ergo
356 2739 492 2809 quia
530 2739 613 2793 illi
642 2757 742 2810 per
768 2740 1221 2805 incredulitatem
1252 2757 1364 2794 non
1394 2740 1634 2811 ingressi

74 2828 197 2889 sunt,
226 2841 353 2896 ergo
380 2843 487 2891 nos
515 2843 618 2899 per
636 2829 803 2883 ﬁdem
833 2828 1217 2899 ingrediemur
1235 2828 1296 2882 in
1322 2829 1498 2882 illam.

134 2909 205 2966 11.
232 2914 475 2973 ΑΜΒΒΟΒ.
507 2918 578 2981 In
607 2920 790 2985 ipsum
814 2918 1245 2983 incredulitatis,
1270 2917 1327 2971 id
1352 2922 1452 2983 est,
1486 2933 1557 2972 ne
1576 2916 1635 2971 in

76 2998 249 3056 similia
269 3002 608 3073 incidamus,
623 3022 694 3061 ne
714 3007 909 3071 eadem
929 3006 1217 3078 patiamur
1232 3022 1357 3077 quae
1380 3005 1463 3060 illi
1482 3005 1634 3077 passi

73 3096 196 3145 sunt.

131 3177 202 3235 12.
230 3180 429 3237 Lassa.
472 3185 816 3253 Exemplum.
861 3183 1191 3255 Exemplum
1223 3183 1635 3239 incredulitatis

75 3273 207 3322 vocat
226 3270 531 3327 vindictam
562 3273 678 3340 Dei,
712 3290 835 3344 quae
858 3278 1019 3337 tanta
1040 3273 1200 3326 illata
1226 3279 1333 3338 est,
1358 3277 1422 3327 ut
1451 3289 1635 3337 exem-

1795 2120 1886 2176 19.
1917 2123 2165 2185 Aunnos,
2201 2124 2307 2175 Pro
2335 2122 2730 2176 similitudine.
2759 2115 3321 2175 Similitudinemita—

1727 2225 1835 2279 que
1862 2211 2074 2280 peccati
2101 2209 2318 2276 habuit,
2367 2226 2489 2281 quae
2516 2214 2709 2264 tamen
2744 2225 2873 2263 caro
2919 2206 3072 2262 illius
3107 2203 3319 2275 absque

1726 2299 1880 2352 omni
1907 2304 2134 2370 peccato
2159 2299 2283 2354 fuit.

1795 2385 1884 2444 20.
1911 2389 2118 2442 Lassa.
2135 2390 2243 2442 Pro
2264 2388 2638 2442 similitudine
2659 2390 2887 2455 peccati.
2916 2387 3025 2441 Pro
3050 2388 3317 2443 similitu-

1721 2476 1872 2543 dine,
1906 2476 1963 2531 id
1989 2481 2092 2542 est,
2127 2476 2435 2531 secundum
2465 2475 2917 2540 similitudinem,
2939 2475 3198 2531 videlicet
3225 2493 3316 2531 se-

1720 2566 1964 2619 cundum
2017 2581 2262 2632 carnem,
2316 2565 2448 2636 quia
2490 2564 2551 2618 in
2598 2564 2971 2619 similitudine
3021 2565 3317 2620 hominum

1718 2654 1898 2711 factus
1931 2659 2035 2709 est.
2058 2655 2160 2709 Vel
2175 2671 2276 2725 pro
2303 2653 2691 2719 similitudine,
2724 2653 2783 2707 id
2808 2657 2912 2720 est,
2934 2668 3036 2725 pro
3060 2655 3314 2725 exemplo

1717 2742 1900 2796 dando
1930 2743 2207 2807 ﬁdelibus,
2242 2748 2306 2798 ut
2333 2747 2391 2797 et
2416 2742 2525 2813 ipsi
2542 2741 2761 2811 absque
2799 2758 3073 2800 consensu
3103 2742 3318 2813 peccati

1715 2835 2041 2897 tententur;
2088 2830 2446 2891 observantes
2475 2846 2546 2884 ne
2573 2829 2917 2887 inducantur
2953 2829 3010 2883 in
3048 2829 3315 2893 temtatio-

1716 2935 1866 2979 nem.
1899 2920 2002 2974 Vel
2029 2919 2129 2985 ita.
2149 2937 2251 2991 pro
2272 2918 2665 2985 similitudine,
2687 2918 2745 2975 id
2766 2922 2868 2984 est,
2903 2918 3316 2988 proptersimi-

1716 3007 2034 3076 litudinem,
2065 3013 2295 3079 propter
2329 3024 2556 3064 carnem
2585 3006 2798 3081 scilicet
2835 3022 3004 3076 quam
3027 3006 3261 3076 gerebat
3295 3026 3308 3062 :

1715 3095 1823 3150 nisi
1852 3096 2017 3155 enim
2032 3095 2169 3155 aliis,
2184 3095 2507 3156 hominibus
2527 3093 2723 3155 similis
2744 3098 2910 3159 esset,
2940 3098 3160 3151 tentare
3180 3110 3319 3155 eum

1717 3183 1972 3238 diabolus
2001 3200 2113 3238 non
2141 3182 2395 3239 auderet.
2447 3182 2599 3237 Ordo
2632 3200 2645 3235 :
2680 3186 2971 3244 tentatum
2991 3198 3091 3253 per
3120 3182 3312 3245 omnia

1714 3271 1925 3343 absque
1952 3277 2200 3344 peccato.
2394 3267 2399 3272 ’

72 3352 145 3442 plo
169 3357 283 3413 aliis
310 3376 434 3415 esse
468 3330 677 3428 valeat,
701 3330 772 3416 ne
794 3334 1068 3419 increduli
1116 3378 1239 3417 esse
1263 3330 1689 3442 praesuniant.B
2004 3330 2241 3421 auxilio.
2272 3330 2554 3416 Auxilium
2585 3360 2687 3417 Dei
2715 3346 2939 3430 semper
2981 3362 3068 3415 est
3105 3375 3315 3431 oppor-,

134 3441 203 3500 13.
232 3449 479 3506 Amnes.
534 3450 692 3513 Vivus
739 3457 816 3515 est
855 3455 1026 3515 enim.
1078 3451 1339 3507 Ostendit
1391 3450 1483 3506 hic
1529 3468 1633 3507 nos

73 3524 294 3601 eumdem
321 3537 537 3605 habere
555 3538 803 3609 judicem
831 3540 928 3611 qui
954 3540 1080 3603 illos
1107 3544 1339 3611 propter
1371 3539 1657 3604 incredur

73 3617 257 3689 litatem
283 3642 483 3691 eorum
518 3627 824 3689 damnavit.
1418 3690 1421 3693 .

128 3712 201 3775 14.
224 3713 432 3770 LANFR.
484 3718 640 3770 Vivus
659 3722 733 3772 est
761 3720 929 3782 enim,
962 3717 1021 3786 id
1047 3722 1152 3784 est,
1171 3717 1350 3783 vivax,
1367 3717 1634 3773 vivaciter

74 3805 119 3853 et
132 3816 249 3865 cum,
269 3804 462 3875 vigore
507 3821 700 3876 agens,
749 3806 910 3877 quasi
961 3806 1266 3871 incredulis
1310 3807 1659 3877 respondet-

72 3889 139 3941 An
164 3891 303 3946 novit
327 3894 491 3950 Deus’
512 3894 562 3947 si
589 3895 774 3962 credo,
821 3896 909 3950 vel
950 3912 1063 3950 non
1101 3896 1303 3950 credo?
1326 3896 1499 3950 Vivus
1525 3901 1630 3962 est,

70 3975 241 4048 inquit,
282 3982 383 4037 Dei
440 3999 628 4048 sermo
680 3984 740 4047 id
793 3988 898 4051 est,
944 3984 1196 4039 Verbum
1232 3984 1417 4039 Patris
1463 3986 1633 4040 homo

74 4064 316 4137 Christus,
348 4076 460 4126 etc.

124 4157 200 4209 15.
227 4161 476 4225 Annos.
509 4162 725 4215 Anima:
749 4177 816 4217 ac
840 4164 1093 4231 spiritus.
1122 4163 1329 4219 Anima
1375 4163 1629 4229 vivimus,

71 4243 239 4311 spiritu
260 4248 662 4320 intelligimus;
696 4255 753 4304 et
776 4255 894 4306 tam
923 4250 1117 4315 efﬁcax
1135 4257 1222 4306 est
1242 4252 1343 4307 Dei
1357 4252 1635 4323 judicium

70 4337 120 4384 ut
140 4332 402 4393 discernat
429 4338 582 4393 inter
608 4339 856 4394 carnalia
887 4344 944 4394 et
970 4340 1308 4411 spiritualia.

130 4420 203 4478 16.
229 4426 439 4481 LANFR.
473 4428 688 4481 Anima
724 4444 790 4483 ac
835 4431 1091 4497 spiritus.
1142 4430 1422 4485 Discernit
1457 4430 1633 4485 Filius

76 4505 196 4564 inter
217 4515 463 4570 animam
480 4521 537 4570 et
548 4517 829 4587 spiritum,
847 4517 981 4588 quia
1000 4518 1120 4589 ipse
1137 4519 1293 4574 novit
1311 4519 1444 4590 quid
1464 4521 1633 4575 homo

78 4600 253 4669 cogitet
287 4611 386 4659 aut
425 4605 598 4660 faciat
651 4611 884 4678 propter
937 4612 1165 4662 terrena
1201 4609 1515 4676 commoda,
1577 4613 1635 4663 et

76 4694 271 4759 propter
296 4694 564 4748 coelestia.
1496 4754 1499 4757 _

134 4775 208 4832 17.
237 4782 589 4852 Compagum.
638 4783 954 4855 Compages
1001 4791 1163 4841 vocat
1218 4785 1637 4856 conjunctiones

78 4866 464 4940 cogitationum,
494 4873 769 4928 medullas
798 4873 1139 4930 intentiones
1169 4891 1385 4940 eorum,
1406 4880 1466 4929 et
1484 4873 1634 4929 idem

78 4959 291 5025 apertius
340 4962 550 5033 repetit
586 4963 991 5033 cogitationum
1035 4969 1094 5018 et
1135 4963 1532 5021 intentionum.
1564 4962 1634 5017 Et

80 5049 149 5097 est
170 5048 291 5109 Ordo
322 5069 335 5103 :
370 5051 644 5106 discretor
671 5068 1028 5123 compagum,
1059 5056 1167 5107 etc.
1203 5052 1261 5107 Si
1290 5052 1441 5106 enim
1485 5051 1633 5122 cogi-

80 5133 194 5187 tatio
214 5138 530 5207 cogitationi
560 5140 939 5210 conjungitur,
970 5139 1090 5211 ipse
1113 5141 1270 5195 novit
1298 5158 1421 5211 quae
1450 5140 1525 5195 sit
1543 5157 1631 5195 se-

83 5223 289 5279 cundum
317 5228 525 5295 Deum,
556 5228 642 5283 vel
665 5228 973 5284 secundum
1001 5218 1268 5284 saeculum
1300 5248 1311 5283 :
1349 5229 1469 5300 ipse
1488 5245 1629 5301 quo-

85 5323 172 5376 que
198 5330 299 5384 qua
322 5322 515 5387 vergat
533 5317 772 5371 intentio
790 5316 1108 5388 cogitantis,
1132 5317 1247 5372 sive
1265 5317 1495 5385 bonum,
1517 5317 1630 5372 sive

85 5399 263 5457 malum
284 5404 538 5460 videatur
560 5422 688 5460 esse
718 5406 866 5477 quod
894 5406 1030 5477 agit.
1226 5468 1231 5471 _

144 5488 215 5553 18-
238 5491 317 5557 Ad
346 5511 505 5564 quem
535 5496 907 5560 nobissermo.
930 5495 1017 5550 Ad
1042 5495 1329 5550 Christum
1343 5495 1453 5550 erit
1471 5493 1632 5549 nobis

85 5587 257 5649 sermo,
286 5583 415 5654 quia
442 5584 552 5639 sibi
578 5573 1183 5650 reddemus,,!fal-ionem
1211 5584 1281 5649 de
1309 5583 1524 5640 actibus
1538 5599 1633 5651 no-
1672 5642 1673 5645 η

1715 3451 1953 3514 tunum;
1984 3447 2119 3517 quia
2165 3445 2225 3500 in
2278 3445 2707 3500 necessitatibus
2735 3444 3031 3512 subvenit;
3064 3443 3219 3511 sicut
3252 3445 3314 3511 in

1713 3536 1930 3607 psalmo
1959 3537 2231 3604 :Adjutor
2256 3538 2322 3589 in
2349 3535 2876 3604 opportunitatibus,
2899 3536 2963 3588 in
2991 3535 3313 3600 tribulatio:-

1715 3641 1784 3679 ne
1816 3626 1979 3685 (Psal.
2012 3631 2112 3694 1x).
2146 3686 2149 3687 ν

1787 3731 1947 3786 CAP.
1978 3730 2047 3783 V.
2084 3756 2139 3768 -
2178 3728 2227 3786 1.
2269 3731 2470 3784 Lmen.
2511 3730 2705 3784 Omnis
2751 3745 2993 3798 namque
3032 3728 3303 3797 pontifex.

1716 3820 1888 3885 Quasi
1906 3819 2130 3874 diceret
2155 3837 2168 3871 :
2201 3819 2327 3872 Non
2359 3823 2448 3872 est
2476 3817 2844 3871 difﬁdendum
2873 3817 3009 3887 quin
3034 3834 3139 3887 per
3161 3818 3313 3872 hunc

1715 3909 2038 3981 pontiﬁcem
2069 3906 2509 3961 misericordiam
2532 3911 2589 3960 et
2616 3905 2856 3976 gratiam
2874 3920 3312 3975 consequamur,

1717 3998 1851 4069 quia
1878 3998 1974 4051 alii
2004 3997 2178 4051 etiam
2206 3994 2649 4066 pontiﬁces,-qui
2686 3993 2813 4064 puri
2854 3993 3113 4051 homines
3155 3998 3309 4061 sunt,

1717 4087 1788 4142 ad
1818 4088 1934 4141 haec
1962 4086 2320 4158 impetranda
2343 4082 2664 4138 hominibus
2696 4082 2990 4137 constituti
3020 4087 3173 4137 sunt.
3200 4122 3203 4125 η
3274 4142 3279 4145 τ

1786 4193 1840 4249 2.
1868 4195 2115 4249 AMBROS.
2167 4192 2359 4247 Omnis
2405 4206 2644 4258 namque
2686 4191 2959 4258 pontifex.
3004 4188 3171 4244 Ponit
3219 4188 3313 4244 hic

1714 4284 2019 4355 Apostolus
2036 4281 2292 4353 quaedam
2313 4278 2634 4334 communia
2647 4278 2872 4333 Christo
2898 4294 3026 4332 cum
3052 4278 3314 4333 sacerdo-
3346 4302 3349 4305 ·

1714 4371 1903 4441 tibus;
1938 4371 2197 4442 quaedam
2232 4386 2363 4424 vero
2410 4367 2613 4422 altiora
2647 4368 2815 4422 :sHoc
2849 4384 3149 4422 commune
3178 4373 3265 4423 est
3283 4383 3308 4421 -ε
3352 4386 3355 4391 ν

1714 4477 1817 4532 pro
1841 4460 2100 4515 omnibus
2129 4457 2508 4522 constituitur,
2527 4462 2591 4512 ut
2619 4457 2819 4511 olferat
2845 4473 2947 4527 pro
2974 4456 3238 4528 peccatis.
3346 4480 3351 4485 ο

1788 4564 1839 4622 3.
1877 4566 1956 4619 Tu
1980 4582 2031 4619 es
2058 4564 2322 4618 sacerdos.
2351 4563 2624 4617 Sacerdos
2654 4561 2866 4617 dicitur
2902 4562 3181 4628 Christus,
3215 4562 3313 4634 qui

1643 4659 1687 4720 ο
1714 4653 1887 4709 semel
1915 4671 1976 4708 se
2000 4652 2203 4708 obtulit
2230 4651 2661 4716 immolandum,
2688 4650 2836 4705 sicut
2865 4651 3040 4705 semel
3069 4651 3145 4706 de
3169 4651 3314 4707 Mel-

1721 4742 2018 4798 chisedech
2042 4741 2102 4795 in
2133 4745 2328 4795 sancta
2365 4739 2575 4810 legitur
2605 4739 2915 4811 Scriptura.

1791 4849 1842 4905 4.
1878 4850 2093 4905 Lmen.
2131 4847 2532 4927 Melchisedech.
2565 4845 2972 4929 Melchisedech
3002 4862 3208 4928 panem
3258 4851 3317 4923 et

1716 4939 1909 4993 vinum
1939 4932 2251 4992 sacriﬁcare
2282 4937 2397 4990 Deo
2427 4935 2754 5003 constituit;
2791 4951 2957 5004 quem
3005 4935 3178 4989 ritum
3208 4935 3314 4989 Do-

1713 5028 1901 5082 minus
1928 5028 1955 5082 J
1962 5044 2089 5081 esus
2120 5025 2376 5080 Christus
2405 5023 2735 5091 observavit,
2769 5028 2826 5078 et
2853 5023 2914 5077 in
2944 5023 3188 5078 Ecclesia
3209 5040 3313 5078 sua

1714 5117 1999 5171 observari
2022 5115 2301 5187 praecepit.

1786 5225 1836 5278 5.
1866 5225 2114 5279 AMBROS.
2144 5222 2602 5290 Supplicationes.
2632 5218 2795 5275 ,Dicit
2839 5235 3029 5289 preces
3080 5235 3209 5273 eum
3256 5224 3313 5279 et

1712 5313 2149 5386 supplicationes
2200 5311 2437 5365 fundere
2493 5325 2606 5363 non
2661 5308 2896 5371 timore,
2957 5306 3054 5369 sed
3106 5312 3344 5370 nostrae

1712 5419 1884 5458 causa
1916 5401 2132 5456 salutis.
2164 5401 2301 5455 Inde
2327 5403 2384 5452 et
2409 5398 2468 5451 in
2492 5397 2602 5451 alio
2649 5397 2768 5450 loco
2806 5394 2940 5449 dicit
2979 5395 3314 5466 sanguinem

1716 5491 1923 5546 Christi
1953 5490 2154 5544 melius
2181 5489 2452 5543 clamasse
2474 5502 2576 5557 pro
2593 5484 2755 5549 nobis
2776 5500 2945 5555 quam
2974 5485 3311 5555 sanguinem

1715 5580 1888 5651 Abel;
1922 5580 2019 5652 qui
2042 5578 2114 5634 ad
2128 5576 2502 5635 accusandum
2529 5575 2598 5631 de
2616 5579 2768 5630 terra
2789 5572 3101 5630 fraternum
3130 5576 3314 5634 scelus
