3878 6354
1499 277 1561 330 e.
1605 271 2039 328 LA’NFRANCI-
2069 274 2427 330 eameam.
2470 273 2806 330 A-RGHI-EP.
3695 272 3796 330 388--

520 412 716 464 facere
742 426 781 460 a-
806 410 1006 468 morte,
1031 421 1158 458 cum
1181 405 1425 455 clamore
1456 401 1638 452 valido
1677 406 1733 452 et
1761 401 2024 470 lacrymis
2049 401 2304 460 offerens,
2332 400 2626 452 exauditus
2647 406 2728 451 est
2760 414 2859 469 pro
2883 398 3355 453 sua-reverentia.
3381 397 3432 452 7:
3461 397 3526 451 Et
3556 399 3780 467 quidem,

521 515 647 552 cum
678 503 824 548 esset
843 494 1017 547 Filius
1048 493 1166 555 Dei,
1187 491 1238 545 8.
1273 491 1476 542 didicit'
1493 506 1555 541 ex
1577 489 1644 541 iis
1664 506 1785 557 qua:
1811 505 2008 557 passus
2029 495 2113 540 est
2133 489 2529 552 obedientiam,
2564 487 2616 546 9.
2664 488 2728 541 10
2781 495 2854 550 et,
2879 496 3338 552 consummatus,
3364 488 3545 540 factus
3572 493 3651 540 est
3679 501 3786 539 om-

519 586 684 638 nibus
706 580 1224 652 obtcmpevantibus
1254 579 1358 631 sibi
1388 595 1556 631 causa
1585 578 1781 630 salutis
1813 584 2053 639 aeternae,
2092 580 2453 648 appellatusa
2482 578 2589 629 Deo
2624 578 2867 646 pontifex
2909 577 2920 628 l
2946 578 2985 631 Ι.
3018 579 3181 645 juxta
3215 575 3478 628 ordinem
3517 577 3787 628 Melchise-

521 673 679 726 d'ech.
721 671 801 726 1'2.
834 671 913 722 Dc
946 686 1054 738 quo
1087 667 1244 720 nobis
1272 666 1503 735 grandis
1534 681 1718 717 sermo
1752 673 1807 728 2
1827 671 1860 726 Ι
1879 673 1940 728 :5
1967 674 2024 716 et
2052 665 2486 735 interpretabilis
2511 667 2579 718 ad
2611 667 2904 718 dicendum
2928 667 3195 736 quoniam
3223 665 3535 717 imbecilles
3575 663 3647 719 l3.
3672 654 3787 716 facti

525 762 658 814 estis
689 758 1148 812 ad-audiendum.
1185 755 1402 808 Etenim
1435 770 1560 806 cum
1593 754 1874 805 deberetis
1906 755 2161 817 magistri
2183 771 2304 805 esse
2336 763 2564 823 prepter
2581 763 2823 824 tempus,
2858 771 3083 807 rursum
3115 754 3391 822 indigetis
3423 754 3787 806 utvOsdocea—

525 850 665 902 mini
698 865 822 918 qua:
856 849 968 899 sint
984 847 1262 898 elementa
1291 842 1366 898 li.
1395 843 1604 895 exordii
1631 859 1953 894 sermonum
1982 844 2099 902 Dei,
2127 849 2190 894 et
2207 843 2334 894 facti
2360 845 2493 895 estis
2511 844 2710 912 quibus
2743 843 2818 896 15.
2844 845 2986 896 lacte
3020 861 3158 912 opus
3193 843 3422 906 sit,non
3455 841 3628 894 solido
3657 842 3781 893 cibo.

524 939 719 992 Omnis
746 937 894 990 enim
918 937 1012 1005 qui
1043 935 1202 987 lactis
1224 941 1307 985 est
1330 933 1625 1002 particeps,
1658 948 1853 1000 expers
1871 939 1954 983 est
1976 931 2252 983 sermonis
2271 932 2534 999 justiti-.0;
2561 933 2824 1001 parvulus
2857 934 3006 985 enim
3039 940 3141 984 est.
3187 931 3580 984 Perfectorum
3614 936 3784 982 autem

525 1033 612 1081 est
640 1027 853 1080 solidus
883 1025 1060 1089 cibus,
1095 1022 1412 1090 eurum-qui
1446 1037 1544 1090 pro
1579 1020 1984 1074 consuetudine
2013 1020 2345 1072 exercitatos
2377 1020 2597 1072 habent
2613 1037 2809 1074 sensus
2845 1021 2930 1073 ad
2954 1020 3362 1073 discretionem
3397 1019 3529 1071 boni
3560 1035 3621 1070 ac
3649 1017 3783 1070 mali.

1982 1145 2217 1198 CAPUT
2242 1146 2284 1196 V
2291 1146 2334 1198 1.

581 1262 627 1317 l'-.
667 1263 1024 1331 Quapropter
1048 1255 1486 1310 intermittentes
1516 1253 1890 1307 inchoationis
1923 1252 2499 1316 Christi=sermonem,
2532 1252 2583 1307 ‘2.
2616 1253 2683 1304 ad
2716 1251 3110 1321 perfectionem
3163 1251 3508 1314 referamur,
3529 1235 3649 1301 Inon
3677 1264 3787 1300 rur-

527 1369 650 1406 sum
669 1351 939 1420 jacientes
972 1347 1022 1400 3.-
1056 1342 1866 1412 fundamentum-pmnitentize
1895 1341 1964 1393 ab
1985 1341 2247 1410 operibus
2271 1343 2524 1404 mortuis,
2547 1348 2603 1394 et
2626 1342 2752 1394 fidei
2773 1343 2842 1394 ad
2876 1343 3052 1394 Deum
3083 1340 3135 1394 «’1.
3160 1337 3789 1410 baptismatumdoctri-

527 1455 632 1501 me,
658 1433 1032 1504 impositionis
1061 1447 1280 1501 quoque
1310 1446 1597 1497 manuum,
1630 1447 1694 1484 ac
1720 1429 2144 1483 resurrectionis
2175 1439 2544 1495 mortuorum,
2575 1430 2626 1484 Ξ).
2652 1437 2706 1483 et
2727 1435 2917 1495 φθῇς
2941 1430 3141 1499 judicii
3163 1429 3390 1482 aeterni.
3425 1429 3495 1481 Et
3519 1428 3619 1480 hoc
3648 1425 3791 1478 facie-

1887 1551 2481 1609 COMMENTARIUS.

527 1666 827 1722 c'amavit:
862 1663 1064 1716 Christi
1103 1679 1227 1714 vero
1261 1662 1489 1731 sanguis
1536 1662 1606 1715 ad
1647 1661 2117 1730 interpellandum
2143 1666 2186 1719 A
2212 1662 2400 1726 idest,
2433 1662 2761 1732 probatione
2791 1662 3185 1732 propositionis
3216 1662 3440 1732 prima),
3468 1660 3790 1715 velacausa,

526 1773 628 1827 pro
652 1754 815 1808 nobis
844 1754 911 1806 de
939 1758 1093 1804 terra
1129 1753 1333 1804 clamat
1355 1751 1424 1802 ad
1456 1752 1701 1804 Patrem.

598 1845 652 1898 6.
689 1844 892 1896 LANFR.
930 1844 1097 1894 Ilium
1135 1844 1349 1891 solrum
1381 1842 1578 1905 fureret
1610 1856 1644 1890 α
1684 1845 1872 1891 morte.
1910 1841 2034 1891 Non
2065 1845 2128 1891 ut

529 1939 867 1997 moreretur,
903 1931 997 1984 sed
1029 1935 1093 1982 ut
1121 1929 1496 1998 resurgendus
1539 1946 1572 1980 a
1616 1936 1794 1980 morte
1824 1945 1936 1981 non
1965 1935 2123 1980 tene-

526 2028 704 2076 retur.

603 2112 652 2165 7.
690 2110 758 2164 Et
787 2111 1008 2175 quidem
1045 2123 1166 2158 cum
1197 2112 1341 2157 esset.
1388 2105 1634 2175 Exponit
1661 2105 1839 2174 ipsam
1868 2121 2129 2158 reveren-

531 2199 690 2252 tiam.
725 2198 930 2266 Magna
953 2194 1104 2247 enim
1127 2194 1322 2261 religio
1343 2193 1446 2246 fuit
1467 2210 1616 2255 eum,
1643 2195 1734 2262 qui
1755 2194 1987 2262 aequalis
2006 2199 2140 2246 erat-

528 2286 703 2350 Patri,
738 2286 941 2337 duram
989 2283 1046 2334 in
1098 2282 1352 2351 passione
1394 2290 1572 2335 morte
1615 2282 1989 2335 obedientiam
2034 2283 2122 2351 Π..

531 2381 772 2428 mortem
805 2369 1144 2442 obedientia]
1180 2370 1437 2440 experiri.

599 2462 656 2518 8:
687 2463 932 2514 AMBROS.
965 2461 1169 2512 Didicit
1209 2478 1280 2511 ca:-
1314 2461 1414 2510 his.
1443 2458 1831 2512 Obedientiam
1863 2460 2124 2512 didicisse

532 2552 740 2606 Filium
770 2548 887 2613 Dei,
921 2549 1025 2600 hoc
1055 2553 1150 2600 est»
1169 2548 1478 2600 voluntarie
1509 2548 1834 2616 suscepisse.

605 2639 664 2694 9.
695 2638 758 2690 Et
781 2641 1196 2688 consummatus
1228 2642 1319 2698 est,
1351 2637 1540 2699 iduest,
1584 2623 1860 2705 perfectus
1881 2637 2122 2688 etsufﬁ-

531 2728 682 2782 ciens
715 2725 786 2777 ad
816 2726 1054 2776 salutem
1086 2731 1347 2776 aeternam
1373 2725 1622 2776 omnium
1646 2725 2012 2778 credentium.

606 2815 697 2871 ‘10.
739 2815 957 2868 LANFR.
1001 2815 1061 2866 Et
1103 2819 1518 2865 coi-wnnmatus
1565 2819 1657 2866 est.
1693 2816 2123 2867 Consummatus

532 2905 638 2958 etsi
672 2903 796 2956 aliis
825 2902 1045 2955 videtur
1071 2902 1349 2964 seductor,
1375 2901 1483 2954 illis
1503 2907 1694 2954 tamen
1714 2904 1865 2955 visus
1885 2909 1969 2955 est
1990 2920 2123 2955 con-

533 2997 868 3055 summatus,
903 2992 956 3043 id
1002 2999 1106 3055 est,
1150 2991 1426 3060 perfectus
1457 2991 1551 3060 qui
1597 2992 2191 3077 obtemperaveruntB

531 3082 636 3134 sibi
667 3097 836 3133 causa
866 3080 1330 3132 salutisaeternze.
1364 3080 1554 3131 Potest
1580 3087 1636 3133 et
1665 3081 1745 3133 ita.
1773 3081 2045 3150 distingui
2063 3088 2143 3134 ut:

532 3187 698 3224 causa
734 3169 1110 3222 nominativus
1132 3185 1292 3220 casus
1323 3169 1413 3229 sit,
1439 3169 1540 3220 hoc
1564 3169 1757 3227 modo;
1783 3175 1840 3222 et
1857 3187 2123 3222 consum-

530 3266 740 3321 matus,
765 3259 821 3310 id
845 3263 946 3320 est,
968 3257 1263 3326 perfectus,
1281 3257 1386 3320 vel,
1415 3256 1482 3307 ab
1503 3257 1604 3309 hoc
1619 3259 1820 3310 szeculo
1843 3264 2117 3323 mortuus,

531 3347 711 3401 factus
739 3352 1019 3399 est-causa
1049 3345 1245 3397 salutis
1275 3352 1498 3397 aeternae
1544 3346 1802 3399 omnibus
1834 3345 2123 3415 obtempe-

532 3435 788 3489 rantibus
821 3434 923 3487 sibi
951 3453 962 3501 ;
997 3450 1098 3503 per
1114 3434 1280 3486 fidem
1311 3434 1456 3486 enim
1481 3435 1755 3503 passionis
1784 3441 2122 3488 et'resu-rre-

533 3524 734 3578 ctienis
765 3524 914 3577 illius
952 3524 1252 3576 salvantur
1277 3523 1586 3575 credentes.

607 3613 691 3667 11.
726 3615 893 3665 Juxta
915 3613 1186 3664 ordinem.
1223 3612 1389 3664 Juxta
1416 3611 1588 3663 ritum
1622 3611 1890 3664 efferendi
1920 3628 2120 3681 panem

532 3706 590 3754 et
616 3699 827 3764 vinum,
858 3700 1004 3769 quod
1032 3699 1444 3753 Melchisedech
1484 3699 1700 3768 primus
1747 3701 1942 3752 fecisse
1989 3701 2126 3768 legi-

530 3793 656 3856 tura;
693 3788 1366 3858 quaetamenJIL-Christi
1412 3805 1636 3841 carnem
1688 3794 1745 3841 et
1792 3789 2122 3858 sanguinem

528 3885 946 3932 convertuntur.
973 3925 975 3927 .

604 3965 690 4022 1‘2.
723 3968 795 4020 De
839 3983 948 4033 quo
994 3966 1272 4032 gramtis..
1303 3964 1382 4027 Si,
1434 3964 1638 4034 inquit.
1671 3966 1940 4018 vellemus
1969 3966 2120 4020 vobis

2212 1752 2297 1802 vel
2323 1767 2356 1802 a
2383 1769 2588 1819 genere
2617 1751 2925 1819 subjungit,
2965 1751 3057 1804 ubi
3089 1751 3168 1803 ait
3197 1769 3207 1802 :
3241 1752 3527 1803 Parvulas
3548 1750 3687 1800 enim
3704 1748 3790 1796 cst.

2210 1839 2366 1900 Quod
2396 1856 2522 1891 vero
2549 1840 2683 1892 dicit
2707 1843 3108 1906 :Pcr/é’ctorum
3140 1843 3295 1891 enim.
3314 1844 3389 1891 est
3412 1839 3616 1890 solidus
3635 1836 3791 1886 cibus.

2208 1927 2565 1981 Probatioest
2588 1929 2856 1997 quoniam
2888 1945 2998 1981 non
3033 1935 3117 1981 est
3145 1947 3290 1998 opus
3323 1928 3438 1980 illis
3477 1927 3637 1979 solito
3665 1923 3791 1975 cibo.

2278 2018 2427 2070 GA‘P.
2453 2017 2544 2070 V-I.
2567 2049 2622 2056 —-
2648 2021 2663 2072 'l
2683 2058 2692 2068 .
2711 2021 2958 2069 AMBROS:
2998 2017 3351 2083 Quapropter
3367 2016 3789 2067 intermittentes.

2212 2105 2350 2167 Quia
2384 2105 2715 2158 exercitatos
2745 2122 2942 2158 sensus
2973 2104 3026 2156 in
3060 2105 3182 2173 lege
3215 2104 3451 2157 Domini
3479 2105 3690 2172 oportet
3710 2115 3794 2149 vos

2209 2194 2434 2257 habere,
2472 2194 2913 2248 intermittamus
2954 2194 3335 2246 inchoatiorris
3365 2192 3575 2246 Christi
3600 2202 3794 2242 sermo-

2211 2299 2356 2334 nem.-
2409 2285 2603 2334 Sermo
2643 2283 3012 2335 inchoationis
3045 2283 3258 2335 Christi
3282 2287 3371 2335 est
3409 2280 3634 2333 initium
3656 2275 3790 2329 fidei.

2210 2371 2364 2423 Sicut.
2391 2371 2538 2422 enim
2587 2372 2680 2440 qui
2725 2373 2782 2424 in
2832 2371 3086 2424 doctrina
3133 2371 3466 2423 litterarum
3495 2366 3789 2426 adducitur,

2207 2461 2483 2512 elementa
2523 2467 2744 2528 oportet.
2785 2463 3026 2530 primum
3079 2459 3296 2523 audire,
3333 2459 3414 2511 sic
3457 2455 3791 2511 Christianus

2205 2550 2446 2618 primum
2478 2550 2730 2601 omnium
2761 2549 2828 2602 (le
2862 2550 2970 2601 fide
2999 2548 3278 2600 catholica
3304 2546 3517 2599 erudiri
3541 2543 3717 2596 debet.
3742 2539 3788 2592 Si

2207 2645 2393 2691 autem
2423 2656 2561 2708 opus
2590 2645 2675 2690 est
2705 2640 2773 2690 de
2805 2639 2912 2690 fide
2942 2638 3144 2690 docere
3169 2638 3259 2705 [[1,
3297 2633 3538 2705 doceri],
3572 2631 3789 2685 necdum

2206 2727 2636 2780 fundamentum
2670 2728 2854 2779 habet.-
2889 2726 2943 2779 Si
2975 2728 3121 2778 enim
3156 2743 3299 2795 opus
3351 2731 3452 2777 est
3481 2724 3678 2776 iterum
3708 2733 3790 2769 ωι-

2207 2816 2344 2877 dire,
2380 2818 2511 2887 quia
2537 2817 2760 2868 credere
2794 2832 2919 2868 eum
2967 2821 3189 2884 oportet
3219 2815 3296 2867 de-
3316 2809 3718 2866 resurrectione.
3741 2811 3788 2856 et

2207 2906 2396 2958 futuro
2427 2906 2648 2969 smculo,
2687 2907 2925 2957 necdum
2955 2904 3392 2955 fundamentum
3427 2900 3612 2953 habet.

2278 2994 2328 3046 2.
2376 2996 2476 3047 Ad-
2499 2997 2910 3061 perfectionem.
2954 2992 3272 3044 Perfectum
3320 2992 3478 3043 illum
3523 2998 3782 3046 vocamus,

2209 3083 2302 3151 qui
2335 3100 2460 3136 cum
2489 3084 2596 3135 ﬁde
2624 3083 2794 3135 vitam
2826 3082 2996 3134 habet
3044 3087 3276 3134 rectam.
3316 3081 3376 3134 Si
3408 3085 3595 3130 autem
3626 3086 3782 3126 unum

2207 3187 2398 3223 eorum
2419 3172 2622 3234 deerit,
2661 3171 2938 3240 perfectus
2964 3187 3075 3223 non
3108 3169 3252 3236 erit;
3287 3169 3336 3221 si
3385 3166 3573 3229 ambo,
3601 3160 3782 3215 ηιθτὶῑο

2204 3261 2480 3328 parvulus-
2495 3260 2578 3330 [[2,
2606 3260 2904 3329 perfectus]
2936 3259 3155 3315 dicitur.

2275 3348 2336 3400 3.·
2357 3350 2558 3401 LANI-‘R.
2594 3351 3044 3401 Fundamentmn
3079 3347 3416 3416 Quicunque
3454 3345 3646 3396 doctor
3668 3336 3784 3389 inli-

2205 3436 2355 3489 de-les
2377 3437 2445 3488 ad
2463 3437 2628 3489 (idem
2643 3437 2931 3500 convertit,
2961 3436 3050 3489 hic
3071 3436 3354 3505 imprimis
3373 3431 3782 3486 fundamentum

2207 3525 2486 3578 mentibus
2501 3525 2659 3593 jacit,
2683 3525 2871 3578 dicens
2893 3530 3149 3594 oportere
3171 3540 3268 3576 eos
3290 3526 3643 3594 peccatorum
3664 3526 3781 3565 ωὐ-

2206 3628 2330 3666 rum
2349 3615 2636 3683 poenitere,
2658 3615 2714 3666 in
2733 3616 2906 3666 Deum
2929 3615 3174 3676 credere,
3191 3613 3253 3665 in
3266 3610 3647 3664 remissionem
3669 3613 3783 3670 pecr

2207 3710 2456 3755 catorum
2488 3703 2776 3772 baptizari,
2826 3719 2922 3772 pro
2971 3701 3311 3771 accipiendis
3342 3699 3523 3752 sancti
3563 3689 3781 3762 Spiritus

2206 3791 2365 3843 donis
2381 3793 2441 3844 in
2468 3793 2541 3844 im
2551 3792 2825 3861 positione
2844 3806 3111 3843 manuum
3131 3789 3379 3859 episcopi
3402 3774 3775 3840 consummari,

2204 3880 2628 3932 resurrectionis
2656 3887 2710 3932 et
2735 3879 2932 3948 judicii-
2950 3879 3097 3930 diem
3125 3877 3463 3947 przestolari.

2275 3969 2327 4022 4.-
2362 3969 2613 4022 Anenos.
2651 3972 3072 4036 Raptis-rnatum.
3101 3968 3257 4020 Sicut
3289 3981 3403 4020 una
3429 3965 3564 4017 ﬁdes
3587 3962 3682 4018 est,
3711 3953 3799 4004 illi"

529 4071 810 4125 expone-re
839 4054 1213 4108 curﬂhristus
1233 4053 1542 4107 secundum
1566 4053 1816 4106 ordinem
1841 4054 2130 4108 )lelchise—
2209 4074 2384 4110 unum
2445 4058 2761 4127 baptisma;
2806 4059 2902 4110 sed
2952 4075 3051 4126 pro
3085 4057 3358 4110 varietate
3408 4045 3775 4121 accipientium

529 4144 669 4198 dech
697 4143 874 4196 factus
905 4148 993 4195 est
1021 4143 1284 4212 pontifex,
1305 4142 1538 4211 grandis
1569 4142 1726 4196 nobis
1745 4159 1928 4196 sermo
1957 4151 2122 4211 esset,

529 4231 874 4286 necessariis.
909 4231 994 4299 [Α
1020 4287 1023 4292 ,
1052 4232 1422 4300 necessarius]
1466 4237 1524 4282 et
1565 4230 2020 4300 interpretabilis,
2070 4234 2152 4286 id:

2211 4146 2529 4216 [baptisma]
2579 4149 2969 4214 baptismatum
3008 4146 3165 4198 dixit.
3213 4145 3301 4198 Ne
3353 4159 3482 4196 vero
3520 4139 3776 4193 ullatenus

2211 4236 2303 4303 qui
2322 4237 2636 4288 secundum
2665 4235 2970 4288 aestimaret
2999 4239 3140 4304 post
3163 4226 3606 4304 peccatum-ﬁeri
3633 4232 3776 4293 posse

530 4327 636 4383 est,
663 4320 877 4373 habens
909 4319 1113 4374 multas
1138 4320 1509 4391 expositiones
1533 4320 1928 4390 mysteriorum
1963 4329 2020 4376 et
2048 4341 2075 4375 a
2089 4323 2126 4374 ι-
2147 4330 2188 4388 ί]
2209 4323 2506 4394 baptisma,
2528 4325 2785 4393 adjungit
2810 4340 2819 4372 :
2847 4327 2925 4377 Im
2930 4326 3180 4390 possibile
3205 4330 3279 4376 cst
3303 4340 3388 4375 eos
3406 4323 3505 4390 qui
3539 4313 3689 4369 semel
3711 4308 3775 4357 il-

529 4408 894 4478 legoriarum.

600 4495 688 4549 '13.
723 4498 872 4549 Facti
897 4499 1020 4550 estis
1046 4498 1118 4550 ad
1145 4499 1514 4560 audiendum,
1545 4496 1602 4549 id
1632 4503 1736 4563 est,
1793 4500 1862 4551 ad
1908 4499 2121 4553 intelli-

528 4585 799 4655 gendum,
843 4586 988 4640 sicut
1014 4586 1083 4639 ad
1113 4586 1431 4640 Corinthios
1462 4604 1472 4637 :
1508 4586 1684 4640 Nemo
1719 4588 1892 4642 audit.
1926 4590 1982 4641 id
2013 4597 2115 4654 est,

527 4674 810 4744 intelligit.

604 4761 686 4817 14.
723 4765 953 4817 Exordii
973 4780 1288 4817 sermonum
1316 4765 1427 4816 Dei.
1463 4761 1769 4818 Exordium
1801 4783 2120 4820 sermonum

525 4852 628 4906 Dei
657 4859 812 4905 vocat
837 4853 1165 4923 Symbolum
1186 4851 1517 4928 Christianae
1549 4854 1694 4919 fidei,
1722 4856 1868 4923 quod
1889 4873 2000 4909 non
2027 4875 2116 4908 so-

523 4942 640 4995 lum
661 4958 775 4995 non
804 4942 1211 5010 intelligebant,
1248 4940 1342 4992 sed
1385 4957 1484 4992 nec
1514 4941 1692 5010 ipsam
1740 4945 2117 4998 litteraturam

523 5047 633 5101 qua
662 5033 957 5101 prmfertur
1001 5031 1088 5099 [f.,
1136 5030 1434 5098 profertur]
1470 5033 1794 5086 memoriter
1846 5035 2114 5087 sciebant.

594 5121 675 5173 15.
711 5123 862 5173 Lacte
881 5137 1013 5187 opus
1035 5121 1124 5170 sit.
1160 5118 1269 5169 Lac
1302 5122 1386 5169 est
1409 5117 1588 5172 brevis
1620 5122 1925 5175 insinuatio
1948 5129 2003 5176 et
2027 5125 2117 5175 fa—

2208 4416 2477 4465 tuminati
2513 4430 2612 4480 per
2655 4417 2900 4480 gratiam
2928 4417 3109 4466 sancti
3136 4413 3402 4480 Spiritus,
3433 4399 3772 4477 gustaverzmt

2204 4506 2371 4554 etiam
2401 4504 2609 4555 donum
2639 4506 2833 4555 ccrlrste
2863 4504 2982 4570 (hoc
3011 4509 3096 4555 est
3135 4502 3530 4562 remissionem
3551 4492 3778 4564 peccato-

2204 4593 2346 4658 rum)
2375 4597 2420 4643 ct
2447 4594 2745 4659 participes
2765 4594 2902 4658 facti
2920 4597 3048 4643 sunt
3069 4592 3318 4658 Spiritus
3338 4571 3775 4653 mnditia-distri-

2202 4679 2432 4732 butione
2463 4680 2753 4743 donorum)
2775 4685 2823 4731 et
2845 4681 3047 4731 bonum
3067 4682 3160 4731 Dei
3179 4683 3406 4733 verbum
3435 4663 3770 4743 gustarertm’

2203 4769 2346 4839 (inec
2368 4774 2457 4820 est
2473 4767 3103 4835 doetrinaEvangeliCa)
3127 4773 3178 4819 ei"
3209 4771 3439 4820 virtutes
3462 4755 3675 4816 venturi
3692 4763 3768 4802 sa"-

2206 4861 2322 4910 culi
2368 4857 2972 4926 cognoverunt(id-est,
3007 4858 3472 4911 resurrectionem
3523 4856 3577 4903 et
3617 4844 3768 4896 vitam

2200 4946 2421 4999 beatam
2447 4963 2572 5016 qua:
2601 4947 2808 4999 sanctis
2829 4946 3214 5015 promittitur),
3247 4951 3297 4998 si
3336 4950 3408 4998 in'
3435 4936 3658 5009 peccatis
3689 4930 3769 4980 τή-

2200 5038 2405 5098 cidant,
2445 5039 2648 5087 iterum
2694 5038 2971 5087 fenore-ri.
3015 5037 3188 5103 Cujus
3224 5027 3573 5105 baptismatis
3600 5021 3762 5105 virtus

2199 5124 2255 5176 in
2285 5140 2447 5176 cruce
2473 5124 2848 5193 (et-sepultura
2880 5124 3086 5176 Christi
3115 5130 3370 5189 constat;
3403 5103 3772 5190 proindelsub‘

521 5207 640 5261 cili's
659 5208 971 5261 observatio
998 5207 1480 5260 morum.Solidus
1499 5209 1655 5263 cibus
1677 5212 1918 5263 estratio
1941 5211 2114 5280 ipsius
2193 5213 2429 5282 jungit:
2470 5213 2625 5265 Sicut
2672 5213 2820 5265 enim
2868 5213 3040 5265 semel
3084 5213 3340 5265 Christus
3393 5211 3636 5262 mortuus
3692 5195 3784 5282 {est

521 5296 650 5350 ﬁdei
690 5304 745 5350 ct
788 5298 1035 5367 perfecta
1072 5295 1355 5347 institutio
1404 5297 1547 5350 vitae.
1582 5299 1826 5352 Probare
1873 5300 2134 5354 intendit
2197 5320 2363 5356 carne
2394 5303 2450 5354 in
2479 5319 2670 5366 cruce;
2705 5301 2783 5354 sic
2811 5316 2912 5353 nos
2943 5304 3116 5354 semel
3157 5302 3446 5355 morimur
3472 5295 3529 5347 in
3570 5280 3763 5354 ΙΜιΡίί⁵⁶

521 5386 654 5454 quia
672 5385 783 5438 illis
804 5403 944 5456 opus
959 5390 1052 5437 est
1067 5384 1251 5450 lacte;
1284 5386 1464 5439 omnis
1492 5388 1642 5440 enim
1669 5405 1868 5458 expers
1897 5405 2110 5442 sermo—
2194 5399 2361 5455 mate,
2397 5408 2507 5444 non
2539 5407 2722 5457 carne,
2753 5391 2848 5443 sed
2880 5398 3134 5460 peccato.

519 5474 606 5528 nis
630 5475 864 5544 justitiae
890 5473 1176 5545 particeps»
1202 5481 1288 5528 est
1316 5476 1493 5530 lactis.
1525 5479 1654 5531 H330
1675 5477 1927 5547 probatio
1953 5478 2010 5531 in
2042 5479 2111 5531 li—
2265 5481 2315 5534 5.
2348 5481 2571 5534 DANFR.-
2613 5480 2681 5532 Et
2717 5480 2944 5547 judicii,
2981 5479 3113 5549 quia
3147 5475 3431 5548 quales-de
3455 5464 3652 5544 judicio
3674 5470 3755 5510 er-

517 5561 631 5618 bro-
645 5577 930 5619 conversa;
969 5561 1302 5619 Vos-autem
1341 5566 1477 5620 estis
1517 5566 2106 5637 expertes-sermonis,
2190 5568 2371 5637 ibunt,
2406 5569 2549 5623 tales
2575 5567 3209 5622 -sine-ﬁne-manebunt-.=
