  <div class='ocr_page' id='page_1' title='image "/cluster/home/n/w/nwhite01/storage/ocr_20150623/150/umn.31951002477443u/237.png"; bbox 0 0 3878 6354; ppageno 0'>
   <div class='ocr_carea' id='block_1_1' title="bbox 516 274 3790 348">
    <p class='ocr_par' dir='ltr' id='par_1_1' title="bbox 516 274 3790 348">
     <span class='ocr_line' id='line_1_1' title="bbox 516 274 3790 348; baseline -0.003 -2"><span class='ocrx_word' id='word_1_1' title='bbox 516 289 620 346; x_wconf 78' lang='grc'>391</span> <span class='ocrx_word' id='word_1_2' title='bbox 1497 286 1562 343; x_wconf 92' lang='grc' dir='ltr'>Β.</span> <span class='ocrx_word' id='word_1_3' title='bbox 1602 287 2022 348; x_wconf 80' lang='lat' dir='ltr'>LANFRANCI</span> <span class='ocrx_word' id='word_1_4' title='bbox 2060 283 2419 344; x_wconf 78' lang='lat' dir='ltr'>CANTUAR.</span> <span class='ocrx_word' id='word_1_5' title='bbox 2459 282 2796 340; x_wconf 80' lang='lat' dir='ltr'>ARCHIEP.</span> <span class='ocrx_word' id='word_1_6' title='bbox 3690 274 3790 336; x_wconf 66' lang='lat'>39?</span> 
     </span>
    </p>
   </div>
   <div class='ocr_carea' id='block_1_2' title="bbox 511 404 3789 483">
    <p class='ocr_par' dir='ltr' id='par_1_2' title="bbox 511 404 3789 483">
     <span class='ocr_line' id='line_1_2' title="bbox 511 404 3789 483; baseline -0.002 -14"><span class='ocrx_word' id='word_1_7' title='bbox 511 413 820 469; x_wconf 85' lang='lat' dir='ltr'>Intuemini</span> <span class='ocrx_word' id='word_1_8' title='bbox 846 416 1036 467; x_wconf 88' lang='lat' dir='ltr'>autem</span> <span class='ocrx_word' id='word_1_9' title='bbox 1069 416 1313 483; x_wconf 88' lang='lat' dir='ltr'>quantus</span> <span class='ocrx_word' id='word_1_10' title='bbox 1341 412 1417 467; x_wconf 90' lang='lat' dir='ltr'>sit</span> <span class='ocrx_word' id='word_1_11' title='bbox 1446 411 1557 481; x_wconf 91' lang='lat' dir='ltr'>hic,</span> <span class='ocrx_word' id='word_1_12' title='bbox 1585 414 1675 469; x_wconf 91' lang='lat' dir='ltr'>cui</span> <span class='ocrx_word' id='word_1_13' title='bbox 1697 420 1755 471; x_wconf 92' lang='lat' dir='ltr'>et</span> <span class='ocrx_word' id='word_1_14' title='bbox 1772 416 2017 471; x_wconf 83' lang='lat' dir='ltr'>decimas</span> <span class='ocrx_word' id='word_1_15' title='bbox 2038 413 2192 469; x_wconf 89' lang='lat' dir='ltr'>dedit</span> <span class='ocrx_word' id='word_1_16' title='bbox 2219 413 2289 466; x_wconf 91' lang='lat' dir='ltr'>de</span> <span class='ocrx_word' id='word_1_17' title='bbox 2318 410 2617 482; x_wconf 78' lang='lat' dir='ltr'>praecipuis</span> <span class='ocrx_word' id='word_1_18' title='bbox 2640 408 2927 464; x_wconf 83' lang='lat' dir='ltr'>Abraham</span> <span class='ocrx_word' id='word_1_19' title='bbox 2943 409 3288 480; x_wconf 83' lang='lat' dir='ltr'>patriarcha.</span> <span class='ocrx_word' id='word_1_20' title='bbox 3307 408 3377 464; x_wconf 91' lang='lat' dir='ltr'>Et</span> <span class='ocrx_word' id='word_1_21' title='bbox 3393 404 3636 481; x_wconf 85' lang='lat' dir='ltr'>quidem</span> <span class='ocrx_word' id='word_1_22' title='bbox 3652 405 3704 462; x_wconf 70' lang='grc'>4.</span> <span class='ocrx_word' id='word_1_23' title='bbox 3725 407 3789 462; x_wconf 89' lang='lat' dir='ltr'>de</span> 
     </span>
    </p>
   </div>
   <div class='ocr_carea' id='block_1_3' title="bbox 510 497 3791 571">
    <p class='ocr_par' dir='ltr' id='par_1_3' title="bbox 510 497 3791 571">
     <span class='ocr_line' id='line_1_3' title="bbox 510 497 3791 571; baseline -0.002 -15"><span class='ocrx_word' id='word_1_24' title='bbox 510 501 642 556; x_wconf 88' lang='lat' dir='ltr'>ﬁliis</span> <span class='ocrx_word' id='word_1_25' title='bbox 661 502 798 556; x_wconf 85' lang='lat' dir='ltr'>Levi</span> <span class='ocrx_word' id='word_1_26' title='bbox 816 500 1193 556; x_wconf 83' lang='lat' dir='ltr'>sacerdotium</span> <span class='ocrx_word' id='word_1_27' title='bbox 1209 499 1564 571; x_wconf 87' lang='lat' dir='ltr'>accipientes,</span> <span class='ocrx_word' id='word_1_28' title='bbox 1589 504 1917 558; x_wconf 87' lang='lat' dir='ltr'>mandatum</span> <span class='ocrx_word' id='word_1_29' title='bbox 1939 503 2152 557; x_wconf 83' lang='lat' dir='ltr'>habens</span> <span class='ocrx_word' id='word_1_30' title='bbox 2180 500 2425 554; x_wconf 84' lang='lat' dir='ltr'>decimas</span> <span class='ocrx_word' id='word_1_31' title='bbox 2446 515 2671 553; x_wconf 85' lang='lat' dir='ltr'>sumere</span> <span class='ocrx_word' id='word_1_32' title='bbox 2701 516 2736 552; x_wconf 91' lang='lat' dir='ltr'>a</span> <span class='ocrx_word' id='word_1_33' title='bbox 2764 499 2970 569; x_wconf 92' lang='lat' dir='ltr'>populo</span> <span class='ocrx_word' id='word_1_34' title='bbox 2996 499 3307 553; x_wconf 90' lang='lat' dir='ltr'>secundum</span> <span class='ocrx_word' id='word_1_35' title='bbox 3339 497 3624 569; x_wconf 87' lang='lat' dir='ltr'>legem,id</span> <span class='ocrx_word' id='word_1_36' title='bbox 3652 502 3735 551; x_wconf 88' lang='lat' dir='ltr'>est</span> <span class='ocrx_word' id='word_1_37' title='bbox 3762 513 3791 550; x_wconf 93' lang='lat' dir='ltr'>a</span> 
     </span>
    </p>
   </div>
   <div class='ocr_carea' id='block_1_4' title="bbox 513 586 3793 660">
    <p class='ocr_par' dir='ltr' id='par_1_4' title="bbox 513 586 3793 660">
     <span class='ocr_line' id='line_1_4' title="bbox 513 586 3793 660; baseline -0.001 -16"><span class='ocrx_word' id='word_1_38' title='bbox 513 590 785 644; x_wconf 83' lang='lat' dir='ltr'>fratribus</span> <span class='ocrx_word' id='word_1_39' title='bbox 814 588 950 655; x_wconf 88' lang='lat' dir='ltr'>suis,</span> <span class='ocrx_word' id='word_1_40' title='bbox 985 605 1305 660; x_wconf 84' lang='lat' dir='ltr'>quanquam</span> <span class='ocrx_word' id='word_1_41' title='bbox 1346 594 1405 642; x_wconf 91' lang='lat' dir='ltr'>et</span> <span class='ocrx_word' id='word_1_42' title='bbox 1427 589 1532 660; x_wconf 87' lang='lat' dir='ltr'>ipsi</span> <span class='ocrx_word' id='word_1_43' title='bbox 1559 590 1803 645; x_wconf 85' lang='lat' dir='ltr'>exierint</span> <span class='ocrx_word' id='word_1_44' title='bbox 1830 592 1900 646; x_wconf 87' lang='lat' dir='ltr'>de</span> <span class='ocrx_word' id='word_1_45' title='bbox 1925 590 2130 645; x_wconf 87' lang='lat' dir='ltr'>lumbis</span> <span class='ocrx_word' id='word_1_46' title='bbox 2157 589 2414 644; x_wconf 72' lang='lat' dir='ltr'>Abrahae.</span> <span class='ocrx_word' id='word_1_47' title='bbox 2438 589 2613 659; x_wconf 89' lang='lat' dir='ltr'>Cujus</span> <span class='ocrx_word' id='word_1_48' title='bbox 2639 594 2828 642; x_wconf 87' lang='lat' dir='ltr'>autem</span> <span class='ocrx_word' id='word_1_49' title='bbox 2849 587 3139 658; x_wconf 83' lang='lat' dir='ltr'>generatio</span> <span class='ocrx_word' id='word_1_50' title='bbox 3165 604 3280 642; x_wconf 90' lang='lat' dir='ltr'>non</span> <span class='ocrx_word' id='word_1_51' title='bbox 3301 591 3723 642; x_wconf 85' lang='lat' dir='ltr'>annumeratur</span> <span class='ocrx_word' id='word_1_52' title='bbox 3742 586 3793 639; x_wconf 89' lang='lat' dir='ltr'>in</span> 
     </span>
    </p>
   </div>
   <div class='ocr_carea' id='block_1_5' title="bbox 510 676 3792 751">
    <p class='ocr_par' dir='ltr' id='par_1_5' title="bbox 510 676 3792 751">
     <span class='ocr_line' id='line_1_5' title="bbox 510 676 3792 751; baseline -0.001 -19"><span class='ocrx_word' id='word_1_53' title='bbox 510 678 615 745; x_wconf 91' lang='lat' dir='ltr'>eis,</span> <span class='ocrx_word' id='word_1_54' title='bbox 641 678 885 732; x_wconf 90' lang='lat' dir='ltr'>decimas</span> <span class='ocrx_word' id='word_1_55' title='bbox 915 677 1155 748; x_wconf 83' lang='lat' dir='ltr'>sumpsit</span> <span class='ocrx_word' id='word_1_56' title='bbox 1183 676 1254 731; x_wconf 89' lang='lat' dir='ltr'>ab</span> <span class='ocrx_word' id='word_1_57' title='bbox 1277 678 1580 741; x_wconf 87' lang='lat' dir='ltr'>Abraham,</span> <span class='ocrx_word' id='word_1_58' title='bbox 1614 686 1673 732; x_wconf 90' lang='lat' dir='ltr'>et</span> <span class='ocrx_word' id='word_1_59' title='bbox 1700 680 1851 733; x_wconf 91' lang='lat' dir='ltr'>hunc</span> <span class='ocrx_word' id='word_1_60' title='bbox 1872 680 1969 751; x_wconf 92' lang='lat' dir='ltr'>qui</span> <span class='ocrx_word' id='word_1_61' title='bbox 1997 678 2242 733; x_wconf 86' lang='lat' dir='ltr'>habebat</span> <span class='ocrx_word' id='word_1_62' title='bbox 2268 678 2733 749; x_wconf 84' lang='lat' dir='ltr'>rcpromissiones</span> <span class='ocrx_word' id='word_1_63' title='bbox 2752 677 3057 732; x_wconf 86' lang='lat' dir='ltr'>benedixit.</span> <span class='ocrx_word' id='word_1_64' title='bbox 3079 677 3129 731; x_wconf 87' lang='lat'>5.</span> <span class='ocrx_word' id='word_1_65' title='bbox 3155 678 3289 732; x_wconf 90' lang='lat' dir='ltr'>Sine</span> <span class='ocrx_word' id='word_1_66' title='bbox 3317 677 3432 732; x_wconf 91' lang='lat' dir='ltr'>ulla</span> <span class='ocrx_word' id='word_1_67' title='bbox 3453 682 3652 731; x_wconf 89' lang='lat' dir='ltr'>autem</span> <span class='ocrx_word' id='word_1_68' title='bbox 3674 692 3792 730; x_wconf 89' lang='lat' dir='ltr'>con-</span> 
     </span>
    </p>
   </div>
   <div class='ocr_carea' id='block_1_6' title="bbox 514 762 3793 837">
    <p class='ocr_par' dir='ltr' id='par_1_6' title="bbox 514 762 3793 837">
     <span class='ocr_line' id='line_1_6' title="bbox 514 762 3793 837; baseline -0.001 -17"><span class='ocrx_word' id='word_1_69' title='bbox 514 766 869 832; x_wconf 89' lang='lat' dir='ltr'>tradictione,</span> <span class='ocrx_word' id='word_1_70' title='bbox 917 767 1065 837; x_wconf 91' lang='lat' dir='ltr'>quod</span> <span class='ocrx_word' id='word_1_71' title='bbox 1108 766 1296 820; x_wconf 90' lang='lat' dir='ltr'>minus</span> <span class='ocrx_word' id='word_1_72' title='bbox 1325 772 1411 820; x_wconf 91' lang='lat' dir='ltr'>est</span> <span class='ocrx_word' id='word_1_73' title='bbox 1439 782 1473 819; x_wconf 91' lang='lat' dir='ltr'>a</span> <span class='ocrx_word' id='word_1_74' title='bbox 1500 766 1732 821; x_wconf 89' lang='lat' dir='ltr'>meliore</span> <span class='ocrx_word' id='word_1_75' title='bbox 1764 767 2131 822; x_wconf 83' lang='lat' dir='ltr'>benedicitur.</span> <span class='ocrx_word' id='word_1_76' title='bbox 2167 767 2236 820; x_wconf 90' lang='lat' dir='ltr'>Et</span> <span class='ocrx_word' id='word_1_77' title='bbox 2262 766 2354 820; x_wconf 93' lang='lat' dir='ltr'>hic</span> <span class='ocrx_word' id='word_1_78' title='bbox 2381 766 2628 837; x_wconf 87' lang='lat' dir='ltr'>quidem,</span> <span class='ocrx_word' id='word_1_79' title='bbox 2660 762 2711 821; x_wconf 88' lang='lat'>6.</span> <span class='ocrx_word' id='word_1_80' title='bbox 2748 766 2992 820; x_wconf 88' lang='lat' dir='ltr'>decimas</span> <span class='ocrx_word' id='word_1_81' title='bbox 3021 765 3328 820; x_wconf 86' lang='lat' dir='ltr'>morientes</span> <span class='ocrx_word' id='word_1_82' title='bbox 3352 765 3626 820; x_wconf 86' lang='lat' dir='ltr'>homines</span> <span class='ocrx_word' id='word_1_83' title='bbox 3654 764 3793 818; x_wconf 88' lang='lat' dir='ltr'>acci-</span> 
     </span>
    </p>
   </div>
   <div class='ocr_carea' id='block_1_7' title="bbox 516 851 3789 925">
    <p class='ocr_par' dir='ltr' id='par_1_7' title="bbox 516 851 3789 925">
     <span class='ocr_line' id='line_1_7' title="bbox 516 851 3789 925; baseline -0.001 -18"><span class='ocrx_word' id='word_1_84' title='bbox 516 853 716 925; x_wconf 90' lang='lat' dir='ltr'>piunt;</span> <span class='ocrx_word' id='word_1_85' title='bbox 748 854 825 907; x_wconf 92' lang='lat' dir='ltr'>ibi</span> <span class='ocrx_word' id='word_1_86' title='bbox 855 860 1043 908; x_wconf 91' lang='lat' dir='ltr'>autem</span> <span class='ocrx_word' id='word_1_87' title='bbox 1078 858 1428 908; x_wconf 88' lang='lat' dir='ltr'>contestatur</span> <span class='ocrx_word' id='word_1_88' title='bbox 1452 854 1584 924; x_wconf 88' lang='lat' dir='ltr'>quia</span> <span class='ocrx_word' id='word_1_89' title='bbox 1610 855 1769 912; x_wconf 82' lang='lat' dir='ltr'>vivit.</span> <span class='ocrx_word' id='word_1_90' title='bbox 1806 857 1878 910; x_wconf 92' lang='lat' dir='ltr'>Et</span> <span class='ocrx_word' id='word_1_91' title='bbox 1903 857 1995 923; x_wconf 90' lang='lat' dir='ltr'>(ut</span> <span class='ocrx_word' id='word_1_92' title='bbox 2014 857 2097 910; x_wconf 88' lang='lat' dir='ltr'>ita</span> <span class='ocrx_word' id='word_1_93' title='bbox 2124 856 2335 909; x_wconf 90' lang='lat' dir='ltr'>dictum</span> <span class='ocrx_word' id='word_1_94' title='bbox 2364 851 2464 921; x_wconf 90' lang='lat' dir='ltr'>sit)</span> <span class='ocrx_word' id='word_1_95' title='bbox 2491 870 2592 924; x_wconf 92' lang='lat' dir='ltr'>per</span> <span class='ocrx_word' id='word_1_96' title='bbox 2611 854 2897 908; x_wconf 85' lang='lat' dir='ltr'>Abraham</span> <span class='ocrx_word' id='word_1_97' title='bbox 2927 859 2985 908; x_wconf 91' lang='lat' dir='ltr'>et</span> <span class='ocrx_word' id='word_1_98' title='bbox 3007 854 3264 925; x_wconf 89' lang='lat' dir='ltr'>Levi,qui</span> <span class='ocrx_word' id='word_1_99' title='bbox 3285 854 3541 908; x_wconf 86' lang='lat' dir='ltr'>decimas</span> <span class='ocrx_word' id='word_1_100' title='bbox 3566 852 3789 924; x_wconf 89' lang='lat' dir='ltr'>accipit,</span> 
     </span>
    </p>
   </div>
   <div class='ocr_carea' id='block_1_8' title="bbox 519 941 3788 1015">
    <p class='ocr_par' dir='ltr' id='par_1_8' title="bbox 519 941 3788 1015">
     <span class='ocr_line' id='line_1_8' title="bbox 519 941 3788 1015; baseline -0 -19"><span class='ocrx_word' id='word_1_101' title='bbox 519 943 831 998; x_wconf 89' lang='lat' dir='ltr'>decimatus</span> <span class='ocrx_word' id='word_1_102' title='bbox 859 947 945 996; x_wconf 92' lang='lat' dir='ltr'>est</span> <span class='ocrx_word' id='word_1_103' title='bbox 969 961 981 1009; x_wconf 93' lang='lat'>;</span> <span class='ocrx_word' id='word_1_104' title='bbox 1018 942 1201 995; x_wconf 90' lang='lat' dir='ltr'>adhuc</span> <span class='ocrx_word' id='word_1_105' title='bbox 1226 942 1373 995; x_wconf 91' lang='lat' dir='ltr'>enim</span> <span class='ocrx_word' id='word_1_106' title='bbox 1406 941 1465 994; x_wconf 92' lang='lat' dir='ltr'>in</span> <span class='ocrx_word' id='word_1_107' title='bbox 1485 942 1692 996; x_wconf 90' lang='lat' dir='ltr'>lumbis</span> <span class='ocrx_word' id='word_1_108' title='bbox 1720 945 1898 1014; x_wconf 88' lang='lat' dir='ltr'>patris</span> <span class='ocrx_word' id='word_1_109' title='bbox 1928 950 2072 1014; x_wconf 90' lang='lat' dir='ltr'>erat,</span> <span class='ocrx_word' id='word_1_110' title='bbox 2107 943 2329 1015; x_wconf 87' lang='lat' dir='ltr'>quando</span> <span class='ocrx_word' id='word_1_111' title='bbox 2353 942 2597 997; x_wconf 89' lang='lat' dir='ltr'>obviavit</span> <span class='ocrx_word' id='word_1_112' title='bbox 2621 943 2672 996; x_wconf 93' lang='lat' dir='ltr'>ei</span> <span class='ocrx_word' id='word_1_113' title='bbox 2692 942 3114 997; x_wconf 81' lang='lat' dir='ltr'>Melchisedech.</span> <span class='ocrx_word' id='word_1_114' title='bbox 3134 943 3187 1008; x_wconf 92' lang='lat'>7,</span> <span class='ocrx_word' id='word_1_115' title='bbox 3207 941 3268 999; x_wconf 92' lang='lat'>8.</span> <span class='ocrx_word' id='word_1_116' title='bbox 3291 943 3350 997; x_wconf 93' lang='lat' dir='ltr'>Si</span> <span class='ocrx_word' id='word_1_117' title='bbox 3379 958 3788 1013; x_wconf 88' lang='lat' dir='ltr'>ergoconsum-</span> 
     </span>
    </p>
   </div>
   <div class='ocr_carea' id='block_1_9' title="bbox 516 1030 3790 1103">
    <p class='ocr_par' dir='ltr' id='par_1_9' title="bbox 516 1030 3790 1103">
     <span class='ocr_line' id='line_1_9' title="bbox 516 1030 3790 1103; baseline -0.001 -17"><span class='ocrx_word' id='word_1_118' title='bbox 516 1031 691 1086; x_wconf 90' lang='lat' dir='ltr'>matio</span> <span class='ocrx_word' id='word_1_119' title='bbox 719 1047 820 1102; x_wconf 91' lang='lat' dir='ltr'>per</span> <span class='ocrx_word' id='word_1_120' title='bbox 838 1030 1212 1084; x_wconf 86' lang='lat' dir='ltr'>sacerdotium</span> <span class='ocrx_word' id='word_1_121' title='bbox 1234 1030 1545 1084; x_wconf 90' lang='lat' dir='ltr'>Leviticum</span> <span class='ocrx_word' id='word_1_122' title='bbox 1578 1039 1701 1085; x_wconf 92' lang='lat' dir='ltr'>erat</span> <span class='ocrx_word' id='word_1_123' title='bbox 1751 1033 2009 1103; x_wconf 90' lang='lat' dir='ltr'>(populus</span> <span class='ocrx_word' id='word_1_124' title='bbox 2042 1032 2190 1087; x_wconf 88' lang='lat' dir='ltr'>enim</span> <span class='ocrx_word' id='word_1_125' title='bbox 2228 1030 2331 1085; x_wconf 88' lang='lat' dir='ltr'>sub</span> <span class='ocrx_word' id='word_1_126' title='bbox 2373 1032 2493 1103; x_wconf 93' lang='lat' dir='ltr'>ipso</span> <span class='ocrx_word' id='word_1_127' title='bbox 2532 1032 2714 1101; x_wconf 83' lang='lat' dir='ltr'>legem</span> <span class='ocrx_word' id='word_1_128' title='bbox 2739 1030 2980 1102; x_wconf 91' lang='lat' dir='ltr'>accepit)</span> <span class='ocrx_word' id='word_1_129' title='bbox 3009 1032 3143 1103; x_wconf 91' lang='lat' dir='ltr'>quid</span> <span class='ocrx_word' id='word_1_130' title='bbox 3182 1032 3365 1086; x_wconf 87' lang='lat' dir='ltr'>adhuc</span> <span class='ocrx_word' id='word_1_131' title='bbox 3404 1030 3790 1086; x_wconf 88' lang='lat' dir='ltr'>necessarium</span> 
     </span>
    </p>
   </div>
   <div class='ocr_carea' id='block_1_10' title="bbox 518 1117 3791 1190">
    <p class='ocr_par' dir='ltr' id='par_1_10' title="bbox 518 1117 3791 1190">
     <span class='ocr_line' id='line_1_10' title="bbox 518 1117 3791 1190; baseline -0.002 -15"><span class='ocrx_word' id='word_1_132' title='bbox 518 1119 624 1175; x_wconf 87' lang='lat' dir='ltr'>fuit</span> <span class='ocrx_word' id='word_1_133' title='bbox 652 1119 960 1173; x_wconf 89' lang='lat' dir='ltr'>secundum</span> <span class='ocrx_word' id='word_1_134' title='bbox 991 1117 1246 1172; x_wconf 87' lang='lat' dir='ltr'>ordinem</span> <span class='ocrx_word' id='word_1_135' title='bbox 1278 1118 1683 1173; x_wconf 89' lang='lat' dir='ltr'>Melchisedech</span> <span class='ocrx_word' id='word_1_136' title='bbox 1715 1120 1887 1174; x_wconf 89' lang='lat' dir='ltr'>alium</span> <span class='ocrx_word' id='word_1_137' title='bbox 1915 1136 2147 1190; x_wconf 88' lang='lat' dir='ltr'>surgere</span> <span class='ocrx_word' id='word_1_138' title='bbox 2177 1119 2544 1186; x_wconf 86' lang='lat' dir='ltr'>sacerdotem,</span> <span class='ocrx_word' id='word_1_139' title='bbox 2582 1125 2639 1173; x_wconf 90' lang='lat' dir='ltr'>et</span> <span class='ocrx_word' id='word_1_140' title='bbox 2659 1136 2772 1174; x_wconf 92' lang='lat' dir='ltr'>non</span> <span class='ocrx_word' id='word_1_141' title='bbox 2794 1120 3102 1174; x_wconf 89' lang='lat' dir='ltr'>secundum</span> <span class='ocrx_word' id='word_1_142' title='bbox 3136 1120 3394 1174; x_wconf 89' lang='lat' dir='ltr'>ordinem</span> <span class='ocrx_word' id='word_1_143' title='bbox 3420 1122 3622 1174; x_wconf 88' lang='lat' dir='ltr'>Aaron</span> <span class='ocrx_word' id='word_1_144' title='bbox 3646 1119 3750 1175; x_wconf 90' lang='lat' dir='ltr'>dici</span> <span class='ocrx_word' id='word_1_145' title='bbox 3771 1119 3791 1170; x_wconf 71' lang='lat'>1’</span> 
     </span>
    </p>
   </div>
   <div class='ocr_carea' id='block_1_11' title="bbox 516 1206 3792 1279">
    <p class='ocr_par' dir='ltr' id='par_1_11' title="bbox 516 1206 3792 1279">
     <span class='ocr_line' id='line_1_11' title="bbox 516 1206 3792 1279; baseline -0.001 -16"><span class='ocrx_word' id='word_1_146' title='bbox 516 1209 810 1264; x_wconf 88' lang='lat' dir='ltr'>Translato</span> <span class='ocrx_word' id='word_1_147' title='bbox 831 1208 981 1262; x_wconf 90' lang='lat' dir='ltr'>enim</span> <span class='ocrx_word' id='word_1_148' title='bbox 1012 1207 1349 1269; x_wconf 91' lang='lat' dir='ltr'>sacerdotio,</span> <span class='ocrx_word' id='word_1_149' title='bbox 1371 1223 1600 1262; x_wconf 90' lang='lat' dir='ltr'>necesse</span> <span class='ocrx_word' id='word_1_150' title='bbox 1629 1214 1715 1262; x_wconf 90' lang='lat' dir='ltr'>est</span> <span class='ocrx_word' id='word_1_151' title='bbox 1740 1213 1804 1262; x_wconf 89' lang='lat' dir='ltr'>ut</span> <span class='ocrx_word' id='word_1_152' title='bbox 1832 1213 1891 1263; x_wconf 90' lang='lat' dir='ltr'>et</span> <span class='ocrx_word' id='word_1_153' title='bbox 1917 1208 2057 1279; x_wconf 83' lang='lat' dir='ltr'>legis</span> <span class='ocrx_word' id='word_1_154' title='bbox 2084 1208 2380 1262; x_wconf 86' lang='lat' dir='ltr'>translatio</span> <span class='ocrx_word' id='word_1_155' title='bbox 2400 1209 2518 1262; x_wconf 84' lang='lat' dir='ltr'>ﬁat.</span> <span class='ocrx_word' id='word_1_156' title='bbox 2543 1209 2608 1262; x_wconf 92' lang='lat' dir='ltr'>In</span> <span class='ocrx_word' id='word_1_157' title='bbox 2638 1225 2748 1279; x_wconf 91' lang='lat' dir='ltr'>quo</span> <span class='ocrx_word' id='word_1_158' title='bbox 2778 1209 2928 1263; x_wconf 88' lang='lat' dir='ltr'>enim</span> <span class='ocrx_word' id='word_1_159' title='bbox 2949 1209 3066 1263; x_wconf 66' lang='lat' dir='ltr'>haec</span> <span class='ocrx_word' id='word_1_160' title='bbox 3093 1208 3377 1273; x_wconf 90' lang='lat' dir='ltr'>dicuntur,</span> <span class='ocrx_word' id='word_1_161' title='bbox 3404 1209 3480 1262; x_wconf 90' lang='lat' dir='ltr'>de</span> <span class='ocrx_word' id='word_1_162' title='bbox 3507 1208 3624 1262; x_wconf 87' lang='lat' dir='ltr'>alia</span> <span class='ocrx_word' id='word_1_163' title='bbox 3653 1206 3792 1261; x_wconf 85' lang='lat' dir='ltr'>tribu</span> 
     </span>
    </p>
   </div>
   <div class='ocr_carea' id='block_1_12' title="bbox 518 1295 3793 1368">
    <p class='ocr_par' dir='ltr' id='par_1_12' title="bbox 518 1295 3793 1368">
     <span class='ocr_line' id='line_1_12' title="bbox 518 1295 3793 1368; baseline -0.001 -17"><span class='ocrx_word' id='word_1_164' title='bbox 518 1302 604 1353; x_wconf 86' lang='lat' dir='ltr'>est</span> <span class='ocrx_word' id='word_1_165' title='bbox 631 1297 700 1350; x_wconf 91' lang='lat' dir='ltr'>de</span> <span class='ocrx_word' id='word_1_166' title='bbox 725 1313 836 1368; x_wconf 90' lang='lat' dir='ltr'>qua</span> <span class='ocrx_word' id='word_1_167' title='bbox 855 1296 1045 1350; x_wconf 90' lang='lat' dir='ltr'>nullus</span> <span class='ocrx_word' id='word_1_168' title='bbox 1075 1295 1242 1349; x_wconf 86' lang='lat' dir='ltr'>altari</span> <span class='ocrx_word' id='word_1_169' title='bbox 1273 1300 1476 1365; x_wconf 65' lang='lat' dir='ltr'>praesto</span> <span class='ocrx_word' id='word_1_170' title='bbox 1496 1295 1620 1349; x_wconf 87' lang='lat' dir='ltr'>fuit.</span> <span class='ocrx_word' id='word_1_171' title='bbox 1645 1296 2006 1351; x_wconf 84' lang='lat' dir='ltr'>Manifestum</span> <span class='ocrx_word' id='word_1_172' title='bbox 2036 1302 2120 1350; x_wconf 89' lang='lat' dir='ltr'>est</span> <span class='ocrx_word' id='word_1_173' title='bbox 2146 1296 2295 1349; x_wconf 90' lang='lat' dir='ltr'>enim</span> <span class='ocrx_word' id='word_1_174' title='bbox 2331 1297 2479 1367; x_wconf 81' lang='lat' dir='ltr'>quod</span> <span class='ocrx_word' id='word_1_175' title='bbox 2507 1313 2573 1350; x_wconf 84' lang='lat' dir='ltr'>ex</span> <span class='ocrx_word' id='word_1_176' title='bbox 2604 1297 2751 1350; x_wconf 87' lang='lat' dir='ltr'>Juda</span> <span class='ocrx_word' id='word_1_177' title='bbox 2778 1301 2935 1351; x_wconf 89' lang='lat' dir='ltr'>ortus</span> <span class='ocrx_word' id='word_1_178' title='bbox 2965 1297 3040 1350; x_wconf 87' lang='lat' dir='ltr'>sit</span> <span class='ocrx_word' id='word_1_179' title='bbox 3068 1297 3344 1351; x_wconf 91' lang='lat' dir='ltr'>Dominus</span> <span class='ocrx_word' id='word_1_180' title='bbox 3358 1303 3584 1363; x_wconf 89' lang='lat' dir='ltr'>noster;</span> <span class='ocrx_word' id='word_1_181' title='bbox 3606 1296 3666 1348; x_wconf 92' lang='lat' dir='ltr'>in</span> <span class='ocrx_word' id='word_1_182' title='bbox 3691 1310 3793 1365; x_wconf 86' lang='lat' dir='ltr'>qua</span> 
     </span>
    </p>
   </div>
   <div class='ocr_carea' id='block_1_13' title="bbox 516 1381 3794 1455">
    <p class='ocr_par' dir='ltr' id='par_1_13' title="bbox 516 1381 3794 1455">
     <span class='ocr_line' id='line_1_13' title="bbox 516 1381 3794 1455; baseline -0.001 -16"><span class='ocrx_word' id='word_1_183' title='bbox 516 1383 669 1439; x_wconf 90' lang='lat' dir='ltr'>tribu</span> <span class='ocrx_word' id='word_1_184' title='bbox 687 1384 831 1438; x_wconf 90' lang='lat' dir='ltr'>nihil</span> <span class='ocrx_word' id='word_1_185' title='bbox 853 1384 923 1438; x_wconf 90' lang='lat' dir='ltr'>de</span> <span class='ocrx_word' id='word_1_186' title='bbox 961 1381 1344 1437; x_wconf 88' lang='lat' dir='ltr'>sacerdotibus</span> <span class='ocrx_word' id='word_1_187' title='bbox 1355 1383 1575 1453; x_wconf 87' lang='lat' dir='ltr'>Moyses</span> <span class='ocrx_word' id='word_1_188' title='bbox 1587 1384 1807 1438; x_wconf 91' lang='lat' dir='ltr'>locutus</span> <span class='ocrx_word' id='word_1_189' title='bbox 1824 1386 2004 1439; x_wconf 88' lang='lat' dir='ltr'>est.Et</span> <span class='ocrx_word' id='word_1_190' title='bbox 2023 1385 2267 1455; x_wconf 88' lang='lat' dir='ltr'>amplius</span> <span class='ocrx_word' id='word_1_191' title='bbox 2286 1384 2469 1438; x_wconf 89' lang='lat' dir='ltr'>adhuc</span> <span class='ocrx_word' id='word_1_192' title='bbox 2488 1385 2850 1439; x_wconf 84' lang='lat' dir='ltr'>manifestum</span> <span class='ocrx_word' id='word_1_193' title='bbox 2874 1390 2960 1439; x_wconf 89' lang='lat' dir='ltr'>est</span> <span class='ocrx_word' id='word_1_194' title='bbox 2970 1386 3014 1439; x_wconf 88' lang='lat' dir='ltr'>si</span> <span class='ocrx_word' id='word_1_195' title='bbox 3036 1386 3344 1439; x_wconf 85' lang='lat' dir='ltr'>secundum</span> <span class='ocrx_word' id='word_1_196' title='bbox 3362 1383 3794 1439; x_wconf 89' lang='lat' dir='ltr'>similitudinem</span> 
     </span>
    </p>
   </div>
   <div class='ocr_carea' id='block_1_14' title="bbox 512 1470 3792 1544">
    <p class='ocr_par' dir='ltr' id='par_1_14' title="bbox 512 1470 3792 1544">
     <span class='ocr_line' id='line_1_14' title="bbox 512 1470 3792 1544; baseline -0.002 -16"><span class='ocrx_word' id='word_1_197' title='bbox 512 1473 935 1528; x_wconf 85' lang='lat' dir='ltr'>Melchisedech</span> <span class='ocrx_word' id='word_1_198' title='bbox 960 1475 1223 1540; x_wconf 84' lang='lat' dir='ltr'>exsurgat</span> <span class='ocrx_word' id='word_1_199' title='bbox 1251 1470 1397 1524; x_wconf 90' lang='lat' dir='ltr'>alius</span> <span class='ocrx_word' id='word_1_200' title='bbox 1426 1472 1805 1544; x_wconf 88' lang='lat' dir='ltr'>sacerdos,qui</span> <span class='ocrx_word' id='word_1_201' title='bbox 1839 1490 1951 1527; x_wconf 88' lang='lat' dir='ltr'>non</span> <span class='ocrx_word' id='word_1_202' title='bbox 1982 1473 2035 1527; x_wconf 86' lang='lat'>9.</span> <span class='ocrx_word' id='word_1_203' title='bbox 2061 1473 2368 1528; x_wconf 89' lang='lat' dir='ltr'>secundum</span> <span class='ocrx_word' id='word_1_204' title='bbox 2392 1473 2575 1542; x_wconf 89' lang='lat' dir='ltr'>legem</span> <span class='ocrx_word' id='word_1_205' title='bbox 2591 1472 2844 1526; x_wconf 87' lang='lat' dir='ltr'>mandati</span> <span class='ocrx_word' id='word_1_206' title='bbox 2869 1473 3113 1528; x_wconf 85' lang='lat' dir='ltr'>carnalis</span> <span class='ocrx_word' id='word_1_207' title='bbox 3143 1475 3327 1528; x_wconf 88' lang='lat' dir='ltr'>factus</span> <span class='ocrx_word' id='word_1_208' title='bbox 3347 1480 3455 1538; x_wconf 88' lang='lat' dir='ltr'>est,</span> <span class='ocrx_word' id='word_1_209' title='bbox 3481 1475 3584 1527; x_wconf 90' lang='lat' dir='ltr'>sed</span> <span class='ocrx_word' id='word_1_210' title='bbox 3606 1471 3792 1529; x_wconf 83' lang='lat' dir='ltr'>10.se-</span> 
     </span>
    </p>
   </div>
   <div class='ocr_carea' id='block_1_15' title="bbox 520 1558 3796 1624">
    <p class='ocr_par' dir='ltr' id='par_1_15' title="bbox 520 1558 3796 1624">
     <span class='ocr_line' id='line_1_15' title="bbox 520 1558 3796 1624; baseline -0.001 -7"><span class='ocrx_word' id='word_1_211' title='bbox 520 1562 770 1617; x_wconf 89' lang='lat' dir='ltr'>cundum</span> <span class='ocrx_word' id='word_1_212' title='bbox 799 1561 1067 1614; x_wconf 84' lang='lat' dir='ltr'>virtutem</span> <span class='ocrx_word' id='word_1_213' title='bbox 1093 1558 1558 1614; x_wconf 74' lang='lat' dir='ltr'>vitminsolubilis.</span> <span class='ocrx_word' id='word_1_214' title='bbox 1591 1560 1644 1617; x_wconf 84' lang='grc'>11</span> <span class='ocrx_word' id='word_1_215' title='bbox 1669 1606 1679 1617; x_wconf 95' lang='grc'>.</span> <span class='ocrx_word' id='word_1_216' title='bbox 1706 1560 2231 1616; x_wconf 88' lang='lat' dir='ltr'>Contestaturenim</span> <span class='ocrx_word' id='word_1_217' title='bbox 2256 1580 2267 1614; x_wconf 90' lang='lat'>:</span> <span class='ocrx_word' id='word_1_218' title='bbox 2292 1560 2572 1624; x_wconf 85' lang='lat' dir='ltr'>Quoniam</span> <span class='ocrx_word' id='word_1_219' title='bbox 2603 1566 2664 1614; x_wconf 91' lang='lat' dir='ltr'>tu</span> <span class='ocrx_word' id='word_1_220' title='bbox 2694 1576 2754 1615; x_wconf 89' lang='lat' dir='ltr'>es</span> <span class='ocrx_word' id='word_1_221' title='bbox 2783 1562 3044 1615; x_wconf 89' lang='lat' dir='ltr'>sacerdos</span> <span class='ocrx_word' id='word_1_222' title='bbox 3064 1561 3123 1615; x_wconf 92' lang='lat' dir='ltr'>in</span> <span class='ocrx_word' id='word_1_223' title='bbox 3153 1567 3456 1617; x_wconf 80' lang='lat' dir='ltr'>aeternum.</span> <span class='ocrx_word' id='word_1_224' title='bbox 3486 1562 3573 1618; x_wconf 73' lang='lat'>12.</span> <span class='ocrx_word' id='word_1_225' title='bbox 3604 1577 3796 1616; x_wconf 88' lang='lat' dir='ltr'>secun-</span> 
     </span>
    </p>
   </div>
   <div class='ocr_carea' id='block_1_16' title="bbox 522 1649 3798 1722">
    <p class='ocr_par' dir='ltr' id='par_1_16' title="bbox 522 1649 3798 1722">
     <span class='ocr_line' id='line_1_16' title="bbox 522 1649 3798 1722; baseline -0.001 -16"><span class='ocrx_word' id='word_1_226' title='bbox 522 1652 656 1706; x_wconf 90' lang='lat' dir='ltr'>dum</span> <span class='ocrx_word' id='word_1_227' title='bbox 690 1651 947 1705; x_wconf 89' lang='lat' dir='ltr'>ordinem</span> <span class='ocrx_word' id='word_1_228' title='bbox 968 1649 1746 1720; x_wconf 86' lang='lat' dir='ltr'>Melchisedech.Reprobatio</span> <span class='ocrx_word' id='word_1_229' title='bbox 1764 1650 1988 1721; x_wconf 90' lang='lat' dir='ltr'>quidem</span> <span class='ocrx_word' id='word_1_230' title='bbox 2009 1652 2073 1703; x_wconf 77' lang='lat' dir='ltr'>fit</span> <span class='ocrx_word' id='word_1_231' title='bbox 2087 1650 2450 1720; x_wconf 61' lang='lat' dir='ltr'>praecedentis</span> <span class='ocrx_word' id='word_1_232' title='bbox 2471 1650 2745 1714; x_wconf 88' lang='lat' dir='ltr'>mandati,</span> <span class='ocrx_word' id='word_1_233' title='bbox 2780 1656 3008 1721; x_wconf 88' lang='lat' dir='ltr'>propter</span> <span class='ocrx_word' id='word_1_234' title='bbox 3038 1651 3118 1705; x_wconf 88' lang='grc'>13.</span> <span class='ocrx_word' id='word_1_235' title='bbox 3148 1651 3548 1706; x_wconf 84' lang='lat' dir='ltr'>infirmitatem</span> <span class='ocrx_word' id='word_1_236' title='bbox 3597 1652 3718 1722; x_wconf 88' lang='lat' dir='ltr'>ejus</span> <span class='ocrx_word' id='word_1_237' title='bbox 3745 1655 3798 1703; x_wconf 89' lang='lat' dir='ltr'>et</span> 
     </span>
    </p>
   </div>
   <div class='ocr_carea' id='block_1_17' title="bbox 525 1737 3799 1810">
    <p class='ocr_par' dir='ltr' id='par_1_17' title="bbox 525 1737 3799 1810">
     <span class='ocr_line' id='line_1_17' title="bbox 525 1737 3799 1810; baseline -0.001 -15"><span class='ocrx_word' id='word_1_238' title='bbox 525 1739 611 1797; x_wconf 82' lang='grc'>14.</span> <span class='ocrx_word' id='word_1_239' title='bbox 634 1739 1031 1805; x_wconf 86' lang='lat' dir='ltr'>inutilitatem;</span> <span class='ocrx_word' id='word_1_240' title='bbox 1064 1738 1209 1792; x_wconf 89' lang='lat' dir='ltr'>nihil</span> <span class='ocrx_word' id='word_1_241' title='bbox 1242 1738 1390 1792; x_wconf 88' lang='lat' dir='ltr'>enim</span> <span class='ocrx_word' id='word_1_242' title='bbox 1412 1739 1479 1792; x_wconf 90' lang='lat' dir='ltr'>ad</span> <span class='ocrx_word' id='word_1_243' title='bbox 1512 1740 1820 1810; x_wconf 86' lang='lat' dir='ltr'>perfectum</span> <span class='ocrx_word' id='word_1_244' title='bbox 1848 1738 2082 1793; x_wconf 84' lang='lat' dir='ltr'>adduxit</span> <span class='ocrx_word' id='word_1_245' title='bbox 2105 1738 2189 1791; x_wconf 88' lang='lat' dir='ltr'>lex</span> <span class='ocrx_word' id='word_1_246' title='bbox 2213 1737 2327 1801; x_wconf 83' lang='lat'>15.,</span> <span class='ocrx_word' id='word_1_247' title='bbox 2348 1737 2688 1791; x_wconf 90' lang='lat' dir='ltr'>introductio</span> <span class='ocrx_word' id='word_1_248' title='bbox 2710 1753 2839 1791; x_wconf 91' lang='lat' dir='ltr'>vero</span> <span class='ocrx_word' id='word_1_249' title='bbox 2870 1738 3119 1791; x_wconf 85' lang='lat' dir='ltr'>melioris</span> <span class='ocrx_word' id='word_1_250' title='bbox 3141 1739 3279 1809; x_wconf 90' lang='lat' dir='ltr'>spei,</span> <span class='ocrx_word' id='word_1_251' title='bbox 3302 1756 3405 1810; x_wconf 91' lang='lat' dir='ltr'>per</span> <span class='ocrx_word' id='word_1_252' title='bbox 3434 1756 3612 1810; x_wconf 91' lang='lat' dir='ltr'>quam</span> <span class='ocrx_word' id='word_1_253' title='bbox 3625 1738 3799 1809; x_wconf 83' lang='lat' dir='ltr'>proxi-</span> 
     </span>
    </p>
   </div>
   <div class='ocr_carea' id='block_1_18' title="bbox 522 1825 3792 1898">
    <p class='ocr_par' dir='ltr' id='par_1_18' title="bbox 522 1825 3792 1898">
     <span class='ocr_line' id='line_1_18' title="bbox 522 1825 3792 1898; baseline -0 -17"><span class='ocrx_word' id='word_1_254' title='bbox 522 1843 750 1882; x_wconf 90' lang='lat' dir='ltr'>mamur</span> <span class='ocrx_word' id='word_1_255' title='bbox 769 1827 839 1881; x_wconf 89' lang='lat' dir='ltr'>ad</span> <span class='ocrx_word' id='word_1_256' title='bbox 855 1828 1055 1881; x_wconf 88' lang='lat' dir='ltr'>Deum.</span> <span class='ocrx_word' id='word_1_257' title='bbox 1080 1826 1149 1881; x_wconf 89' lang='lat' dir='ltr'>Et</span> <span class='ocrx_word' id='word_1_258' title='bbox 1172 1832 1447 1897; x_wconf 87' lang='lat' dir='ltr'>quantum</span> <span class='ocrx_word' id='word_1_259' title='bbox 1479 1833 1562 1881; x_wconf 85' lang='lat' dir='ltr'>est</span> <span class='ocrx_word' id='word_1_260' title='bbox 1584 1844 1696 1882; x_wconf 91' lang='lat' dir='ltr'>non</span> <span class='ocrx_word' id='word_1_261' title='bbox 1718 1828 1837 1882; x_wconf 91' lang='lat' dir='ltr'>sine</span> <span class='ocrx_word' id='word_1_262' title='bbox 1853 1826 2224 1898; x_wconf 87' lang='lat' dir='ltr'>jurejurando</span> <span class='ocrx_word' id='word_1_263' title='bbox 2243 1826 2356 1897; x_wconf 82' lang='lat' dir='ltr'>(alii</span> <span class='ocrx_word' id='word_1_264' title='bbox 2380 1825 2605 1896; x_wconf 89' lang='lat' dir='ltr'>quidem</span> <span class='ocrx_word' id='word_1_265' title='bbox 2623 1826 2745 1880; x_wconf 90' lang='lat' dir='ltr'>sine</span> <span class='ocrx_word' id='word_1_266' title='bbox 2760 1827 3136 1897; x_wconf 87' lang='lat' dir='ltr'>jurejurando</span> <span class='ocrx_word' id='word_1_267' title='bbox 3159 1829 3486 1883; x_wconf 89' lang='lat' dir='ltr'>sacerdotes</span> <span class='ocrx_word' id='word_1_268' title='bbox 3502 1828 3637 1883; x_wconf 87' lang='lat' dir='ltr'>facti</span> <span class='ocrx_word' id='word_1_269' title='bbox 3652 1832 3792 1893; x_wconf 90' lang='lat' dir='ltr'>sunt;</span> 
     </span>
    </p>
   </div>
   <div class='ocr_carea' id='block_1_19' title="bbox 523 1914 3797 1988">
    <p class='ocr_par' dir='ltr' id='par_1_19' title="bbox 523 1914 3797 1988">
     <span class='ocr_line' id='line_1_19' title="bbox 523 1914 3797 1988; baseline -0.001 -16"><span class='ocrx_word' id='word_1_270' title='bbox 523 1915 615 1972; x_wconf 91' lang='lat' dir='ltr'>hic</span> <span class='ocrx_word' id='word_1_271' title='bbox 642 1920 833 1973; x_wconf 90' lang='lat' dir='ltr'>autem</span> <span class='ocrx_word' id='word_1_272' title='bbox 860 1932 984 1971; x_wconf 91' lang='lat' dir='ltr'>cum</span> <span class='ocrx_word' id='word_1_273' title='bbox 1006 1915 1396 1986; x_wconf 82' lang='lat' dir='ltr'>jurejurando,</span> <span class='ocrx_word' id='word_1_274' title='bbox 1421 1933 1523 1988; x_wconf 92' lang='lat' dir='ltr'>per</span> <span class='ocrx_word' id='word_1_275' title='bbox 1550 1933 1678 1972; x_wconf 91' lang='lat' dir='ltr'>eum</span> <span class='ocrx_word' id='word_1_276' title='bbox 1710 1916 1807 1988; x_wconf 93' lang='lat' dir='ltr'>qui</span> <span class='ocrx_word' id='word_1_277' title='bbox 1836 1916 1977 1970; x_wconf 82' lang='lat' dir='ltr'>dixit</span> <span class='ocrx_word' id='word_1_278' title='bbox 2003 1916 2075 1971; x_wconf 87' lang='lat' dir='ltr'>ad</span> <span class='ocrx_word' id='word_1_279' title='bbox 2101 1915 2262 1969; x_wconf 90' lang='lat' dir='ltr'>illum</span> <span class='ocrx_word' id='word_1_280' title='bbox 2296 1933 2307 1969; x_wconf 91' lang='lat'><strong>:</strong></span> <span class='ocrx_word' id='word_1_281' title='bbox 2338 1914 2559 1969; x_wconf 77' lang='lat' dir='ltr'>Iuravit</span> <span class='ocrx_word' id='word_1_282' title='bbox 2576 1914 2870 1982; x_wconf 89' lang='lat' dir='ltr'>Dominus,</span> <span class='ocrx_word' id='word_1_283' title='bbox 2891 1920 2949 1970; x_wconf 94' lang='lat' dir='ltr'>et</span> <span class='ocrx_word' id='word_1_284' title='bbox 2979 1932 3091 1971; x_wconf 91' lang='lat' dir='ltr'>non</span> <span class='ocrx_word' id='word_1_285' title='bbox 3122 1917 3420 1988; x_wconf 81' lang='lat' dir='ltr'>paenitebit</span> <span class='ocrx_word' id='word_1_286' title='bbox 3445 1934 3582 1972; x_wconf 91' lang='lat' dir='ltr'>eum</span> <span class='ocrx_word' id='word_1_287' title='bbox 3607 1934 3619 1970; x_wconf 88' lang='lat'><strong>:</strong></span> <span class='ocrx_word' id='word_1_288' title='bbox 3644 1917 3724 1971; x_wconf 93' lang='lat' dir='ltr'>Tu</span> <span class='ocrx_word' id='word_1_289' title='bbox 3743 1933 3797 1969; x_wconf 89' lang='lat' dir='ltr'>es</span> 
     </span>
    </p>
   </div>
   <div class='ocr_carea' id='block_1_20' title="bbox 1868 2110 2461 2167">
    <p class='ocr_par' dir='ltr' id='par_1_20' title="bbox 1868 2110 2461 2167">
     <span class='ocr_line' id='line_1_20' title="bbox 1868 2110 2461 2167; baseline 0 -1"><span class='ocrx_word' id='word_1_290' title='bbox 1868 2110 2461 2167; x_wconf 88' lang='lat' dir='ltr'>COMMENTARIUS.</span> 
     </span>
    </p>
   </div>
   <div class='ocr_carea' id='block_1_21' title="bbox 591 2288 3797 2363">
    <p class='ocr_par' dir='ltr' id='par_1_21' title="bbox 591 2288 3797 2363">
     <span class='ocr_line' id='line_1_21' title="bbox 591 2288 3797 2363; baseline -0.003 -11"><span class='ocrx_word' id='word_1_291' title='bbox 591 2297 643 2352; x_wconf 82' lang='grc'>4.</span> <span class='ocrx_word' id='word_1_292' title='bbox 688 2297 760 2352; x_wconf 86' lang='lat' dir='ltr'>De</span> <span class='ocrx_word' id='word_1_293' title='bbox 788 2298 925 2363; x_wconf 77' lang='lat' dir='ltr'>ﬁliis</span> <span class='ocrx_word' id='word_1_294' title='bbox 953 2293 1090 2348; x_wconf 76' lang='lat' dir='ltr'>Levi.</span> <span class='ocrx_word' id='word_1_295' title='bbox 1126 2294 1209 2348; x_wconf 91' lang='lat' dir='ltr'>De</span> <span class='ocrx_word' id='word_1_296' title='bbox 1238 2291 1517 2363; x_wconf 88' lang='lat' dir='ltr'>superiori</span> <span class='ocrx_word' id='word_1_297' title='bbox 1540 2290 1821 2345; x_wconf 89' lang='lat' dir='ltr'>sententia</span> <span class='ocrx_word' id='word_1_298' title='bbox 1848 2290 1956 2344; x_wconf 91' lang='lat' dir='ltr'>hoc</span> <span class='ocrx_word' id='word_1_299' title='bbox 1983 2288 2121 2359; x_wconf 90' lang='lat' dir='ltr'>obji-</span> <span class='ocrx_word' id='word_1_300' title='bbox 2137 2292 2186 2351; x_wconf 80' lang='grc' dir='ltr'>Α</span> <span class='ocrx_word' id='word_1_301' title='bbox 2205 2288 2387 2343; x_wconf 87' lang='lat' dir='ltr'>factus</span> <span class='ocrx_word' id='word_1_302' title='bbox 2414 2289 2674 2344; x_wconf 88' lang='lat' dir='ltr'>sacerdos</span> <span class='ocrx_word' id='word_1_303' title='bbox 2713 2290 3023 2345; x_wconf 89' lang='lat' dir='ltr'>secundum</span> <span class='ocrx_word' id='word_1_304' title='bbox 3069 2289 3254 2361; x_wconf 88' lang='lat' dir='ltr'>legem</span> <span class='ocrx_word' id='word_1_305' title='bbox 3297 2289 3651 2356; x_wconf 64' lang='lat' dir='ltr'>Judmorum,</span> <span class='ocrx_word' id='word_1_306' title='bbox 3684 2305 3797 2361; x_wconf 66' lang='lat' dir='ltr'>quae</span> 
     </span>
    </p>
   </div>
   <div class='ocr_carea' id='block_1_22' title="bbox 520 2378 3797 2454">
    <p class='ocr_par' dir='ltr' id='par_1_22' title="bbox 520 2378 3797 2454">
     <span class='ocr_line' id='line_1_22' title="bbox 520 2378 3797 2454; baseline -0.003 -12"><span class='ocrx_word' id='word_1_307' title='bbox 520 2388 683 2444; x_wconf 90' lang='lat' dir='ltr'>citur.</span> <span class='ocrx_word' id='word_1_308' title='bbox 727 2384 898 2449; x_wconf 81' lang='lat' dir='ltr'>Quasi</span> <span class='ocrx_word' id='word_1_309' title='bbox 952 2382 1155 2454; x_wconf 90' lang='lat' dir='ltr'>aliquis</span> <span class='ocrx_word' id='word_1_310' title='bbox 1192 2381 1404 2435; x_wconf 90' lang='lat' dir='ltr'>diceret</span> <span class='ocrx_word' id='word_1_311' title='bbox 1456 2399 1468 2435; x_wconf 91' lang='lat'><strong>:</strong></span> <span class='ocrx_word' id='word_1_312' title='bbox 1524 2381 1649 2434; x_wconf 89' lang='lat' dir='ltr'>Non</span> <span class='ocrx_word' id='word_1_313' title='bbox 1688 2384 1846 2450; x_wconf 89' lang='lat' dir='ltr'>potes</span> <span class='ocrx_word' id='word_1_314' title='bbox 1884 2378 2123 2450; x_wconf 90' lang='lat' dir='ltr'>probare</span> <span class='ocrx_word' id='word_1_315' title='bbox 2205 2378 2460 2432; x_wconf 89' lang='lat' dir='ltr'>carnales</span> <span class='ocrx_word' id='word_1_316' title='bbox 2508 2379 2929 2434; x_wconf 81' lang='lat' dir='ltr'>observationes</span> <span class='ocrx_word' id='word_1_317' title='bbox 2965 2379 3344 2450; x_wconf 88' lang='lat' dir='ltr'>praecipiebat,</span> <span class='ocrx_word' id='word_1_318' title='bbox 3387 2381 3527 2451; x_wconf 86' lang='lat' dir='ltr'>quia</span> <span class='ocrx_word' id='word_1_319' title='bbox 3564 2396 3676 2434; x_wconf 92' lang='lat' dir='ltr'>non</span> <span class='ocrx_word' id='word_1_320' title='bbox 3723 2386 3797 2433; x_wconf 90' lang='lat' dir='ltr'>est</span> 
     </span>
    </p>
   </div>
   <div class='ocr_carea' id='block_1_23' title="bbox 525 2466 3793 2542">
    <p class='ocr_par' dir='ltr' id='par_1_23' title="bbox 525 2466 3793 2542">
     <span class='ocr_line' id='line_1_23' title="bbox 525 2466 3793 2542; baseline -0.003 -11"><span class='ocrx_word' id='word_1_321' title='bbox 525 2473 936 2533; x_wconf 90' lang='lat' dir='ltr'>Melchisedech</span> <span class='ocrx_word' id='word_1_322' title='bbox 988 2487 1092 2542; x_wconf 87' lang='lat' dir='ltr'>per</span> <span class='ocrx_word' id='word_1_323' title='bbox 1128 2472 1233 2524; x_wconf 93' lang='lat' dir='ltr'>hoc</span> <span class='ocrx_word' id='word_1_324' title='bbox 1288 2469 1634 2540; x_wconf 89' lang='lat' dir='ltr'>superiorem</span> <span class='ocrx_word' id='word_1_325' title='bbox 1700 2466 1939 2521; x_wconf 70' lang='lat' dir='ltr'>Abrahae</span> <span class='ocrx_word' id='word_1_326' title='bbox 1992 2467 2125 2537; x_wconf 90' lang='lat' dir='ltr'>quia</span> <span class='ocrx_word' id='word_1_327' title='bbox 2205 2467 2275 2521; x_wconf 91' lang='lat' dir='ltr'>de</span> <span class='ocrx_word' id='word_1_328' title='bbox 2294 2467 2445 2521; x_wconf 89' lang='lat' dir='ltr'>tribu</span> <span class='ocrx_word' id='word_1_329' title='bbox 2466 2468 2613 2532; x_wconf 80' lang='lat' dir='ltr'>Levi,</span> <span class='ocrx_word' id='word_1_330' title='bbox 2637 2469 2785 2524; x_wconf 88' lang='lat' dir='ltr'>unde</span> <span class='ocrx_word' id='word_1_331' title='bbox 2800 2469 3117 2523; x_wconf 88' lang='lat' dir='ltr'>sacerdotes</span> <span class='ocrx_word' id='word_1_332' title='bbox 3132 2468 3261 2539; x_wconf 86' lang='lat' dir='ltr'>eligi</span> <span class='ocrx_word' id='word_1_333' title='bbox 3282 2469 3406 2540; x_wconf 90' lang='lat' dir='ltr'>ipsa</span> <span class='ocrx_word' id='word_1_334' title='bbox 3434 2468 3793 2540; x_wconf 87' lang='lat' dir='ltr'>lexjubebat,</span> 
     </span>
    </p>
   </div>
   <div class='ocr_carea' id='block_1_24' title="bbox 524 2554 2125 2628">
    <p class='ocr_par' dir='ltr' id='par_1_24' title="bbox 524 2554 2125 2628">
     <span class='ocr_line' id='line_1_24' title="bbox 524 2554 2125 2628; baseline -0.008 -7"><span class='ocrx_word' id='word_1_335' title='bbox 524 2565 768 2621; x_wconf 89' lang='lat' dir='ltr'>decimas</span> <span class='ocrx_word' id='word_1_336' title='bbox 807 2561 877 2615; x_wconf 91' lang='lat' dir='ltr'>ab</span> <span class='ocrx_word' id='word_1_337' title='bbox 928 2576 994 2613; x_wconf 92' lang='lat' dir='ltr'>eo</span> <span class='ocrx_word' id='word_1_338' title='bbox 1028 2558 1281 2628; x_wconf 76' lang='lat' dir='ltr'>accepit,</span> <span class='ocrx_word' id='word_1_339' title='bbox 1331 2556 1465 2627; x_wconf 89' lang='lat' dir='ltr'>quia</span> <span class='ocrx_word' id='word_1_340' title='bbox 1501 2556 1820 2610; x_wconf 89' lang='lat' dir='ltr'>sacerdotes</span> <span class='ocrx_word' id='word_1_341' title='bbox 1863 2554 1933 2609; x_wconf 90' lang='lat' dir='ltr'>de</span> <span class='ocrx_word' id='word_1_342' title='bbox 1975 2554 2125 2609; x_wconf 88' lang='lat' dir='ltr'>tribu</span> 
     </span>
    </p>
   </div>
   <div class='ocr_carea' id='block_1_25' title="bbox 520 2644 2127 2717">
    <p class='ocr_par' dir='ltr' id='par_1_25' title="bbox 520 2644 2127 2717">
     <span class='ocr_line' id='line_1_25' title="bbox 520 2644 2127 2717; baseline -0.007 -8"><span class='ocrx_word' id='word_1_343' title='bbox 520 2653 653 2710; x_wconf 91' lang='lat' dir='ltr'>Levi</span> <span class='ocrx_word' id='word_1_344' title='bbox 718 2651 788 2717; x_wconf 89' lang='lat' dir='ltr'>ab</span> <span class='ocrx_word' id='word_1_345' title='bbox 841 2649 967 2703; x_wconf 89' lang='lat' dir='ltr'>aliis</span> <span class='ocrx_word' id='word_1_346' title='bbox 1002 2645 1607 2711; x_wconf 83' lang='lat' dir='ltr'>tribubussecundum</span> <span class='ocrx_word' id='word_1_347' title='bbox 1661 2644 1845 2715; x_wconf 86' lang='lat' dir='ltr'>legem</span> <span class='ocrx_word' id='word_1_348' title='bbox 1883 2644 2127 2703; x_wconf 86' lang='lat' dir='ltr'>decimas</span> 
     </span>
    </p>
   </div>
   <div class='ocr_carea' id='block_1_26' title="bbox 525 2733 2128 2812">
    <p class='ocr_par' dir='ltr' id='par_1_26' title="bbox 525 2733 2128 2812">
     <span class='ocr_line' id='line_1_26' title="bbox 525 2733 2128 2812; baseline -0.006 -15"><span class='ocrx_word' id='word_1_349' title='bbox 525 2740 825 2812; x_wconf 79' lang='lat' dir='ltr'>accipiunt,</span> <span class='ocrx_word' id='word_1_350' title='bbox 866 2738 1071 2790; x_wconf 89' lang='lat' dir='ltr'>fratres</span> <span class='ocrx_word' id='word_1_351' title='bbox 1111 2735 1322 2789; x_wconf 88' lang='lat' dir='ltr'>scilicet</span> <span class='ocrx_word' id='word_1_352' title='bbox 1351 2750 1386 2787; x_wconf 84' lang='lat' dir='ltr'>a</span> <span class='ocrx_word' id='word_1_353' title='bbox 1409 2733 1697 2799; x_wconf 84' lang='lat' dir='ltr'>fratribus,</span> <span class='ocrx_word' id='word_1_354' title='bbox 1733 2739 1789 2786; x_wconf 91' lang='lat' dir='ltr'>et</span> <span class='ocrx_word' id='word_1_355' title='bbox 1816 2733 2128 2804; x_wconf 75' lang='lat' dir='ltr'>coaequales</span> 
     </span>
    </p>
   </div>
   <div class='ocr_carea' id='block_1_27' title="bbox 530 2826 1643 2898">
    <p class='ocr_par' dir='ltr' id='par_1_27' title="bbox 530 2826 1643 2898">
     <span class='ocr_line' id='line_1_27' title="bbox 530 2826 1643 2898; baseline -0.005 -15"><span class='ocrx_word' id='word_1_356' title='bbox 530 2847 563 2897; x_wconf 88' lang='lat' dir='ltr'>_a</span> <span class='ocrx_word' id='word_1_357' title='bbox 596 2826 992 2898; x_wconf 81' lang='lat' dir='ltr'>coaequalibus.</span> <span class='ocrx_word' id='word_1_358' title='bbox 1230 2885 1253 2889; x_wconf 36' lang='grc' dir='ltr'>η</span> <span class='ocrx_word' id='word_1_359' title='bbox 1278 2845 1297 2862; x_wconf 73' lang='grc' dir='ltr'><strong><em>ε</em></strong></span> <span class='ocrx_word' id='word_1_360' title='bbox 1638 2883 1643 2886; x_wconf 46' lang='grc'>,</span> 
     </span>
    </p>
   </div>
   <div class='ocr_carea' id='block_1_28' title="bbox 596 2908 2128 2980">
    <p class='ocr_par' dir='ltr' id='par_1_28' title="bbox 596 2908 2128 2980">
     <span class='ocr_line' id='line_1_28' title="bbox 596 2908 2128 2980; baseline -0.003 -10"><span class='ocrx_word' id='word_1_361' title='bbox 596 2915 650 2971; x_wconf 85' lang='grc'>5.</span> <span class='ocrx_word' id='word_1_362' title='bbox 682 2916 818 2970; x_wconf 85' lang='lat' dir='ltr'>Sine</span> <span class='ocrx_word' id='word_1_363' title='bbox 844 2916 964 2967; x_wconf 83' lang='lat' dir='ltr'>ulla</span> <span class='ocrx_word' id='word_1_364' title='bbox 987 2916 1192 2965; x_wconf 79' lang='lat' dir='ltr'>autem.</span> <span class='ocrx_word' id='word_1_365' title='bbox 1224 2909 1557 2980; x_wconf 62' lang='lat' dir='ltr'>Responsio,~</span> <span class='ocrx_word' id='word_1_366' title='bbox 1572 2908 1699 2964; x_wconf 89' lang='lat' dir='ltr'>novi</span> <span class='ocrx_word' id='word_1_367' title='bbox 1728 2909 1811 2963; x_wconf 86' lang='lat' dir='ltr'>ita</span> <span class='ocrx_word' id='word_1_368' title='bbox 1839 2924 1981 2971; x_wconf 88' lang='lat' dir='ltr'>esse.</span> <span class='ocrx_word' id='word_1_369' title='bbox 2020 2908 2128 2965; x_wconf 89' lang='lat' dir='ltr'>Sed</span> 
     </span>
    </p>
   </div>
   <div class='ocr_carea' id='block_1_29' title="bbox 525 2989 2128 3069">
    <p class='ocr_par' dir='ltr' id='par_1_29' title="bbox 525 2989 2128 3069">
     <span class='ocr_line' id='line_1_29' title="bbox 525 2989 2128 3069; baseline -0.004 -10"><span class='ocrx_word' id='word_1_370' title='bbox 525 3002 934 3060; x_wconf 88' lang='lat' dir='ltr'>Melchisedech</span> <span class='ocrx_word' id='word_1_371' title='bbox 960 3016 1070 3054; x_wconf 91' lang='lat' dir='ltr'>non</span> <span class='ocrx_word' id='word_1_372' title='bbox 1099 2997 1492 3053; x_wconf 87' lang='lat' dir='ltr'>tantummodo</span> <span class='ocrx_word' id='word_1_373' title='bbox 1520 2989 1765 3052; x_wconf 87' lang='lat' dir='ltr'>decimas</span> <span class='ocrx_word' id='word_1_374' title='bbox 1776 2998 2005 3069; x_wconf 89' lang='lat' dir='ltr'>accepit,</span> <span class='ocrx_word' id='word_1_375' title='bbox 2031 2997 2128 3052; x_wconf 92' lang='lat' dir='ltr'>sed</span> 
     </span>
    </p>
   </div>
   <div class='ocr_carea' id='block_1_30' title="bbox 526 3085 2128 3157">
    <p class='ocr_par' dir='ltr' id='par_1_30' title="bbox 526 3085 2128 3157">
     <span class='ocr_line' id='line_1_30' title="bbox 526 3085 2128 3157; baseline -0.005 -9"><span class='ocrx_word' id='word_1_376' title='bbox 526 3094 697 3148; x_wconf 87' lang='lat' dir='ltr'>etiam</span> <span class='ocrx_word' id='word_1_377' title='bbox 737 3090 1023 3145; x_wconf 86' lang='lat' dir='ltr'>Abraham</span> <span class='ocrx_word' id='word_1_378' title='bbox 1072 3085 1380 3150; x_wconf 86' lang='lat' dir='ltr'>benedixit,</span> <span class='ocrx_word' id='word_1_379' title='bbox 1434 3102 1499 3139; x_wconf 91' lang='lat' dir='ltr'>ac</span> <span class='ocrx_word' id='word_1_380' title='bbox 1543 3103 1644 3157; x_wconf 91' lang='lat' dir='ltr'>per</span> <span class='ocrx_word' id='word_1_381' title='bbox 1688 3087 1795 3140; x_wconf 89' lang='lat' dir='ltr'>hoc</span> <span class='ocrx_word' id='word_1_382' title='bbox 1849 3087 1971 3141; x_wconf 91' lang='lat' dir='ltr'>sine</span> <span class='ocrx_word' id='word_1_383' title='bbox 2010 3086 2128 3140; x_wconf 90' lang='lat' dir='ltr'>ulla</span> 
     </span>
    </p>
   </div>
   <div class='ocr_carea' id='block_1_31' title="bbox 526 3162 2125 3249">
    <p class='ocr_par' dir='ltr' id='par_1_31' title="bbox 526 3162 2125 3249">
     <span class='ocr_line' id='line_1_31' title="bbox 526 3162 2125 3249; baseline -0.004 -14"><span class='ocrx_word' id='word_1_384' title='bbox 526 3176 965 3235; x_wconf 85' lang='lat' dir='ltr'>contradictione</span> <span class='ocrx_word' id='word_1_385' title='bbox 994 3170 1276 3246; x_wconf 25' lang='lat' dir='ltr'>major‘eo</span> <span class='ocrx_word' id='word_1_386' title='bbox 1317 3170 1421 3242; x_wconf 89' lang='lat' dir='ltr'>est,</span> <span class='ocrx_word' id='word_1_387' title='bbox 1454 3170 1587 3246; x_wconf 88' lang='lat' dir='ltr'>quia</span> <span class='ocrx_word' id='word_1_388' title='bbox 1623 3174 1808 3230; x_wconf 91' lang='lat' dir='ltr'>minor</span> <span class='ocrx_word' id='word_1_389' title='bbox 1832 3193 1868 3229; x_wconf 87' lang='lat' dir='ltr'>a</span> <span class='ocrx_word' id='word_1_390' title='bbox 1894 3162 2125 3249; x_wconf 86' lang='lat' dir='ltr'>meliore</span> 
     </span>
    </p>
   </div>
   <div class='ocr_carea' id='block_1_32' title="bbox 527 3252 2027 3338">
    <p class='ocr_par' dir='ltr' id='par_1_32' title="bbox 527 3252 2027 3338">
     <span class='ocr_line' id='line_1_32' title="bbox 527 3252 2027 3338; baseline -0.006 -14"><span class='ocrx_word' id='word_1_391' title='bbox 527 3283 752 3338; x_wconf 90' lang='lat' dir='ltr'>semper</span> <span class='ocrx_word' id='word_1_392' title='bbox 772 3264 1140 3320; x_wconf 88' lang='lat' dir='ltr'>benedicitur.</span> <span class='ocrx_word' id='word_1_393' title='bbox 1658 3256 1681 3261; x_wconf 66' lang='grc'>”</span> <span class='ocrx_word' id='word_1_394' title='bbox 1780 3254 1783 3257; x_wconf 58' lang='grc'><em>’</em></span> <span class='ocrx_word' id='word_1_395' title='bbox 2024 3252 2027 3253; x_wconf 38' lang='grc'><strong><em>⁷</em></strong></span> 
     </span>
    </p>
   </div>
   <div class='ocr_carea' id='block_1_33' title="bbox 594 3352 2123 3416">
    <p class='ocr_par' dir='ltr' id='par_1_33' title="bbox 594 3352 2123 3416">
     <span class='ocr_line' id='line_1_33' title="bbox 594 3352 2123 3416; baseline -0.003 -7"><span class='ocrx_word' id='word_1_396' title='bbox 594 3355 643 3409; x_wconf 90' lang='grc'>6.</span> <span class='ocrx_word' id='word_1_397' title='bbox 671 3356 916 3408; x_wconf 74' lang='lat' dir='ltr'>Decimus</span> <span class='ocrx_word' id='word_1_398' title='bbox 936 3355 1254 3407; x_wconf 84' lang='lat' dir='ltr'>morientes.</span> <span class='ocrx_word' id='word_1_399' title='bbox 1281 3352 1454 3416; x_wconf 88' lang='lat' dir='ltr'>Quasi</span> <span class='ocrx_word' id='word_1_400' title='bbox 1471 3352 1681 3407; x_wconf 86' lang='lat' dir='ltr'>diceret</span> <span class='ocrx_word' id='word_1_401' title='bbox 1712 3371 1723 3406; x_wconf 92' lang='lat'>:</span> <span class='ocrx_word' id='word_1_402' title='bbox 1761 3354 1870 3407; x_wconf 90' lang='lat' dir='ltr'>Per</span> <span class='ocrx_word' id='word_1_403' title='bbox 1885 3353 1991 3406; x_wconf 92' lang='lat' dir='ltr'>hoc</span> <span class='ocrx_word' id='word_1_404' title='bbox 2007 3367 2123 3406; x_wconf 90' lang='lat' dir='ltr'>non</span> 
     </span>
    </p>
   </div>
   <div class='ocr_carea' id='block_1_34' title="bbox 525 3441 2125 3514">
    <p class='ocr_par' dir='ltr' id='par_1_34' title="bbox 525 3441 2125 3514">
     <span class='ocr_line' id='line_1_34' title="bbox 525 3441 2125 3514; baseline -0.003 -16"><span class='ocrx_word' id='word_1_405' title='bbox 525 3454 826 3514; x_wconf 87' lang='lat' dir='ltr'>possumus</span> <span class='ocrx_word' id='word_1_406' title='bbox 865 3441 1177 3512; x_wconf 84' lang='lat' dir='ltr'>approbare</span> <span class='ocrx_word' id='word_1_407' title='bbox 1206 3442 1615 3496; x_wconf 87' lang='lat' dir='ltr'>Melchisedech</span> <span class='ocrx_word' id='word_1_408' title='bbox 1644 3442 1817 3496; x_wconf 85' lang='lat' dir='ltr'>fuisse</span> <span class='ocrx_word' id='word_1_409' title='bbox 1833 3441 2125 3495; x_wconf 85' lang='lat' dir='ltr'>immorta-</span> 
     </span>
    </p>
   </div>
   <div class='ocr_carea' id='block_1_35' title="bbox 521 3528 2125 3599">
    <p class='ocr_par' dir='ltr' id='par_1_35' title="bbox 521 3528 2125 3599">
     <span class='ocr_line' id='line_1_35' title="bbox 521 3528 2125 3599; baseline -0.002 -14"><span class='ocrx_word' id='word_1_410' title='bbox 521 3529 743 3597; x_wconf 75' lang='lat' dir='ltr'>lem,‘id</span> <span class='ocrx_word' id='word_1_411' title='bbox 774 3533 878 3595; x_wconf 86' lang='lat' dir='ltr'>est,</span> <span class='ocrx_word' id='word_1_412' title='bbox 897 3529 1240 3599; x_wconf 84' lang='lat' dir='ltr'>signiﬁcasse</span> <span class='ocrx_word' id='word_1_413' title='bbox 1268 3529 1672 3594; x_wconf 85' lang='lat' dir='ltr'>immortalem,</span> <span class='ocrx_word' id='word_1_414' title='bbox 1712 3529 1846 3599; x_wconf 89' lang='lat' dir='ltr'>quia</span> <span class='ocrx_word' id='word_1_415' title='bbox 1876 3528 2125 3582; x_wconf 85' lang='lat' dir='ltr'>decimas</span> 
     </span>
    </p>
   </div>
   <div class='ocr_carea' id='block_1_36' title="bbox 2208 2556 3794 2629">
    <p class='ocr_par' dir='ltr' id='par_1_36' title="bbox 2208 2556 3794 2629">
     <span class='ocr_line' id='line_1_36' title="bbox 2208 2556 3794 2629; baseline -0.001 -18"><span class='ocrx_word' id='word_1_416' title='bbox 2208 2556 2306 2611; x_wconf 86' lang='lat' dir='ltr'>sed</span> <span class='ocrx_word' id='word_1_417' title='bbox 2328 2558 2635 2611; x_wconf 88' lang='lat' dir='ltr'>secundum</span> <span class='ocrx_word' id='word_1_418' title='bbox 2675 2558 2822 2629; x_wconf 90' lang='lat' dir='ltr'>quod</span> <span class='ocrx_word' id='word_1_419' title='bbox 2850 2558 3065 2629; x_wconf 90' lang='lat' dir='ltr'>placuit</span> <span class='ocrx_word' id='word_1_420' title='bbox 3102 2558 3293 2613; x_wconf 88' lang='lat' dir='ltr'>virtuti</span> <span class='ocrx_word' id='word_1_421' title='bbox 3323 2558 3641 2613; x_wconf 87' lang='lat' dir='ltr'>divinitatis</span> <span class='ocrx_word' id='word_1_422' title='bbox 3673 2572 3794 2621; x_wconf 61' lang='lat' dir='ltr'>suae,</span> 
     </span>
    </p>
   </div>
   <div class='ocr_carea' id='block_1_37' title="bbox 2208 2644 3794 2717">
    <p class='ocr_par' dir='ltr' id='par_1_37' title="bbox 2208 2644 3794 2717">
     <span class='ocr_line' id='line_1_37' title="bbox 2208 2644 3794 2717; baseline -0.001 -18"><span class='ocrx_word' id='word_1_423' title='bbox 2208 2644 2271 2701; x_wconf 89' lang='lat' dir='ltr'>in</span> <span class='ocrx_word' id='word_1_424' title='bbox 2299 2663 2409 2717; x_wconf 89' lang='lat' dir='ltr'>qua</span> <span class='ocrx_word' id='word_1_425' title='bbox 2438 2652 2496 2701; x_wconf 90' lang='lat' dir='ltr'>et</span> <span class='ocrx_word' id='word_1_426' title='bbox 2521 2664 2591 2701; x_wconf 85' lang='lat' dir='ltr'>ex</span> <span class='ocrx_word' id='word_1_427' title='bbox 2616 2663 2727 2717; x_wconf 90' lang='lat' dir='ltr'>qua</span> <span class='ocrx_word' id='word_1_428' title='bbox 2750 2652 2843 2700; x_wconf 91' lang='lat' dir='ltr'>est</span> <span class='ocrx_word' id='word_1_429' title='bbox 2867 2646 2985 2700; x_wconf 89' lang='lat' dir='ltr'>vita</span> <span class='ocrx_word' id='word_1_430' title='bbox 3012 2646 3346 2713; x_wconf 89' lang='lat' dir='ltr'>insolubilis,</span> <span class='ocrx_word' id='word_1_431' title='bbox 3367 2647 3425 2701; x_wconf 93' lang='lat' dir='ltr'>id</span> <span class='ocrx_word' id='word_1_432' title='bbox 3448 2653 3558 2713; x_wconf 86' lang='lat' dir='ltr'>est,</span> <span class='ocrx_word' id='word_1_433' title='bbox 3579 2652 3794 2708; x_wconf 66' lang='lat' dir='ltr'>aeterna,</span> 
     </span>
    </p>
   </div>
   <div class='ocr_carea' id='block_1_38' title="bbox 2210 2735 3797 2805">
    <p class='ocr_par' dir='ltr' id='par_1_38' title="bbox 2210 2735 3797 2805">
     <span class='ocr_line' id='line_1_38' title="bbox 2210 2735 3797 2805; baseline 0.002 -17"><span class='ocrx_word' id='word_1_434' title='bbox 2210 2750 2335 2805; x_wconf 72' lang='lat' dir='ltr'>quae</span> <span class='ocrx_word' id='word_1_435' title='bbox 2366 2740 2544 2790; x_wconf 89' lang='lat' dir='ltr'>morte</span> <span class='ocrx_word' id='word_1_436' title='bbox 2565 2735 2973 2789; x_wconf 87' lang='lat' dir='ltr'>interveniente</span> <span class='ocrx_word' id='word_1_437' title='bbox 3007 2752 3121 2789; x_wconf 90' lang='lat' dir='ltr'>non</span> <span class='ocrx_word' id='word_1_438' title='bbox 3148 2735 3399 2789; x_wconf 86' lang='lat' dir='ltr'>solvitur.</span> <span class='ocrx_word' id='word_1_439' title='bbox 3437 2737 3641 2790; x_wconf 86' lang='lat' dir='ltr'>Aliter.</span> <span class='ocrx_word' id='word_1_440' title='bbox 3683 2735 3797 2791; x_wconf 82' lang='lat' dir='ltr'>Non</span> 
     </span>
    </p>
   </div>
   <div class='ocr_carea' id='block_1_39' title="bbox 2210 2822 3797 2881">
    <p class='ocr_par' dir='ltr' id='par_1_39' title="bbox 2210 2822 3797 2881">
     <span class='ocr_line' id='line_1_39' title="bbox 2210 2822 3797 2881; baseline -0.001 -5"><span class='ocrx_word' id='word_1_441' title='bbox 2210 2829 2296 2878; x_wconf 90' lang='lat' dir='ltr'>est</span> <span class='ocrx_word' id='word_1_442' title='bbox 2323 2823 2502 2881; x_wconf 82' lang='lat' dir='ltr'>factus</span> <span class='ocrx_word' id='word_1_443' title='bbox 2539 2824 2799 2878; x_wconf 87' lang='lat' dir='ltr'>sacerdos</span> <span class='ocrx_word' id='word_1_444' title='bbox 2846 2828 2911 2878; x_wconf 89' lang='lat' dir='ltr'>ut</span> <span class='ocrx_word' id='word_1_445' title='bbox 2936 2824 2996 2878; x_wconf 88' lang='lat' dir='ltr'>in</span> <span class='ocrx_word' id='word_1_446' title='bbox 3036 2824 3326 2878; x_wconf 83' lang='lat' dir='ltr'>sacrificiis</span> <span class='ocrx_word' id='word_1_447' title='bbox 3350 2823 3689 2879; x_wconf 84' lang='lat' dir='ltr'>observaret</span> <span class='ocrx_word' id='word_1_448' title='bbox 3724 2822 3797 2876; x_wconf 87' lang='lat' dir='ltr'>vel</span> 
     </span>
    </p>
   </div>
   <div class='ocr_carea' id='block_1_40' title="bbox 2210 2909 3797 2984">
    <p class='ocr_par' dir='ltr' id='par_1_40' title="bbox 2210 2909 3797 2984">
     <span class='ocr_line' id='line_1_40' title="bbox 2210 2909 3797 2984; baseline 0 -20"><span class='ocrx_word' id='word_1_449' title='bbox 2210 2910 2491 2965; x_wconf 88' lang='lat' dir='ltr'>observari</span> <span class='ocrx_word' id='word_1_450' title='bbox 2538 2912 2865 2983; x_wconf 68' lang='lat' dir='ltr'>praeciperet</span> <span class='ocrx_word' id='word_1_451' title='bbox 2906 2913 3155 2967; x_wconf 87' lang='lat' dir='ltr'>carnalia</span> <span class='ocrx_word' id='word_1_452' title='bbox 3192 2914 3663 2984; x_wconf 75' lang='lat' dir='ltr'>praeceptalegis,</span> <span class='ocrx_word' id='word_1_453' title='bbox 3710 2909 3797 2965; x_wconf 88' lang='lat' dir='ltr'>sed</span> 
     </span>
    </p>
   </div>
   <div class='ocr_carea' id='block_1_41' title="bbox 2210 2999 3796 3074">
    <p class='ocr_par' dir='ltr' id='par_1_41' title="bbox 2210 2999 3796 3074">
     <span class='ocr_line' id='line_1_41' title="bbox 2210 2999 3796 3074; baseline -0.001 -21"><span class='ocrx_word' id='word_1_454' title='bbox 2210 2999 2561 3070; x_wconf 89' lang='lat' dir='ltr'>spiritualem</span> <span class='ocrx_word' id='word_1_455' title='bbox 2579 3001 3032 3071; x_wconf 84' lang='lat' dir='ltr'>intelligentiam,</span> <span class='ocrx_word' id='word_1_456' title='bbox 3056 3018 3180 3073; x_wconf 68' lang='lat' dir='ltr'>qum</span> <span class='ocrx_word' id='word_1_457' title='bbox 3208 3007 3295 3056; x_wconf 88' lang='lat' dir='ltr'>est</span> <span class='ocrx_word' id='word_1_458' title='bbox 3312 3001 3498 3058; x_wconf 90' lang='lat' dir='ltr'>virtus</span> <span class='ocrx_word' id='word_1_459' title='bbox 3519 3018 3620 3074; x_wconf 87' lang='lat' dir='ltr'>per</span> <span class='ocrx_word' id='word_1_460' title='bbox 3639 3016 3796 3072; x_wconf 84' lang='lat' dir='ltr'>quam</span> 
     </span>
    </p>
   </div>
   <div class='ocr_carea' id='block_1_42' title="bbox 2208 3088 3793 3160">
    <p class='ocr_par' dir='ltr' id='par_1_42' title="bbox 2208 3088 3793 3160">
     <span class='ocr_line' id='line_1_42' title="bbox 2208 3088 3793 3160; baseline 0 -18"><span class='ocrx_word' id='word_1_461' title='bbox 2208 3088 2376 3142; x_wconf 91' lang='lat' dir='ltr'>datur</span> <span class='ocrx_word' id='word_1_462' title='bbox 2404 3089 2515 3142; x_wconf 89' lang='lat' dir='ltr'>vita</span> <span class='ocrx_word' id='word_1_463' title='bbox 2545 3088 2864 3144; x_wconf 88' lang='lat' dir='ltr'>insolubilis</span> <span class='ocrx_word' id='word_1_464' title='bbox 2894 3092 3133 3145; x_wconf 83' lang='lat' dir='ltr'>:Littera</span> <span class='ocrx_word' id='word_1_465' title='bbox 3160 3093 3312 3145; x_wconf 81' lang='lat' dir='ltr'>enim</span> <span class='ocrx_word' id='word_1_466' title='bbox 3342 3092 3793 3160; x_wconf 71' lang='lat' dir='ltr'>occidit,spiritu:</span> 
     </span>
    </p>
   </div>
   <div class='ocr_carea' id='block_1_43' title="bbox 2205 3180 2682 3244">
    <p class='ocr_par' dir='ltr' id='par_1_43' title="bbox 2205 3180 2682 3244">
     <span class='ocr_line' id='line_1_43' title="bbox 2205 3180 2682 3244; baseline 0.004 -14"><span class='ocrx_word' id='word_1_467' title='bbox 2205 3181 2391 3235; x_wconf 81' lang='lat' dir='ltr'>autem</span> <span class='ocrx_word' id='word_1_468' title='bbox 2422 3180 2682 3244; x_wconf 67' lang='lat' dir='ltr'>viri/teat.</span> 
     </span>
    </p>
   </div>
   <div class='ocr_carea' id='block_1_44' title="bbox 2276 3263 3795 3337">
    <p class='ocr_par' dir='ltr' id='par_1_44' title="bbox 2276 3263 3795 3337">
     <span class='ocr_line' id='line_1_44' title="bbox 2276 3263 3795 3337; baseline -0.001 -18"><span class='ocrx_word' id='word_1_469' title='bbox 2276 3263 2366 3319; x_wconf 82' lang='grc'>10.</span> <span class='ocrx_word' id='word_1_470' title='bbox 2391 3268 2645 3323; x_wconf 75' lang='lat' dir='ltr'>AMBROS.</span> <span class='ocrx_word' id='word_1_471' title='bbox 2677 3267 2996 3322; x_wconf 82' lang='lat' dir='ltr'>Secundum</span> <span class='ocrx_word' id='word_1_472' title='bbox 3022 3269 3304 3335; x_wconf 77' lang='lat' dir='ltr'>virtutem,</span> <span class='ocrx_word' id='word_1_473' title='bbox 3336 3268 3397 3323; x_wconf 91' lang='lat' dir='ltr'>id</span> <span class='ocrx_word' id='word_1_474' title='bbox 3425 3275 3534 3337; x_wconf 84' lang='lat' dir='ltr'>est,</span> <span class='ocrx_word' id='word_1_475' title='bbox 3557 3268 3722 3322; x_wconf 87' lang='lat' dir='ltr'>vitam</span> <span class='ocrx_word' id='word_1_476' title='bbox 3742 3264 3795 3318; x_wconf 89' lang='lat' dir='ltr'>in</span> 
     </span>
    </p>
   </div>
   <div class='ocr_carea' id='block_1_45' title="bbox 2205 3352 3793 3425">
    <p class='ocr_par' dir='ltr' id='par_1_45' title="bbox 2205 3352 3793 3425">
     <span class='ocr_line' id='line_1_45' title="bbox 2205 3352 3793 3425; baseline 0 -19"><span class='ocrx_word' id='word_1_477' title='bbox 2205 3353 2506 3425; x_wconf 88' lang='lat' dir='ltr'>semetipso</span> <span class='ocrx_word' id='word_1_478' title='bbox 2538 3354 2763 3412; x_wconf 84' lang='lat' dir='ltr'>.hab’ens</span> <span class='ocrx_word' id='word_1_479' title='bbox 2800 3354 3185 3413; x_wconf 90' lang='lat' dir='ltr'>insolubilem.</span> <span class='ocrx_word' id='word_1_480' title='bbox 3241 3357 3512 3421; x_wconf 86' lang='lat' dir='ltr'>Quamvis</span> <span class='ocrx_word' id='word_1_481' title='bbox 3550 3356 3695 3413; x_wconf 89' lang='lat' dir='ltr'>enim</span> <span class='ocrx_word' id='word_1_482' title='bbox 3729 3352 3793 3407; x_wconf 86' lang='lat' dir='ltr'>ad</span> 
     </span>
    </p>
   </div>
   <div class='ocr_carea' id='block_1_46' title="bbox 2204 3441 3793 3513">
    <p class='ocr_par' dir='ltr' id='par_1_46' title="bbox 2204 3441 3793 3513">
     <span class='ocr_line' id='line_1_46' title="bbox 2204 3441 3793 3513; baseline -0.001 -17"><span class='ocrx_word' id='word_1_483' title='bbox 2204 3447 2429 3513; x_wconf 82' lang='lat' dir='ltr'>tempus</span> <span class='ocrx_word' id='word_1_484' title='bbox 2457 3448 2717 3499; x_wconf 90' lang='lat' dir='ltr'>mortuus</span> <span class='ocrx_word' id='word_1_485' title='bbox 2737 3450 2823 3499; x_wconf 89' lang='lat' dir='ltr'>est</span> <span class='ocrx_word' id='word_1_486' title='bbox 2851 3460 3038 3505; x_wconf 87' lang='lat' dir='ltr'>carne.</span> <span class='ocrx_word' id='word_1_487' title='bbox 3063 3450 3256 3500; x_wconf 90' lang='lat' dir='ltr'>tamen</span> <span class='ocrx_word' id='word_1_488' title='bbox 3279 3446 3341 3501; x_wconf 91' lang='lat' dir='ltr'>in</span> <span class='ocrx_word' id='word_1_489' title='bbox 3368 3452 3648 3503; x_wconf 74' lang='lat' dir='ltr'>aeternum</span> <span class='ocrx_word' id='word_1_490' title='bbox 3673 3441 3793 3499; x_wconf 84' lang='lat' dir='ltr'>divi-</span> 
     </span>
    </p>
   </div>
   <div class='ocr_carea' id='block_1_47' title="bbox 2207 3530 2659 3589">
    <p class='ocr_par' dir='ltr' id='par_1_47' title="bbox 2207 3530 2659 3589">
     <span class='ocr_line' id='line_1_47' title="bbox 2207 3530 2659 3589; baseline -0.013 0"><span class='ocrx_word' id='word_1_491' title='bbox 2207 3530 2387 3589; x_wconf 80' lang='lat' dir='ltr'>nitate</span> <span class='ocrx_word' id='word_1_492' title='bbox 2418 3530 2563 3589; x_wconf 84' lang='lat' dir='ltr'>vivit.</span> <span class='ocrx_word' id='word_1_493' title='bbox 2586 3580 2589 3585; x_wconf 83' lang='lat'>.</span> <span class='ocrx_word' id='word_1_494' title='bbox 2656 3578 2659 3583; x_wconf 38' lang='grc' dir='ltr'><em>λ</em></span> 
     </span>
    </p>
   </div>
   <div class='ocr_carea' id='block_1_48' title="bbox 523 3611 3786 3689">
    <p class='ocr_par' dir='ltr' id='par_1_48' title="bbox 523 3611 3786 3689">
     <span class='ocr_line' id='line_1_48' title="bbox 523 3611 3786 3689; baseline 0 -15"><span class='ocrx_word' id='word_1_495' title='bbox 523 3619 809 3675; x_wconf 83' lang='lat' dir='ltr'>Abraham</span> <span class='ocrx_word' id='word_1_496' title='bbox 848 3617 1085 3689; x_wconf 83' lang='lat' dir='ltr'>accepit;</span> <span class='ocrx_word' id='word_1_497' title='bbox 1120 3618 1253 3689; x_wconf 88' lang='lat' dir='ltr'>quia</span> <span class='ocrx_word' id='word_1_498' title='bbox 1275 3617 1369 3671; x_wconf 90' lang='lat' dir='ltr'>hic</span> <span class='ocrx_word' id='word_1_499' title='bbox 1396 3617 1661 3683; x_wconf 84' lang='lat' dir='ltr'>etiam,id</span> <span class='ocrx_word' id='word_1_500' title='bbox 1685 3624 1789 3680; x_wconf 86' lang='lat' dir='ltr'>est,</span> <span class='ocrx_word' id='word_1_501' title='bbox 1825 3616 1884 3670; x_wconf 91' lang='lat' dir='ltr'>in</span> <span class='ocrx_word' id='word_1_502' title='bbox 1912 3617 2035 3686; x_wconf 84' lang='lat' dir='ltr'>lege</span> <span class='ocrx_word' id='word_1_503' title='bbox 2066 3611 2185 3671; x_wconf 86' lang='lat' dir='ltr'>etB</span> <span class='ocrx_word' id='word_1_504' title='bbox 2279 3617 2297 3674; x_wconf 87' lang='lat'><strong>1</strong></span> <span class='ocrx_word' id='word_1_505' title='bbox 2323 3617 2363 3674; x_wconf 94' lang='lat' dir='ltr'>l.</span> <span class='ocrx_word' id='word_1_506' title='bbox 2392 3620 2597 3677; x_wconf 68' lang='lat' dir='ltr'>anra.</span> <span class='ocrx_word' id='word_1_507' title='bbox 2617 3621 2980 3676; x_wconf 74' lang='lat' dir='ltr'>Contestalur.</span> <span class='ocrx_word' id='word_1_508' title='bbox 3003 3621 3213 3677; x_wconf 86' lang='lat' dir='ltr'>Probat</span> <span class='ocrx_word' id='word_1_509' title='bbox 3229 3625 3570 3681; x_wconf 84' lang='lat' dir='ltr'>auctoritate</span> <span class='ocrx_word' id='word_1_510' title='bbox 3598 3622 3786 3685; x_wconf 82' lang='lat' dir='ltr'>divina,</span> 
     </span>
    </p>
   </div>
   <div class='ocr_carea' id='block_1_49' title="bbox 525 3706 2133 3765">
    <p class='ocr_par' dir='ltr' id='par_1_49' title="bbox 525 3706 2133 3765">
     <span class='ocr_line' id='line_1_49' title="bbox 525 3706 2133 3765; baseline -0.002 -3"><span class='ocrx_word' id='word_1_511' title='bbox 525 3708 837 3765; x_wconf 88' lang='lat' dir='ltr'>sacerdotio</span> <span class='ocrx_word' id='word_1_512' title='bbox 867 3706 1110 3762; x_wconf 91' lang='lat' dir='ltr'>Levitico</span> <span class='ocrx_word' id='word_1_513' title='bbox 1123 3707 1430 3761; x_wconf 89' lang='lat' dir='ltr'>morientes</span> <span class='ocrx_word' id='word_1_514' title='bbox 1449 3706 1707 3760; x_wconf 89' lang='lat' dir='ltr'>homines</span> <span class='ocrx_word' id='word_1_515' title='bbox 1729 3706 1976 3759; x_wconf 85' lang='lat' dir='ltr'>decimas</span> <span class='ocrx_word' id='word_1_516' title='bbox 1993 3706 2133 3759; x_wconf 83' lang='lat' dir='ltr'>acci-</span> 
     </span>
    </p>
   </div>
   <div class='ocr_carea' id='block_1_50' title="bbox 525 3794 2131 3872">
    <p class='ocr_par' dir='ltr' id='par_1_50' title="bbox 525 3794 2131 3872">
     <span class='ocr_line' id='line_1_50' title="bbox 525 3794 2131 3872; baseline -0.003 -19"><span class='ocrx_word' id='word_1_517' title='bbox 525 3799 704 3872; x_wconf 89' lang='lat' dir='ltr'>piunt.</span> <span class='ocrx_word' id='word_1_518' title='bbox 738 3796 848 3852; x_wconf 87' lang='lat' dir='ltr'>Sed</span> <span class='ocrx_word' id='word_1_519' title='bbox 873 3795 969 3863; x_wconf 89' lang='lat' dir='ltr'>ibi,</span> <span class='ocrx_word' id='word_1_520' title='bbox 993 3796 1099 3850; x_wconf 90' lang='lat' dir='ltr'>hoc</span> <span class='ocrx_word' id='word_1_521' title='bbox 1117 3801 1205 3851; x_wconf 91' lang='lat' dir='ltr'>est</span> <span class='ocrx_word' id='word_1_522' title='bbox 1232 3794 1328 3850; x_wconf 91' lang='lat' dir='ltr'>ubi</span> <span class='ocrx_word' id='word_1_523' title='bbox 1358 3795 1477 3849; x_wconf 92' lang='lat' dir='ltr'>sine</span> <span class='ocrx_word' id='word_1_524' title='bbox 1498 3800 1659 3865; x_wconf 83' lang='lat' dir='ltr'>patre</span> <span class='ocrx_word' id='word_1_525' title='bbox 1689 3800 1745 3849; x_wconf 93' lang='lat' dir='ltr'>et</span> <span class='ocrx_word' id='word_1_526' title='bbox 1774 3799 1957 3848; x_wconf 86' lang='lat' dir='ltr'>matre</span> <span class='ocrx_word' id='word_1_527' title='bbox 2008 3794 2131 3848; x_wconf 91' lang='lat' dir='ltr'>sine</span> 
     </span>
    </p>
   </div>
   <div class='ocr_carea' id='block_1_51' title="bbox 528 3883 2125 3954">
    <p class='ocr_par' dir='ltr' id='par_1_51' title="bbox 528 3883 2125 3954">
     <span class='ocr_line' id='line_1_51' title="bbox 528 3883 2125 3954; baseline -0.004 -11"><span class='ocrx_word' id='word_1_528' title='bbox 528 3888 691 3943; x_wconf 88' lang='lat' dir='ltr'>initio</span> <span class='ocrx_word' id='word_1_529' title='bbox 721 3891 778 3941; x_wconf 89' lang='lat' dir='ltr'>et</span> <span class='ocrx_word' id='word_1_530' title='bbox 806 3887 917 3940; x_wconf 88' lang='lat' dir='ltr'>ﬁne</span> <span class='ocrx_word' id='word_1_531' title='bbox 945 3885 1167 3939; x_wconf 88' lang='lat' dir='ltr'>dierum</span> <span class='ocrx_word' id='word_1_532' title='bbox 1200 3883 1491 3954; x_wconf 87' lang='lat' dir='ltr'>Scriptura</span> <span class='ocrx_word' id='word_1_533' title='bbox 1527 3899 1657 3937; x_wconf 88' lang='lat' dir='ltr'>eum</span> <span class='ocrx_word' id='word_1_534' title='bbox 1682 3888 2088 3937; x_wconf 87' lang='lat' dir='ltr'>commemorat</span> <span class='ocrx_word' id='word_1_535' title='bbox 2112 3902 2125 3951; x_wconf 89' lang='lat'>;</span> 
     </span>
    </p>
   </div>
   <div class='ocr_carea' id='block_1_52' title="bbox 534 3970 2123 4048">
    <p class='ocr_par' dir='ltr' id='par_1_52' title="bbox 534 3970 2123 4048">
     <span class='ocr_line' id='line_1_52' title="bbox 534 3970 2123 4048; baseline -0.003 -17"><span class='ocrx_word' id='word_1_536' title='bbox 534 3981 730 4048; x_wconf 85' lang='lat' dir='ltr'>aperte</span> <span class='ocrx_word' id='word_1_537' title='bbox 747 3979 1100 4029; x_wconf 88' lang='lat' dir='ltr'>contestatur</span> <span class='ocrx_word' id='word_1_538' title='bbox 1126 3973 1250 4044; x_wconf 87' lang='lat' dir='ltr'>ipsa</span> <span class='ocrx_word' id='word_1_539' title='bbox 1277 3971 1572 4043; x_wconf 82' lang='lat' dir='ltr'>Scriptura</span> <span class='ocrx_word' id='word_1_540' title='bbox 1602 3971 1911 4042; x_wconf 88' lang='lat' dir='ltr'>quia-vivit,</span> <span class='ocrx_word' id='word_1_541' title='bbox 1934 3970 1990 4025; x_wconf 89' lang='lat' dir='ltr'>id</span> <span class='ocrx_word' id='word_1_542' title='bbox 2020 3976 2123 4038; x_wconf 84' lang='lat' dir='ltr'>est,</span> 
     </span>
    </p>
   </div>
   <div class='ocr_carea' id='block_1_53' title="bbox 524 4060 1623 4131">
    <p class='ocr_par' dir='ltr' id='par_1_53' title="bbox 524 4060 1623 4131">
     <span class='ocr_line' id='line_1_53' title="bbox 524 4060 1623 4131; baseline -0.005 -12"><span class='ocrx_word' id='word_1_543' title='bbox 524 4064 802 4120; x_wconf 85' lang='lat' dir='ltr'>viventem</span> <span class='ocrx_word' id='word_1_544' title='bbox 840 4069 898 4118; x_wconf 90' lang='lat' dir='ltr'>et</span> <span class='ocrx_word' id='word_1_545' title='bbox 924 4062 1306 4117; x_wconf 82' lang='lat' dir='ltr'>immortalem</span> <span class='ocrx_word' id='word_1_546' title='bbox 1325 4060 1623 4131; x_wconf 82' lang='lat' dir='ltr'>signiﬁcat.</span> 
     </span>
    </p>
   </div>
   <div class='ocr_carea' id='block_1_54' title="bbox 599 4149 2124 4221">
    <p class='ocr_par' dir='ltr' id='par_1_54' title="bbox 599 4149 2124 4221">
     <span class='ocr_line' id='line_1_54' title="bbox 599 4149 2124 4221; baseline -0.002 -14"><span class='ocrx_word' id='word_1_547' title='bbox 599 4152 653 4211; x_wconf 90' lang='lat'>7.</span> <span class='ocrx_word' id='word_1_548' title='bbox 687 4154 750 4209; x_wconf 87' lang='lat' dir='ltr'>Si</span> <span class='ocrx_word' id='word_1_549' title='bbox 776 4168 900 4220; x_wconf 82' lang='lat' dir='ltr'>ergo</span> <span class='ocrx_word' id='word_1_550' title='bbox 944 4154 1365 4205; x_wconf 64' lang='lat' dir='ltr'>commutatio.</span> <span class='ocrx_word' id='word_1_551' title='bbox 1403 4149 1461 4206; x_wconf 90' lang='lat' dir='ltr'>Si</span> <span class='ocrx_word' id='word_1_552' title='bbox 1502 4149 1708 4221; x_wconf 86' lang='lat' dir='ltr'>inquit.</span> <span class='ocrx_word' id='word_1_553' title='bbox 1740 4150 1826 4205; x_wconf 79' lang='lat' dir='ltr'>lex</span> <span class='ocrx_word' id='word_1_554' title='bbox 1862 4166 2124 4206; x_wconf 89' lang='lat' dir='ltr'>consum-</span> 
     </span>
    </p>
   </div>
   <div class='ocr_carea' id='block_1_55' title="bbox 420 4238 2122 4311">
    <p class='ocr_par' dir='ltr' id='par_1_55' title="bbox 420 4238 2122 4311">
     <span class='ocr_line' id='line_1_55' title="bbox 420 4238 2122 4311; baseline -0.002 -13"><span class='ocrx_word' id='word_1_555' title='bbox 420 4274 429 4281; x_wconf 87' lang='lat'><strong>-</strong></span> <span class='ocrx_word' id='word_1_556' title='bbox 523 4247 697 4308; x_wconf 85' lang='lat' dir='ltr'>mata,</span> <span class='ocrx_word' id='word_1_557' title='bbox 729 4240 788 4294; x_wconf 90' lang='lat' dir='ltr'>id</span> <span class='ocrx_word' id='word_1_558' title='bbox 815 4244 922 4308; x_wconf 89' lang='lat' dir='ltr'>est,</span> <span class='ocrx_word' id='word_1_559' title='bbox 945 4238 1207 4310; x_wconf 86' lang='lat' dir='ltr'>perfecta,</span> <span class='ocrx_word' id='word_1_560' title='bbox 1240 4253 1353 4293; x_wconf 89' lang='lat' dir='ltr'>non</span> <span class='ocrx_word' id='word_1_561' title='bbox 1384 4239 1657 4293; x_wconf 87' lang='lat' dir='ltr'>mutanda</span> <span class='ocrx_word' id='word_1_562' title='bbox 1694 4240 1792 4293; x_wconf 89' lang='lat' dir='ltr'>sed</span> <span class='ocrx_word' id='word_1_563' title='bbox 1823 4257 2002 4311; x_wconf 89' lang='lat' dir='ltr'>usque</span> <span class='ocrx_word' id='word_1_564' title='bbox 2049 4240 2122 4294; x_wconf 84' lang='lat' dir='ltr'>ad</span> 
     </span>
    </p>
   </div>
   <div class='ocr_carea' id='block_1_56' title="bbox 528 4327 2118 4400">
    <p class='ocr_par' dir='ltr' id='par_1_56' title="bbox 528 4327 2118 4400">
     <span class='ocr_line' id='line_1_56' title="bbox 528 4327 2118 4400; baseline -0.002 -13"><span class='ocrx_word' id='word_1_565' title='bbox 528 4333 702 4388; x_wconf 81' lang='lat' dir='ltr'>ﬁnem</span> <span class='ocrx_word' id='word_1_566' title='bbox 731 4327 919 4383; x_wconf 70' lang='lat' dir='ltr'>saeculi</span> <span class='ocrx_word' id='word_1_567' title='bbox 947 4342 1323 4397; x_wconf 85' lang='lat' dir='ltr'>permansura</span> <span class='ocrx_word' id='word_1_568' title='bbox 1342 4333 1402 4393; x_wconf 62' lang='grc' dir='ltr'><strong><em>κ</em></strong></span> <span class='ocrx_word' id='word_1_569' title='bbox 1418 4334 1458 4391; x_wconf 81' lang='grc' dir='ltr'><strong>Ι</strong></span> <span class='ocrx_word' id='word_1_570' title='bbox 1472 4333 1556 4397; x_wconf 69' lang='lat'>8,</span> <span class='ocrx_word' id='word_1_571' title='bbox 1573 4334 1696 4383; x_wconf 87' lang='lat' dir='ltr'>erat</span> <span class='ocrx_word' id='word_1_572' title='bbox 1715 4328 1847 4382; x_wconf 89' lang='lat' dir='ltr'>data</span> <span class='ocrx_word' id='word_1_573' title='bbox 1867 4345 1967 4400; x_wconf 91' lang='lat' dir='ltr'>per</span> <span class='ocrx_word' id='word_1_574' title='bbox 1980 4330 2118 4384; x_wconf 80' lang='lat' dir='ltr'>illud</span> 
     </span>
    </p>
   </div>
   <div class='ocr_carea' id='block_1_57' title="bbox 527 4416 2117 4492">
    <p class='ocr_par' dir='ltr' id='par_1_57' title="bbox 527 4416 2117 4492">
     <span class='ocr_line' id='line_1_57' title="bbox 527 4416 2117 4492; baseline -0.003 -15"><span class='ocrx_word' id='word_1_575' title='bbox 527 4428 754 4492; x_wconf 89' lang='lat' dir='ltr'>tempus</span> <span class='ocrx_word' id='word_1_576' title='bbox 776 4434 889 4490; x_wconf 83' lang='lat' dir='ltr'>quo</span> <span class='ocrx_word' id='word_1_577' title='bbox 901 4416 1273 4471; x_wconf 87' lang='lat' dir='ltr'>constitutum</span> <span class='ocrx_word' id='word_1_578' title='bbox 1290 4423 1377 4472; x_wconf 88' lang='lat' dir='ltr'>est</span> <span class='ocrx_word' id='word_1_579' title='bbox 1393 4418 1772 4473; x_wconf 85' lang='lat' dir='ltr'>sacerdotium</span> <span class='ocrx_word' id='word_1_580' title='bbox 1786 4417 2117 4485; x_wconf 75' lang='lat' dir='ltr'>Leviticum;</span> 
     </span>
    </p>
   </div>
   <div class='ocr_carea' id='block_1_58' title="bbox 529 4505 2116 4577">
    <p class='ocr_par' dir='ltr' id='par_1_58' title="bbox 529 4505 2116 4577">
     <span class='ocr_line' id='line_1_58' title="bbox 529 4505 2116 4577; baseline -0.003 -12"><span class='ocrx_word' id='word_1_581' title='bbox 529 4527 630 4565; x_wconf 92' lang='lat' dir='ltr'>cur</span> <span class='ocrx_word' id='word_1_582' title='bbox 657 4507 811 4563; x_wconf 89' lang='lat' dir='ltr'>aliud</span> <span class='ocrx_word' id='word_1_583' title='bbox 835 4505 1214 4561; x_wconf 89' lang='lat' dir='ltr'>sacerdotium</span> <span class='ocrx_word' id='word_1_584' title='bbox 1251 4505 1558 4577; x_wconf 86' lang='lat' dir='ltr'>subrogat?</span> <span class='ocrx_word' id='word_1_585' title='bbox 1589 4506 1731 4570; x_wconf 89' lang='lat' dir='ltr'>Quia</span> <span class='ocrx_word' id='word_1_586' title='bbox 1752 4506 1901 4560; x_wconf 88' lang='lat' dir='ltr'>enim</span> <span class='ocrx_word' id='word_1_587' title='bbox 1931 4507 2116 4573; x_wconf 85' lang='lat' dir='ltr'>simul,</span> 
     </span>
    </p>
   </div>
   <div class='ocr_carea' id='block_1_59' title="bbox 530 4593 2123 4667">
    <p class='ocr_par' dir='ltr' id='par_1_59' title="bbox 530 4593 2123 4667">
     <span class='ocr_line' id='line_1_59' title="bbox 530 4593 2123 4667; baseline -0.003 -12"><span class='ocrx_word' id='word_1_588' title='bbox 530 4605 588 4656; x_wconf 86' lang='lat' dir='ltr'>et</span> <span class='ocrx_word' id='word_1_589' title='bbox 618 4598 688 4657; x_wconf 86' lang='lat' dir='ltr'>ab</span> <span class='ocrx_word' id='word_1_590' title='bbox 708 4597 925 4662; x_wconf 88' lang='lat' dir='ltr'>eodem,</span> <span class='ocrx_word' id='word_1_591' title='bbox 948 4600 1005 4653; x_wconf 90' lang='lat' dir='ltr'>et</span> <span class='ocrx_word' id='word_1_592' title='bbox 1032 4593 1136 4653; x_wconf 87' lang='lat' dir='ltr'>sub</span> <span class='ocrx_word' id='word_1_593' title='bbox 1165 4595 1361 4653; x_wconf 86' lang='lat' dir='ltr'>eadem</span> <span class='ocrx_word' id='word_1_594' title='bbox 1391 4594 1688 4667; x_wconf 87' lang='lat' dir='ltr'>sponsione</span> <span class='ocrx_word' id='word_1_595' title='bbox 1709 4601 1949 4666; x_wconf 89' lang='lat' dir='ltr'>utraque</span> <span class='ocrx_word' id='word_1_596' title='bbox 1987 4596 2123 4650; x_wconf 91' lang='lat' dir='ltr'>data</span> 
     </span>
    </p>
   </div>
   <div class='ocr_carea' id='block_1_60' title="bbox 529 4683 2124 4757">
    <p class='ocr_par' dir='ltr' id='par_1_60' title="bbox 529 4683 2124 4757">
     <span class='ocr_line' id='line_1_60' title="bbox 529 4683 2124 4757; baseline -0.004 -13"><span class='ocrx_word' id='word_1_597' title='bbox 529 4692 690 4754; x_wconf 88' lang='lat' dir='ltr'>sunt;</span> <span class='ocrx_word' id='word_1_598' title='bbox 725 4684 874 4757; x_wconf 86' lang='lat' dir='ltr'>quod</span> <span class='ocrx_word' id='word_1_599' title='bbox 911 4684 980 4741; x_wconf 86' lang='lat' dir='ltr'>de</span> <span class='ocrx_word' id='word_1_600' title='bbox 1033 4699 1147 4741; x_wconf 89' lang='lat' dir='ltr'>uno</span> <span class='ocrx_word' id='word_1_601' title='bbox 1189 4683 1411 4750; x_wconf 81' lang='lat' dir='ltr'>dicitur,</span> <span class='ocrx_word' id='word_1_602' title='bbox 1456 4684 1525 4737; x_wconf 93' lang='lat' dir='ltr'>de</span> <span class='ocrx_word' id='word_1_603' title='bbox 1556 4683 1735 4739; x_wconf 87' lang='lat' dir='ltr'>altero</span> <span class='ocrx_word' id='word_1_604' title='bbox 1773 4699 1999 4738; x_wconf 91' lang='lat' dir='ltr'>necesse</span> <span class='ocrx_word' id='word_1_605' title='bbox 2038 4690 2124 4738; x_wconf 91' lang='lat' dir='ltr'>est</span> 
     </span>
    </p>
   </div>
   <div class='ocr_carea' id='block_1_61' title="bbox 524 4771 2121 4845">
    <p class='ocr_par' dir='ltr' id='par_1_61' title="bbox 524 4771 2121 4845">
     <span class='ocr_line' id='line_1_61' title="bbox 524 4771 2121 4845; baseline -0.006 -9"><span class='ocrx_word' id='word_1_606' title='bbox 524 4775 895 4845; x_wconf 79' lang='lat' dir='ltr'>intelligatur.</span> <span class='ocrx_word' id='word_1_607' title='bbox 924 4774 1064 4828; x_wconf 87' lang='lat' dir='ltr'>Tota</span> <span class='ocrx_word' id='word_1_608' title='bbox 1100 4772 1250 4827; x_wconf 91' lang='lat' dir='ltr'>enim</span> <span class='ocrx_word' id='word_1_609' title='bbox 1288 4772 1434 4829; x_wconf 88' lang='lat' dir='ltr'>ratio</span> <span class='ocrx_word' id='word_1_610' title='bbox 1471 4771 1550 4827; x_wconf 83' lang='lat' dir='ltr'>sic</span> <span class='ocrx_word' id='word_1_611' title='bbox 1586 4772 1838 4843; x_wconf 84' lang='lat' dir='ltr'>procedit</span> <span class='ocrx_word' id='word_1_612' title='bbox 1881 4771 1988 4827; x_wconf 91' lang='lat' dir='ltr'>:.Si</span> <span class='ocrx_word' id='word_1_613' title='bbox 2029 4772 2121 4826; x_wconf 84' lang='lat' dir='ltr'>lex</span> 
     </span>
    </p>
   </div>
   <div class='ocr_carea' id='block_1_62' title="bbox 528 4859 2118 4937">
    <p class='ocr_par' dir='ltr' id='par_1_62' title="bbox 528 4859 2118 4937">
     <span class='ocr_line' id='line_1_62' title="bbox 528 4859 2118 4937; baseline -0.006 -15"><span class='ocrx_word' id='word_1_614' title='bbox 528 4870 651 4926; x_wconf 77' lang='lat' dir='ltr'>erat</span> <span class='ocrx_word' id='word_1_615' title='bbox 667 4877 1056 4937; x_wconf 80' lang='lat' dir='ltr'>permansura,</span> <span class='ocrx_word' id='word_1_616' title='bbox 1069 4865 1127 4916; x_wconf 91' lang='lat' dir='ltr'>et</span> <span class='ocrx_word' id='word_1_617' title='bbox 1152 4860 1558 4935; x_wconf 72' lang='lat' dir='ltr'>sacerdotium,</span> <span class='ocrx_word' id='word_1_618' title='bbox 1590 4859 1687 4914; x_wconf 86' lang='lat' dir='ltr'>sed</span> <span class='ocrx_word' id='word_1_619' title='bbox 1718 4860 2118 4928; x_wconf 85' lang='lat' dir='ltr'>sacerdotium,</span> 
     </span>
    </p>
   </div>
   <div class='ocr_carea' id='block_1_63' title="bbox 523 4949 2034 5018">
    <p class='ocr_par' dir='ltr' id='par_1_63' title="bbox 523 4949 2034 5018">
     <span class='ocr_line' id='line_1_63' title="bbox 523 4949 2034 5018; baseline -0.007 -5"><span class='ocrx_word' id='word_1_620' title='bbox 523 4955 884 5018; x_wconf 81' lang='lat' dir='ltr'>transfertur,</span> <span class='ocrx_word' id='word_1_621' title='bbox 914 4952 1002 5009; x_wconf 83' lang='lat' dir='ltr'>lex</span> <span class='ocrx_word' id='word_1_622' title='bbox 1037 4954 1227 5007; x_wconf 81' lang='lat' dir='ltr'>autem</span> <span class='ocrx_word' id='word_1_623' title='bbox 1264 4965 1490 5004; x_wconf 87' lang='lat' dir='ltr'>necesse</span> <span class='ocrx_word' id='word_1_624' title='bbox 1527 4954 1613 5006; x_wconf 84' lang='lat' dir='ltr'>est</span> <span class='ocrx_word' id='word_1_625' title='bbox 1640 4949 2034 5005; x_wconf 84' lang='lat' dir='ltr'>transferatur.</span> 
     </span>
    </p>
   </div>
   <div class='ocr_carea' id='block_1_64' title="bbox 556 5037 2117 5108">
    <p class='ocr_par' dir='ltr' id='par_1_64' title="bbox 556 5037 2117 5108">
     <span class='ocr_line' id='line_1_64' title="bbox 556 5037 2117 5108; baseline -0.007 -6"><span class='ocrx_word' id='word_1_626' title='bbox 556 5100 561 5103; x_wconf 20' lang='grc' dir='ltr'>Α</span> <span class='ocrx_word' id='word_1_627' title='bbox 592 5043 648 5100; x_wconf 90' lang='grc'>8.</span> <span class='ocrx_word' id='word_1_628' title='bbox 678 5040 1014 5103; x_wconf 71' lang='grc' dir='ltr'>ΑιΒῐιοε.8ί</span> <span class='ocrx_word' id='word_1_629' title='bbox 1031 5054 1156 5108; x_wconf 86' lang='lat' dir='ltr'>ergo</span> <span class='ocrx_word' id='word_1_630' title='bbox 1175 5039 1595 5095; x_wconf 75' lang='lat' dir='ltr'>consummatio.</span> <span class='ocrx_word' id='word_1_631' title='bbox 1621 5037 1678 5093; x_wconf 90' lang='lat' dir='ltr'>Si</span> <span class='ocrx_word' id='word_1_632' title='bbox 1692 5037 2117 5102; x_wconf 84' lang='lat' dir='ltr'>consummatio,</span> 
     </span>
    </p>
   </div>
   <div class='ocr_carea' id='block_1_65' title="bbox 2215 3707 3791 3782">
    <p class='ocr_par' dir='ltr' id='par_1_65' title="bbox 2215 3707 3791 3782">
     <span class='ocr_line' id='line_1_65' title="bbox 2215 3707 3791 3782; baseline 0 -20"><span class='ocrx_word' id='word_1_633' title='bbox 2215 3707 2348 3776; x_wconf 90' lang='lat' dir='ltr'>quia</span> <span class='ocrx_word' id='word_1_634' title='bbox 2376 3708 2680 3781; x_wconf 83' lang='lat' dir='ltr'>secundum</span> <span class='ocrx_word' id='word_1_635' title='bbox 2708 3708 3135 3765; x_wconf 80' lang='lat' dir='ltr'>similitudinem</span> <span class='ocrx_word' id='word_1_636' title='bbox 3166 3712 3597 3782; x_wconf 89' lang='lat' dir='ltr'>Melchisedech,</span> <span class='ocrx_word' id='word_1_637' title='bbox 3620 3724 3791 3768; x_wconf 85' lang='lat' dir='ltr'>exsur-</span> 
     </span>
    </p>
   </div>
   <div class='ocr_carea' id='block_1_66' title="bbox 2213 3794 2835 3852">
    <p class='ocr_par' dir='ltr' id='par_1_66' title="bbox 2213 3794 2835 3852">
     <span class='ocr_line' id='line_1_66' title="bbox 2213 3794 2835 3852; baseline 0.008 -5"><span class='ocrx_word' id='word_1_638' title='bbox 2213 3794 2357 3848; x_wconf 87' lang='lat' dir='ltr'>rexit</span> <span class='ocrx_word' id='word_1_639' title='bbox 2385 3794 2530 3849; x_wconf 90' lang='lat' dir='ltr'>alius</span> <span class='ocrx_word' id='word_1_640' title='bbox 2558 3797 2835 3852; x_wconf 85' lang='lat' dir='ltr'>sacerdos.</span> 
     </span>
    </p>
   </div>
   <div class='ocr_carea' id='block_1_67' title="bbox 2218 3882 3791 3946">
    <p class='ocr_par' dir='ltr' id='par_1_67' title="bbox 2218 3882 3791 3946">
     <span class='ocr_line' id='line_1_67' title="bbox 2218 3882 3791 3946; baseline -0.001 -5"><span class='ocrx_word' id='word_1_641' title='bbox 2218 3938 2221 3941; x_wconf 89' lang='lat'>.</span> <span class='ocrx_word' id='word_1_642' title='bbox 2279 3882 2370 3939; x_wconf 72' lang='lat'>&#39;12.</span> <span class='ocrx_word' id='word_1_643' title='bbox 2410 3885 2652 3940; x_wconf 76' lang='lat' dir='ltr'>AMBROS.</span> <span class='ocrx_word' id='word_1_644' title='bbox 2673 3886 2987 3941; x_wconf 83' lang='lat' dir='ltr'>Secundum</span> <span class='ocrx_word' id='word_1_645' title='bbox 3009 3889 3262 3944; x_wconf 84' lang='lat' dir='ltr'>ordinem</span> <span class='ocrx_word' id='word_1_646' title='bbox 3283 3890 3681 3946; x_wconf 79' lang='lat' dir='ltr'>Melchisedech.</span> <span class='ocrx_word' id='word_1_647' title='bbox 3702 3886 3791 3941; x_wconf 89' lang='lat' dir='ltr'>Or-</span> 
     </span>
    </p>
   </div>
   <div class='ocr_carea' id='block_1_68' title="bbox 2211 3972 3788 4051">
    <p class='ocr_par' dir='ltr' id='par_1_68' title="bbox 2211 3972 3788 4051">
     <span class='ocr_line' id='line_1_68' title="bbox 2211 3972 3788 4051; baseline 0.002 -24"><span class='ocrx_word' id='word_1_648' title='bbox 2211 3972 2396 4029; x_wconf 88' lang='lat' dir='ltr'>dinem</span> <span class='ocrx_word' id='word_1_649' title='bbox 2424 3978 2615 4029; x_wconf 83' lang='lat' dir='ltr'>antem</span> <span class='ocrx_word' id='word_1_650' title='bbox 2640 3975 2761 4045; x_wconf 89' lang='lat' dir='ltr'>ejus</span> <span class='ocrx_word' id='word_1_651' title='bbox 2785 3975 2980 4030; x_wconf 88' lang='lat' dir='ltr'>multis</span> <span class='ocrx_word' id='word_1_652' title='bbox 3008 3977 3189 4032; x_wconf 90' lang='lat' dir='ltr'>modis</span> <span class='ocrx_word' id='word_1_653' title='bbox 3225 3978 3633 4051; x_wconf 85' lang='lat' dir='ltr'>interpretatur</span> <span class='ocrx_word' id='word_1_654' title='bbox 3655 3972 3788 4048; x_wconf 82' lang='lat' dir='ltr'>quod</span> 
     </span>
    </p>
   </div>
   <div class='ocr_carea' id='block_1_69' title="bbox 2208 4060 3786 4128">
    <p class='ocr_par' dir='ltr' id='par_1_69' title="bbox 2208 4060 3786 4128">
     <span class='ocr_line' id='line_1_69' title="bbox 2208 4060 3786 4128; baseline 0.001 -14"><span class='ocrx_word' id='word_1_655' title='bbox 2208 4060 2361 4115; x_wconf 88' lang='lat' dir='ltr'>solus</span> <span class='ocrx_word' id='word_1_656' title='bbox 2390 4066 2448 4115; x_wconf 91' lang='lat' dir='ltr'>et</span> <span class='ocrx_word' id='word_1_657' title='bbox 2474 4079 2573 4116; x_wconf 88' lang='lat' dir='ltr'>rex</span> <span class='ocrx_word' id='word_1_658' title='bbox 2612 4063 2719 4118; x_wconf 87' lang='lat' dir='ltr'>fuit</span> <span class='ocrx_word' id='word_1_659' title='bbox 2746 4069 2803 4118; x_wconf 92' lang='lat' dir='ltr'>et</span> <span class='ocrx_word' id='word_1_660' title='bbox 2830 4065 3108 4128; x_wconf 86' lang='lat' dir='ltr'>sacerdos,</span> <span class='ocrx_word' id='word_1_661' title='bbox 3143 4073 3274 4121; x_wconf 84' lang='lat' dir='ltr'>ante</span> <span class='ocrx_word' id='word_1_662' title='bbox 3325 4067 3786 4124; x_wconf 83' lang='lat' dir='ltr'>circumcisionem</span> 
     </span>
    </p>
   </div>
   <div class='ocr_carea' id='block_1_70' title="bbox 2208 4148 3785 4225">
    <p class='ocr_par' dir='ltr' id='par_1_70' title="bbox 2208 4148 3785 4225">
     <span class='ocr_line' id='line_1_70' title="bbox 2208 4148 3785 4225; baseline 0.003 -24"><span class='ocrx_word' id='word_1_663' title='bbox 2208 4148 2438 4207; x_wconf 83' lang='lat' dir='ltr'>functus</span> <span class='ocrx_word' id='word_1_664' title='bbox 2468 4152 2801 4219; x_wconf 88' lang='lat' dir='ltr'>sacerdotio,</span> <span class='ocrx_word' id='word_1_665' title='bbox 2835 4158 2900 4208; x_wconf 88' lang='lat' dir='ltr'>ut</span> <span class='ocrx_word' id='word_1_666' title='bbox 2929 4171 3038 4209; x_wconf 91' lang='lat' dir='ltr'>non</span> <span class='ocrx_word' id='word_1_667' title='bbox 3066 4172 3205 4225; x_wconf 84' lang='lat' dir='ltr'>gens</span> <span class='ocrx_word' id='word_1_668' title='bbox 3234 4174 3298 4211; x_wconf 84' lang='lat' dir='ltr'>ex</span> <span class='ocrx_word' id='word_1_669' title='bbox 3325 4157 3553 4225; x_wconf 81' lang='lat' dir='ltr'>Judaeis,</span> <span class='ocrx_word' id='word_1_670' title='bbox 3584 4156 3678 4212; x_wconf 91' lang='lat' dir='ltr'>sed</span> <span class='ocrx_word' id='word_1_671' title='bbox 3704 4153 3785 4207; x_wconf 87' lang='lat' dir='ltr'>Ju-</span> 
     </span>
    </p>
   </div>
   <div class='ocr_carea' id='block_1_71' title="bbox 2203 4237 3471 4317">
    <p class='ocr_par' dir='ltr' id='par_1_71' title="bbox 2203 4237 3471 4317">
     <span class='ocr_line' id='line_1_71' title="bbox 2203 4237 3471 4317; baseline 0.005 -22"><span class='ocrx_word' id='word_1_672' title='bbox 2203 4237 2309 4295; x_wconf 70' lang='lat' dir='ltr'>daei</span> <span class='ocrx_word' id='word_1_673' title='bbox 2334 4255 2400 4295; x_wconf 84' lang='lat' dir='ltr'>ex</span> <span class='ocrx_word' id='word_1_674' title='bbox 2425 4241 2691 4310; x_wconf 84' lang='lat' dir='ltr'>gentibus</span> <span class='ocrx_word' id='word_1_675' title='bbox 2708 4244 3086 4299; x_wconf 89' lang='lat' dir='ltr'>sacerdotium</span> <span class='ocrx_word' id='word_1_676' title='bbox 3117 4253 3471 4317; x_wconf 80' lang='lat' dir='ltr'>acceperunt.</span> 
     </span>
    </p>
   </div>
   <div class='ocr_carea' id='block_1_72' title="bbox 2262 4325 3773 4398">
    <p class='ocr_par' dir='ltr' id='par_1_72' title="bbox 2262 4325 3773 4398">
     <span class='ocr_line' id='line_1_72' title="bbox 2262 4325 3773 4398; baseline -0.003 -11"><span class='ocrx_word' id='word_1_677' title='bbox 2262 4325 2361 4387; x_wconf 82' lang='lat'>.13.</span> <span class='ocrx_word' id='word_1_678' title='bbox 2393 4328 2600 4385; x_wconf 76' lang='lat' dir='ltr'>LANFR.</span> <span class='ocrx_word' id='word_1_679' title='bbox 2633 4332 3050 4398; x_wconf 78' lang='lat' dir='ltr'>Inﬁrmitatem.</span> <span class='ocrx_word' id='word_1_680' title='bbox 3077 4334 3252 4389; x_wconf 78' lang='lat' dir='ltr'>Vetus</span> <span class='ocrx_word' id='word_1_681' title='bbox 3280 4336 3367 4389; x_wconf 79' lang='lat' dir='ltr'>lax</span> <span class='ocrx_word' id='word_1_682' title='bbox 3396 4335 3621 4390; x_wconf 83' lang='lat' dir='ltr'>inﬁrma</span> <span class='ocrx_word' id='word_1_683' title='bbox 3648 4334 3773 4393; x_wconf 87' lang='lat' dir='ltr'>erat,</span> 
     </span>
    </p>
   </div>
   <div class='ocr_carea' id='block_1_73' title="bbox 2202 4414 3778 4494">
    <p class='ocr_par' dir='ltr' id='par_1_73' title="bbox 2202 4414 3778 4494">
     <span class='ocr_line' id='line_1_73' title="bbox 2202 4414 3778 4494; baseline 0.003 -26"><span class='ocrx_word' id='word_1_684' title='bbox 2202 4414 2336 4486; x_wconf 90' lang='lat' dir='ltr'>quia</span> <span class='ocrx_word' id='word_1_685' title='bbox 2363 4417 2673 4473; x_wconf 90' lang='lat' dir='ltr'>cultoribus</span> <span class='ocrx_word' id='word_1_686' title='bbox 2724 4419 2840 4473; x_wconf 85' lang='lat' dir='ltr'>suis</span> <span class='ocrx_word' id='word_1_687' title='bbox 2879 4421 3183 4491; x_wconf 84' lang='lat' dir='ltr'>perfectam</span> <span class='ocrx_word' id='word_1_688' title='bbox 3215 4423 3503 4494; x_wconf 79' lang='lat' dir='ltr'>justitiam</span> <span class='ocrx_word' id='word_1_689' title='bbox 3523 4425 3656 4479; x_wconf 86' lang='lat' dir='ltr'>dare</span> <span class='ocrx_word' id='word_1_690' title='bbox 3680 4433 3778 4474; x_wconf 89' lang='lat' dir='ltr'>non</span> 
     </span>
    </p>
   </div>
   <div class='ocr_carea' id='block_1_74' title="bbox 2202 4506 3772 4584">
    <p class='ocr_par' dir='ltr' id='par_1_74' title="bbox 2202 4506 3772 4584">
     <span class='ocr_line' id='line_1_74' title="bbox 2202 4506 3772 4584; baseline 0.01 -26"><span class='ocrx_word' id='word_1_691' title='bbox 2202 4510 2443 4577; x_wconf 82' lang='lat' dir='ltr'>poterat.</span> <span class='ocrx_word' id='word_1_692' title='bbox 2465 4506 2524 4561; x_wconf 90' lang='lat' dir='ltr'>Si</span> <span class='ocrx_word' id='word_1_693' title='bbox 2548 4507 2696 4563; x_wconf 90' lang='lat' dir='ltr'>enim</span> <span class='ocrx_word' id='word_1_694' title='bbox 2729 4509 2973 4564; x_wconf 89' lang='lat' dir='ltr'>cultores</span> <span class='ocrx_word' id='word_1_695' title='bbox 3000 4512 3119 4581; x_wconf 89' lang='lat' dir='ltr'>ejus</span> <span class='ocrx_word' id='word_1_696' title='bbox 3135 4512 3383 4582; x_wconf 81' lang='lat' dir='ltr'>perfecte</span> <span class='ocrx_word' id='word_1_697' title='bbox 3406 4515 3548 4584; x_wconf 87' lang='lat' dir='ltr'>justi</span> <span class='ocrx_word' id='word_1_698' title='bbox 3587 4514 3772 4572; x_wconf 56' lang='lat' dir='ltr'>essent,</span> 
     </span>
    </p>
   </div>
   <div class='ocr_carea' id='block_1_75' title="bbox 2202 4597 3778 4669">
    <p class='ocr_par' dir='ltr' id='par_1_75' title="bbox 2202 4597 3778 4669">
     <span class='ocr_line' id='line_1_75' title="bbox 2202 4597 3778 4669; baseline -0.001 -19"><span class='ocrx_word' id='word_1_699' title='bbox 2202 4601 2331 4664; x_wconf 85' lang='lat' dir='ltr'>post</span> <span class='ocrx_word' id='word_1_700' title='bbox 2358 4599 2597 4652; x_wconf 85' lang='lat' dir='ltr'>mortem</span> <span class='ocrx_word' id='word_1_701' title='bbox 2615 4597 2806 4651; x_wconf 85' lang='lat' dir='ltr'>statim</span> <span class='ocrx_word' id='word_1_702' title='bbox 2835 4599 3087 4669; x_wconf 87' lang='lat' dir='ltr'>requiem</span> <span class='ocrx_word' id='word_1_703' title='bbox 3104 4600 3352 4656; x_wconf 86' lang='lat' dir='ltr'>habituri</span> <span class='ocrx_word' id='word_1_704' title='bbox 3380 4603 3582 4658; x_wconf 66' lang='lat' dir='ltr'>caelum</span> <span class='ocrx_word' id='word_1_705' title='bbox 3606 4611 3778 4655; x_wconf 64' lang='lat' dir='ltr'>ascen«</span> 
     </span>
    </p>
   </div>
   <div class='ocr_carea' id='block_1_76' title="bbox 2203 4682 3778 4762">
    <p class='ocr_par' dir='ltr' id='par_1_76' title="bbox 2203 4682 3778 4762">
     <span class='ocr_line' id='line_1_76' title="bbox 2203 4682 3778 4762; baseline -0.001 -27"><span class='ocrx_word' id='word_1_706' title='bbox 2203 4682 2421 4736; x_wconf 89' lang='lat' dir='ltr'>derent.</span> <span class='ocrx_word' id='word_1_707' title='bbox 2451 4684 2558 4738; x_wconf 92' lang='lat' dir='ltr'>Sed</span> <span class='ocrx_word' id='word_1_708' title='bbox 2597 4690 2721 4739; x_wconf 89' lang='lat' dir='ltr'>erat</span> <span class='ocrx_word' id='word_1_709' title='bbox 2747 4703 2849 4757; x_wconf 91' lang='lat' dir='ltr'>per</span> <span class='ocrx_word' id='word_1_710' title='bbox 2878 4689 3000 4757; x_wconf 89' lang='lat' dir='ltr'>ejus</span> <span class='ocrx_word' id='word_1_711' title='bbox 3043 4687 3453 4753; x_wconf 82' lang='lat' dir='ltr'>observantiam</span> <span class='ocrx_word' id='word_1_712' title='bbox 3477 4684 3778 4762; x_wconf 85' lang='lat' dir='ltr'>justiﬁcatio</span> 
     </span>
    </p>
   </div>
   <div class='ocr_carea' id='block_1_77' title="bbox 2202 4772 3777 4851">
    <p class='ocr_par' dir='ltr' id='par_1_77' title="bbox 2202 4772 3777 4851">
     <span class='ocr_line' id='line_1_77' title="bbox 2202 4772 3777 4851; baseline 0.004 -25"><span class='ocrx_word' id='word_1_713' title='bbox 2202 4772 2493 4839; x_wconf 85' lang='lat' dir='ltr'>nonnulla,</span> <span class='ocrx_word' id='word_1_714' title='bbox 2554 4779 2911 4844; x_wconf 86' lang='lat' dir='ltr'>peccatorum</span> <span class='ocrx_word' id='word_1_715' title='bbox 2940 4777 3196 4833; x_wconf 81' lang='lat' dir='ltr'>remissio</span> <span class='ocrx_word' id='word_1_716' title='bbox 3226 4779 3435 4851; x_wconf 88' lang='lat' dir='ltr'>aliqua,</span> <span class='ocrx_word' id='word_1_717' title='bbox 3468 4797 3581 4836; x_wconf 88' lang='lat' dir='ltr'>non</span> <span class='ocrx_word' id='word_1_718' title='bbox 3607 4784 3777 4832; x_wconf 81' lang='lat' dir='ltr'>tamen</span> 
     </span>
    </p>
   </div>
   <div class='ocr_carea' id='block_1_78' title="bbox 2202 4859 2388 4929">
    <p class='ocr_par' dir='ltr' id='par_1_78' title="bbox 2202 4859 2388 4929">
     <span class='ocr_line' id='line_1_78' title="bbox 2202 4859 2388 4929; baseline 0.016 -17"><span class='ocrx_word' id='word_1_719' title='bbox 2202 4859 2388 4929; x_wconf 89' lang='lat' dir='ltr'>plena.</span> 
     </span>
    </p>
   </div>
   <div class='ocr_carea' id='block_1_79' title="bbox 2155 4914 3774 5028">
    <p class='ocr_par' dir='ltr' id='par_1_79' title="bbox 2155 4914 3774 5028">
     <span class='ocr_line' id='line_1_79' title="bbox 2155 4914 3774 5028; baseline -0.001 -24"><span class='ocrx_word' id='word_1_720' title='bbox 2155 4914 2222 4988; x_wconf 43' lang='lat' dir='ltr'>C‘</span> <span class='ocrx_word' id='word_1_721' title='bbox 2281 4914 2925 5008; x_wconf 6' lang='lat' dir='ltr'>174.jrlnutilem..lnutile</span> <span class='ocrx_word' id='word_1_722' title='bbox 2947 4955 3056 5010; x_wconf 89' lang='lat' dir='ltr'>fuit</span> <span class='ocrx_word' id='word_1_723' title='bbox 3094 4957 3545 5028; x_wconf 88' lang='lat' dir='ltr'>postadventum</span> <span class='ocrx_word' id='word_1_724' title='bbox 3584 4948 3774 5012; x_wconf 85' lang='lat' dir='ltr'>Christi</span> 
     </span>
    </p>
   </div>
   <div class='ocr_carea' id='block_1_80' title="bbox 2203 5037 3769 5119">
    <p class='ocr_par' dir='ltr' id='par_1_80' title="bbox 2203 5037 3769 5119">
     <span class='ocr_line' id='line_1_80' title="bbox 2203 5037 3769 5119; baseline 0.002 -26"><span class='ocrx_word' id='word_1_725' title='bbox 2203 5037 2501 5097; x_wconf 86' lang='lat' dir='ltr'>observare</span> <span class='ocrx_word' id='word_1_726' title='bbox 2521 5056 2724 5112; x_wconf 82' lang='lat' dir='ltr'>eaquae</span> <span class='ocrx_word' id='word_1_727' title='bbox 2742 5041 2868 5097; x_wconf 91' lang='lat' dir='ltr'>ideo</span> <span class='ocrx_word' id='word_1_728' title='bbox 2890 5044 3123 5107; x_wconf 85' lang='lat' dir='ltr'>ﬁebant,</span> <span class='ocrx_word' id='word_1_729' title='bbox 3142 5053 3205 5101; x_wconf 92' lang='lat' dir='ltr'>ut</span> <span class='ocrx_word' id='word_1_730' title='bbox 3223 5063 3289 5102; x_wconf 90' lang='lat' dir='ltr'>ea</span> <span class='ocrx_word' id='word_1_731' title='bbox 3309 5065 3431 5119; x_wconf 72' lang='lat' dir='ltr'>quae</span> <span class='ocrx_word' id='word_1_732' title='bbox 3456 5064 3604 5104; x_wconf 87' lang='lat' dir='ltr'>nunc</span> <span class='ocrx_word' id='word_1_733' title='bbox 3626 5045 3769 5105; x_wconf 86' lang='lat' dir='ltr'>ﬁunt,</span> 
     </span>
    </p>
   </div>
   <div class='ocr_carea' id='block_1_81' title="bbox 523 5125 2952 5203">
    <p class='ocr_par' dir='ltr' id='par_1_81' title="bbox 523 5125 2952 5203">
     <span class='ocr_line' id='line_1_81' title="bbox 523 5125 2952 5203; baseline -0 -14"><span class='ocrx_word' id='word_1_734' title='bbox 523 5135 580 5189; x_wconf 88' lang='lat' dir='ltr'>id</span> <span class='ocrx_word' id='word_1_735' title='bbox 604 5139 708 5199; x_wconf 85' lang='lat' dir='ltr'>est,</span> <span class='ocrx_word' id='word_1_736' title='bbox 740 5131 1050 5203; x_wconf 72' lang='lat' dir='ltr'>perfectum</span> <span class='ocrx_word' id='word_1_737' title='bbox 1080 5126 1457 5183; x_wconf 86' lang='lat' dir='ltr'>sacerdotium</span> <span class='ocrx_word' id='word_1_738' title='bbox 1486 5125 1963 5193; x_wconf 76' lang='lat' dir='ltr'>Leviticum..fuit,</span> <span class='ocrx_word' id='word_1_739' title='bbox 1980 5126 2120 5196; x_wconf 81' lang='lat' dir='ltr'>quid</span> <span class='ocrx_word' id='word_1_740' title='bbox 2200 5127 2568 5198; x_wconf 64' lang='lat' dir='ltr'>praedicerent</span> <span class='ocrx_word' id='word_1_741' title='bbox 2598 5146 2719 5184; x_wconf 89' lang='lat' dir='ltr'>esse</span> <span class='ocrx_word' id='word_1_742' title='bbox 2746 5131 2952 5188; x_wconf 90' lang='lat' dir='ltr'>futura.</span> 
     </span>
    </p>
   </div>
   <div class='ocr_carea' id='block_1_82' title="bbox 521 5211 2118 5297">
    <p class='ocr_par' dir='ltr' id='par_1_82' title="bbox 521 5211 2118 5297">
     <span class='ocr_line' id='line_1_82' title="bbox 521 5211 2118 5297; baseline -0.006 -22"><span class='ocrx_word' id='word_1_743' title='bbox 521 5233 749 5275; x_wconf 86' lang='lat' dir='ltr'>necesse</span> <span class='ocrx_word' id='word_1_744' title='bbox 778 5215 900 5297; x_wconf 13' lang='lat' dir='ltr'>‘fuit</span> <span class='ocrx_word' id='word_1_745' title='bbox 935 5213 1109 5295; x_wconf 87' lang='lat' dir='ltr'>alium</span> <span class='ocrx_word' id='word_1_746' title='bbox 1147 5226 1380 5280; x_wconf 83' lang='lat' dir='ltr'>surgere</span> <span class='ocrx_word' id='word_1_747' title='bbox 1417 5211 1801 5264; x_wconf 87' lang='lat' dir='ltr'>sacerdotem?</span> <span class='ocrx_word' id='word_1_748' title='bbox 1841 5211 1900 5265; x_wconf 90' lang='lat' dir='ltr'>Si</span> <span class='ocrx_word' id='word_1_749' title='bbox 1944 5211 2118 5281; x_wconf 90' lang='lat' dir='ltr'>igitur</span> 
     </span>
    </p>
   </div>
   <div class='ocr_carea' id='block_1_83' title="bbox 2260 5178 3770 5298">
    <p class='ocr_par' dir='ltr' id='par_1_83' title="bbox 2260 5178 3770 5298">
     <span class='ocr_line' id='line_1_83' title="bbox 2260 5178 3770 5298; baseline 0.009 -25"><span class='ocrx_word' id='word_1_750' title='bbox 2260 5178 3020 5282; x_wconf 35' lang='lat' dir='ltr'>.15i—AiisI—ios:7litr‘dd;c‘iio.</span> <span class='ocrx_word' id='word_1_751' title='bbox 3045 5178 3256 5279; x_wconf 81' lang='lat' dir='ltr'>Habuit</span> <span class='ocrx_word' id='word_1_752' title='bbox 3286 5226 3491 5298; x_wconf 87' lang='lat' dir='ltr'>quippe</span> <span class='ocrx_word' id='word_1_753' title='bbox 3520 5244 3581 5281; x_wconf 85' lang='lat' dir='ltr'>ex</span> <span class='ocrx_word' id='word_1_754' title='bbox 3608 5236 3770 5296; x_wconf 64' lang='lat' dir='ltr'>spem:</span> 
     </span>
    </p>
   </div>
   <div class='ocr_carea' id='block_1_84' title="bbox 523 5292 3771 5387">
    <p class='ocr_par' dir='ltr' id='par_1_84' title="bbox 523 5292 3771 5387">
     <span class='ocr_line' id='line_1_84' title="bbox 523 5292 3771 5387; baseline -0.001 -23"><span class='ocrx_word' id='word_1_755' title='bbox 523 5292 818 5387; x_wconf 86' lang='lat' dir='ltr'>sacerdotii</span> <span class='ocrx_word' id='word_1_756' title='bbox 856 5292 1309 5383; x_wconf 77' lang='lat' dir='ltr'>translationem,</span> <span class='ocrx_word' id='word_1_757' title='bbox 1334 5315 1575 5381; x_wconf 14' lang='lat' dir='ltr'>“necesse</span> <span class='ocrx_word' id='word_1_758' title='bbox 1612 5304 1699 5353; x_wconf 90' lang='lat' dir='ltr'>est</span> <span class='ocrx_word' id='word_1_759' title='bbox 1734 5299 1956 5377; x_wconf 87' lang='lat' dir='ltr'>etlegis</span> <span class='ocrx_word' id='word_1_760' title='bbox 1995 5318 2115 5356; x_wconf 89' lang='lat' dir='ltr'>esse</span> <span class='ocrx_word' id='word_1_761' title='bbox 2197 5307 2292 5365; x_wconf 87' lang='lat' dir='ltr'>sed</span> <span class='ocrx_word' id='word_1_762' title='bbox 2320 5322 2437 5363; x_wconf 89' lang='lat' dir='ltr'>non</span> <span class='ocrx_word' id='word_1_763' title='bbox 2458 5307 2669 5363; x_wconf 64' lang='lat' dir='ltr'>talem;</span> <span class='ocrx_word' id='word_1_764' title='bbox 2692 5310 2993 5381; x_wconf 80' lang='lat' dir='ltr'>sperabant</span> <span class='ocrx_word' id='word_1_765' title='bbox 3034 5314 3184 5368; x_wconf 77' lang='lat' dir='ltr'>enim</span> <span class='ocrx_word' id='word_1_766' title='bbox 3202 5292 3357 5369; x_wconf 48' lang='lat' dir='ltr'>.beﬁe</span> <span class='ocrx_word' id='word_1_767' title='bbox 3382 5292 3679 5387; x_wconf 51' lang='lat' dir='ltr'>iyiacentes,</span> <span class='ocrx_word' id='word_1_768' title='bbox 3721 5314 3771 5362; x_wconf 90' lang='lat' dir='ltr'>et</span> 
     </span>
    </p>
   </div>
   <div class='ocr_carea' id='block_1_85' title="bbox 522 5388 3763 5473">
    <p class='ocr_par' dir='ltr' id='par_1_85' title="bbox 522 5388 3763 5473">
     <span class='ocr_line' id='line_1_85' title="bbox 522 5388 3763 5473; baseline -0.002 -20"><span class='ocrx_word' id='word_1_769' title='bbox 522 5394 989 5461; x_wconf 87' lang='lat' dir='ltr'>translationem;</span> <span class='ocrx_word' id='word_1_770' title='bbox 1037 5404 1221 5460; x_wconf 87' lang='lat' dir='ltr'>neque</span> <span class='ocrx_word' id='word_1_771' title='bbox 1268 5392 1452 5460; x_wconf 88' lang='lat' dir='ltr'>potest</span> <span class='ocrx_word' id='word_1_772' title='bbox 1481 5388 1901 5469; x_wconf 20' lang='lat' dir='ltr'>sacerdos‘sine</span> <span class='ocrx_word' id='word_1_773' title='bbox 1938 5390 2119 5467; x_wconf 78' lang='lat' dir='ltr'>teSta-_</span> <span class='ocrx_word' id='word_1_774' title='bbox 2194 5394 2380 5465; x_wconf 84' lang='lat' dir='ltr'>legem</span> <span class='ocrx_word' id='word_1_775' title='bbox 2426 5396 2532 5453; x_wconf 88' lang='lat' dir='ltr'>Dei</span> <span class='ocrx_word' id='word_1_776' title='bbox 2564 5399 2960 5455; x_wconf 81' lang='lat' dir='ltr'>custodientes</span> <span class='ocrx_word' id='word_1_777' title='bbox 3016 5403 3307 5473; x_wconf 84' lang='lat' dir='ltr'>possidere</span> <span class='ocrx_word' id='word_1_778' title='bbox 3351 5412 3581 5473; x_wconf 84' lang='lat' dir='ltr'>terram,</span> <span class='ocrx_word' id='word_1_779' title='bbox 3620 5396 3763 5456; x_wconf 75' lang='lat' dir='ltr'>nihil</span> 
     </span>
    </p>
   </div>
   <div class='ocr_carea' id='block_1_86' title="bbox 522 5489 891 5543">
    <p class='ocr_par' dir='ltr' id='par_1_86' title="bbox 522 5489 891 5543">
     <span class='ocr_line' id='line_1_86' title="bbox 522 5489 891 5543; baseline -0.019 0"><span class='ocrx_word' id='word_1_780' title='bbox 522 5489 714 5543; x_wconf 86' lang='lat' dir='ltr'>mento</span> <span class='ocrx_word' id='word_1_781' title='bbox 749 5498 891 5538; x_wconf 88' lang='lat' dir='ltr'>esse.</span> 
     </span>
    </p>
   </div>
   <div class='ocr_carea' id='block_1_87' title="bbox 2191 5488 3767 5566">
    <p class='ocr_par' dir='ltr' id='par_1_87' title="bbox 2191 5488 3767 5566">
     <span class='ocr_line' id='line_1_87' title="bbox 2191 5488 3767 5566; baseline 0.001 -29"><span class='ocrx_word' id='word_1_782' title='bbox 2191 5500 2569 5540; x_wconf 73' lang='lat' dir='ltr'>aerumnosum</span> <span class='ocrx_word' id='word_1_783' title='bbox 2603 5488 2737 5557; x_wconf 81' lang='lat' dir='ltr'>pati;</span> <span class='ocrx_word' id='word_1_784' title='bbox 2762 5490 3079 5560; x_wconf 89' lang='lat' dir='ltr'>evangelica</span> <span class='ocrx_word' id='word_1_785' title='bbox 3109 5498 3298 5547; x_wconf 87' lang='lat' dir='ltr'>autem</span> <span class='ocrx_word' id='word_1_786' title='bbox 3320 5502 3594 5566; x_wconf 60' lang='lat' dir='ltr'>praecepta</span> <span class='ocrx_word' id='word_1_787' title='bbox 3606 5493 3767 5546; x_wconf 88' lang='lat' dir='ltr'>custo-</span> 
     </span>
    </p>
   </div>
   <div class='ocr_carea' id='block_1_88' title="bbox 593 5566 3762 5654">
    <p class='ocr_par' dir='ltr' id='par_1_88' title="bbox 593 5566 3762 5654">
     <span class='ocr_line' id='line_1_88' title="bbox 593 5566 3762 5654; baseline 0 -22"><span class='ocrx_word' id='word_1_788' title='bbox 593 5572 647 5632; x_wconf 85' lang='lat'>9.</span> <span class='ocrx_word' id='word_1_789' title='bbox 687 5573 894 5630; x_wconf 75' lang='lat' dir='ltr'>LANFR.</span> <span class='ocrx_word' id='word_1_790' title='bbox 952 5567 1269 5626; x_wconf 79' lang='lat' dir='ltr'>Secundum</span> <span class='ocrx_word' id='word_1_791' title='bbox 1317 5570 1506 5636; x_wconf 82' lang='lat' dir='ltr'>legem.</span> <span class='ocrx_word' id='word_1_792' title='bbox 1563 5566 1819 5623; x_wconf 88' lang='lat' dir='ltr'>Christus</span> <span class='ocrx_word' id='word_1_793' title='bbox 1866 5584 1980 5624; x_wconf 91' lang='lat' dir='ltr'>non</span> <span class='ocrx_word' id='word_1_794' title='bbox 2026 5578 2112 5626; x_wconf 88' lang='lat' dir='ltr'>est</span> <span class='ocrx_word' id='word_1_795' title='bbox 2190 5571 2429 5642; x_wconf 83' lang='lat' dir='ltr'>dientes,</span> <span class='ocrx_word' id='word_1_796' title='bbox 2460 5589 2581 5631; x_wconf 72' lang='lat' dir='ltr'>non</span> <span class='ocrx_word' id='word_1_797' title='bbox 2604 5580 2818 5633; x_wconf 82' lang='lat' dir='ltr'>terram</span> <span class='ocrx_word' id='word_1_798' title='bbox 2850 5585 3083 5651; x_wconf 86' lang='lat' dir='ltr'>sperant</span> <span class='ocrx_word' id='word_1_799' title='bbox 3111 5578 3762 5654; x_wconf 56' lang='lat' dir='ltr'>possidere,‘sed‘caelum.</span> 
     </span>
    </p>
   </div>
  </div>
