3878 6424
117 378 205 437 393
758 376 837 432 IN
874 376 939 431 D.
983 374 1200 432 PAULI
1238 375 1468 433 EPIST.
1509 375 1881 432 COMMENT.
1926 406 1984 422 -ο
2024 375 2249 431 EPIST.
2287 376 2384 430 AD
2423 376 2635 431 HEBR.
3222 375 3327 437 394

115 497 340 553 sacerdos
365 496 421 551 in
449 495 834 566 aeternum)16,
854 498 1006 553 i7.in
1035 504 1260 554 tantum
1292 498 1639 559 18.melioris
1670 500 1990 556 testamenti
2023 499 2350 572 l9.sponsor
2374 499 2555 555 factus
2585 503 2672 554 est
2689 500 2870 556 Jesus.
2890 501 2961 556 Et
2980 501 3077 557 alii
3103 504 3331 574 quidem

114 589 272 658 plures
291 585 414 642 facti
432 590 562 640 sunt
584 586 922 652 sacerdotes,
945 587 1150 644 idcirco
1180 590 1331 661 quod
1360 596 1542 645 morte
1572 588 2004 661 prohiberentur
2027 588 2392 661 permanere?
2410 588 2501 642 hic
2524 592 2713 643 autem
2739 605 2805 643 eo
2833 590 2983 660 quod
3008 596 3237 647 maneat
3270 592 3329 647 in

112 680 365 741 aeternum,
392 675 793 747 sempiternum
817 677 988 732 habet
1014 678 1411 733 sacerdotium.
1443 677 1531 735 20.
1568 680 1728 735 Unde
1754 684 1811 734 et
1840 681 2056 733 salvare
2086 679 2145 732 in
2173 684 2508 749 perpetuum
2532 683 2720 748 potest
2757 679 3083 734 accedentes
3109 697 3211 751 per
3238 679 3327 737 21.

113 765 434 836 semetipsum
464 765 534 820 ad
563 767 743 821 Deum
768 783 993 838 semper
1023 768 1208 823 vivens
1237 768 1311 822 ad
1338 768 1811 839 interpellandum
1836 785 1935 839 pro
1965 767 2307 822 nobis.Talis
2326 767 2475 821 enim
2492 766 2726 820 decebat
2749 772 2815 820 ut
2835 767 2994 822 nobis
3024 774 3171 823 esset
3192 785 3331 840 pon-

114 852 487 920 tifex,sanctus,
510 854 801 920 innocens,
834 856 1187 927 impollutus,
1210 862 1542 927 segregatus
1570 874 1605 911 a
1631 856 2036 929 peccatoribus,
2060 862 2118 910 et
2136 855 2222 910 22.
2240 856 2512 910 excelsior
2539 855 2691 909 caelis
2711 856 2908 924 factus;
2924 856 3021 927 qui
3036 873 3149 911 non
3166 857 3336 917 habet

111 939 459 994 necessitatem
480 941 1231 1014 quotidie,quemadmodum
1243 944 1752 1015 sacerdotes,prius
1773 963 1872 1017 pro
1894 945 2013 1000 suis
2043 944 2259 999 delictis
2280 944 2493 999 hostias
2522 944 2723 997 offerre
2752 944 2956 999 deinde
2986 962 3086 1016 pro
3114 947 3327 1017 populi;

111 1029 339 1083 hocenim
357 1029 486 1085 fecit
511 1032 684 1086 semel
708 1048 768 1086 se
798 1032 983 1103 ipsum
1013 1031 1419 1089 offerendo.‘23.
1444 1033 1555 1086 Lex
1582 1034 1734 1089 enim
1772 1035 2027 1089 homines
2057 1033 2350 1088 constituit
2378 1032 3096 1089 sacerdotesinfirmitatem
3119 1035 3333 1091 haben-

108 1123 197 1185 tes;
225 1134 395 1173 sermo
415 1120 542 1190 ejus
559 1119 951 1190 jurisjurandi,
980 1120 1077 1192 qui
1097 1126 1224 1192 post
1237 1121 1421 1191 legem
1450 1126 1553 1187 est,
1590 1122 1792 1179 Filium
1823 1124 1880 1178 in
1902 1129 2173 1179 aeternum
2195 1123 2526 1195 perfectum.

1528 1246 1763 1304 CAPUT
1798 1246 1957 1302 VIII.

165 1366 578 1438 1.2.Capitulum
606 1374 796 1424 autem
825 1387 997 1442 super
1016 1389 1084 1427 ea
1099 1389 1222 1444 quae
1243 1374 1541 1429 dicuntur:
1574 1373 1769 1428 Talem
1797 1372 2069 1427 habemus
2093 1373 2414 1445 pontiﬁcem
2443 1373 2539 1445 qui
2555 1375 2808 1430 consedit
2839 1377 2899 1431 in
2923 1378 3154 1434 dextera
3186 1380 3335 1436 sedis

109 1456 473 1527 magnitudinis
503 1457 566 1512 in
595 1459 768 1526 ccelis,
792 1466 1113 1515 sanctorum
1137 1461 1415 1531 minister,
1449 1468 1506 1518 et
1532 1462 1878 1518 tabernaculi
1903 1462 2016 1516 veri
2040 1462 2187 1533 quod
2217 1462 2337 1516 ﬁxit
2357 1463 2649 1530 Dominus,
2678 1469 2735 1518 et
2773 1481 2886 1520 non
2914 1466 3102 1522 homo.
3140 1469 3340 1524 Omnis

108 1545 233 1599 enim
250 1543 297 1599 3.
328 1547 577 1618 pontifex
607 1548 678 1602 ad
704 1548 1049 1604 offerendum
1083 1568 1321 1606 munera
1354 1558 1411 1606 et
1440 1552 1655 1607 hostias
1684 1551 2045 1626 constituitur
2069 1568 2081 1615 ;
2110 1550 2261 1604 unde
2281 1567 2510 1605 necesse
2539 1556 2625 1605 est
2643 1557 2700 1605 et
2727 1553 2877 1607 hunc
2904 1554 3112 1610 habere
3126 1556 3342 1627 aliquid

108 1633 228 1703 quod
251 1634 460 1690 oﬂ‘erat.
488 1635 611 1692 li.Si
636 1652 769 1707 ergo
797 1642 947 1692 esset
974 1654 1143 1709 super
1162 1644 1397 1708 teriam,
1422 1658 1527 1696 nec
1548 1646 1696 1695 esset
1723 1640 2019 1703 sacerdos;
2052 1656 2180 1693 cum
2208 1645 2395 1693 essent
2421 1639 2518 1710 qui
2547 1641 2812 1695 ollerrcnt
2839 1645 3144 1699 secundum
3161 1645 3344 1715 legem

107 1737 327 1792 munera,
361 1724 459 1795 qui
487 1726 794 1796 exemplari
824 1733 882 1781 et
909 1728 1123 1783 umbrze
1148 1729 1471 1784 deserviunt
1494 1732 1546 1786 5.
1576 1730 1905 1784 caelestium.
1936 1729 2089 1783 Sicut
2109 1744 2438 1800 responsum
2470 1735 2528 1792 ἒ
2544 1737 2578 1794 ι
2594 1733 2885 1796 9-220
2905 1737 2991 1786 est
3009 1733 3344 1804 Moysi,cum

105 1818 487 1867 consummaret
502 1813 966 1869 tabernaculum:
992 1816 1150 1881 Vide,
1168 1817 1371 1889 inquit,
1391 1819 1579 1873 omnia
1610 1819 1778 1873 facito
1805 1819 2113 1873 secundum
2146 1818 2197 1873 6.
2238 1818 2525 1890 exemplar
2548 1820 2697 1889 quod
2725 1819 2829 1873 tibi
2851 1826 3141 1876 ostensum
3171 1827 3258 1878 est
3284 1822 3343 1878 in

104 1900 447 1956 monte.Nunc
474 1908 668 1957 autem
696 1904 903 1981 melius
926 1905 1160 1961 sortitus
1191 1914 1279 1962 est
1298 1908 1700 1972 ministerium,
1728 1913 1938 1979 quanto
1969 1913 2025 1963 et
2052 1905 2103 1962 7.
2126 1906 2375 1961 melioris
2407 1908 2726 1961 testamenti
2756 1909 3035 1964 mediator
3060 1916 3164 1977 est,
3196 1913 3345 1983 quod

103 1990 149 2044 in
173 1993 480 2049 melioribus
500 1995 1033 2067 repromissionibus
1048 1998 1326 2053 sancitum
1355 2004 1458 2054 est.
1482 2001 1629 2054 Nam
1674 1998 1724 2053 si
1751 1996 1891 2050 illud
1922 1994 2080 2066 prius
2112 1995 2279 2066 culpa
2301 2000 2688 2060 vacasset,non
2715 1996 2911 2067 utique
2927 1999 3158 2054 secundi
3186 2000 3344 2077 locus

105 2079 473 2151 inquireretur.
500 2081 555 2140 8.
590 2084 932 2155 Vituperans
952 2086 1103 2140 enim
1130 2104 1225 2142 eos
1254 2088 1391 2142 dicit
1417 2106 1428 2141 :
1462 2089 1599 2143 Ecce
1628 2089 1748 2143 dies
1778 2084 2020 2150 venient.
2055 2084 2189 2139 diCit
2218 2084 2507 2148 Dominus.
2539 2090 2596 2138 et
2621 2085 3021 2141 Consummabo
3052 2104 3222 2158 super
3248 2089 3345 2142 d0-

106 2183 233 2222 mum
260 2169 452 2239 Israel,
478 2176 543 2226 et
556 2188 728 2243 super
750 2173 978 2228 domum
1011 2175 1176 2243 Juda,
1203 2180 1604 2230 testamentum
1634 2190 1987 2240 novum,non
2009 2173 2315 2228 secundum
2346 2178 2748 2227 testamentum
2782 2175 2930 2245 quod
2958 2175 3063 2230 feci
3088 2176 3342 2247 patribus

110 2273 292 2327 eorum,
324 2261 384 2315 in
408 2260 503 2315 die
536 2277 650 2333 qua
667 2263 1014 2334 apprehendi
1046 2280 1275 2319 manum
1300 2281 1492 2320 eorum
1530 2274 1595 2319 ut
1623 2264 1914 2319 educerem
1938 2263 2063 2317 illos
2098 2262 2167 2317 de
2194 2267 2346 2316 terra
2372 2262 2615 2334 Egypti,
2648 2263 2912 2333 quoniam
2942 2263 3048 2336 ipsi
3076 2282 3188 2320 non
3213 2282 3343 2338 per-

1375 2370 1966 2427 COMMENTARIUS.

169 2471 235 2527 l6.
257 2475 319 2529 In
338 2480 565 2530 tantum
594 2478 859 2531 melioris.
893 2478 1214 2533 Secundum
1244 2479 1392 2550 quod
1414 2479 1669 2549 juratum
1691 2482 1739 2539 A
1754 2474 2056 2543 sententia,
2080 2473 2149 2528 ab
2170 2490 2235 2528 eo
2256 2473 2334 2527 sic
2352 2473 2705 2528 nominatum
2726 2474 2876 2545 quod
2903 2473 3146 2530 breviter
3164 2477 3350 2548 capiat

110 2561 253 2615 estde
287 2580 350 2617 eo
369 2581 597 2636 semper
618 2581 747 2619 eum
776 2582 1129 2625 mansurum.
1757 2567 1931 2621 totius
1950 2562 2185 2619 rationis
2201 2579 2497 2618 summam.
2541 2565 2656 2619 Hoc
2692 2567 2881 2617 autem
2922 2564 3231 2636 capitulum
3261 2566 3350 2621 in-

159 2647 236 2704 17.
264 2651 466 2706 Lassa.
498 2654 570 2707 In
600 2658 844 2707 tantum.
878 2654 944 2708 In
975 2659 1249 2725 quantum
1280 2654 1539 2726 superius
1560 2653 1675 2709 dixi
1758 2654 1894 2724 cipit
1922 2654 2075 2707 abeo
2096 2652 2244 2723 quod
2283 2651 2539 2721 sequitur
2569 2672 2582 2704 :
2624 2652 2802 2706 Talem
2844 2653 3122 2708 habemus.
3158 2654 3228 2709 Et
3251 2655 3351 2710 de-

112 2737 219 2806 quia
240 2740 348 2794 vita
390 2746 609 2796 aeterna
660 2742 1030 2813 promittitur,
1063 2749 1120 2799 et
1162 2760 1276 2798 non
1317 2744 1438 2800 sine
1463 2744 1676 2814 jureju-
1757 2742 1890 2797 sinit
1916 2740 2013 2795 ubi
2046 2741 2285 2795 dicitur:
2316 2742 2441 2794 Non
2479 2741 2654 2794 homo.

107 2827 273 2882 rando.
1831 2829 1883 2885 3.
1915 2832 2182 2897 Ponti/er.
2240 2828 2326 2883 Ad
2370 2829 2715 2899 superiorem
2764 2830 3102 2884 sententiam
3151 2832 3345 2887 redit:

163 2913 236 2971 18.
259 2918 520 2982 Melioris,
559 2917 618 2973 id
656 2924 758 2984 est,
810 2920 954 2975 Novi
993 2921 1356 2985 Testamenti,
1391 2938 1490 2993 per
1517 2921 1679 2992 cujus
1757 2922 1868 2976 Hoc
1895 2922 2045 2974 enim
2076 2921 2205 2986 fecit
2233 2920 2394 2971 semel
2432 2920 2719 2984 offerendo.
2751 2918 2922 2982 Quasi
2958 2919 3168 2974 diceret
3203 2939 3214 2975 :
3247 2921 3355 2976 Ra-

110 3000 490 3061 observantiam
524 3023 684 3078 spem
704 3007 977 3064 habemus
1000 3010 1169 3064 eundi
1188 3011 1259 3065 ad
1288 3011 1488 3066 Deum.
1760 3008 1931 3064 tionis
1959 3007 2069 3061 fuit
2099 3005 2250 3077 quod
2296 3022 2358 3060 se
2395 3005 2615 3073 obtulit,
2646 3010 2780 3074 quia
2802 3009 2984 3061 omnis
3000 3011 3253 3076 pontifex
3279 3011 3356 3065 ad

165 3092 243 3149 19.
268 3094 772 3163 Sponsor.Veteres
796 3099 1114 3154 sacerdotes
1144 3099 1680 3170 promittebantcul-
1762 3098 2051 3166 offerenda,
2085 3102 2189 3150 etc.

112 3181 297 3239 toribus
321 3184 463 3255 legis
482 3185 702 3256 capiam
724 3185 970 3257 frugum,
1004 3188 1312 3259 longmvam
1343 3189 1534 3253 vitam,
1566 3190 1680 3244 vic-
1830 3187 1892 3244 4.
1929 3185 1992 3240 Si
2018 3201 2144 3253 ergo
2167 3200 2332 3253 super
2358 3188 2568 3238 terram
2592 3189 2743 3238 esset.
2772 3185 2936 3239 Ratio
2964 3201 3066 3240 cur
3093 3186 3354 3243 Christus

110 3271 282 3326 toriam
311 3273 692 3335 inimicorum,
726 3280 785 3330 et
806 3281 1008 3331 caetera
1034 3277 1122 3332 his
1147 3277 1372 3333 similia.
1398 3280 1561 3334 Jesus
1577 3294 1680 3333 au-
1763 3276 2013 3347 seipsum
2067 3272 2351 3339 obtulerit,
2384 3272 2452 3339 si,
2496 3272 2699 3343 inquit,
2726 3278 2876 3328 esset
2924 3291 3094 3346 super
3147 3281 3359 3332 terram

112 3362 205 3414 tem
230 3363 462 3433 spondet
491 3379 653 3435 spem
683 3380 786 3435 per
811 3381 979 3436 quam
1009 3367 1392 3438 proximamus
1407 3367 1682 3433 adDeum,
1767 3365 1915 3437 quod
1938 3380 2038 3435 pro
2058 3362 2299 3434 peccatis
2326 3362 2501 3416 totius
2525 3362 2725 3416 mundi
2753 3363 2923 3434 digne
2939 3369 3128 3435 posset
3146 3366 3355 3433 oﬂ‘erri,

109 3444 158 3500 id
173 3454 265 3508 est,
282 3449 454 3505 vitam
481 3451 848 3518 aeternam-in
876 3469 985 3524 qua
1016 3454 1324 3509 videbimus
1343 3456 1524 3510 Deum
1544 3454 1686 3509 facie
1765 3470 1880 3510 non
1904 3458 2053 3509 esset
2081 3452 2342 3507 sacerdos
2370 3452 2569 3506 oﬂ‘erre
2618 3451 2840 3522 dignus,
2875 3458 2933 3509 et
2964 3454 3091 3509 ideo
3118 3455 3362 3511 mundus

115 3535 171 3588 ad
195 3537 402 3593 faciem.
436 3540 545 3594 Vel
570 3556 806 3611 sponsor
825 3547 912 3596 est
935 3543 1075 3596 Novi
1097 3544 1444 3598 Testamenti
1482 3560 1683 3599 secun-
1764 3544 1906 3599 bene
1933 3543 2136 3598 obtulit
2152 3541 2383 3595 mundo.

116 3620 227 3679 dum
254 3626 627 3697 divinitatem,
672 3630 807 3700 quia
840 3631 1033 3686 omnia
1062 3649 1184 3703 quae
1228 3633 1396 3687 Pater
1436 3632 1586 3701 facit,
1628 3637 1685 3688 et
1838 3631 1890 3689 5.
1927 3633 2253 3688 Cwlestium.
2287 3627 2548 3684 Coelestia
2588 3632 2750 3682 vocat
2789 3635 3123 3700 prmsentem
3151 3632 3362 3689 Christi

118 3708 215 3781 ipse
238 3715 384 3771 facit.
1706 3714 1752 3773 Β
1773 3721 2095 3787 Ecclesium,
2123 3720 2283 3790 cujus
2314 3734 2446 3790 pars
2485 3721 2573 3771 est
2598 3716 2656 3770 in
2694 3718 2884 3783 caelis;
2925 3736 3056 3789 pars
3104 3726 3368 3776 secutura

175 3801 251 3859 20.
272 3806 523 3862 Alanos.
558 3808 704 3862 Unde
723 3815 774 3863 et
789 3811 1020 3864 salvare.
1047 3810 1183 3874 Quis
1205 3815 1290 3864 est
1305 3810 1398 3881 qui
1422 3810 1687 3882 interpel-
1773 3810 1955 3864 adhuc
1972 3807 2363 3880 peregrinatur
2387 3805 2445 3858 in
2474 3805 2659 3859 terris.
2689 3805 2845 3859 Hanc
2872 3807 3191 3877 ﬁgurabant
3213 3825 3368 3879 quae-

119 3887 200 3957 lat,
222 3891 323 3947 nisi
343 3895 836 3951 humanaenaturae
858 3898 1136 3953 divinitati
1165 3899 1504 3969 conjunctio,
1521 3916 1691 3970 quam
1772 3915 1993 3969 cunque
2021 3897 2080 3951 in
2104 3894 2472 3950 sacramentis
2508 3893 2730 3948 Veteris
2765 3895 3110 3950 Testamenti
3134 3896 3364 3952 fiebant.

118 3984 324 4047 paterno
347 3984 490 4039 solio
521 3985 749 4040 advexit
774 4003 1132 4059 semper......
1262 3990 1330 4043 ad
1362 3989 1691 4043 salvandum
1774 3988 1930 4043 Sicut
1961 3987 2135 4041 alias:
2169 3987 2290 4040 llam
2318 3987 2506 4038 omnia
2538 3986 2601 4036 in
2616 3985 2801 4050 ﬁgura
2827 3985 3362 4051 contingebanlillis.

114 4065 353 4126 idoneos?
402 4073 523 4130 Alii
570 4076 885 4146 pontiﬁces,
916 4077 1050 4148 quia
1095 4095 1318 4149 semper
1344 4094 1458 4132 non
1508 4084 1689 4144 erant,
1846 4077 1895 4131 6.
1930 4077 2243 4144 Exemplar.
2271 4072 2567 4142 Exemplar
2591 4076 2834 4134 vocatur,
2859 4076 2917 4125 et
2944 4071 3084 4126 illud
3113 4074 3259 4144 quod
3282 4076 3367 4139 ﬁt,

115 4169 308 4229 semper
330 4178 444 4217 non
496 4161 970 4235 interpellabant;
998 4165 1090 4221 hic
1113 4183 1224 4221 non
1251 4166 1433 4221 solum
1479 4167 1540 4222 in
1588 4168 1694 4221 hac
1774 4170 1832 4220 et
1856 4165 1992 4219 illud
2040 4164 2109 4217 ad
2156 4164 2317 4233 cujus
2367 4160 2793 4215 similitudinem
2834 4160 3046 4232 aliquid
3103 4163 3186 4231 ﬁt,
3227 4163 3373 4218 sicut

114 4243 210 4299 vita
220 4249 391 4306 salvat
411 4268 519 4323 per
536 4251 1052 4325 interpellationem
1072 4255 1442 4310 humanitatis
1454 4256 1689 4322 suae,sed
1774 4253 2003 4326 species,
2037 4253 2244 4322 imago,
2267 4251 2466 4320 ﬁgura,
2485 4248 2812 4304 similitudo.

119 4332 262 4390 etiam
289 4338 346 4393 in
363 4340 561 4396 futuro
588 4342 886 4412 gloriﬁcat,
915 4343 1051 4399 dum
1090 4344 1277 4399 tradet
1315 4360 1551 4414 regnum
1576 4344 1693 4399 Deo
1845 4341 1900 4398 7.
1931 4343 2195 4397 Melioris.
2237 4338 2485 4393 Melioris
2516 4343 2919 4393 testamentum
2956 4346 3117 4395 vocat
3158 4357 3368 4412 praece-

119 4426 166 4475 et
191 4423 355 4497 Patri,
381 4435 441 4484 et
468 4430 744 4502 perducet
776 4437 998 4487 sanctos
1041 4432 1113 4486 ad
1140 4432 1404 4488 visionem
1447 4438 1696 4505 paternae
1777 4436 1876 4504 pta
1907 4428 2248 4499 evangelica,
2270 4443 2371 4497 per
2390 4442 2629 4497 quorum
2656 4425 3068 4483 observantiam
3085 4429 3372 4500 promitti-

118 4513 423 4585 majestatis.
1778 4528 1874 4575 tur
1900 4517 2269 4588 verajustitia
2296 4520 2355 4570 et
2371 4515 2486 4570 vita
2513 4521 2740 4583 aeterna,
2772 4516 2878 4571 hoc
2927 4523 3014 4572 est
3044 4518 3194 4573 enim
3225 4519 3375 4590 quod

173 4599 463 4663 21.Lma.
492 4608 597 4662 Per
610 4611 977 4679 semetipsum.
1014 4608 1145 4682 Ipse
1174 4610 1431 4665 Salvator
1444 4610 1504 4665 in
1524 4611 1700 4666 Evan-
1781 4608 2039 4682 sequitur
2069 4626 2080 4661 :
2114 4607 2266 4674 Quod
2293 4608 2357 4659 in
2383 4606 2725 4669 melioribus,
2756 4610 2862 4660 etc.

124 4689 250 4757 gelio
272 4692 404 4750 dicit
439 4715 451 4750 :
500 4697 670 4752 Nemo
705 4701 854 4753 venit
889 4701 964 4753 ad
1017 4701 1256 4763 Patrem,
1317 4701 1433 4753 nisi
1464 4714 1563 4769 per
1616 4715 1701 4753 me
1852 4697 1906 4756 8.
1948 4699 2272 4765 Vituperans
2309 4697 2481 4749 enim.
2516 4692 2722 4750 Probat
2774 4696 3099 4767 prophetica
3136 4699 3376 4753 auctori-

117 4776 274 4845 (Joan.
298 4784 430 4855 xw).
451 4785 525 4840 Et
541 4785 712 4842 alias:
739 4787 849 4855 Ego
867 4804 993 4842 sum
1014 4791 1238 4852 ostium;
1260 4803 1362 4858 per
1390 4804 1474 4842 me
1501 4791 1554 4841 si
1577 4790 1702 4857 quis
1783 4791 1900 4843 tate
1947 4786 2080 4857 quia
2127 4783 2314 4838 saeculi
2365 4783 2519 4837 locus
2566 4782 2887 4854 inquiritur.
2925 4785 3150 4849 Quanta
3186 4792 3376 4843 autem

121 4865 395 4937 introierit,
418 4876 738 4930 saloabitur
763 4878 937 4944 (Joan.
965 4879 1048 4946 x).
1784 4876 2032 4930 locorum
2062 4877 2120 4927 et
2146 4872 2591 4943 disputationum
2628 4871 2939 4928 subtilitate
2994 4874 3081 4929 hae
3130 4875 3377 4946 epistolae

182 4955 531 5019 2‘2.AMBaos.
586 4965 861 5020 Excelsior
893 4967 1097 5034 factus.
1131 4964 1276 5030 Quia
1302 4966 1542 5022 adorant
1570 4982 1699 5021 eum
1784 4966 1963 5037 plenae
2010 4963 2143 5030 sint,
2179 4962 2328 5030 (licet
2354 4961 2474 5033 ipse
2499 4962 2800 5032 Apostolus
2828 4963 2889 5017 in
2942 4963 3234 5019 scribendo
3263 4981 3376 5020 non

124 5055 292 5103 omnes
314 5051 502 5123 angeli
533 5044 665 5107 Dei.’
1784 5058 2024 5116 curaret,
2050 5052 2170 5124 ipse
2193 5050 2342 5106 enim
2368 5051 2428 5104 in
2476 5050 2756 5122 sapientia
2781 5051 2935 5107 verbi
2963 5058 3021 5108 et
3065 5053 3375 5109 subtilitate

183 5132 262 5192 23.
290 5138 498 5195 Lmen.
520 5143 626 5198 Lex
643 5145 814 5198 enim.
841 5143 1006 5199 Ratio
1037 5160 1139 5199 cur
1156 5145 1475 5200 sacerdotes
1505 5160 1702 5200 neces-
1721 5152 1765 5212 ο
1784 5157 2104 5198 sermonum
2134 5156 2195 5195 se
2229 5156 2342 5194 non
2361 5140 2517 5211 loqui
2546 5141 2685 5195 alias
2704 5141 3280 5213 testatur),perspicax
3301 5142 3378 5197 le-

128 5218 326 5280 Sitatem
369 5222 619 5284 habeant
662 5231 911 5302 quotidie
940 5249 1042 5304 pro
1070 5233 1186 5288 suis
1216 5233 1435 5287 delictis
1489 5232 1701 5288 sacrifi-
1785 5237 1906 5287 ctor
1925 5231 2133 5303 poterit
2152 5228 2663 5283 invenire.Summa
2688 5229 3084 5300 disputationis
3098 5230 3177 5284 sic
3194 5247 3254 5284 se
3273 5231 3380 5285 ha-

129 5311 288 5381 candi;
318 5315 574 5373 Christus
603 5324 792 5375 autem
820 5337 952 5377 non.
1784 5321 1880 5375 bet
1905 5340 1916 5374 :
1938 5321 2000 5376 Si
2022 5320 2168 5373 illud
2186 5321 2351 5386 prius
2400 5320 2561 5386 culpa
2591 5323 2844 5383 vacasset,
2868 5320 3056 5372 seculi
3083 5321 3228 5373 locus
3267 5335 3380 5375 non

189 5400 334 5457 CAP.
351 5404 500 5461 VIII.
541 5437 605 5449 -—-
629 5407 940 5467 LAMunos.
965 5410 1286 5480 Capitulum
1329 5418 1536 5466 autem.
1559 5411 1705 5466 Prze—
1788 5410 2440 5479 inquireret,vituperans
2455 5409 2626 5472 enim,
2650 5405 2924 5459 etc.Prius
2940 5422 3072 5475 ergo
3093 5407 3256 5478 culpa
3269 5425 3379 5463 non

132 5488 356 5548 cedentis
394 5495 778 5568 dispositionis
822 5500 1232 5572 recapitulatio,
1267 5501 1338 5555 ad
1364 5517 1483 5555 rem
1523 5500 1704 5573 ipsam
1785 5496 2081 5565 vacavit,id
2103 5501 2205 5562 est,
2226 5494 2508 5549 hominem
2524 5495 2729 5564 aculpa
2743 5493 3240 5564 perfecteliberare
3269 5514 3381 5554 non

131 5574 388 5638 deducens
414 5586 749 5643 auditorem.
1784 5587 1986 5660 potuit,
2019 5585 2164 5640 sicut
2184 5589 2413 5638 econtra
2439 5582 2509 5636 de
2540 5583 2695 5636 Novo
2739 5583 3101 5637 Testamento
3127 5584 3337 5641 dicitur
3367 5606 3379 5641 ε

188 5661 237 5722 2.
259 5668 463 5727 Lam.
481 5673 800 5746 Capitulum
825 5681 1033 5734 autem.
1058 5679 1381 5752 Capitulum
1403 5683 1489 5735 est
1519 5678 1701 5736 brevis
1785 5676 2113 5732 Mandatum
2133 5678 2250 5727 sine
2265 5673 2504 5735 macula;
2518 5674 2576 5726 et
2599 5673 2734 5727 :Lea
2754 5672 2982 5727 Domini
2992 5674 3382 5751 immaculata.

348 5770 609 5837 Paraon.
655 5776 773 5838 CL.
2232 5848 2245 5859 .
3070 5769 3143 5833 13
