3878 6396
579 330 686 395 39.5

1568 331 1632 389 B.
1671 330 2088 393 LANFRANQI
2125 332 2487 391 OANTUAR:
2526 334 2865 395 ARCHIEP.

3713 340 3796 401 396

574 458 914 519 manserunt
931 452 992 508 in
1013 456 1355 515 testamento
1397 470 1543 522 meo,
1568 461 1627 512 et
1654 472 1757 527 ego
1789 457 2009 528 neglexi
2038 472 2153 521 eos,
2181 456 2317 512 dicit
2339 456 2634 525 Dominus,
2667 459 2800 530 quia
2817 459 2924 519 hoc
2942 464 3030 514 est
3055 464 3458 521 testamentum
3476 461 3616 532 quod
3636 463 3794 534 dispe-

577 561 715 605 nam
734 540 929 607 domui
947 542 1123 601 Israel
1143 548 1269 614 post
1288 542 1410 598 dies
1436 544 1588 613 illos,
1611 545 1751 605 dicit
1785 545 2088 601 Dominus:
2132 547 2328 607 Dando
2349 548 2500 618 leges
2519 566 2675 604 meas
2700 549 2759 604 in
2773 556 3023 605 mentem
3048 566 3263 617 eorum,
3296 556 3356 607 et
3379 551 3436 605 in
3455 552 3613 609 corde
3635 569 3797 609 eorum

583 631 998 703 superscribam
1019 648 1136 698 eas,
1158 637 1215 686 et
1237 648 1331 685 ero
1361 632 1442 687 eis
1470 632 1531 687 in
1560 634 1759 699 Deum,
1799 641 1857 689 et
1882 636 1989 706 ipsi
2022 642 2192 693 erunt
2218 636 2353 693 mihi
2374 637 2432 695 in
2453 639 2744 708 populum,
2775 644 2832 691 et
2855 655 2969 693 non
2999 639 3219 697 docebit
3248 639 3623 710 unusquisque
3650 643 3796 711 proxi-

579 737 739 779 mum
759 737 946 787 suum,
978 724 1037 775 et
1065 721 1454 792 unusquisque
1485 722 1720 777 fratrem
1753 739 1940 789 suum,
1995 724 2187 778 dicens
2222 737 2235 771 ε
2278 726 2562 795 Cognosce
2609 727 2932 793 Dominum,
2965 728 3229 801 quoniam
3274 745 3468 787 omnes
3494 729 3662 787 scient
3684 746 3801 787 mea

579 809 801 871 minore
824 809 1092 881 usquead
1127 810 1407 880 majorem
1435 827 1652 878 eorum,
1678 812 1813 883 quia
1830 812 2109 883 prapitius
2126 831 2222 868 ero
2250 814 2646 884 iniquitatibus
2661 831 2875 881 eorum,
2902 822 2960 871 et
2989 822 3345 886 peccatorum
3374 833 3564 874 eorum
3588 819 3696 887 jam
3709 834 3801 873 non

579 897 955 963 memorabor.
979 897 1031 953 9.
1061 898 1308 965 Dicenda
1336 904 1527 957 autem
1553 916 1780 969 novum,
1812 902 2083 957 veteravit
2107 902 2286 974 prius.
2310 903 2471 969 Quod
2500 910 2692 959 autem
2727 904 3058 975 antiquatur
3093 910 3152 960 et
3192 905 3432 965 senescit
3459 921 3624 977 prope
3651 906 3799 961 inter-

576 988 723 1049 itum
751 993 857 1045 est.

2023 1096 2261 1152 CAPUT
2285 1097 2380 1153 IX.

646 1221 860 1278 Habuit
879 1223 1108 1295 quidem
1134 1228 1192 1278 et
1217 1222 1373 1294 prius
1388 1222 1822 1293 justiﬁcationes
1851 1224 2105 1289 cultura,
2129 1227 2187 1277 et
2205 1228 2461 1277 sanctum
2487 1223 2536 1279 1.
2568 1224 2855 1279 saeculare.
2886 1223 3335 1280 Tabernaculum
3358 1225 3508 1279 enim
3534 1226 3721 1280 factum
3734 1231 3799 1279 est

575 1311 843 1384 primum,
866 1312 927 1366 in
956 1328 1066 1383 quo
1081 1317 1246 1366 erant
1275 1310 1633 1377 candelabra,
1655 1317 1712 1365 et
1728 1328 1943 1379 mensa,
1975 1316 2033 1365 et
2055 1311 2361 1384 propositio
2384 1328 2618 1383 panum,
2648 1330 2771 1385 quae
2795 1313 3002 1369 dicitur
3030 1315 3253 1369 Sancta.
3298 1314 3438 1371 Post
3464 1315 3800 1369 velamentum

574 1400 764 1459 autem
782 1400 1108 1465 secundum,
1133 1398 1582 1466 tabernaculum,
1618 1390 1767 1472 quod
1795 1399 2018 1467 dicitur,
2052 1401 2257 1455 Sancta
2285 1407 2630 1469 sanctorum;
2667 1418 2903 1459 aureum
2931 1402 3144 1458 habens
3174 1390 3547 1472 thuribulum,
3569 1409 3622 1458 et
3644 1418 3801 1463 amam

573 1486 901 1544 testamenti
926 1489 1346 1543 circumtectam
1378 1504 1444 1542 ex
1475 1488 1628 1541 omni
1659 1494 1815 1558 parte
1842 1504 1997 1553 auro,
2045 1490 2105 1544 iu
2136 1506 2247 1560 qua
2277 1506 2422 1543 urna
2464 1507 2638 1544 aurea
2690 1490 2903 1545 habens
2940 1508 3168 1558 manna,
3200 1498 3257 1546 et
3295 1476 3455 1563 virga
3481 1480 3675 1558 Aaron,
3702 1506 3801 1561 qua

576 1572 700 1661 ξπ
716 1572 752 1644 i
767 1576 1182 1644 fronduerat,et
1194 1574 1399 1631 tabulae
1415 1577 1831 1643 testamenti,su
1836 1593 2048 1661 perque
2060 1594 2183 1631 eam
2202 1586 2365 1635 erant
2379 1577 2683 1634 Cherubim
2703 1581 2904 1651 gloriae
2922 1579 3319 1636 obumbrantia
3346 1579 3767 1661 propitiatorium
3785 1599 3795 1638 ;

574 1648 644 1729 de
666 1665 871 1737 quibus
898 1682 1011 1741 non
1041 1672 1127 1721 est
1154 1666 1321 1720 modo
1349 1666 1650 1727 dicendum
1677 1683 1778 1738 per
1806 1654 2048 1736 singula.
2096 1662 2197 1720 His
2247 1683 2379 1720 vero
2402 1667 2487 1722 ita
2544 1648 2890 1739 compositis,
2922 1669 2981 1727 in
3010 1669 3183 1741 priori
3211 1648 3802 1740 quidemjtabernaculo

573 1755 797 1833 semper
824 1755 1137 1833 introibant
1164 1756 1497 1822 sacerdotes,
1523 1752 1931 1811 sacriﬁciorum
1962 1756 2145 1810 oiiicia
2166 1763 2652 1824 consummantes;
2685 1758 2767 1812 ita
2794 1758 3035 1812 secundo
3062 1763 3252 1813 autem
3282 1746 3457 1813 semel
3493 1758 3552 1813 in
3574 1773 3708 1812 anno
3728 1773 3801 1810 so-

571 1837 661 1900 lus
681 1844 1075 1917 pontifex,non
1106 1844 1225 1898 sine
1250 1843 1544 1914 sanguine,
1575 1860 1739 1916 quem
1768 1844 1931 1898 offert
1958 1861 2060 1921 pro
2085 1861 2189 1897 sua
2218 1849 2278 1898 et
2295 1844 2489 1921 populi
2516 1845 2857 1916 ignorantia,
2878 1847 2984 1900 hoc
3012 1846 3364 1916 signiﬁcante
3396 1847 3606 1918 Spiritu
3635 1849 3799 1899 sancto

570 1924 821 1991 nondum
846 1932 1193 2007 propalatam
1218 1950 1339 1987 esse
1352 1931 1735 1988 2.sanctorum
1768 1933 1939 2002 viam,
1961 1918 2143 1988 adhuc
2170 1918 2416 2004 3.priore
2444 1934 2808 1989 tabernaculo
2835 1933 3076 1990 habente
3096 1942 3327 1991 statum.
3347 1936 3484 2001 Quae
3513 1934 3807 2006 4.parabola

571 2016 657 2079 est
691 2012 965 2098 temporis
992 2020 1274 2086 instantis,
1297 2021 1458 2090 juxta
1489 2038 1661 2101 quam
1681 2038 1919 2076 munera
1951 2028 2008 2075 et
2037 2020 2229 2075 hostiae
2268 2021 2597 2084 offeruntur,
2629 2040 2753 2093 quae
2776 2040 2889 2077 non
2925 2032 3162 2101 possunt
3185 2026 3341 2095 juxta
3366 2010 3416 2081 5.
3442 2022 3805 2079 conscientiam

568 2111 882 2185 perfectum
909 2109 1091 2165 facere
1120 2110 1456 2163 servientem
1489 2098 1840 2164 solummodo
1861 2110 1920 2164 in
1951 2109 2174 2175 cibis,et
2192 2111 2252 2164 in
2279 2111 2523 2182 potibus,
2542 2118 2599 2166 et
2622 2111 2792 2165 variis
2820 2098 3271 2183 baptismatibus,
3295 2119 3352 2167 et
3374 2114 3611 2183 justitiis
3626 2110 3800 2175 carnis,

566 2198 747 2277 usque
768 2200 838 2253 ad
863 2204 1087 2270 tempus
1115 2197 1474 2251 correctionis
1504 2192 1801 2279 impositis.
1837 2198 2096 2252 Christus
2122 2204 2314 2255 autem
2343 2200 2611 2255 assistens
2639 2200 2887 2273 pontifex
2914 2201 3234 2256 futurorum
3262 2198 3561 2270 bonorum,
3592 2218 3683 2272 per
3699 2215 3803 2254 am-

565 2285 716 2362 plius
741 2286 799 2342 et
824 2286 1122 2359 perfectius
1153 2283 1206 2342 6.
1237 2282 1665 2340 tabernaculum
1694 2303 1807 2341 non
1838 2288 2243 2354 manufactum,
2273 2288 2330 2342 id
2362 2294 2465 2351 est.
2494 2306 2607 2343 non
2634 2288 2801 2359 hujus
2831 2290 3149 2357 creationis,
3172 2300 3354 2360 neque
3374 2307 3479 2360 per
3505 2288 3803 2359 sanguinem

566 2378 852 2433 hircorum
883 2381 983 2430 aut
1011 2375 1334 2441 vitulorum,
1359 2375 1458 2429 sed
1487 2392 1588 2446 per
1618 2376 1912 2447 proprium
1940 2375 2294 2445 sanguinem,
2330 2375 2582 2430 introivit
2610 2378 2784 2430 semel
2812 2377 2928 2431 7.in
2958 2379 3182 2444 Sancta,
3207 2384 3417 2432 aeterna
3446 2375 3802 2448 redemptione

564 2466 891 2523 intentaﬁi
918 2465 1067 2519 enim
1086 2465 1317 2534 sanguis
1347 2464 1636 2517 hircorum
1664 2471 1719 2517 et
1746 2468 2061 2530 taurorum,
2090 2471 2148 2518 et
2182 2464 2322 2518 cinis
2350 2465 2537 2520 vitula;
2567 2480 2849 2536 aspersus,
2870 2467 3194 2537 inquinatos
3221 2467 3537 2521 sanctiﬁcat
3555 2464 3801 2521 ademun-

564 2555 849 2610 elationem
862 2552 1283 2623 carnis,quanto
1304 2553 1483 2622 magis
1499 2553 1730 2623 sanguis
1749 2552 2081 2623 Ghristi,qui
2111 2569 2210 2623 per
2229 2552 2500 2623 Spiritum
2525 2559 2780 2607 sanctum
2806 2555 3170 2626 semetipsum
3185 2554 3389 2609 obtulit
3402 2555 3800 2609 immaculatum

561 2636 1037 2710 Beo,'emundabit
1059 2640 1461 2695 conscientiam
1482 2639 1812 2697 nostram8.
1837 2640 1908 2693 ab
1939 2640 2207 2711 Operibus
2252 2642 2508 2705 mortuis,
2543 2642 2611 2695 ad
2650 2643 3005 2698 serviendum
3034 2645 3149 2698 Deo
3175 2644 3425 2697 viVenti?
3456 2645 3526 2698 Et
3552 2643 3671 2697 ideo
3690 2639 3797 2695 novi

560 2733 886 2788 testamenti
902 2731 954 2787 9.
990 2731 1268 2784 mediator
1284 2726 1564 2795 est,ut10.
1602 2734 1782 2783 morte
1811 2729 2205 2783 intercedente
2232 2729 2678 2800 redemptionem
2735 2746 2929 2785 earum
2959 2730 3480 2801 praevaricationum
3517 2748 3637 2803 quae
3667 2732 3804 2784 erant

559 2822 664 2878 sub
680 2820 852 2893 priori
872 2825 1217 2875 testamento
1234 2818 1727 2888 repromissionem
1750 2818 2049 2889 accipiant,
2076 2817 2171 2888 qui
2202 2818 2378 2871 vocati
2399 2824 2548 2885 sunt,
2566 2824 2787 2873 aeternae
2816 2820 3179 2874 haereditatis.
3218 2819 3236 2875 1
3259 2818 3303 2876 l.
3326 2820 3431 2874 Ubi
3461 2821 3613 2874 enim
3648 2823 3800 2872 testa-

557 2917 811 2966 mentum
834 2913 940 2975 est,
973 2916 1125 2963 more
1142 2922 1369 2962 necesse
1400 2913 1485 2960 est
1511 2907 1823 2960 intercedat
1854 2906 2590 2962 testatoris.T'estamentum
2622 2908 2773 2961 enim
2806 2906 2889 2963 l2.
2922 2909 2980 2961 in
3010 2908 3246 2962 mortuis
3277 2909 3668 2962 conﬁrmatum
3690 2911 3764 2959 est
3793 2921 3801 2955 :

561 2999 813 3072 alioquin
831 2999 1080 3054 nondum
1096 2999 1264 3060 valet,
1282 2996 1417 3050 dum
1440 2995 1571 3048 vivit
1587 2995 1683 3064 qui
1702 3000 1943 3049 testatus
1957 3001 2061 3049 est.
2078 2995 2240 3050 Unde
2270 3012 2371 3049 nec
2401 2996 2646 3066 primum
2669 2997 2898 3067 quidem
2927 2998 3047 3051 sine
3061 2997 3336 3067 sanguine
3365 2997 3681 3051 dedicatum
3709 2996 3797 3047 est.

566 3090 756 3145 Lectio
787 3089 939 3142 enim
966 3087 1121 3141 omni
1148 3085 1417 3140 mandato
1445 3085 1587 3154 legis
1613 3100 1647 3136 a
1678 3083 1873 3155 Moyse
1902 3084 2164 3138 universo
2202 3085 2427 3155 populo,
2462 3085 2739 3156 accipiens
2761 3087 3093 3156 sanguinem
3118 3086 3421 3139 vitulorum
3451 3090 3514 3139 et
3542 3083 3801 3137 hircorum

561 3180 693 3231 eum
720 3191 889 3246 aqua,-
922 3178 981 3228 et
1006 3174 1137 3227 lana
1160 3172 1417 3226 coccinea
1446 3176 1504 3225 et
1528 3172 1771 3243 hyssopo
1820 3173 2001 3243 ipsum
2056 3189 2276 3243 quoque
2302 3173 2508 3227 librum
2537 3180 2594 3228 et
2620 3191 2845 3230 omnem
2870 3176 3137 3246 populum
3167 3174 3425 3244 aspersit,
3455 3174 3647 3227 dicens
3676 3172 3688 3223 ἐ
3723 3166 3807 3222 Hic

562 3265 797 3336 sanguis
825 3262 1151 3317 testamenti
1171 3261 1319 3331 quod
1349 3261 1636 3314 mandavit
1655 3261 1725 3314 ad
1754 3277 1849 3315 vos
1871 3262 2039 3316 Deus.
2075 3261 2258 3315 Etiam
2289 3260 2711 3318 tabernaculum
2736 3270 2793 3319 et
2821 3268 3010 3331 zu,
3038 3263 3227 3317 omnia
3254 3274 3388 3317 Vasa
3399 3259 3693 3316 ministerii
3708 3271 3812 3311 san-

560 3354 737 3424 guine
756 3351 1021 3406 similiter
1047 3349 1385 3421 aspersit.Et
1407 3348 1599 3403 omnia
1616 3360 1758 3419 pene
1779 3349 1839 3402 in
1876 3350 2150 3420 sanguine
2178 3348 2483 3405 secundum
2531 3353 2713 3423 legem
2752 3354 3120 3419 mandantur,
3150 3357 3207 3408 et
3231 3351 3354 3405 sine
3375 3351 3663 3421 sanguinis
3687 3348 3809 3402 effu-

567 3444 729 3499 sione
759 3446 874 3497 non
901 3442 967 3495 ﬁt
986 3439 1263 3494 remissio.
1292 3441 1534 3496 Necesse
1560 3440 1645 3493 est
1664 3454 1797 3509 ergo
1826 3440 2167 3511 exemplaria
2195 3441 2421 3511 quidem
2450 3442 2761 3497 emiestium
2790 3441 2880 3496 his
2912 3440 3194 3507 mandari,
3218 3439 3343 3511 ipsa
3369 3444 3564 3494 autem
3592 3432 3814 3493 coelestia

1966 3551 2564 3623 COMMENTARIUS.

631 3677 689 3743 ὓ,
707 3679 943 3737 Dicenda
957 3682 1143 3732 autem
1155 3691 1378 3732 novum.
1403 3674 1493 3731 Ita
1520 3680 1652 3739 sunt
1672 3673 1820 3729 inter
1844 3690 1905 3728 se
1936 3672 2155 3729 Novum
2175 3680 2218 3734 A
2311 3670 2364 3727 7.
2394 3675 2462 3727 In
2491 3673 2713 3728 Sancta.
2733 3672 2973 3744 Exponit
2992 3655 3140 3744 quod
3167 3670 3426 3741 superius
3446 3667 3722 3726 vocaverit
3744 3670 3811 3721 ta-

560 3770 832 3835 OtVetus,
853 3768 998 3831 sicut
1015 3782 1284 3837 magnum
1313 3770 1370 3819 et
1397 3780 1657 3836 parvum.
1698 3763 2156 3833 Quotiescunque
2237 3761 2605 3817 bernaculum
2633 3779 2748 3819 non
2776 3762 3180 3829 manufactum,
3211 3758 3471 3815 videlicet
3498 3764 3689 3817 sancta
3701 3769 3812 3810 san-

559 3860 712 3919 onim
734 3860 860 3922 dum
882 3874 974 3921 res
1002 3857 1152 3916 inter
1179 3872 1239 3911 se
1281 3853 1664 3917 conferuntur,
1708 3853 1757 3907 si
1786 3869 1903 3909 una
1929 3858 2161 3908 vocatur
2240 3856 2458 3906 ctorum
2487 3851 2752 3905 coelestia.

561 3965 724 4013 nova,
753 3948 935 4005 altera
960 3950 1157 4013 vetus;
1192 3949 1249 3999 et
1275 3948 1521 4001 econtra.

2313 3938 2368 3996 8.
2397 3942 2651 3995 Aueaos.
2683 3942 2763 3995 Ab
2791 3943 3061 4011 operibus.
3096 3941 3155 3997 Si
3193 3939 3318 4011 quis
3337 3937 3612 4009 tangebat
3636 3947 3813 4004 corpus

633 4038 792 4094 CAP.
822 4037 919 4092 IX;
942 4064 1007 4075 —
1028 4033 1076 4091 1.
1101 4034 1306 4089 Lassa.
1332 4034 1621 4093 Saeculare.
1667 4031 2016 4087 Sacriﬁcium
2066 4033 2159 4088 Ju-
2242 4034 2546 4093 mortuum,
2580 4029 2956 4102 polluebatur;
2990 4036 3048 4087 et
3069 4030 3159 4084 hic
3190 4028 3239 4083 si
3268 4029 3394 4100 quis
3421 4025 3676 4098 tetigerit
3695 4035 3815 4093 opus

560 4127 811 4189 (imorum
835 4130 995 4183 vocat
1023 4123 1306 4185 saeculare,
1337 4121 1425 4179 vel
1449 4120 1585 4191 quia
1610 4121 2017 4186 transitorium,
2052 4120 2159 4177 sic-

562 4220 629 4270 ut
651 4213 840 4269 omnia
870 4228 993 4283 quae
1020 4212 1190 4281 hujus
1219 4209 1406 4269 seaculi
1434 4214 1584 4276 sunt,
1607 4210 1695 4263 vel
1714 4210 2156 4280 quiainmodum

562 4303 836 4375 tomporis
855 4301 1093 4371 singulis
1113 4299 1277 4356 annis
1300 4299 1497 4359 eadem
1524 4297 1942 4369 repetebantur.

2241 4123 2547 4179 mortuum.
2571 4119 2989 4175 contaminatur
3007 4137 3108 4192 per
3134 4116 3555 4174 conscientiam.

2311 4206 2363 4265 9.
2384 4209 2593 4262 LANFR.
2615 4210 2886 4263 Mediator
2904 4215 2998 4264 est.
3029 4210 3097 4265 In
3116 4225 3182 4263 eo
3202 4207 3352 4280 quod
3381 4207 3552 4262 homo
3579 4209 3680 4270 est,
3704 4196 3816 4255 novi

2238 4294 2584 4369 Testamenti
2613 4297 2891 4351 mediator
2910 4296 3048 4367 fuit;
3099 4296 3232 4368 quia
3257 4297 3443 4367 legem
3470 4294 3579 4353 Dei
3604 4287 3817 4348 homini-

634 4392 690 4453 2.
722 4392 1059 4449 Sanctorum
1084 4392 1254 4443 viam.
1290 4390 1623 4449 Sanctorum
1667 4388 1760 4443 via
1811 4394 1898 4443 est
1925 4390 2009 4447 vel
2040 4389 2159 4461 ipse
2240 4383 2345 4440 bus
2376 4386 2591 4442 attulit.

565 4483 843 4546 Christus,
874 4479 961 4539 vel
990 4477 1298 4549 spiritualis
1324 4464 1700 4547 intelligentia
1720 4478 1885 4547 legis.

633 4556 903 4625 3.Pri0re.
934 4566 1098 4621 Prius
1125 4565 1553 4625 tabernaculum
1583 4571 1671 4619 est
1689 4567 1933 4622 carnalis
1959 4566 2164 4623 intelli-

561 4658 754 4731 gentia
782 4664 839 4712 et
865 4656 1219 4712 observantia
1245 4656 1405 4726 legis;
1431 4656 1758 4722 secundum,
1781 4658 2109 4728 spiritualis.

2314 4471 2408 4528 10.
2439 4475 2611 4527 Morte
2628 4476 3008 4528 intercedente.
3034 4474 3295 4528 Christus
3312 4478 3575 4535 mortuus
3593 4475 3694 4537 est,
3722 4480 3818 4522 non

2244 4562 2427 4618 solum
2452 4567 2516 4616 ut
2537 4568 2754 4634 gentes,
2816 4563 2916 4619 sed
2969 4567 3027 4617 et
3061 4564 3304 4632 Iudaeos,
3341 4570 3461 4619 tam
3490 4563 3642 4618 vivos
3670 4571 3818 4632 quam

2240 4658 2511 4717 mortuos,
2546 4654 2617 4707 ad
2632 4652 2805 4707 vitam
2824 4658 3093 4710 aeternam
3126 4654 3555 4727 praedestinatos
3574 4670 3612 4707 a
3635 4663 3820 4722 praeva-

632 4748 966 4807 4.Parabo,ta
987 4751 1081 4800 est.
1104 4745 1397 4816 Allegoria
1416 4744 1636 4800 Veteris
1664 4746 2029 4814 Testamenti;
2056 4748 2158 4800 hoc
2238 4740 2601 4797 ricationibus
2624 4758 2762 4815 quas
2788 4742 2895 4813 ipsi
2920 4742 3024 4798 sub
3048 4743 3223 4799 veteri
3257 4743 3386 4814 lege
3413 4740 3813 4801 commiserant,

561 4852 810 4910 pmsens
837 4840 1079 4907 tempus,
1098 4834 1158 4890 in
1179 4851 1288 4906 quo
1312 4834 1558 4895 Ecclesia
1587 4833 1795 4889 Christi
1820 4835 2091 4891 fundatur
2102 4842 2158 4890 et
2177 4831 2559 4910 “redimeret.

559 4926 750 4998 φυτεία
771 4926 913 4985 Novi
937 4924 1283 4981 Testamenti
1304 4923 1664 4995 praedicatur,
1691 4923 1988 4995 signiﬁcat.

632 5016 687 5075 5.
748 5016 1170 5075 Conscientiam.
1220 5015 1389 5079 Juxta
1442 5012 1841 5069 conscientiam
1891 5013 2044 5079 dicit,
2071 5016 2157 5069 vel

559 5105 694 5178 quia
719 5105 931 5175 legales
946 5103 1143 5163 hostiae
1189 5107 1425 5174 peccata
1452 5100 1856 5171 cogitationum
1885 5119 1999 5157 non
2022 5120 2159 5172 pur-

555 5197 788 5271 gabant,
816 5196 904 5251 vel
928 5194 1062 5265 quia
1081 5192 1155 5252 ab.
1189 5193 1379 5249 anima
1417 5191 1816 5246 conscientiam
1852 5190 2158 5262 perpetrati

554 5285 783 5344 aeeloris
810 5283 1057 5356 perfecte
1085 5281 1411 5351 abatergere
1438 5296 1549 5333 non
1574 5283 1858 5351 poterant.

629 5375 681 5432 6.
720 5374 1180 5429 Tabernaculum.
1207 5369 1655 5425 Tabernaculum
1710 5368 1861 5439 quod
1903 5368 2158 5423 Christus

552 5462 824 5528 introivit,
871 5465 1033 5519 vocat
1059 5459 1281 5524 coelum,
1333 5457 1482 5529 quod
1512 5457 1858 5528 peramplius
1896 5463 1955 5512 et
1980 5458 2156 5528 perfe-

552 5552 700 5619 ctius
728 5556 817 5607 est
841 5565 1015 5621 quam
1040 5547 1180 5605 illud
1210 5547 1535 5603 Iudaeorum
1557 5546 1986 5611 tabernaculum
2006 5546 2156 5618 quod

550 5639 830 5701 vocabant
848 5639 1060 5697 Sancta
1076 5640 1422 5696 sanctorum.

2176 4898 2224 4958 B
2308 4919 2394 4977 ll.
2435 4923 2530 4976 Ubi
2575 4927 2727 4977 enim
2785 4928 3191 4978 testamentum.
3222 4921 3466 4993 Exponit
3483 4934 3712 4976 causam
3737 4929 3820 4970 cur

2241 5008 2499 5064 Christus
2523 5018 2781 5066 mortuus
2827 5012 2918 5079 sit,
2945 5011 3204 5066 videlicet
3249 5011 3381 5083 quia
3434 5014 3822 5071 testamentum

2240 5099 2569 5157 conditurus
2613 5107 2755 5156 erat.
2812 5101 3237 5157 Testamentum
3273 5105 3466 5156 autem
3505 5099 3619 5154 nisi
3661 5113 3698 5152 a
3722 5109 3824 5149 mo-

2240 5188 2419 5244 riente
2447 5207 2559 5245 non
2580 5191 2859 5246 conditur.

2312 5278 2400 5334 12.
2426 5281 2493 5333 In
2506 5282 2761 5331 mortuis.
2791 5278 3111 5333 Secundum
3133 5276 3342 5348 legales
3357 5276 3543 5333 saeculi
3563 5275 3820 5347 loquitur.

2239 5367 2301 5421 in
2319 5366 2523 5437 quibus
2555 5367 2877 5438 praecipitur
2896 5367 3117 5422 vivente
3134 5370 3404 5421 testatore
3430 5368 3826 5421 testamentum

2239 5472 2353 5511 non
2378 5473 2501 5513 esse
2527 5462 2731 5510 ratum.
2760 5457 2857 5510 Est
2874 5462 3065 5511 autem
3107 5458 3528 5517 testamentum,
3564 5470 3602 5508 ει
3636 5468 3745 5524 quo
3763 5447 3823 5504 ad

2237 5544 2426 5601 divina
2475 5550 2816 5601 testamenta
2858 5544 3231 5601 similitudine
3272 5543 3519 5614 ducitur,
3552 5538 3822 5603 ordinat-i0
