3878 6382
119 354 206 412 397
764 354 842 406 IN
880 354 948 408 D.
993 353 1208 408 PAULI
1248 353 1471 407 EPIST.
1515 353 1888 410 COMMENT.
1930 388 1996 400 --
2036 357 2256 411 EPIST:
2298 358 2392 412 AD
2433 359 2642 412 HEBR.
3232 361 3340 419 39B

116 477 405 531 melioribus
425 476 618 530 hostiis
639 491 809 546 quam
834 476 977 530 istis.
1010 474 1094 532 13.
1115 478 1242 530 Non
1265 477 1414 530 enim
1443 478 1501 531 in
1534 478 1855 533 manufacta
1873 485 2069 534 saneta
2095 481 2123 534 J
2130 497 2258 534 esus
2283 481 2553 546 introivit,
2581 481 2924 552 exemplaria
2945 483 3342 548 verorum,sed

117 569 167 620 in
185 568 350 636 ipsum
381 563 596 628 coelum,
625 571 690 618 ut
709 572 976 636 appareat
997 582 1147 620 nunc
1169 567 1347 620 vultui
1363 567 1463 620 Dei
1483 578 1584 637 pro
1597 567 1776 634 nobis;
1799 583 1980 637 neque
1999 573 2064 622 ut
2081 583 2228 638 saepe
2249 569 2448 622 ollerat
2459 569 2842 638 semetipsum,
2869 569 3342 638 quemadmodum

117 654 328 724 pontifex
355 655 526 707 intrat
552 655 609 707 in
632 655 839 708 Sancta
869 671 967 725 per
991 656 1242 724 singulos
1282 672 1459 710 annos
1489 656 1547 709 in
1576 657 1850 725 sanguine
1893 657 2094 721 alieno,
2131 657 2378 726 alioquin
2405 656 2698 727 Oportebat
2723 673 2850 710 eum
2871 657 3196 727 frequenter
3224 657 3344 728 pati

119 745 176 796 ab
200 744 398 813 origine
426 744 638 796 mundi.
663 744 826 796 Nunc
855 749 1043 797 autem
1076 746 1250 798 semel
1280 745 1337 797 in
1359 746 1839 799 consummatione
1887 746 2238 811 saeculorum,
2270 747 2340 799 ad
2372 745 2794 799 destitutionem
2841 744 2930 801 14.
2977 745 3210 819 peccati,
3241 745 3346 820 per

119 833 330 885 hostiam
363 845 524 886 suam
554 834 838 903 apparuit.
878 834 946 886 Et
967 835 1443 903 quemadmodum
1477 839 1752 888 statutum
1783 839 1871 888 est
1896 834 2217 888 hominibus
2257 835 2432 888 semel
2462 834 2625 896 mori,
2658 841 2786 904 post
2816 835 2921 888 hoc
2949 839 3160 900 autem,
3187 833 3341 904 judi-

117 922 266 986 cium;
299 921 374 974 sic
401 926 458 974 et
478 922 732 975 Christus
756 922 929 974 semel
958 922 1176 976 oblatus
1207 928 1289 975 est
1320 923 1391 976 ad
1425 923 1732 976 multorum
1757 923 2138 976 exhaurienda
2166 929 2425 992 peccata;
2465 921 2547 978 15.
2566 923 2814 977 secundo
2848 920 2934 978 16.
2962 923 3085 977 sine
3113 929 3344 995 peccato

118 1008 377 1079 apparebit
399 1009 844 1080 exspectantibus
860 1025 940 1075 se,
972 1010 1032 1062 in
1053 1011 1312 1063 salutem.

1557 1100 1788 1154 CAPUT
1817 1099 1886 1157 Χ.

179 1184 218 1240 1;
248 1186 513 1240 Umbram
536 1188 685 1240 enim
711 1187 925 1241 habens
953 1187 1040 1240 lex
1065 1188 1384 1240 futurorum
1416 1186 1712 1253 bonorum,
1744 1188 1794 1242 2.
1830 1205 1941 1242 non
1962 1189 2144 1258 ipsam
2171 1189 2480 1259 imaginem
2518 1205 2730 1250 rerum,
2763 1204 2863 1259 per
2888 1188 3139 1260 singulos
3161 1206 3341 1244 annos

119 1274 298 1327 eisdem
320 1274 370 1330 3.
402 1276 539 1346 ipsis
567 1276 784 1342 hostiis,
810 1291 950 1346 quas
971 1277 1214 1330 offerunt
1241 1277 1640 1341 indesinenter,
1665 1292 1954 1345 nunquam
1977 1282 2162 1346 potest
2183 1278 2507 1331 accedentes
2534 1277 2805 1347 perfectos
2839 1277 3051 1344 facere;
3089 1278 3343 1349 alioquin

115 1370 394 1417 cessassent
415 1364 624 1427 offerri,
657 1365 784 1417 ideo
812 1366 959 1435 quod
989 1366 1206 1418 nullam
1237 1365 1507 1418 haberent
1532 1366 1680 1418 ultra
1709 1365 2103 1419 conscientiam
2130 1365 2359 1435 peccati,
2392 1366 2634 1419 cultores
2664 1365 2837 1418 semel
2858 1365 3132 1430 mandati,
3159 1359 3258 1420 sed
3281 1366 3344 1420 in

113 1450 226 1520 ipsis
261 1455 718 1507 commemoratio
750 1459 1104 1523 peccatorum
1140 1469 1238 1523 per
1285 1453 1534 1523 singulos
1576 1470 1754 1507 annos
1799 1456 1886 1508 ﬁt.
1934 1454 2282 1524 lmpossibile
2315 1453 2466 1507 enim
2510 1460 2596 1506 est
2634 1454 2908 1523 sanguine
2952 1459 3247 1508 taurorum
3285 1459 3344 1508 et

113 1537 364 1594 hircorum
395 1542 607 1595 auferri
629 1549 874 1612 peccata.
907 1543 1038 1596 Ideo
1067 1541 1390 1612 ingrediens
1419 1544 1690 1596 mundum
1721 1542 1886 1596 dicit:
1924 1543 2179 1596 Hostiam
2221 1549 2277 1595 et
2306 1543 2646 1597 oblationem
2682 1542 2912 1596 noluisti
2939 1560 2952 1608 ;
2996 1559 3198 1615 corpus
3247 1559 3342 1598 au-

116 1633 212 1679 tem
230 1630 428 1699 aptasti
460 1630 617 1684 mihi.
650 1630 1151 1684 Holocaustomata
1179 1647 1279 1700 pro
1317 1637 1544 1699 peccato
1589 1647 1702 1684 non
1746 1632 1848 1685 tibi
1887 1633 2235 1702 placuerunt.
2279 1633 2436 1686 Tunc
2464 1631 2581 1684 dixi
2616 1650 2626 1683 :
2663 1632 2802 1685 Ecce
2826 1631 3019 1697 venio;
3069 1631 3122 1684 4.
3159 1631 3219 1686 in
3256 1648 3344 1685 ca-

112 1715 206 1784 pite
233 1717 354 1771 libri
383 1719 658 1790 scriptum
682 1727 767 1772 est
793 1721 864 1773 de
889 1735 978 1772 me
1006 1737 1020 1771 :
1053 1721 1126 1774 Ut
1154 1720 1374 1783 faciam,
1407 1720 1575 1783 Deus,
1610 1721 1954 1773 voluntatem
1984 1727 2160 1774 tuam.
2192 1719 2670 1790 Superiusfdicens
2696 1739 2708 1771 :
2731 1719 2864 1790 quia
2891 1725 3080 1785 223
3107 1719 3346 1788 hostias,

112 1812 157 1856 et
193 1805 514 1873 oblationes,
565 1815 620 1862 et
656 1809 1140 1862 holocaUStomata
1185 1825 1287 1880 pro
1337 1814 1561 1878 peccato
1608 1808 1856 1868 noluisti,
1901 1825 2003 1862 nec
2049 1809 2255 1880 placita
2302 1814 2434 1863 sunt
2479 1808 2582 1862 tibi
2636 1825 2758 1878 quae
2793 1808 3103 1862 secundum
3158 1808 3344 1878 legem

110 1894 410 1961 offeruntur,
437 1902 576 1950 tunc
595 1898 706 1950 dixi
742 1915 752 1948 :
798 1899 934 1951 Ecce
969 1897 1148 1958 venio,
1187 1903 1253 1950 ut
1291 1897 1510 1962 faciam,
1543 1898 1711 1962 Deus,
1755 1897 2101 1950 voluntatem
2133 1904 2288 1951 tuam
2315 1917 2327 1963 ;
2362 1898 2544 1951 aufert
2573 1897 2838 1967 primum,
2872 1901 2936 1950 ut
2960 1913 3199 1968 sequens
3227 1903 3347 1974 sta-

111 1987 230 2036 tuat.
259 1984 320 2036 In
346 2001 458 2054 qua
491 1986 776 2043 voluntate
804 1985 1132 2038 sanctiﬁcati
1159 2001 1374 2050 sumus,
1408 2001 1507 2055 per
1536 1984 1876 2039 oblationem
1904 1987 2152 2055 corporis
2174 1987 2309 2040 JeSu
2339 1985 2547 2040 Christi
2589 1986 2782 2039 semel.
2826 1985 2877 2038 5.
2912 1986 2982 2040 Et
3023 1987 3206 2039 omnis
3226 1987 3350 2057 qui-

110 2070 216 2124 dem
238 2074 496 2127 sacerdos
539 2080 742 2144 praisto
769 2079 855 2127 est
893 2075 1143 2144 quotidie
1190 2075 1534 2138 ministrans,
1570 2079 1626 2126 et
1661 2074 1886 2126 easdem
1915 2091 2060 2144 saepe
2091 2075 2328 2128 offerens
2358 2074 2586 2137 hostias,
2627 2091 2749 2144 quae
2789 2090 3079 2143 nunquam
3108 2081 3346 2144 possunt

109 2160 302 2213 auferre
328 2168 562 2232 peccata
583 2183 598 2232 ;
631 2163 720 2215 hic
749 2170 938 2216 autem
961 2179 1132 2216 unam
1167 2179 1268 2232 pro
1291 2164 1536 2232 peccatis
1557 2163 1795 2215 oﬂ‘erens
1818 2163 2079 2226 hostiam,
2097 2163 2153 2216 in
2185 2163 2593 2232 sempiternum
2632 2163 2792 2215 sedet
2809 2161 2868 2214 in
2888 2162 3116 2215 dextera
3143 2163 3345 2226 Dei,de

109 2255 280 2303 aetero
300 2256 630 2322 exspectans
660 2249 709 2304 6.
744 2249 920 2303 donec
948 2257 1230 2321 ponantur
1255 2250 1466 2303 inimici
1490 2253 1610 2320 ejus
1634 2253 1685 2304 7.
1712 2250 2013 2304 scabellum
2037 2252 2240 2321 pedum
2273 2253 2414 2320 ejus.
2442 2249 2567 2305 Una
2592 2251 2742 2304 enim
2764 2250 3063 2315 oblatione,
3089 2253 3346 2305 censum-

110 2338 256 2391 mavit
272 2339 329 2392 in
349 2340 762 2411 sempiternum
795 2339 1188 2392 sanctificatos.
1218 2336 1272 2392 8.
1297 2340 1660 2393 Centestatur
1691 2339 1877 2393 autem
1909 2356 2010 2393 nos
2050 2346 2107 2393 et
2135 2341 2375 2411 Spiritus
2395 2340 2962 2409 sanctus.Postq‘uam
2993 2339 3146 2393 enim
3165 2340 3307 2394 dixit
3326 2357 3346 2393 τ

111 2421 207 2478 Hoc
234 2429 419 2482 autem
449 2431 878 2490 testamentum,
912 2427 1059 2498 quod
1096 2427 1347 2481 testabor
1376 2427 1446 2481 ad
1473 2429 1596 2481 illos
1636 2435 1762 2499 post
1789 2429 1907 2482 dies
1937 2429 2079 2494 illos,
2123 2427 2258 2483 dicit
2286 2427 2575 2494 Dominus,
2606 2428 2658 2482 9.
2696 2429 2892 2483 Danda
2920 2430 3074 2499 leges
3103 2437 3256 2483 meas
3286 2429 3349 2483 in

109 2515 336 2569 cordibus
363 2533 583 2582 eorum,
614 2519 673 2569 et
710 2516 767 2569 in
789 2516 1070 2570 mentibus
1102 2534 1297 2570 eorum
1337 2517 1746 2588 superscribam
1779 2535 1890 2583 eas,
1923 2519 1978 2571 et
2005 2524 2359 2589 peccatorum
2392 2523 2448 2571 et
2466 2517 2826 2588 iniquitatum‘
2859 2517 3054 2571 eorum
3078 2520 3200 2588 jam
3235 2533 3350 2572 non

111 2603 414 2659 recordabor
460 2605 726 2675 amplius.
776 2594 884 2659 Ubi
921 2611 1112 2658 autem
1154 2606 1355 2659 horum
1387 2607 1660 2673 remissio,
1704 2609 1823 2676 jam
1863 2623 1974 2660 non
2007 2613 2092 2660 est
2129 2607 2338 2660 oblatio
2379 2623 2479 2676 pro
2526 2611 2779 2676 peccato.
2825 2605 3107 2659 Habentes
3133 2606 3350 2676 itaque;

107 2691 298 2760 fratres,
331 2685 602 2749 ﬁduciam
640 2692 720 2750 10.
754 2694 813 2748 in
843 2695 1079 2748 introitu
1113 2695 1446 2749 Sanctorum
1478 2698 1534 2749 in
1565 2697 1839 2766 sanguine
1869 2697 2096 2760 Christi.
2135 2695 2406 2766 11.quam
2441 2695 2683 2749 initiavit
2711 2695 2872 2748 nobis
2901 2695 3047 2748 viam
3067 2695 3264 2748 novam
3291 2699 3350 2748 et"

109 2779 352 2836 viventem
376 2801 480 2855 per
509 2784 765 2837 velamen
791 2784 848 2836 id
875 2785 959 2837 est
987 2800 1212 2837 carnem
1246 2802 1426 2850 suam,
1471 2791 1527 2838 et
1553 2785 1897 2839 sacerdotem
1939 2801 2206 2855 magnum
2245 2799 2414 2855 super
2439 2785 2669 2837 domum
2710 2782 2831 2850 Dei,
2863 2784 3192 2837 accedamus
3217 2792 3348 2838 cum

1435 2877 2021 2946 COMMENTARIUS.

109 2993 324 3052 hominis
353 2997 732 3068 praecipientis
760 2997 892 3068 quid
922 3003 1049 3068 post
1077 3002 1315 3052 mortem
1339 2998 1464 3067 ejus
1493 2998 1561 3051 de
1582 3015 1671 3051 re-
1699 3001 1853 3065 A183;
1885 3001 1989 3053 hoc
2005 3005 2195 3054 autem
2212 3000 2498 3070 exemplar
2513 3004 2597 3073 est
2615 2999 2764 3052 illius
2783 2999 2930 3070 quod
2951 3005 3053 3053 nos
3089 2979 3344 3086 facimus,

108 3081 194 3138 bus
218 3086 388 3155 ipsius
412 3088 490 3141 sit
509 3087 810 3156 agendum.
1757 3090 1816 3142 in
1844 3088 2433 3142 commemorationem
2464 3090 2529 3140 ﬁt
2549 3089 2670 3157 ejus
2693 3087 2841 3158 quod
2853 3088 3063 3142 factum
3078 3093 3164 3142 est
3191 3107 3202 3140 :
3236 3081 3348 3142 Hoc

167 3172 237 3228 13.
254 3178 375 3229 Non.
403 3180 579 3229 enim.
607 3175 846 3246 Exponit
863 3176 1016 3245 ipsas
1034 3176 1292 3231 meliores
1313 3175 1675 3245 hostias,quae

107 3268 176 3315 est
190 3276 312 3329 una,
346 3265 403 3320 id
425 3270 516 3319 est
545 3279 746 3334 corpus
776 3265 986 3319 Christi

163 3351 314 3408 Visus
343 3355 434 3423 [[1,
467 3354 627 3423 usus]
647 3359 836 3407 autem
854 3339 1120 3424 loquendi
1142 3354 1221 3408 sic
1236 3355 1403 3408 vellet
1431 3371 1442 3406 :
1468 3354 1529 3407 in
1557 3370 1674 3407 ma-

105 3440 316 3496 nufactis
344 3443 559 3498 sanctis
593 3443 1003 3513 exemplaribus
1039 3459 1320 3509 verorum,
1345 3444 1430 3496 vel
1459 3443 1517 3496 in
1548 3458 1674 3494 ma-

106 3529 304 3584 nufacta
326 3537 527 3585 sancta
551 3531 892 3601 exemplaria
918 3548 1195 3585 verorum.

160 3618 238 3673 14.
262 3622 492 3674 Peccati.
527 3620 750 3674 Peccati
780 3620 914 3674 dicit
944 3637 1044 3691 pro
1066 3626 1443 3690 peccatorum.
1470 3619 1676 3674 Omnia

107 3704 230 3759 enim
248 3715 473 3778 peccata
499 3709 776 3762 destruxit
804 3709 862 3762 in
888 3709 972 3762 his
1004 3709 1101 3778 qui
1129 3709 1397 3762 credituri
1428 3715 1605 3762 erant.

163 3795 239 3850 15.
283 3799 536 3852 AMBROS.
571 3799 816 3852 Secundo
845 3799 1144 3866 apparebit.
1194 3799 1320 3851 Non
1360 3797 1508 3850 enim
1539 3802 1674 3849 tunc

107 3891 208 3937 erat
221 3886 399 3941 hostia
428 3905 532 3958 pro
565 3892 808 3957 peccato.

167 3968 241 4026 16.
267 3974 473 4028 Laure.
507 3976 640 4030 Sine
665 3979 899 4044 peccato.
935 3976 1067 4030 Sine
1110 3981 1336 4047 peccato
1368 3976 1520 4042 dicit,
1553 3975 1675 4029 sine

106 4056 450 4117 similitudine
481 4064 666 4117 carnis
689 4065 920 4136 peccati.
953 4065 1016 4120 In
1040 4067 1221 4137 primo
1252 4066 1398 4118 enim
1430 4065 1675 4119 adventu

105 4159 188 4199 suo
212 4147 482 4207 Dominus
500 4153 675 4206 talem
706 4161 930 4208 carnem
959 4154 1200 4225 gestavit
1224 4155 1447 4224 qualem
1489 4159 1544 4206 et
1579 4171 1677 4206 ca:-

105 4235 194 4287 teri
208 4237 456 4294 homines
479 4240 576 4310 qui
596 4247 914 4312 peccatores
936 4248 1096 4296 erant
1117 4261 1128 4309 ;
1155 4243 1214 4295 in
1247 4243 1486 4296 secundo
1521 4259 1668 4303 vero,

1756 3178 2148 3248 facite,inquit,
2169 3181 2232 3230 in
2253 3194 2430 3230 meam
2445 3194 2558 3230 com
2568 3178 3321 3246 meinorationethuc.XXII)
3333 3216 3346 3230 .

1828 3268 1878 3320 4.
1924 3268 1990 3320 In
2026 3269 2196 3334 capite
2227 3267 2380 3319 libri.
2431 3265 2635 3335 Utique
2663 3251 2902 3336 pastelii,
2955 3249 3051 3319 ubi
3097 3261 3301 3318 dicitur
3333 3284 3348 3321 :

1756 3359 1948 3410 Beatus
1969 3359 2082 3416 vir;
2107 3355 2203 3426 qui
2234 3355 2484 3425 psalmus
2509 3354 2819 3425 capitulum
2847 3354 3023 3409 totius
3050 3353 3182 3408 libri
3211 3353 3351 3409 dici;

1754 3452 1848 3499 tur
1877 3462 1913 3498 a
1941 3445 2292 3514 quibusdam.

1828 3535 1881 3587 5.
1903 3535 1966 3587 Et
1997 3537 2176 3587 omnis
2197 3534 2437 3601 quidem.
2469 3532 2791 3587 Ministrare
2845 3523 3188 3588 famulorum
3229 3538 3346 3601 est;

1756 3624 1952 3677 sedere
1976 3639 2105 3676 vero
2137 3622 2514 3675 dominorum.
3151 3691 3154 3696 Ι

1826 3712 1876 3768 6.
1903 3715 2076 3765 Donec
2103 3716 2408 3779 ponantur.
2435 3711 2559 3764 Non
2577 3711 2758 3787 solum
2792 3709 3004 3763 inimici
3026 3710 3122 3780 qui
3143 3695 3344 3765 inﬁde-

1755 3803 1836 3855 les
1864 3805 2012 3862 sunt,
2047 3800 2142 3852 sed
2176 3798 2346 3850 etiam
2380 3798 2474 3868 qui
2493 3798 2784 3850 immunde
2814 3789 3344 3852 vivunt.Prudentia

1758 3890 1907 3944 enim
1942 3889 2124 3942 carnis
2155 3887 2383 3940 inimica
2412 3892 2495 3939 est
2515 3887 2651 3940 Deo.

1830 3981 1880 4032 7.
1911 3979 2114 4032 Laure.
2146 3976 2474 4030 Scabetlum.
2511 3973 2624 4028 Sub
2663 3973 2898 4043 pedibus
2927 3972 3136 4026 Christi
3183 3978 3351 4028 erunt

1759 4083 1952 4122 omnes
2002 4066 2098 4135 qui
2151 4070 2285 4118 sunt
2328 4064 2492 4116 modo
2517 4062 2728 4115 inimici
2759 4063 2882 4130 ejus
2917 4061 2975 4114 in
3013 4061 3102 4114 die
3128 4061 3345 4131 judicii,

1759 4157 1890 4227 quia
1919 4155 1989 4208 ad
2017 4153 2315 4223 imperium
2346 4152 2488 4220 ejus,
2515 4155 2614 4202 aut
2641 4148 2893 4202 conversi
2915 4148 3079 4202 ibunt
3098 4148 3158 4201 in
3174 4149 3351 4202 vitam

1757 4251 2043 4308 aeternam,
2078 4247 2178 4295 aut
2222 4239 2534 4310 pertinaces
2565 4241 2896 4308 perpetuam
2939 4237 3229 4308 patientur
3257 4254 3351 4308 ge-

106 4319 152 4374 in
171 4328 316 4380 tanta
335 4328 522 4397 gloria
551 4345 677 4383 caro
700 4332 821 4400 ejus
843 4331 1134 4401 apparebit
1153 4338 1364 4401 quanta
1384 4347 1484 4384 nec
1512 4345 1674 4384 exco-
1689 4355 1730 4411 Β
1760 4337 2024 4388 hermam.

105 4409 246 4476 gitari
275 4432 376 4469 nec
405 4417 670 4488 explicari
694 4419 762 4472 ab
788 4419 976 4489 aliquo
999 4421 1319 4473 mortalium
1343 4424 1547 4490 potest.
1577 4420 1676 4472 Po-

109 4503 200 4554 test
241 4505 409 4560 etiam
448 4507 705 4578 intelligi,
740 4507 862 4561 sine
900 4513 1144 4579 peccato,
1181 4509 1302 4562 sine
1340 4508 1525 4561 hostia
1575 4524 1675 4578 pro

109 4592 344 4659 peccato;
373 4609 491 4648 non
511 4595 660 4649 enim
690 4601 824 4650 tunc
849 4596 1157 4667 apparebit,
1192 4602 1257 4650 ut
1278 4601 1508 4667 peccata
1541 4612 1676 4667 pur-

108 4683 202 4744 get,
230 4681 322 4736 sed
347 4683 599 4738 damnet.

167 4767 310 4822 CAP.
342 4772 410 4825 X.
446 4802 516 4814 -
567 4773 614 4828 1.
646 4773 857 4828 LANFR'.
898 4776 1155 4830 Umbram
1199 4778 1369 4829 enim.
1401 4773 1568 4827 Redit
1604 4773 1677 4826 ad

106 4858 434 4924 superiorem
466 4861 766 4928 rationem,
791 4863 888 4917 ubi
910 4864 1067 4928 dixit,
1089 4864 1296 4933 legales
1321 4862 1534 4916 hostias
1563 4877 1676 4916 non

107 4956 245 5008 posse
279 4948 464 5004 facere
497 4950 835 5005 servientem
858 4953 1164 5022 perfectum
1201 4953 1362 5022 juxta
1391 4951 1678 5005 conscien-

107 5029 243 5086 tiam.
282 5037 352 5090 Et
393 5042 482 5092 est
509 5040 818 5110 responsio,
869 5040 1028 5110 quasi
1066 5041 1276 5094 diceret
1313 5057 1324 5091 :
1359 5057 1460 5093 cur
1488 5037 1677 5094 dixisti

109 5129 308 5185 peccata
337 5127 720 5183 exhaurienda
752 5145 852 5199 per
881 5129 1186 5195 Christum,
1223 5135 1278 5182 et
1319 5145 1432 5182 non
1462 5145 1563 5199 per
1592 5130 1676 5182 le-

110 5221 219 5274 gem
238 5211 260 5264 τ

167 5297 212 5354 ‘2.
244 5303 485 5360 Annuus.
536 5305 663 5360 Non
693 5309 871 5376 ipsam
909 5310 1233 5377 imaginem.
1277 5308 1388 5362 Hoc
1419 5312 1506 5361 est
1530 5311 1680 5361 enim

110 5383 265 5454 ipsam
296 5393 613 5449 veritatem.

171 5475 218 5532 3.
241 5482 371 5548 Ipsis
391 5485 602 5539 hostiis.
623 5485 770 5549 Quid
808 5495 942 5556 ergo
969 5487 1111 5541 nos?
1141 5488 1337 5540 Nonne
1361 5503 1460 5557 per
1480 5487 1674 5555 singu-

110 5560 180 5616 los
215 5567 328 5623 dies
366 5572 694 5628 offerimus?
735 5575 1054 5642 Oﬁerimus,
1087 5577 1188 5630 sed
1245 5577 1314 5630 ad
1355 5576 1678 5630 reconcilia-

110 5652 303 5715 tionem
328 5662 526 5719 mortis
553 5664 693 5734 ejus,
708 5668 766 5720 et
782 5681 899 5721 una
926 5670 1012 5720 est
1042 5665 1161 5721 haec
1172 5665 1378 5733 hostia,
1403 5680 1520 5720 non
1531 5665 1676 5719 mul-

1827 4419 1878 4476 8.
1916 4421 2278 4482 Contestatur,
2311 4415 2368 4468 id
2413 4419 2516 4479 est,
2572 4415 2870 4468 conﬁrmat
2918 4415 3087 4469 verba
3133 4421 3346 4479 nostra,

1759 4509 1960 4581 quibus
2015 4506 2318 4560 asserimus
2368 4505 2484 4559 una
2511 4504 2794 4558 oblatione
2838 4505 3088 4575 corporis
3138 4505 3350 4560 Christi

1759 4603 1986 4669 peccata
2013 4597 2236 4667 penitus
2266 4610 2387 4648 esse
2406 4594 2656 4649 dimissa.

1831 4685 1881 4741 9.
1907 4689 2149 4740 AMBROS.
2174 4685 2371 4737 Danda
2403 4686 2552 4750 leges.
2594 4682 2713 4737 Ista
2738 4683 2826 4737 lex
2866 4687 2952 4737 est
2995 4683 3260 4748 charitas,
3289 4688 3356 4737 ut

1762 4768 1910 4845 quod
1939 4773 2095 4826 nobis
2124 4772 2388 4825 nolumus
2408 4771 2718 4836 ﬁeri,alte'ri
2743 4788 2855 4825 non
2886 4770 3183 4836 faciamus;
3202 4776 3260 4824 et
3280 4770 3354 4825 si-

1758 4864 1924 4917 cutin
1945 4861 2244 4932 Evangelio
2264 4860 2492 4914 dicitur:
2520 4861 2858 4929 Quaen-nque
2879 4863 3048 4914 vultis
3063 4865 3124 4913 ut
3141 4862 3352 4927 faciam

1757 4953 1903 5005 vobis
1925 4952 2186 5010 homines,
2203 4950 2391 5002 eadem
2411 4953 2462 5001 et
2482 4963 2571 5000 vos
2599 4950 2764 5014 facite
2785 4952 2860 5001 eis
2875 4949 3094 5019 (Matth.
3118 4962 3218 5011 vn,-
3240 4946 3353 5016 1‘2).

1834 5039 1916 5096 10.
1949 5041 2159 5094 Lera.
2210 5041 2278 5092 In
2306 5040 2571 5091 introitu.
2600 5036 2900 5091 Introitum
2940 5041 3102 5090 vocat
3127 5035 3352 5098 oculum,

1761 5117 1870 5202 quo
1889 5127 2344 5183 sanctiintraturi
2367 5133 2500 5180 sunt
2521 5125 2799 5196 redempti
2816 5125 3090 5194 sanguine
3117 5123 3350 5178 Christi.-

1833 5219 1919 5271 11.
1963 5218 2138 5284 Quam
2185 5218 2452 5270 initiavit.
2489 5215 2683 5269 Ordo:
2736 5215 2915 5277 Quam
2965 5212 3112 5265 viam
3149 5227 3355 5266 novam

1762 5307 1893 5378 quia
1916 5307 2102 5360 nullus
2124 5305 2422 5359 hominum
2450 5309 2579 5356 ante
2600 5304 2761 5357 illum
2789 5301 2991 5355 cce'lum
3015 5300 3352 5365 ascendit,et

1761 5397 2056 5459 viventem,
2094 5395 2151 5448 id
2190 5400 2292 5460 est,
2329 5409 2440 5447 non
2488 5392 2859 5456 deficientem,
2898 5395 3348 5459 permanentem,

1761 5486 1895 5556 quia
1922 5501 2101 5556 usque
2115 5484 2185 5537 ad
2204 5486 2372 5537 ﬁnem
2388 5481 2577 5536 saeculi
2607 5495 2913 5534 ascensura
2940 5483 3076 5532 sunt
3102 5478 3357 5534 membra

1760 5577 1881 5645 ejus
1906 5593 1917 5627 :
1942 5573 2191 5628 initiavit
2208 5572 2370 5628 nobis
2396 5569 2660 5625 Christus
2698 5568 2758 5623 id
2801 5573 2888 5623 est
2914 5567 3126 5639 incepit
3151 5569 3240 5624 vel
3263 5570 3358 5625 de-

1699 5631 1742 5692 C
1759 5631 1981 5718 dicavit.-
