3878 6440
527 366 634 424 399
1515 365 1579 417 B.
1620 363 2033 419 LANFRANCI
2071 319 2426 419 CANTUAF.
2467 363 2806 420 ARCHIEP.
3676 363 3762 421 100

525 507 658 546 vero
686 489 852 545 corde
880 489 939 543 in
969 487 1321 560 plenitudine
1351 487 1499 554 ﬁdei,
1535 489 1748 559 aspersi
1771 489 1938 543 corda
1961 505 1996 542 a
2023 486 2363 542 conscientia
2385 488 2554 555 mala,
2584 493 2642 542 et
2660 487 2839 542 abluti
2867 502 3068 557 corpus
3087 502 3233 556 aqua
3257 485 3766 550 munda,teneamus

525 580 647 651 spei
679 585 882 634 nostrae
912 577 1317 632 confessionem
1343 577 1791 631 indeclinabilem
1819 576 2018 646 (ﬁdelis
2048 575 2198 630 enim
2227 581 2313 630 est
2341 577 2436 647 qui
2457 577 2897 648 repromisit),et
2911 573 3440 646 consideremus,12.
3460 575 3689 630 invicem
3715 577 3762 631 in

522 669 973 741 provocationem
1003 666 1292 720 charitatis
1314 671 1370 720 et
1390 665 1662 719 bonorum
1691 682 1944 736 operum,
1970 682 2080 718 non
2102 665 2423 719 deserentes
2451 666 2835 720 collectionem
2866 669 3137 729 nostram,
3174 664 3320 718 sicut
3361 665 3763 719 consuetudinis

521 765 610 813 est
631 758 1088 829 quibusdam,sed
1110 757 1479 821 consolantes,
1500 761 1557 808 et
1582 760 1740 808 tanto
1762 755 1942 824 magis
1965 753 2048 807 13.
2065 758 2275 824 quanto
2304 753 2556 807 videritis
2578 753 3126 824 appropinquantem
3142 751 3309 805 diem.
3340 751 3418 807 14.
3451 752 3760 808 Voluntarie

520 849 671 904 enim
687 847 1044 919 peccantibus
1066 845 1248 909 nobis,
1266 850 1392 916 post
1407 850 1690 914 acceptam
1712 844 1969 897 notitiam
1992 842 2260 908 veritatis,
2281 843 2401 912 jam
2434 858 2546 896 non
2573 842 2916 913 relinquitur
2933 857 3034 912 pro
3063 841 3304 912 peccatis
3325 841 3528 906 hostia,
3557 842 3761 897 terribi-

517 938 589 991 lis
617 942 804 991 autem
827 936 1080 1006 quaedam
1101 933 1437 1004 exspectatio
1461 932 1680 1002 judicii,
1708 938 1764 986 et
1813 932 1958 1002 ignis
1983 930 2285 992 aemulatio,
2321 947 2442 999 quae
2463 937 2865 1000 consumptura
2895 934 2981 983 est
3009 928 3378 983 adversarios.
3404 928 3631 983 Irritam
3654 931 3763 1000 quis

514 1025 724 1079 faciens
754 1025 936 1094 legem
962 1023 1160 1094 Moysi,
1192 1021 1313 1076 sine
1343 1022 1456 1075 ulla
1482 1021 1841 1075 miseratione
1871 1020 2087 1074 duobus
2107 1019 2192 1072 vel
2219 1018 2402 1072 tribus
2416 1017 2653 1072 testibus
2679 1018 3156 1088 moritur,quanto
3187 1017 3368 1087 magis
3388 1018 3598 1088 putatis
3629 1019 3763 1073 dete-

513 1114 667 1168 riora
695 1113 897 1166 mereri
924 1110 1217 1182 supplicia,
1244 1111 1340 1180 qui
1378 1109 1454 1165 15.
1487 1110 1690 1164 Filium
1717 1109 1818 1164 Dei
1845 1107 2269 1173 conculcaverit,
2296 1107 2697 1176 etsanguinem
2717 1106 3038 1160 testamenti
3055 1107 3331 1177 pollutum
3353 1106 3576 1160 duxerit
3591 1107 3646 1160 in
3667 1124 3761 1178 quo

511 1202 893 1256 sanctiﬁcatus
913 1204 1213 1266 εειπωιι
1231 1205 1288 1252 et
1317 1199 1552 1269 Spiritui
1579 1198 1776 1268 gratiae
1795 1197 2191 1251 contumeliam
2221 1195 2456 1250 fecerit?
2479 1194 2562 1249 16.
2580 1196 2801 1249 Scimus
2823 1196 2972 1248 enim
2995 1195 3090 1264 qui
3115 1195 3259 1248 dixit
3291 1212 3302 1246 :
3340 1195 3478 1248 Mihi
3507 1196 3756 1262 vindicta,

509 1297 567 1344 et
589 1305 691 1360 ego
721 1288 1051 1343 retribuam.
1084 1288 1154 1341 Et
1183 1287 1388 1342 iterum
1423 1305 1434 1340 :
1465 1286 1597 1358 quia
1612 1285 1889 1356 judicabit
1915 1285 2189 1339 Dominus
2221 1284 2490 1355 populum
2521 1283 3083 1340 suum.Horrendum
3102 1289 3186 1337 est
3207 1283 3454 1337 incidere
3487 1284 3544 1337 in
3575 1301 3760 1340 manus

505 1379 609 1434 Dei
623 1379 876 1433 viventis.
899 1375 1375 1431 Rememoramini
1395 1381 1585 1429 autem
1607 1375 1873 1445 pristinos
1889 1373 2025 1437 dies,
2044 1373 2101 1428 in
2132 1374 2332 1444 quibus
2352 1372 2655 1426 illuminati
2680 1389 2948 1443 magnum
2985 1377 3268 1427 certamen
3296 1373 3650 1428 sustinuistis
3685 1372 3755 1430 17.

503 1469 852 1540 passionum,
886 1471 943 1520 et
969 1465 1029 1519 in
1051 1465 1226 1519 altero
1249 1465 1491 1535 quidem,
1533 1463 1844 1534 opprobriis
1873 1467 1931 1516 et
1958 1461 2419 1515 tribulationibus
2443 1462 2824 1532 spectaculum
2854 1461 2988 1514 facti
3014 1479 3026 1527 ;
3061 1461 3120 1515 in
3169 1462 3347 1515 altero
3391 1467 3603 1528 autem,
3637 1463 3757 1516 socii

502 1558 696 1612 taliter
722 1554 1172 1610 conversantium
1203 1551 1404 1606 effecti.
1440 1554 1585 1606 Nam
1616 1557 1672 1605 et
1695 1551 1894 1605 vinctis
1921 1551 2196 1622 compassi
2226 1550 2378 1615 estis,
2408 1555 2465 1603 et
2491 1550 2750 1620 rapinam
2779 1549 3056 1603 bonorum
3087 1555 3398 1604 vestrorum
3421 1567 3550 1604 cum
3566 1550 3759 1621 gaudio

501 1644 847 1716 suscepistis,
869 1646 1265 1713 cognoscentes
1289 1658 1382 1694 vos
1403 1640 1605 1694 habere
1627 1640 1914 1693 meliorem
1936 1644 1991 1692 et
2011 1645 2333 1692 manentem
2354 1638 2748 1692 substantiam.
2775 1638 2963 1692 Nolite
2989 1638 3180 1708 itaque
3199 1635 3289 1694 18.
3305 1638 3573 1692 amittere
3593 1640 3756 1693 conti-

501 1734 753 1788 dentiam
785 1740 1176 1801 vestram,quze
1207 1746 1471 1799 magnam
1500 1728 1670 1782 habet
1697 1725 2323 1783 renumerationem.19.
2345 1727 2628 1780 Patientia
2651 1727 2800 1781 enim
2830 1726 2983 1780 vobis
3015 1727 3333 1780 necessaria
3361 1732 3463 1792 est,
3481 1731 3546 1780 ut
3571 1728 3758 1781 volun-

499 1828 677 1878 tatem
705 1823 806 1877 Dei
825 1821 1110 1886 facientes,
1147 1817 1446 1889 reportetis
1475 1816 1929 1886 promissionem.
1963 1816 2160 1869 Adhuc
2187 1815 2337 1869 enim
2368 1816 2649 1869 modicum
2671 1816 3090 1885 aliquantulum
3117 1814 3214 1884 qui
3234 1820 3503 1869 venturus
3530 1821 3635 1881 est,
3669 1832 3754 1868 ve-

499 1913 636 1978 niet,
671 1916 728 1965 et
755 1927 866 1964 non
915 1907 1180 1963 tardabit.
1211 1906 1407 1960 Justus
1435 1910 1624 1958 autem
1653 1921 1812 1958 meus
1843 1921 1908 1958 ex
1938 1905 2048 1958 ﬁde
2071 1904 2205 1958 vivit
2229 1923 2240 1971 ;
2271 1905 2419 1975 quod
2450 1904 2498 1958 si
2518 1903 2859 1958 subtraxerit
2885 1921 2965 1968 se,
2991 1920 3103 1958 non
3122 1903 3364 1974 placebit
3383 1905 3586 1960 animae
3602 1921 3750 1959 meae.

495 2003 611 2058 Nos
639 2007 828 2056 autem
858 2017 970 2054 non
991 2015 1188 2053 sumus
1218 1994 1643 2050 substractionis
1673 1994 1771 2048 ﬁlii
1793 1994 1851 2048 in
1880 1993 2278 2066 perditionem,
2313 1993 2412 2046 sed
2441 1993 2570 2046 ﬁdei
2599 1993 2657 2047 in
2682 1992 3103 2064 acquisitionem
3126 1991 3348 2048 animae.

1937 2109 2171 2163 CAPUT
2193 2107 2301 2164 XI.

564 2227 612 2284 1.
633 2228 731 2281 Est
758 2231 949 2281 autem
971 2225 1111 2280 fides
1140 2224 1546 2296 sperandarum
1573 2224 1888 2279 substantia
1914 2241 2125 2289 rerum,
2160 2229 2556 2295 argumentum
2586 2239 2699 2276 non
2728 2222 3140 2293 apparentium.
3173 2224 3238 2278 In
3271 2223 3376 2277 hac
3405 2223 3558 2278 enim
3601 2225 3754 2279 testi-

486 2315 740 2370 monium
766 2315 1050 2369 consecuti
1083 2319 1218 2368 sunt
1245 2330 1427 2367 senes.
1461 2314 1596 2368 Fide
1623 2314 1991 2385 intelligimus
2016 2320 2210 2385 aptata
2240 2331 2362 2368 esse
2393 2314 2596 2368 saecula
2625 2311 2792 2366 verbo
2811 2312 2932 2378 Dei,
2965 2318 3031 2367 ut
3056 2330 3120 2366 ex
3151 2312 3200 2370 2.
3224 2313 3602 2369 invisibilibus
3628 2314 3756 2369 visi-

484 2404 622 2458 bilia
641 2406 860 2458 ﬁerent.
880 2403 1018 2457 Fide
1041 2403 1340 2474 plurimam
1363 2403 1606 2456 hostiam
1631 2403 1770 2456 Abel
1790 2420 1958 2474 quam
1990 2403 2127 2458 Cain
2150 2403 2354 2457 obtulit
2383 2403 2534 2470 Deo;
2566 2419 2665 2473 per
2691 2418 2858 2472 quam
2889 2401 3274 2455 testimonium
3309 2408 3646 2458 consecutus
3675 2406 3755 2457 est

484 2509 607 2546 esse
623 2490 1220 2562 justus,testimonium
1240 2489 1569 2560 perhibente
1589 2490 1913 2545 muneribus
1935 2493 1984 2562 ej
1994 2508 2057 2545 us
2075 2492 2188 2545 Deo
2209 2496 2266 2545 et
2285 2507 2385 2561 per
2400 2491 2555 2544 illam
2577 2490 2871 2543 defunctus
2891 2489 3075 2544 adhuc
3092 2490 3502 2560 loquitur.Fide
3522 2492 3750 2547 Henoch

482 2580 792 2635 translatus
821 2585 906 2634 est
948 2596 1019 2633 ne
1060 2579 1274 2633 videret
1301 2583 1561 2643 mortem,
1605 2585 1662 2632 et
1689 2597 1801 2633 non
1828 2579 2236 2647 inveniebatur,
2268 2579 2398 2650 quia
2418 2579 2706 2632 transtulit
2743 2578 2904 2631 illum
2937 2578 3118 2647 Deus;
3151 2584 3282 2633 ante
3320 2581 3749 2635 translationem

481 2669 634 2722 enim
680 2668 1064 2723 testimonium
1097 2667 1296 2721 habuit
1346 2668 1621 2738 placuisse
1673 2670 1809 2724 Deo.
1859 2671 1991 2724 Sine
2019 2670 2128 2723 ﬁde
2155 2673 2346 2722 autem
2390 2666 2734 2737 impossibile
2777 2670 2863 2719 est
2891 2667 3110 2737 placere
3143 2668 3279 2721 Deo.
3314 2668 3561 2723 Credere
3601 2670 3748 2724 enim

487 2762 711 2828 oportet
739 2757 1092 2811 accedentem
1124 2757 1195 2810 ad
1225 2757 1403 2810 Deum
1429 2757 1562 2828 quia
1589 2762 1693 2823 est,
1727 2762 1784 2811 et
1820 2757 2234 2828 inquirentibus
2264 2773 2324 2809 se
2355 2760 2745 2809 remunerator
2772 2755 2863 2808 sit.
2897 2755 3030 2810 Fide
3050 2757 3188 2823 Noe,
3219 2773 3491 2828 responso
3520 2765 3749 2831 accepto

478 2846 548 2900 de
576 2845 645 2900 iis
683 2863 806 2917 qua}
836 2847 1018 2900 adhuc
1046 2862 1158 2899 non
1185 2845 1532 2910 videbantur,
1572 2851 1828 2900 metuens
1855 2846 2067 2916 aptavit
2096 2862 2284 2900 arcam
2315 2846 2374 2899 in
2403 2845 2641 2899 salutem
2661 2845 2862 2898 domus
2881 2861 3014 2910 suae,
3048 2863 3148 2916 per
3173 2863 3343 2917 quam
3368 2846 3420 2904 3.
3454 2847 3747 2903 damnavit

474 2935 752 2989 mundum
781 2940 837 2988 et
857 2934 1111 3004 justitiaa,
1146 2951 1268 3004 qua:
1299 2939 1488 2999 225
1515 2951 1616 3006 per
1653 2935 1818 2988 ﬁdem
1841 2940 1945 3000 est,
1975 2935 2151 2988 haeres
2174 2939 2259 2988 est
2288 2933 2600 2987 institutus.
2646 2931 2782 2986 Fide
2812 2933 3153 3001 quivocatur
3175 2933 3481 3002 Abraham,
3499 2935 3748 2991 obedivit

472 3023 532 3077 in
561 3024 744 3078 locum
779 3023 947 3089 exire,
989 3039 1154 3092 quem
1185 3028 1517 3093 accepturus
1547 3029 1670 3078 erat
1697 3023 1757 3077 in
1785 3023 2191 3089 hereditatem,
2225 3028 2283 3076 et
2309 3023 2463 3082 exiit,
2495 3021 2749 3076 nesciens
2771 3037 2880 3092 quo
2910 3021 3036 3080 iret.
3063 3022 3197 3076 Fide
3226 3024 3554 3079 demoratus
3577 3031 3664 3080 est
3691 3026 3747 3078 in

469 3117 624 3168 terra
653 3111 1122 3182 repromissionis,
1154 3116 1423 3182 tanquam
1447 3112 1505 3165 in
1535 3112 1738 3178 alieno,
1773 3113 1830 3165 in
1852 3112 2054 3166 casulis
2073 3111 2540 3176 habitando,cum
2571 3111 2727 3164 Isaac
2757 3114 2814 3164 et
2833 3109 3003 3163 Jacob
3032 3111 3411 3166 cohaeredibus
3441 3115 3746 3184 repromis-

471 3201 646 3256 sionis
677 3201 948 3270 ejusdem.
973 3199 1340 3269 Exspectabat
1364 3200 1516 3254 enim
1545 3200 1910 3255 fundamenta
1939 3200 2236 3254 habentem
2253 3199 2726 3269 civitatem,cujus
2757 3199 2955 3254 artifex
2981 3205 3038 3253 et
3065 3200 3323 3254 conditor
3341 3202 3508 3256 Deus.
3528 3203 3668 3258 Fide
3688 3207 3742 3256 et

469 3290 597 3361 ipsa
623 3291 765 3344 Sara
793 3287 998 3342 sterilis
1014 3288 1277 3343 virtutem
1295 3289 1355 3344 in
1381 3291 1804 3360 conceptionem
1826 3289 2060 3343 seminis
2089 3291 2324 3362 accepit,
2350 3291 2518 3345 etiam
2551 3295 2754 3362 praeter
2775 3294 2998 3360 tempus
3017 3292 3491 3363 aetatis,quoniam
3512 3295 3741 3350 ﬁdelem

469 3375 711 3433 credidit
739 3394 860 3432 esse
877 3393 1002 3432 eum
1020 3377 1115 3448 qui
1130 3378 1548 3449 repromiserat.
1569 3379 1808 3449 Propter
1829 3378 1980 3448 quod
2004 3383 2062 3431 et
2083 3379 2134 3432 Δ.
2171 3380 2240 3433 ab
2269 3397 2382 3434 uno
2408 3380 2517 3434 orti
2547 3385 2680 3434 sunt
2703 3383 2780 3446 (et
2799 3380 2905 3433 hoc
2938 3384 3215 3448 emortuo)
3242 3387 3517 3453 tanquam
3549 3385 3738 3438 sidera

465 3466 591 3521 coeli
611 3466 672 3520 in
702 3466 1142 3530 multitudinem,
1159 3473 1213 3521 et
1233 3467 1379 3520 sicut
1395 3482 1568 3520 arena
1587 3483 1709 3536 quae
1730 3471 1817 3520 est
1835 3467 1906 3520 ad
1925 3483 2081 3520 oram
2104 3469 2278 3523 maris
2298 3469 2922 3525 innumerabilis.Juxta
2944 3471 3113 3524 ﬁdem
3129 3471 3377 3525 defuncti
3391 3477 3527 3526 sunt
3542 3490 3742 3528 omnes

462 3555 580 3620 isti,
614 3570 726 3609 non
747 3555 986 3625 acceptis
1015 3554 1566 3626 repromissionibus,
1599 3555 1698 3608 sed
1729 3555 1941 3625 alonge
1963 3572 2056 3610 eas
2079 3558 2418 3628 aspicientes
2449 3565 2506 3614 et
2526 3560 2857 3624 salutantes,
2878 3564 2934 3612 et
2952 3560 3283 3614 conﬁtentes
3299 3561 3434 3631 quia
3450 3562 3742 3633 peregrini

465 3650 521 3700 et
540 3645 789 3717 hospites
802 3650 934 3700 sunt
948 3661 1118 3716 super
1133 3644 1490 3707 terram.Qui
1521 3644 1672 3698 enim
1710 3645 1828 3698 haec
1856 3645 2069 3711 dicunt,
2091 3647 2411 3716 signiﬁcant
2439 3665 2498 3702 se
2527 3648 2768 3718 patriam
2791 3646 3096 3717 inquirere.
3122 3649 3192 3702 Et
3221 3648 3269 3702 si
3302 3649 3531 3718 quidem
3564 3651 3745 3722 ipsius

464 3734 852 3791 meminissent
872 3735 941 3789 de
963 3751 1073 3806 qua
1093 3733 1368 3799 exierunt,
1389 3732 1675 3788 habebant
1697 3734 1891 3805 utique
1912 3741 2131 3807 tempus
2148 3736 2494 3804 revertendi;
2518 3753 2665 3790 nunc
2695 3741 2882 3790 autem
2910 3736 3201 3791 meliorem
3217 3742 3510 3808 appetunt,
3526 3739 3595 3794 id
3627 3744 3736 3806 est,

1793 3849 2386 3916 COMMENTARIUS.

534 3962 621 4020 12.
656 3965 914 4018 Invicem.
945 3963 1106 4017 Alter
1132 3961 1448 4016 consideret
1485 3961 1618 4032 quid
1645 3963 1776 4018 boni
1793 3965 1938 4020 alter
1963 3967 2048 4021 fa-
2072 3967 2351 4032 Aamittit,
2391 3965 2487 4037 qui
2513 3965 2723 4021 bonum
2753 3967 2961 4023 deserit
2989 3974 3045 4023 et
3075 3970 3291 4025 malum
3318 3971 3477 4029 facit.

457 4052 588 4117 ciat,
617 4069 729 4106 non
749 4057 814 4107 ut
832 4051 1101 4122 invideat,
1132 4051 1230 4105 sed
1250 4056 1316 4106 ut
1343 4053 1660 4124 exemplum
1684 4052 1894 4110 bonum
1924 4055 2054 4112 inde
2212 4052 2297 4110 19.
2317 4057 2609 4111 Patientia.
2652 4057 2913 4111 Ostendit
2963 4058 3245 4129 quomodo
3288 4075 3403 4114 non
3449 4061 3742 4117 amittitur

458 4146 666 4196 sumat.
2135 4144 2476 4198 conﬁdentia
2515 4163 2526 4197 :
2551 4147 2618 4198 In
2641 4149 2916 4213 patientia
2947 4147 3120 4214 enim,
3151 4147 3354 4218 inquit,
3385 4153 3740 4218 possidebz'tis

530 4228 621 4282 13.
657 4231 870 4296 Quanto
911 4229 1180 4283 vide-ritis.
1229 4229 1388 4284 Diem
1430 4230 1568 4287 dicit
1612 4233 1698 4287 vel
1737 4239 2048 4290 extremum
2131 4234 2354 4286 animas
2384 4238 2617 4292 vestras.

448 4317 668 4388 judicii,
693 4317 780 4371 vel
807 4317 1129 4388 temporalis
1157 4318 1494 4374 afﬂictionis.
2201 4321 2358 4375 CAP.
2376 4321 2548 4389 XI,—
2575 4325 2621 4378 1.
2647 4324 2851 4381 LANFR.
2879 4325 2968 4378 Est
2988 4330 3175 4379 autem
3195 4327 3344 4393 ﬁdes.
3376 4327 3528 4381 Talis
3561 4327 3738 4382 debet

523 4404 614 4459 14.
667 4407 1000 4460 Voluntaria.
1058 4407 1297 4461 Causam
1331 4409 1516 4464 reddit
1556 4428 1658 4466 cur
1696 4412 1942 4468 charitas
1972 4414 2047 4469 sit
2127 4427 2249 4464 esse
2269 4411 2407 4466 ﬁdes
2429 4417 2492 4466 ut
2521 4413 2827 4483 sperandas
2848 4430 2938 4467 res
2959 4413 3018 4466 in
3057 4414 3222 4468 corde
3251 4416 3532 4471 credentis
3558 4417 3738 4472 faciat

453 4494 719 4560 tenenda,
748 4500 805 4549 et
839 4511 874 4548 a
900 4495 1062 4549 malis
1089 4495 1163 4550 sit
1191 4499 1556 4568 cessandum;
1615 4501 1750 4555 dum
1781 4503 1931 4556 enim
1955 4520 2045 4557 vo-
2126 4499 2450 4567 Subsistere,
2483 4502 2588 4556 etsi
2628 4503 2773 4556 alius
2802 4502 3022 4557 dubitet
3041 4503 3190 4572 quod
3219 4504 3340 4559 sine
3370 4512 3724 4575 argumento

450 4585 642 4638 luntas
683 4582 947 4654 peccandi
975 4589 1059 4638 est
1085 4585 1143 4638 in
1191 4587 1372 4654 nobis,
1404 4589 1547 4643 nihil
1583 4590 1812 4661 prodest
1857 4592 2044 4646 hostia
2125 4589 2343 4659 possint
2369 4607 2489 4645 esse
2525 4591 2710 4662 :quod
2730 4591 2983 4663 plerique
3022 4591 3192 4646 divini
3218 4593 3428 4665 eloquii
3456 4599 3735 4650 tractato-

453 4672 744 4726 immolata
761 4689 861 4742 pro
887 4673 1129 4743 peccatis
1157 4677 1380 4730 nostris.
2124 4693 2214 4732 res
2241 4678 2512 4745 fecerunt,
2563 4680 2864 4751 probantes
2904 4682 3378 4737 resurrectionem
3421 4700 3734 4755 corporum

525 4760 606 4817 15.
636 4763 846 4816 Filium
884 4763 1001 4816 Dei.
1027 4763 1279 4818 Gratiam
1328 4765 1454 4820 Filii
1485 4765 1588 4821 Dei
1631 4766 1688 4820 in
1739 4767 2039 4838 semetipso
2124 4771 2182 4820 et
2200 4768 2372 4822 vitam
2405 4780 2698 4840 tabernam,
2729 4771 3022 4841 multaque
3053 4770 3166 4825 alia
3193 4789 3314 4827 esse
3343 4773 3428 4827 vel
3448 4774 3630 4828 fuisse
3663 4790 3734 4828 ex

448 4849 755 4917 oonculcat,
784 4854 841 4905 et
867 4851 1198 4922 sanguinem
1222 4853 1623 4926 redemptionis
1648 4855 1946 4926 pollutum,
1980 4856 2038 4911 id
2121 4871 2186 4910 eo
2215 4858 2363 4928 quod
2396 4857 2759 4928 patriarchas,
2791 4859 3115 4932 prophetas,
3161 4863 3470 4932 apostolos,
3499 4867 3731 4934 marty-

447 4945 550 5008 est,
583 4944 810 5012 peccata
839 4958 1082 5012 purgare
1106 4958 1218 4996 non
1237 4943 1515 4997 valentem
1538 4947 1701 5014 putat
1733 4961 1744 4995 :
1769 4948 1827 4998 et
1856 4945 2035 5014 Spiri-
2117 4960 2206 4999 res
2237 4951 2457 5001 constat
2485 4965 2553 5002 ea
2589 4949 2910 5007 credidisse.

442 5030 529 5084 tui
557 5034 773 5095 sancto,
805 5047 909 5100 per
934 5047 1099 5101 quem
1142 5032 1429 5086 conﬁtenti
1459 5037 1690 5102 peccata
1727 5032 2033 5088 remittun-
2185 5033 2238 5089 2.
2287 5037 2611 5093 Invisibilis.
2669 5039 2976 5095 Invisibilia
3027 5045 3187 5096 erant
3246 5039 3529 5095 elementa
3585 5045 3732 5096 ante

443 5125 557 5187 tur,
589 5118 986 5174 contumeliam
1013 5119 1164 5184 facit,
1214 5119 1310 5190 qui
1333 5117 1654 5173 voluntarie
1693 5119 1754 5172 in
1792 5121 2034 5190 peccatis
2113 5124 2311 5178 mundi
2340 5126 2821 5183 constitutionem.

433 5209 601 5279 jacet.
2185 5212 2237 5269 3.
2270 5215 2568 5268 Damnavit
2599 5217 3017 5273 mundum.Per
3043 5235 3233 5274 arcam
3263 5219 3383 5272 Noe
3415 5217 3722 5274 damnavit

505 5296 595 5351 16.
627 5299 843 5354 Scimus
871 5296 1415 5368 enim.Superiorem
1433 5297 1770 5352 sententiam
1784 5298 1983 5370 probat
2011 5319 2024 5356 :
2048 5370 2090 5378 ’μ
2115 5302 2387 5356 mundum
2415 5323 2426 5370 ;
2459 5305 2591 5374 quia
2639 5309 2798 5360 tanto
2841 5309 3025 5377 majus
3065 5312 3353 5378 peccatum
3385 5305 3726 5362 habuerunt

441 5386 728 5440 Terribilis
747 5393 934 5440 autem
965 5388 1229 5456 quadam.
1269 5392 1375 5440 etc.
2047 5370 2094 5429 Β
2116 5391 2388 5459 homines,
2422 5399 2632 5464 quanto
2663 5396 2938 5465 majorem
2968 5397 3090 5465 ejus
3127 5397 3185 5450 in
3225 5394 3552 5449 fabricanda
3583 5413 3730 5451 arca

507 5471 589 5528 17.
616 5476 958 5530 Passienum.
981 5473 1277 5529 Passiones
1302 5480 1661 5530 certaverunt
1685 5483 1878 5533 contra
1908 5497 2025 5550 eos,
2109 5479 2438 5535 instantiam
2464 5483 2741 5550 videbant,
2780 5491 2836 5538 et
2855 5501 2968 5539 non
2997 5483 3320 5539 credebant.

430 5569 495 5618 ut
522 5565 852 5635 patientiam
877 5565 984 5637 ipsi
1014 5564 1342 5620 amitterent
1369 5571 1426 5619 et
1446 5565 1613 5620 ﬁdem
1630 5573 1929 5637 negarent.
2175 5568 2230 5623 4.
2259 5573 2338 5626 Ab
2373 5588 2483 5626 uno
2513 5576 2647 5627 orti.
2664 5573 2816 5628 Ordo
2841 5593 2852 5628 :
2888 5573 2973 5629 Ab
2994 5590 3106 5630 uno
3123 5579 3180 5628 et
3198 5574 3302 5629 hoc
3317 5576 3579 5629 emortuo
3601 5575 3725 5629 orti

495 5651 585 5710 18.
615 5656 896 5710 Amittera.
948 5654 1360 5709 Conﬁdentiam
1407 5654 1608 5711 divinae
1636 5656 2024 5715 retributionis
2106 5664 2240 5715 sunt
2272 5664 2567 5732 tanquam,
2601 5667 2706 5718 etc.
