3878 6372
141 331 235 388 401
850 334 926 390 ΙΝ
964 333 1031 388 D.
1075 333 1288 389 PAULI
1330 333 1559 390 EPIST.
1603 333 1974 391 COMMENT.
2015 363 2078 376 —
2119 331 2334 389 EPIST.
2380 332 2476 387 AD
2514 333 2726 388 HEBR.
3297 330 3406 390 402

139 456 442 511 caelestem.
470 457 601 512 Ideo
627 473 743 512 non
781 457 1143 515 confunditur
1179 461 1330 515 Deus
1351 461 1533 515 vocari
1555 476 1750 516 eorum
1773 458 2024 530 ;paravit
2049 457 2200 512 enim
2231 457 2343 512 illis
2374 457 2675 512 civitatem.
2723 456 2860 512 Fide
2879 455 3083 512 obtulit
3117 457 3402 513 Abraham

135 547 302 612 Isaac,
335 561 469 600 cum
489 551 817 613 tentaretur,
851 553 908 602 et
936 549 1290 619 unigenitum
1311 550 1580 604 oﬁ'erebat
1597 550 1695 620 qui
1721 551 2046 618 susceperat
2065 546 2526 617 repromissiones
2550 566 2563 614 ;
2609 546 2681 600 ad
2699 563 2866 617 quem
2885 547 3096 602 dictum
3116 552 3229 601 est:
3249 547 3395 611 Quia

139 635 192 688 in
237 633 398 688 Isaac
429 636 719 691 vocabitur
739 637 842 691 tibi
874 653 1064 691 semen
1095 639 1146 692 5.
1180 637 1462 693 arbitrans
1511 639 1645 710 quia
1673 643 1730 692 et
1753 655 1788 692 τι
1816 636 2052 692 mortuis
2099 635 2370 690 suscitare
2401 641 2600 706 potens
2631 639 2717 689 est
2744 636 2893 690 Deus
2930 655 2944 702 ;
2971 636 3120 690 unde
3169 652 3298 690 eum
3339 640 3396 690 et

135 723 184 777 6.
210 725 266 778 in
293 724 626 795 parabolam
656 726 874 798 accipit.
901 727 1038 781 Fide
1057 732 1115 781 et
1144 727 1213 781 de
1243 727 1448 782 futuris
1473 726 1760 782 benedixit
1778 728 1954 791 Isaac,
1995 724 2164 778 Jacob
2185 729 2242 778 et
2260 725 2428 778 Esau.
2457 723 2594 778 Fide
2611 724 2799 790 Iacob,
2834 724 3100 791 moriens,
3141 724 3390 794 singulos

132 813 372 868 ﬁliorum
387 813 604 885 Joseph
624 814 926 882 benedixit,
944 821 1002 870 et
1016 816 1268 870 adoravit
1279 815 1329 871 7.
1355 816 1643 886 fastigium
1661 815 1830 886 virgae
1846 816 1986 884 ejus.
2016 813 2150 867 Fide
2172 813 2397 884 Joseph,
2423 813 2689 879 moriens,
2712 813 2783 866 de
2798 812 3138 884 perfectione
3147 813 3394 867 ﬁliorum

131 901 302 958 Israel
323 908 674 958 memoratus
690 909 858 970 est,et
866 905 936 959 de
956 905 1176 959 ossibus
1187 905 1303 958 suis
1318 904 1622 958 mandavit.
1632 905 1769 959 Fide
1787 905 2008 974 Moyses
2023 901 2529 968 natus,occultatus
2550 907 2637 956 est
2653 901 2940 956 mensibus
2959 902 3140 957 tribus
3156 919 3191 956 a
3208 918 3384 973 paren

130 986 274 1041 tibus
293 987 510 1054 suis,eo
531 989 680 1060 quod
693 989 959 1044 vidissent
971 991 1282 1061 elegantem
1303 991 1572 1046 infantem
1595 999 1653 1048 et
1671 1009 1783 1047 non
1802 993 2117 1047 timuerunt
2129 990 2278 1059 regis
2299 990 2705 1044 edictum.Fide
2716 991 2935 1061 Moyses
2952 991 3186 1060 grandis
3204 991 3385 1046 factus

131 1076 348 1145 negavit
368 1093 432 1130 se
453 1093 576 1132 esse
597 1078 775 1133 ﬁlium
800 1078 928 1133 ﬁliae
940 1079 1268 1142 Pharaonis,
1285 1080 1466 1149 magis
1480 1081 1693 1150 eligens
1712 1080 1885 1151 afﬂigi
1900 1097 2028 1134 cum
2044 1080 2249 1150 populo
2269 1079 2370 1133 Dei
2391 1095 2558 1150 quam
2581 1079 2906 1149 temporalis
2935 1080 3149 1151 peccati
3176 1079 3385 1134 habere

127 1164 806 1236 jucunditatem,majores
825 1167 1046 1222 divitias
1066 1169 1368 1234 aestimans,
1401 1170 1666 1224 thesauro
1683 1169 2092 1240 Egyptiorum,
2117 1167 2518 1238 improperium
2539 1167 2749 1222 Christi
2774 1188 2788 1234 ;
2811 1167 3116 1240 aspiciebat
3144 1168 3297 1222 enim
3327 1168 3387 1222 in

130 1253 804 1309 remunerationem.Fide
831 1255 1059 1327 reliquit
1077 1256 1409 1328 IEgyptum,
1437 1273 1549 1311 non
1578 1257 1787 1311 veritus
1813 1256 2229 1310 animositatem
2255 1256 2404 1326 regis
2428 1275 2440 1324 ;
2477 1256 2816 1310 invisibilem
2845 1257 2997 1311 enim
3016 1261 3288 1328 tanquam
3302 1256 3386 1310 vi-

130 1338 258 1393 dens
277 1341 570 1396 sustinuit.
580 1342 714 1397 Fide
738 1343 1037 1398 celebravit
1064 1345 1280 1400 Pascha
1309 1351 1367 1400 et
1394 1346 1684 1416 sanguinis
1714 1347 2140 1411 eﬁ‘usionemme
2155 1345 2250 1415 qui
2264 1344 2517 1399 vastabat
2530 1345 2814 1416 primitiva
2827 1351 3086 1416 tangeret
3106 1362 3220 1400 eos.
3243 1343 3382 1400 Fide

127 1429 474 1484 transierunt
501 1447 657 1484 mare
685 1431 958 1499 Rubrum,
977 1438 1249 1504 tanquam
1277 1451 1380 1504 per
1397 1434 1614 1488 aridam
1641 1439 1879 1502 terram;
1917 1435 2064 1504 quod
2095 1434 2307 1504 experti
2343 1433 2589 1504 Egyptii
2620 1434 2870 1488 devorati
2902 1439 3054 1488 sunt.
3077 1433 3213 1488 Fide
3231 1434 3380 1488 muri

125 1515 344 1572 Jericho
374 1521 958 1575 corrueruntcircuitu
987 1522 1206 1576 dierum
1227 1529 1462 1594 septem.
1493 1523 1630 1577 Fide
1658 1522 1853 1576 Rahab
1881 1522 2148 1576 meretrix
2168 1538 2279 1576 non
2300 1521 2467 1592 periit
2490 1538 2619 1576 cum
2639 1522 2960 1587 incredulis,
2990 1522 3268 1593 excipiens
3291 1538 3383 1576 ex-

120 1605 422 1675 ploratores
441 1623 575 1661 cum
602 1609 837 1678 pace.Et
849 1610 982 1680 quid
1005 1611 1188 1666 adhuc
1201 1611 1424 1666 dicam?
1442 1611 1680 1666 Deficiet
1695 1613 1843 1667 enim
1855 1630 1944 1667 me
1961 1617 2183 1683 tempus
2201 1617 2557 1666 enarrantem
2579 1611 3377 1680 deGedcon,Barac,Samson,

118 1699 298 1759 πθ
315 1692 370 1751 8.
394 1696 620 1766 Jephte,
645 1697 839 1766 David,
874 1699 1118 1766 Samuel,
1135 1706 1191 1755 et
1209 1701 1526 1772 prophetis;
1553 1702 1648 1772 qui
1669 1719 1769 1773 per
1793 1703 1962 1756 ﬁdem
1984 1701 2238 1755 vicerunt
2257 1717 2450 1770 regna,
2475 1701 2695 1770 operati
2715 1705 2849 1754 sunt
2861 1700 3162 1770 justitiam,
3187 1699 3378 1769 adepti

115 1789 236 1836 sunt
261 1785 748 1856 repromissiones,
773 1787 1176 1844 obturaverunt
1197 1807 1296 1844 ora
1317 1791 1562 1856 leonum,
1583 1791 2256 1860 exstinxeruntimpetum
2276 1789 2953 1859 ignis,eﬁugeruntaciem
2964 1789 3156 1860 gladii,
3182 1804 3378 1842 conva-

114 1869 330 1926 luerunt
360 1873 432 1928 de
462 1873 813 1942 inﬁrmitate,
833 1877 1004 1932 fortes
1039 1878 1171 1932 facti
1201 1885 1336 1933 sunt
1369 1881 1428 1932 in
1455 1880 1621 1945 bello,
1657 1884 1842 1934 castra
1870 1881 2161 1932 verterunt
2189 1881 2505 1932 exterorum
2530 1895 2542 1944 ;
2570 1875 2623 1930 9.
2653 1884 2990 1948 acceperunt
3013 1877 3278 1931 mulieres
3307 1877 3377 1930 de

113 1962 518 2017 resurrectione
547 1970 799 2018 mortuos
817 1982 968 2019 suos.
1001 1967 1112 2020 Alii
1141 1973 1331 2022 autem
1359 1968 1588 2022 distenti
1609 1973 1760 2034 sunt,
1789 1983 1901 2020 non
1917 1966 2224 2037 suscipient
2237 1965 2703 2035 redemptionem,
2727 1965 2809 2019 10.
2827 1971 2892 2020 ut
2911 1965 3200 2020 meliorem
3215 1965 3376 2019 inve-

114 2047 284 2104 nirent
315 2053 812 2106 resurrectionem.
844 2054 955 2107 Alii
973 2071 1101 2108 vero
1118 2055 1358 2110 ludibria
1383 2061 1442 2111 et
1468 2056 1698 2111 verbera
1725 2056 1961 2128 experti,
1993 2055 2225 2127 insuper
2241 2061 2299 2109 et
2318 2055 2536 2109 vincula
2557 2060 2614 2109 et
2638 2071 2890 2110 carceres
2915 2075 2928 2122 ;
2960 2054 3194 2126 lapidati
3216 2059 3370 2121 sunt,

111 2138 233 2191 secti
252 2145 405 2206 sunt,
440 2141 648 2194 tentati
677 2147 828 2207 sunt,
857 2143 915 2196 in
945 2144 1220 2198 occisione
1260 2145 1435 2214 gladii
1465 2147 1674 2200 mortui
1718 2150 1868 2210 sunt,
1898 2145 2243 2199 circuierunt
2272 2143 2354 2199 11.
2381 2144 2440 2198 in
2471 2145 2712 2210 melotis,
2750 2144 2809 2198 in
2839 2144 3077 2216 pellibus
3103 2143 3366 2213 caprinis,

114 2231 345 2295 egentes,
370 2227 701 2298 augustiati,
746 2229 940 2284 afﬂicti
965 2249 977 2298 ;
1011 2231 1214 2301 quibus
1243 2232 1446 2302 dignus
1477 2248 1590 2286 non
1613 2237 1736 2286 erat
1763 2235 2030 2300 mundus,
2062 2233 2120 2288 in
2149 2231 2546 2288 solitudinibus
2576 2238 2849 2300 errantes,
2883 2235 2942 2287 in
2973 2232 3280 2298 montibus,
3311 2235 3370 2286 et

111 2314 397 2382 speluncis,
431 2322 494 2371 et
520 2317 579 2371 in
607 2319 858 2372 cavernis
880 2324 1064 2374 terrae.
1080 2321 1149 2374 Et
1167 2321 1226 2374 hi
1256 2337 1450 2375 omnes
1476 2321 1798 2378 testimonio
1827 2325 1957 2378 ﬁdei
1986 2322 2226 2394 probati,
2249 2339 2361 2376 non
2385 2327 2720 2393 acceperunt
2741 2321 2823 2380 12.
2852 2321 3364 2394 repromissionem,

110 2401 212 2456 Deo
241 2421 341 2475 pro
369 2405 539 2460 nobis
567 2407 770 2462 melius
799 2408 1009 2480 aliquid
1039 2409 1388 2480 providente,
1417 2416 1482 2465 ut
1501 2426 1615 2464 non
1645 2411 1767 2466 sine
1798 2413 1960 2467 nobis
1987 2416 2530 2466 consummarentur.

1531 2552 1766 2607 CAPUT
1789 2553 1912 2608 XII.

163 2675 397 2749 Ideoque
428 2690 491 2734 et
517 2697 619 2735 nos
647 2685 865 2736 tantam
896 2681 1166 2738 habentes
1203 2682 1251 2740 1.
1283 2684 1602 2755 impositam
1632 2686 1840 2740 nubem
1869 2686 2116 2753 testium,
2146 2686 2492 2756 deponentes
2519 2683 2574 2741 2.
2606 2701 2772 2739 omne
2799 2685 3019 2756 pondus
3042 2689 3102 2739 et
3127 2685 3362 2739 circum-

107 2768 243 2819 stans
264 2783 366 2822 nos
395 2775 818 2842 peccatum,per
833 2773 1164 2842 patientiam
1177 2789 1470 2827 curramus
1487 2774 1558 2828 ad
1585 2775 1934 2846 propositum
1961 2774 2122 2829 nobis
2150 2773 2807 2844 certamen,aspicientes
2827 2773 2886 2827 in
2916 2778 3205 2828 auctorem
3224 2773 3357 2828 ﬁdei

107 2857 154 2906 et
180 2851 233 2912 3.
268 2864 785 2914 consummatorem
817 2861 1031 2928 Jesum,
1061 2862 1157 2932 qui
1184 2862 1469 2932 proposito
1491 2861 1598 2916 sibi
1624 2861 1675 2917 4.
1707 2861 2195 2931 gaudiosustinuit
2209 2860 2788 2928 crucem,confusione
2813 2865 3154 2931 contempta,
3187 2865 3359 2930 atque

107 2937 156 2993 in
180 2941 403 3000 dextera
430 2946 586 3001 sedis
632 2948 733 3002 Dei
779 2949 955 3004 sedet.
997 2950 1324 3019 Recogitate
1371 2951 1520 3004 enim
1560 2967 1692 3004 eum
1721 2951 1817 3021 qui
1847 2951 2018 3004 talem
2047 2951 2316 3004 sustinuit
2342 2967 2377 3004 a
2405 2948 2793 3021 peccatoribus
2822 2949 3118 3003 adversum
3145 2953 3356 3002 semet-

104 3045 266 3118 ipsum
317 3036 840 3106 contradictionem,
874 3042 940 3092 ut
976 3054 1048 3092 ne
1101 3039 1434 3108 fatigemini,
1485 3040 1690 3094 animis
1741 3039 1942 3092 vestris
1996 3039 2339 3093 deﬁcientes.
2388 3038 2650 3094 Nondum
2696 3037 2847 3091 enim
2885 3051 3064 3107 usque
3089 3036 3160 3090 ad
3212 3051 3348 3090 san-

1437 3199 2030 3254 COMMENTARIUS.

159 3307 202 3360 5.
229 3310 528 3365 Arbitrans
557 3315 710 3381 quia.
760 3313 1076 3385 Utrumque
1105 3314 1344 3369 credidit
1361 3315 1668 3382 Abraham,
1688 3315 1929 3383 Afilium
1960 3315 2125 3370 vidua
2155 3315 2488 3386 Sareptana,
2515 3319 2573 3368 et
2591 3313 2662 3368 ab
2691 3313 2875 3369 Eliseo
2906 3312 3235 3370 Sunamitis.

101 3398 148 3446 et
167 3397 289 3465 quia
314 3399 371 3454 in
413 3401 577 3456 Isaac
619 3418 811 3456 semen
858 3403 1153 3457 habiturus
1193 3421 1334 3469 esse,
1363 3410 1421 3458 et
1448 3407 1668 3476 placere
1825 3401 2203 3460 10.111eliorem
2219 3406 2555 3458 invenirent.
2573 3403 2864 3458 Meliorem
2877 3402 3346 3458 resurrectionem

100 3480 196 3537 Deo
227 3487 272 3540 si
322 3489 373 3542 ei
414 3490 604 3561 ipsum
653 3492 810 3545 Isaac
848 3491 1205 3560 immolaret;
1239 3495 1477 3549 credidit
1517 3495 1666 3548 enim
1751 3498 1910 3546 vocat
1958 3493 2410 3546 excellentiorem
2473 3493 2712 3562 gloriam
2775 3493 2836 3546 in
2907 3491 3340 3555 resurrectione,

101 3575 338 3640 quoniam
359 3583 652 3633 mortuum
673 3580 822 3635 Deus
850 3582 1238 3639 resuscitaret.
1746 3585 1957 3650 quanto
1985 3581 2134 3635 enim
2165 3581 2344 3651 magis
2375 3581 2498 3652 quis
2527 3581 2758 3651 patitur,
2789 3586 2948 3636 tanto
2974 3580 3154 3650 magis
3181 3595 3344 3632 coro-

155 3657 199 3716 6.
244 3665 308 3718 In
337 3669 687 3734 parabolam.
728 3669 890 3724 Aries
919 3671 1016 3740 qui
1044 3670 1194 3724 inter
1221 3688 1416 3743 vepres
1445 3672 1664 3726 haerens
1745 3669 1990 3723 nabitur.

99 3749 326 3808 cornibus
349 3763 610 3827 repertus
640 3762 744 3821 est,
768 3764 823 3812 et
858 3760 1014 3813 Isaac
1037 3776 1213 3814 unum
1246 3760 1528 3814 Christum
1559 3761 1661 3815 ho-
1821 3758 1901 3816 11.
1940 3761 2009 3813 In
2036 3760 2266 3820 melotis,
2317 3762 2383 3812 in
2425 3760 2676 3828 pellibus.
2710 3756 3126 3811 Vestimentum
3152 3759 3240 3809 est
3275 3771 3340 3808 ex

99 3837 277 3895 minem
326 3849 381 3898 et
420 3846 604 3898 Deum
650 3846 987 3916 signiﬁcant.
1038 3848 1145 3903 Per
1187 3849 1292 3902 hoc
1321 3849 1493 3918 igitur
1511 3850 1659 3920 quod
1741 3846 1888 3916 pilis,
1914 3852 1978 3900 ut
2004 3847 2182 3912 aiunt,
2215 3847 2558 3901 camelorum
2583 3846 2811 3912 factum,
2841 3861 2951 3915 quo
2973 3844 3058 3898 vel
3089 3843 3333 3914 caprinis

98 3925 448 4001 ariesquidem
463 3935 1204 4001 estimmolatus,Isaacvero
1219 3944 1399 3992 morte
1412 3938 1658 3992 subtrac-
1739 3934 1980 4004 pellibus
2010 3935 2136 4004 quis
2185 3934 2243 3988 in
2272 3933 2446 3987 veteri
2482 3935 2688 4004 populo
2718 3933 3040 3987 Judaeorum
3069 3948 3204 3985 usus
3235 3931 3328 3996 sit,

97 4016 555 4089 tus,signiﬁcatum
576 4031 661 4079 est
680 4026 964 4080 Christum
976 4027 1283 4081 secundum
1297 4042 1519 4080 carnem
1535 4042 1658 4097 pas—
1737 4033 1932 4098 aperte
1959 4027 2249 4098 Scriptura
2267 4043 2380 4081 non
2401 4026 2538 4080 dicit
2560 4045 2570 4080 :
2600 4025 2849 4080 Joannes
2868 4029 3060 4079 autem
3077 4023 3335 4094 Baptista

99 4113 591 4174 surum,secundum
605 4130 734 4168 vero
751 4115 1119 4181 divinitatem,
1137 4117 1332 4169 mortis
1354 4115 1655 4168 discrimen
1736 4133 1872 4170 usus
1901 4121 2006 4174 est.

99 4204 187 4246 non
207 4211 318 4252 esse
332 4217 650 4256 sensurum.
683 4203 749 4257 Et
772 4204 876 4257 hoc
905 4205 1051 4275 quod
1076 4205 1190 4258 ait:
1221 4205 1280 4258 in
1304 4203 1650 4275 parabolam,
1811 4205 1892 4261 12.
1928 4207 2439 4273 Repromissioncm.
2492 4203 2848 4259 Beatitudine
2893 4201 3214 4256 animarum
3244 4216 3330 4254 re-

98 4276 142 4331 id
163 4288 236 4336 est
261 4286 579 4360 allegoriam
597 4308 723 4346 eum
749 4293 978 4363 accepit.
1009 4294 1202 4364 Ipsum
1223 4293 1371 4347 enim
1402 4294 1559 4364 prius
1579 4293 1650 4347 ad
1733 4299 1914 4365 cepta,
1944 4292 2280 4347 resurrectio
2309 4309 2630 4364 corporum,
2660 4309 2828 4363 quam
2845 4290 3054 4345 sanctis
3075 4289 3192 4344 suis
3204 4306 3330 4361 pro-

98 4373 410 4434 moriendum
437 4381 610 4449 dedit,
643 4382 738 4436 sed
763 4389 889 4454 post
926 4385 1373 4454 experimentum
1406 4384 1537 4438 ﬁdei
1566 4400 1652 4438 re-
1733 4383 1887 4437 misit
1914 4384 2082 4448 Deus,
2117 4382 2242 4435 ideo
2291 4381 2474 4436 adhuc
2517 4381 2795 4448 dilfertur,
2846 4385 2911 4435 ut
2937 4379 3102 4433 simul
3131 4395 3328 4434 omnes

99 4469 227 4524 peric
253 4467 422 4524 ariete
451 4470 522 4524 ad
563 4470 861 4526 videndum
885 4472 1112 4543 recepit.
1144 4473 1261 4526 Hoc
1289 4472 1396 4526 sibi
1421 4478 1652 4543 propter
1731 4470 2490 4542 resurgamus,quatenus,in
2513 4469 2798 4525 communi
2821 4467 3030 4540 gaudio
3050 4467 3327 4535 omnium,

99 4544 235 4605 ﬁdem
261 4559 314 4608 et
339 4557 712 4614 obedientiam
737 4561 946 4615 honore
974 4561 1195 4626 collato,
1221 4565 1285 4614 ut
1312 4577 1412 4630 per
1439 4560 1539 4614 ﬁlii
1568 4561 1649 4615 vi-
1731 4563 1915 4631 majus
1939 4562 2036 4614 ﬁat
2065 4559 2438 4628 singulorum.

97 4637 208 4705 tam,
249 4643 549 4701 divinitatis
589 4649 1003 4717 signiﬁcaretur
1049 4667 1084 4703 a
1112 4655 1293 4703 morte
1324 4650 1710 4709 subtractio.B
1804 4651 1960 4704 CAP.
1992 4649 2114 4703 XII.
2146 4678 2214 4688 —
2251 4652 2299 4702 1.
2332 4649 2546 4704 LANFR.
2580 4649 2909 4716 Impositum
2938 4647 3157 4700 nubem.
3179 4645 3329 4699 Mul-

153 4724 195 4778 7.
226 4731 518 4802 Fastigium
546 4731 731 4805 virgae.
761 4739 862 4792 Vel
890 4744 1172 4810 sceptrum
1204 4738 1418 4792 ferebat
1441 4732 1648 4809 Ioseph
1732 4739 2028 4793 titudinem
2047 4741 2369 4791 sanctorum
2384 4733 3327 4806 vocatnubem,quiaverbispluunt

99 4824 223 4869 more
241 4825 457 4879 secundi
481 4842 516 4879 a
544 4843 695 4896 rege.
727 4827 830 4880 Vel
859 4827 1146 4897 fastigium
1174 4827 1343 4897 virga:
1362 4827 1498 4881 dicit
1524 4828 1649 4881 alti-
1733 4831 1789 4880 et
1815 4825 2099 4879 miraculis
2126 4828 2440 4878 coruscant.

99 4901 311 4964 tudinem
352 4913 644 4985 regiminis
694 4916 833 4985 ejus,
878 4933 1045 4987 quam
1084 4916 1441 4970 altitudinem
1475 4915 1644 4970 Iacob
1797 4913 1851 4970 2.
1887 4915 2054 4969 Omne
2078 4914 2317 4982 pondus.
2352 4912 2577 4966 Pondus
2616 4918 2777 4967 vocat
2827 4915 3144 4984 peccatum,
3177 4910 3322 4964 sicut

100 4988 326 5074 ξῑάοῐϊινὶῐ,
357 5001 413 5057 id
459 5008 545 5058 est
592 5004 652 5058 in
689 5021 911 5058 summa
940 5006 1296 5059 veneratione
1326 5004 1542 5060 habuit.
1577 5006 1646 5059 Et
1725 5003 1785 5057 in
1831 5003 2047 5074 psalmo
2081 5020 2092 5055 :
2128 5002 2402 5068 Quoniam
2436 5004 2762 5070 iniquitates
2801 5017 2928 5055 meae
2965 5014 3323 5068 supergressa

103 5071 182 5131 hoc
206 5083 318 5154 ﬁde,
352 5092 480 5162 quia
507 5109 542 5146 a
562 5093 678 5148 Deo
707 5094 918 5148 factum
950 5111 1071 5149 esse
1099 5094 1356 5148 credidit.
1725 5071 1854 5146 sunt
1881 5097 2042 5160 caput
2079 5107 2262 5144 meum
2286 5110 2302 5155 ;
2348 5093 2488 5144 sicut
2534 5106 2673 5144 onus
2718 5105 2882 5158 grave
2920 5093 3162 5157 gravatae
3187 5091 3322 5140 sunt

144 5165 196 5262 .8-
222 5175 406 5248 Jephte,
439 5183 628 5236 David.
661 5183 787 5237 Non
813 5200 879 5236 ex
911 5200 976 5238 eo
1006 5183 1236 5238 ducitur
1261 5183 1462 5254 Iephte
1485 5183 1543 5237 in
1566 5188 1645 5238 te-
1725 5197 1890 5250 super
1908 5197 1992 5234 me
2020 5183 2184 5247 (Psal.
2216 5180 2438 5247 xxxvn).

103 5255 378 5343 Stimonium
407 5269 554 5339 quod
585 5270 758 5323 ﬁliam
789 5271 1078 5336 occiderit,
1109 5271 1207 5325 sed
1260 5272 1406 5341 quod
1450 5289 1552 5343 per
1577 5272 1644 5324 ﬁ-
1795 5273 1849 5324 3.
1883 5272 2417 5336 Consummatorem,
2441 5267 2617 5333 idest,
2638 5266 2734 5337 qui
2761 5282 2864 5320 nos
2886 5263 3315 5330 consummabit,

102 5337 216 5431 del“,
245 5337 530 5422 adiuvante
565 5374 694 5412 eum
724 5359 861 5426 Deo,
885 5360 1076 5414 hostes
1097 5337 1469 5431 superaverit:
1726 5358 1785 5412 id
1811 5365 1914 5426 est,
1955 5358 2157 5412 anima:
2187 5362 2244 5411 et
2268 5357 2518 5428 corporis
2558 5355 2864 5426 perfectam
2912 5351 3320 5406 beatitudinem

155 5428 196 5484 9-
217 5438 526 5510 Acceperunt
554 5450 842 5506 mulieres.
885 5449 1035 5504 Ordo
1069 5467 1079 5500 :
1113 5428 1376 5503 Mulieres
1410 5465 1635 5520 accepe-
1723 5446 1898 5502 dabit.

103 5527 221 5620 "mi.
249 5530 443 5607 scilicet
465 5552 500 5588 a
526 5535 734 5590 sanctis
763 5536 864 5590 Dei
901 5543 1152 5592 mortuos
1189 5554 1321 5592 suos
1353 5538 1423 5592 de
1452 5555 1642 5592 resur-
1794 5537 1846 5592 4.
1879 5537 2112 5593 Gaudio.
2141 5536 2243 5589 Vel
2275 5534 2434 5605 regni
2462 5531 2722 5600 caelestis,
2770 5530 2856 5585 vel
2885 5529 3046 5600 regni
3083 5530 3318 5599 terreni,

103 5615 324 5685 rectione,
351 5621 406 5676 id
462 5630 568 5691 est,
614 5631 992 5696 resurgentes,
1045 5631 1110 5680 ut
1146 5625 1215 5680 ab
1259 5627 1380 5681 Elia
1414 5627 1642 5680 unicum
1727 5626 1874 5697 quod
1907 5625 2014 5679 sibi
2039 5624 2290 5679 oblatum
2315 5629 2418 5677 est.
