3878 6352
530 302 641 363 403
1510 302 1576 359 Β.
1616 301 2040 359 LANFRANCI

2247 301 2436 360 PUAR.
2477 300 2814 359 ARCHIEP.
3686 299 3778 357 404

531 432 762 502 guinem
790 430 1100 495 restitistis,
1131 428 1398 484 adversus
1426 434 1720 501 peccatum
1750 433 2147 499 repugnantes,
2183 432 2241 480 et
2266 425 2427 482 obliti
2455 426 2592 479 estis
2608 424 3025 489 consolationis,
3052 441 3177 495 quae
3201 424 3359 486 vobis
3379 428 3655 495 tanquam
3668 424 3782 487 aliis

531 521 803 592 loquitur,
833 521 1046 574 dicens.
1090 520 1142 574 5.
1191 520 1299 576 Fili
1345 520 1440 583 mi,
1490 520 1607 574 noli
1644 519 1931 587 negligere
1977 517 2329 586 disciplinam
2364 515 2609 576 Domini,
2654 530 2838 583 neque
2878 514 3131 583 iatigeris
3156 513 3295 569 dum
3323 512 3394 571 ab
3420 529 3492 573 eo
3521 513 3777 583 argueris.

539 615 725 677 σεξτ
758 610 936 673 Quem
968 608 1114 661 enim
1140 608 1327 677 diligit
1350 609 1623 665 Dominus
1651 608 1906 676 castigat,
1941 606 2188 675 ﬂagellat
2226 611 2412 659 autem
2459 620 2680 659 omnem
2725 604 2904 661 ﬁlium
2950 618 3119 673 quem
3147 603 3363 672 recipit.
3397 604 3463 664 In
3501 603 3783 672 disciplina

536 702 910 770 perseverate.
949 698 1241 767 Tanquam
1268 696 1397 750 ﬁliis
1425 697 1579 750 vobis
1602 697 1766 750 offert
1792 712 1853 750 se
1881 696 2057 761 Deus;
2083 694 2210 764 quis
2231 692 2381 747 enim
2411 692 2560 747 ﬁlius
2572 708 2743 761 quem
2766 677 2881 747 non
2898 690 3133 760 corripit
3157 690 3352 761 pater?
3383 689 3547 755 Quod
3574 690 3784 753 εἰρηκει

539 786 890 857 disciplinam
919 785 1057 839 estis
1084 786 1245 855 cujus
1276 786 1576 856 participes
1602 784 1733 838 facti
1763 789 1895 838 sunt
1923 799 2137 847 omnes,
2171 798 2304 850 ergo
2334 780 2593 844 adulteri,
2631 786 2688 835 et
2730 795 2863 839 nou
2892 779 2995 837 ﬁlii
3028 779 3182 840 estis.
3210 778 3423 845 Deinde
3451 782 3645 849 patres
3671 778 3784 848 qui-

540 876 673 930 dem
698 875 883 941 carnis
911 879 1133 940 nostris,
1163 872 1475 929 eruditores
1506 873 1827 942 habuimus,
1854 879 1912 927 et
1938 870 2333 926 reverebamur
2352 884 2467 924 eos.
2501 870 2651 925 Num
2683 868 2861 927 multo
2891 868 3076 937 magis
3103 866 3620 937 obtempemhimus
3644 866 3784 931 Patri

542 965 844 1037 spirituum
872 968 929 1018 et
951 963 1239 1017 vivemus?
1264 963 1333 1017 Et
1362 963 1443 1016 illi
1470 962 1698 1033 quidem
1728 963 1789 1016 in
1816 968 2069 1032 tempore
2097 973 2404 1031 paucorum
2424 956 2664 1019 dierum,
2687 956 2995 1027 secundum
3020 956 3365 1029 voluntatem
3392 970 3558 1018 suam
3576 955 3785 1017 erudiar

539 1053 680 1109 bant
706 1068 841 1120 nos;
872 1052 964 1105 hic
991 1056 1177 1105 autem
1198 1052 1273 1105 ad
1298 1051 1355 1104 id
1385 1052 1534 1122 quod
1560 1051 1699 1105 utile
1726 1056 1810 1109 est
1838 1051 1898 1104 in
1925 1049 2245 1121 recipiendo
2271 1046 2777 1111 sanctiﬁcationem
2806 1047 2949 1114 ejus.
2982 1044 3179 1105 Omnis
3197 1050 3388 1105 autem
3412 1044 3710 1114 disciplina
3731 1044 3783 1098 in

539 1140 803 1213 presenti
830 1140 1055 1212 quidem
1082 1140 1304 1195 videtur
1324 1155 1436 1194 non
1460 1156 1584 1194 esse
1600 1138 1815 1210 gaudii,
1845 1140 1945 1193 sed
1973 1138 2230 1195 maeroris
2254 1156 2268 1203 ;
2297 1141 2490 1205 postea
2523 1140 2711 1189 autem
2732 1132 2788 1188 6.
2814 1134 3059 1193 fructum
3084 1133 3511 1204 pacatissimam
3537 1133 3785 1195 θηρείω-

536 1229 615 1311 tis
641 1244 744 1323 per
787 1243 910 1282 eam
952 1228 1153 1282 reddet
1194 1228 1447 1296 iustitiae.
1509 1228 1748 1298 Propter
1791 1229 1960 1298 quod,
1992 1228 2256 1281 remissas
2286 1240 2487 1278 manus
2519 1230 2575 1278 et
2604 1223 2790 1279 soluta
2813 1237 3003 1292 genua
3028 1222 3246 1293 erigite,
3274 1228 3343 1322 et.
3357 1237 3592 1291 gressus
3620 1226 3784 1277 rectos

537 1304 704 1370 facite
721 1316 776 1370 'i.
809 1314 1045 1387 pedibus
1068 1316 1291 1383 vestris,
1319 1321 1384 1373 ut
1404 1331 1518 1369 non
1545 1315 1864 1371 claudicans
1891 1316 2020 1385 quis
2047 1320 2215 1380 erret,
2246 1313 2428 1382 magis
2456 1318 2645 1366 autem
2674 1317 2923 1367 sanetur.
2957 1312 3159 1369 Pacem
3189 1311 3493 1382 sequimini
3520 1327 3649 1369 cum
3676 1325 3785 1367 om-

536 1404 724 1471 nibus,
754 1392 822 1457 et.
835 1404 1284 1469 sanctimoniam,
1317 1405 1438 1461 sine
1484 1419 1596 1474 qua
1637 1420 1803 1463 nemo
1833 1405 2040 1465 videbit
2065 1404 2279 1470 Deum;
2319 1403 2765 1471 contemplantes
2784 1418 2854 1456 ne
2876 1401 3001 1471 quis
3029 1401 3175 1456 desit
3200 1402 3400 1470 gratim
3432 1400 3556 1460 Dei.
3588 1415 3658 1457 ne
3686 1413 3785 1467 qua

536 1493 700 1547 radix
727 1493 1121 1547 amaritudinis
1147 1508 1369 1546 sursum
1390 1493 1713 1563 germinans
1730 1494 2023 1564 impediat,
2047 1499 2106 1546 et
2132 1510 2233 1563 per
2259 1494 2416 1546 illam
2442 1492 2809 1561 inquinentur
2838 1490 3021 1546 multi.
3059 1490 3147 1545 Ne
3185 1490 3311 1560 quis
3346 1489 3672 1550 fornicator,
3697 1492 3787 1543 aut

540 1582 811 1653 profanus
838 1586 904 1634 ut
931 1581 1098 1643 Esau,
1131 1580 1226 1651 qui
1251 1589 1481 1651 propter
1507 1596 1676 1635 unam
1714 1597 1896 1636 escam
1941 1582 2193 1636 vendidit
2230 1582 2515 1653 primitiva
2550 1597 2673 1634 sua.
2713 1578 2766 1636 8.
2797 1581 3007 1635 Scitote
3025 1580 3175 1645 enim
3209 1578 3481 1649 quoniam
3528 1584 3588 1635 et
3611 1582 3788 1647 postea

536 1668 772 1740 cupiens
800 1669 1133 1723 haereditare
1151 1669 1614 1736 benedictionem,
1646 1669 1979 1741 reprobatus
2006 1676 2125 1734 est;
2146 1687 2259 1731 non
2288 1670 2436 1729 enim
2466 1669 2681 1724 invenit
2708 1669 3052 1739 paenitentiae
3081 1669 3285 1733 locum,
3318 1682 3644 1737 quanquam
3672 1680 3785 1721 cum

537 1758 805 1829 lacrymis
832 1758 1155 1828 inquisisset
1181 1774 1329 1812 eam.
1357 1756 1410 1812 9.
1439 1759 1563 1812 Non
1590 1759 1743 1812 enim
1770 1759 2082 1813 accessistis
2110 1760 2180 1813 ad
2206 1758 2557 1812 tractabilem
2587 1766 2835 1812 montem
2864 1762 2922 1811 et
2949 1756 3339 1813 accensibilem
3367 1756 3583 1825 ignem,
3612 1760 3669 1810 et
3684 1760 3786 1809 tur-

537 1845 749 1912 binem,
780 1851 839 1900 et
858 1847 1177 1916 caliginem,
1198 1852 1256 1901 et
1276 1847 1597 1917 procellam,
1621 1851 1678 1900 et
1690 1845 1840 1900 tubae
1866 1863 2091 1912 sonum,
2113 1854 2172 1901 et
2194 1863 2384 1901 vocem
2410 1846 2727 1910 verborum,
2756 1862 2927 1916 quam
2951 1846 3050 1916 qui
3068 1846 3375 1905 audierunt
3393 1847 3787 1900 escusaverunt

537 1950 601 1989 se
629 1951 701 1989 ne
729 1934 809 1988 eis
835 1936 996 1989 ﬁeret
1017 1934 1266 1989 verbum.
1302 1934 1429 1988 Non
1457 1935 1607 1995 enim
1636 1935 1940 2006 portabant
1959 1936 2103 2005 quod
2136 1934 2425 1990 dicebatur
2450 1953 2462 1987 :
2495 1941 2553 1989 et
2578 1935 2627 1989 si
2660 1935 2837 1990 bestia
2862 1934 3114 2004 tetigerit
3140 1940 3409 1998 montem,
3436 1931 3785 2004 lapidabitur.

535 2023 707 2079 Etita
736 2023 987 2078 terribile
1012 2028 1133 2077 erat
1160 2023 1310 2093 quod
1333 2022 1647 2076 videbatur.
1668 2023 1887 2094 Moyses
1920 2023 2059 2077 dixit
2087 2041 2099 2076 :
2132 2024 2443 2078 Exterritus
2468 2041 2595 2078 sum
2623 2028 2681 2078 et
2706 2023 3129 2079 tremebundus.
3159 2022 3238 2079 10.
3272 2022 3384 2077 Sed
3405 2019 3784 2079 accessistisad

533 2112 675 2166 Sion
699 2117 947 2166 montem
976 2116 1036 2165 et
1064 2110 1349 2165 civitatem
1377 2111 1479 2165 Dei
1504 2111 1756 2178 viventis,
1796 2112 2109 2166 Jerusalem
2139 2094 2445 2175 ccelestem,
2476 2117 2535 2166 et
2563 2113 2870 2173 multorum
2898 2111 3139 2168 millium
3172 2110 3511 2180 angelorum
3532 2109 3784 2179 frequen:

535 2199 694 2266 tiam,
727 2205 783 2254 et
808 2198 1112 2255 Ecelesiam
1141 2200 1554 2271 primitivorum
1576 2200 1672 2270 qui
1689 2200 1989 2270 conscripti
2018 2205 2151 2254 sunt
2175 2201 2403 2254 incoelis
2433 2207 2490 2254 et
2511 2201 2759 2270 judicem
2790 2201 3043 2255 omnium
3070 2199 3248 2259 Deum
3276 2205 3333 2254 et
3358 2199 3598 2270 spiritus
3619 2199 3785 2268 justo-

534 2304 661 2343 rum
692 2289 1074 2359 perfecturum
1104 2282 1162 2343 et
1188 2290 1515 2343 testamenti
1543 2290 1671 2342 novi
1702 2289 2072 2347 mediatorem
2101 2290 2314 2354 Iesum,
2338 2295 2395 2342 et
2411 2289 2703 2359 sanguinis
2726 2290 3107 2360 aspersionem
3128 2289 3211 2345 11.
3243 2288 3449 2345 melius
3478 2289 3784 2358 loquentem

538 2393 710 2447 quam
728 2377 887 2431 Abel.
912 2378 1108 2431 Videte
1136 2394 1206 2431 ne
1230 2378 1500 2431 recusetis
1523 2378 1867 2448 loquentem.
1894 2378 1953 2431 Si
1981 2378 2131 2431 enim
2160 2378 2242 2430 illi
2270 2394 2383 2431 non
2411 2378 2749 2447 effugerunt.
2768 2383 3090 2449 recusantes
3113 2393 3242 2434 eum
3273 2377 3369 2448 qui
3396 2394 3573 2449 super
3590 2382 3783 2431 terram

535 2464 889 2535 loquebatur,
914 2466 1091 2519 multo
1118 2466 1295 2536 magis
1327 2483 1449 2531 nos,
1483 2466 1579 2536 qui
1610 2467 1678 2519 de
1716 2465 1869 2519 caelis
1896 2466 2221 2535 loquentem
2243 2466 2400 2523 nobis
2414 2468 2738 2524 avertimus.
2758 2469 2919 2537 cujus
2937 2484 3036 2521 vox
3054 2469 3225 2521 movit
3239 2474 3452 2521 terram
3468 2473 3621 2527 tunc,
3653 2481 3785 2519 nunc

536 2558 728 2607 autem
751 2554 1111 2624 repromittit,
1135 2554 1325 2608 dicens
1353 2573 1364 2608 :
1403 2555 1489 2609 12.
1521 2554 1719 2607 Adhuc
1747 2555 1940 2619 semel,
1974 2559 2030 2607 et
2059 2571 2162 2623 ego
2191 2554 2421 2608 movebo
2452 2571 2563 2608 non
2594 2559 2771 2610 solum
2800 2563 3028 2625 terram,
3060 2557 3156 2610 sed
3178 2562 3234 2609 et
3262 2557 3489 2609 caelum.
3522 2554 3677 2619 Quod
3696 2569 3783 2606 au-

533 2646 653 2694 tem
678 2640 859 2695 adhuc
897 2643 1074 2696 semel
1103 2643 1255 2709 dicit,
1312 2642 1398 2699 l3.
1443 2643 1692 2698 declarat
1722 2642 2014 2701 mobilium
2043 2643 2470 2701 translationem
2500 2651 2690 2719 ἰδ
2718 2651 2990 2715 tanquam
3021 2646 3319 2709 facturum,
3354 2649 3418 2699 ut
3444 2647 3709 2707 maneant
3726 2657 3784 2694 ea

535 2745 663 2800 quae
691 2734 825 2784 sunt
850 2730 1181 2787 immobilia.
1204 2733 1403 2801 Itaque
1430 2746 1671 2800 regnum
1702 2729 1990 2789 immobile
2018 2731 2404 2801 suscipientes.
2427 2731 2699 2793 habemus
2728 2734 2995 2803 gratiam,
3026 2751 3128 2806 per
3150 2751 3322 2813 quam
3347 2734 3658 2809 servimus
3684 2732 3784 2802 Ριξ-

532 2822 723 2883 centes
744 2819 881 2886 Deo,
913 2834 1042 2874 cum
1067 2824 1226 2874 metu
1257 2823 1317 2874 et
1344 2818 1679 2877 reverentia.
1711 2816 1933 2876 Etenim
1962 2817 2113 2873 Deus
2142 2825 2335 2893 uoster
2364 2820 2509 2889 ignis
2533 2838 2867 2897 consumens
2893 2828 3000 2886 est.

1946 2988 2180 3053 CAPUT
2216 2989 2374 3055 XIII.

605 3135 863 3192 Charitas
890 3135 1264 3189 fraternitatis
1293 3138 1523 3188 maneat
1540 3133 1597 3187 in
1629 3131 1805 3188 vobis.
1824 3132 1894 3186 Et
1911 3132 2355 3205 hospitalitatem
2384 3137 2559 3205 nolite
2589 3137 2833 3191 oblivisci
2859 3156 2871 3203 ;
2902 3154 3004 3209 per
3027 3137 3173 3190 hanc
3192 3135 3342 3189 enim
3363 3136 3653 3191 latuerunt
3670 3134 3785 3204 qui-

533 3224 907 3303 dam,apgelis
925 3224 1168 3301 hospitio
1184 3222 1444 3299 receptis.
1460 3222 1804 3275 Mementote
1816 3221 2147 3291 vinctorum,
2165 3227 2434 3303 tanquam
2458 3224 2621 3279 simul
2646 3225 2898 3295 vincti,et
2910 3224 3306 3297 laborantium,
3322 3230 3595 3298 tanquam
3622 3228 3677 3277 et
3692 3222 3783 3296 ipsi

533 3315 594 3387 in
622 3300 857 3401 corpore
885 3300 1189 3389 morantes.
1235 3309 1578 3377 Honorabile
1608 3309 1949 3381 connubium
1980 3310 2037 3377 in
2070 3300 2347 3376 omnibus,
2373 3319 2430 3366 et
2457 3315 2654 3367 thorus
2682 3313 3095 3385 immaculatus.
3130 3313 3522 3368 Fornicatores
3544 3313 3708 3383 enim,
3735 3316 3784 3362 et

534 3397 821 3479 adulteros
846 3401 1123 3493 iudicabit
1150 3401 1318 3454 Deus.
1336 3400 1461 3465 Sint
1477 3415 1661 3461 mores
1682 3398 1801 3452 sine
1823 3398 2079 3460 avaritia,
2112 3397 2360 3451 contenti
2384 3397 2787 3468 praesentibus;
2814 3398 2932 3469 ipse
2951 3398 3100 3471 enim
3124 3397 3289 3451 dixit:
3309 3399 3434 3451 Non
3449 3403 3510 3451 te
3524 3398 3781 3467 deseram,

531 3477 716 3582 neque
736 3477 1146 3565 derelinquam.
1171 3488 1250 3559 ita
1276 3492 1340 3541 ut
1367 3486 1714 3541 confidenter
1745 3486 1998 3540 dicamus
2024 3503 2035 3538 :
2058 3486 2329 3539 Dominus
2369 3485 2505 3539 mihi
2529 3486 2752 3555 adjutor
2779 3490 2893 3554 est;
2933 3502 3046 3540 non
3071 3485 3280 3540 timebo
3306 3485 3440 3555 quid
3463 3485 3635 3539 iaciat
3661 3477 3783 3534 mihi

530 3572 1080 3634 homo.Mementote
1104 3577 1531 3647 przepositorum
1559 3581 1890 3640 vestrorum,
1918 3574 2015 3644 qui
2039 3573 2193 3645 vobis
2210 3575 2379 3629 locuti
2400 3581 2534 3629 sunt
2561 3574 2788 3629 verbum
2821 3575 2954 3639 Dei;
2987 3592 3225 3646 quorum
3252 3575 3540 3628 intuentes
3569 3572 3763 3627 exitum

534 3667 992 3751 conversationis,
1013 3665 1318 3743 imitamini
1333 3665 1520 3733 fidem.
1543 3666 1635 3729 1.]
1641 3680 1768 3718 esus
1784 3664 2038 3731 Christus
2062 3663 2202 3731 heri,
2234 3668 2291 3717 et
2316 3663 2485 3717 hodie
2509 3682 2521 3735 ;
2547 3662 2668 3735 ipse
2697 3668 2754 3717 et
2779 3664 2839 3717 in
2868 3662 3090 3720 secula.
3114 3662 3394 3718 Doctrinis
3414 3663 3603 3727 variis,
3629 3665 3682 3713 et
3699 3673 3784 3729 pe-

1889 3832 2487 3905 COMMENTARIUS.

605 3978 659 4033 5.
695 3979 808 4047 ﬁli
832 3978 934 4039 mi,
971 3978 1109 4035 noli.
1138 3975 1204 4033 In
1234 3974 1552 4037 Proverbiis
1579 3977 1662 4037 ita
1688 3976 1930 4045 habetur
1961 3992 1974 4028 :
2007 3977 2131 4039 Dis-3
2151 3977 2195 4035 A
2214 3979 2577 4046 terpretatur.

536 4068 813 4136 ciplz'nam
860 4067 1106 4131 Domini,
1142 4067 1229 4133 ﬁli
1262 4069 1360 4128 mi,
1397 4083 1463 4119 ne
1490 4065 1739 4134 abjicias,
1782 4082 1953 4135 neque
1998 4067 2131 4132 dcﬁ-
2296 4063 2375 4121 ll.
2429 4066 2624 4133 Melius
2667 4062 2997 4135 loquentem.
3040 4066 3305 4136 Aspersiq
3347 4063 3637 4137 sanguinis
3662 4054 3782 4133 Abel

537 4158 654 4210 cia:
672 4169 801 4209 cum
829 4155 898 4208 ab
917 4171 974 4208 ea
1002 4158 1330 4223 corripere“
1364 4172 1524 4224 quem
1553 4159 1703 4213 enim
1722 4157 1911 4222 diligit
1939 4156 2128 4221 Domi—
2214 4153 2422 4209 clamat
2448 4153 2750 4225 vindictam
2775 4171 2789 4227 ς
2820 4154 3068 4225 aspersis
3084 4154 3376 4229 sanguinis
3406 4152 3614 4228 Christi
3642 4148 3786 4205 ωίεθτ

538 4259 651 4298 nu:
677 4245 929 4311 corripit,
952 4247 1003 4297 et
1030 4246 1192 4310 quasi
1210 4246 1373 4310 Pater
1401 4247 1465 4301 in
1492 4247 1608 4310 ﬁlio
1627 4244 2056 4312 complqcetsz’bi.
2214 4242 2534 4307 ricordiam.

609 4327 665 4387 6.
688 4332 954 4386 Fructum
977 4334 1419 4400 pacatissimam.
1453 4332 1603 4391 Ordo
1638 4350 1650 4387 :
1682 4333 1950 4397 Fructum
1971 4349 2132 4403 paca-
2296 4328 2373 4399 l2.
2434 4331 2628 4399 Adhuc
2675 4347 2765 4399 ego
2804 4332 2984 4403 semel.
3030 4331 3096 4403 In
3133 4331 3328 4405 Aggeq
3370 4332 3641 4409 propheta
3671 4325 3740 4387 sic
3769 4339 3779 4393 ξ

539 4418 822 4477 tissimum
847 4420 1171 4490 justitiqgid
1189 4428 1293 4488 est,
1318 4437 1484 4492 quem
1507 4421 1731 4491 justitia
1755 4427 2124 4492 promeretur.
2213 4419 2403 4483 Adhuc
2431 4434 2610 4487 unum
2633 4420 2912 4489 modicum
2940 4423 3034 4496 est,
3069 4423 3116 4493 et
3137 4436 3228 4489 ego
3259 4423 3592 4493 comma.va
3614 4418 3781 4481 cadum

611 4510 667 4563 7.
699 4510 930 4563 Pedibus
954 4513 1165 4563 vestris.
1198 4510 1374 4565 Pedes
1404 4516 1563 4571 vocat
1590 4511 1976 4583 cogitationes,
2010 4527 2132 4581 quae
2215 4510 2263 4564 et
2293 4511 2503 4579 terra";
2532 4508 2711 4577 (Agge.
2745 4509 2836 4579 ll.)

539 4602 678 4653 tunc
721 4602 871 4652 recte
926 4597 1283 4669 gradiuntur,
1333 4616 1461 4662 cum
1510 4601 1651 4660 bene
1690 4600 1962 4667 credunt;
1995 4604 2131 4654 tunc
2291 4593 2373 4652 l3.
2418 4597 2686 4661 Declaz‘qt.
2714 4596 2821 4651 Per
2852 4596 2955 4665 huc
2982 4597 3131 4669 quod
3159 4596 3327 4657 dicit:
3354 4596 3600 4671 Movebo,
3623 4591 3780 4663 decla-

539 4684 876 4752 claudicant,
906 4702 1036 4742 cum
1066 4693 1277 4744 errant.
2214 4688 2372 4747 ratur
2402 4684 2525 4755 coeli
2547 4690 2603 4751 .et
2621 4689 2784 4745 terrae
2796 4686 3110 4761 translatio,
3140 4685 3197 4749 id
3218 4685 3384 4757 est,in
3399 4686 3572 4743 alium
3592 4686 3779 4751 statum

610 4769 664 4823 8.
692 4769 909 4829 Scitote.
956 4772 1215 4827 Ostensio
1255 4790 1424 4844 quam
1466 4773 1640 4837 fuerit
1668 4774 1815 4835 Esau
1843 4772 2131 4844 profanus,
2214 4773 2634 4839 transmutatio.
2678 4773 2889 4845 Probat
2914 4774 3020 4839 hoc
3050 4791 3206 4845 vero,
3235 4775 3384 4847 quod
3423 4775 3594 4849 semel
3621 4774 3780 4839 osten-

538 4855 598 4915 iﬂ
625 4862 713 4915 est
736 4864 1065 4935 amaverit}:
1081 4860 1333 4921 ﬁdelium
1358 4861 1595 4923 alienus.
2128 4882 2134 4888 ι
2215 4859 2386 4929 ditur,
2423 4862 2571 4934 quod
2618 4866 2813 4935 postea
2850 4862 3042 4935 futura
3086 4870 3219 4935 sunt
3258 4850 3586 4937 immobilia.
3640 4852 3777 4937 Quod

608 4941 673 5004 9.
697 4946 823 5017 Han
851 4950 1002 5005 enim
1029 4952 1345 5009 accessistis.
1371 4949 1606 5013 Quando
1636 4949 1722 5009 lex
1750 4948 1884 5011 data
1912 4952 2000 5011 est
2027 4948 2135 5002 Ju-
2215 4966 2345 5017 vero
2369 4950 2575 5021 dicitur
2605 4968 2617 5002 :
2667 4951 2745 5021 Ea
2781 4967 2903 5021 quae
2941 4956 3091 5029 sunt,
3132 4951 3212 5016 sic
3253 4951 3675 5025 intelligendum
3703 4946 3777 5007 θεῖ

541 5034 697 5103 deis,
730 5038 994 5106 apparuit
1012 5037 1160 5107 ignis
1185 5038 1513 5103 tractabilis,
1532 5038 1589 5103 id
1607 5040 1712 5099 est,
1741 5036 2057 5107 palpabilis,
2079 5044 2136 5092 et
2217 5039 2379 5108 quasi
2405 5039 2687 5093 diceretur
2714 5056 2726 5091 ε
2757 5039 2820 5109 Id
2855 5040 3005 5109 quod
3037 5046 3187 5101 sunt.
3213 5040 3497 5113 Quidquid
3527 5038 3667 5111 enim
3688 5030 3782 5103 erit

540 5123 898 5190 accessibilis,
935 5125 994 5178 in
1019 5142 1127 5197 quo
1156 5126 1491 5197 loquebatur
1520 5126 1687 5189 Deus,
1721 5130 1779 5187 et
1805 5130 2008 5180 caetera
2028 5131 2135 5180 ter-
2216 5125 2328 5189 sive
2379 5126 2439 5183 in
2495 5127 2895 5203 principalibus
2947 5128 3225 5195 essentiis,
3288 5130 3403 5184 sive
3460 5128 3777 5199 extrinsecus

538 5211 728 5271 nihilist
754 5229 875 5283 qua
893 5219 1228 5284 sequuntur.
1244 5215 1369 5271 Non
1387 5214 1487 5279 ita,
1513 5212 1715 5282 inquit,
1736 5211 1794 5275 in
1819 5229 1974 5279 novae
1997 5213 2134 5284 legis
2215 5215 2473 5286 sumptis,
2507 5216 2815 5285 secundum
2845 5216 2901 5289 id
2930 5216 3218 5289 immobile
3250 5218 3375 5273 erit.

537 5299 747 5359 latione
777 5301 987 5362 tantum
1006 5308 1110 5368 est.
1142 5302 1335 5379 omnia
1354 5301 1504 5373 enim
1528 5300 1777 5365 suaviter
1804 5306 1859 5361 et
1893 5302 2195 5386 dalciterB
2288 5304 2445 5375 CAP,
2482 5305 2631 5375 XIII.
2668 5336 2727 5345 —
2781 5304 2829 5361 1.
2875 5307 3027 5359 Jcsus
3063 5308 3315 5371 Christus
3370 5307 3492 5370 heri
3529 5311 3575 5371 et
3618 5298 3770 5373 hodie-

534 5387 858 5444 indicantur
874 5390 1047 5445 vobis.
2214 5394 2384 5465 Quasi
2408 5392 2621 5461 diceret
2644 5412 2654 5467 ς
2686 5394 2714 5447 J
2720 5412 2847 5463 esus
2869 5395 3124 5467 Christus
3146 5395 3236 5467 qui
3263 5412 3391 5467 cum
3421 5396 3531 5455 illis
3567 5391 3681 5463 fuit.
3703 5400 3776 5447 v0-

606 5474 692 5536 10.
711 5477 818 5537 Sed
835 5481 1153 5547 accessistis,
1177 5478 1236 5542 id
1264 5482 1369 5545 est,
1402 5477 1477 5542 ad
1506 5478 1883 5549 altitudinem,
1923 5482 1985 5543 in
2018 5498 2128 5554 qua
2209 5481 2425 5551 hiscum
2459 5488 2561 5550 est,
2597 5489 2653 5537 et
2678 5484 2786 5538 erit
2813 5500 2941 5537 cum
2971 5484 3215 5561 Ecclesia
3244 5501 3347 5561 sua
3372 5500 3549 5561 usque
3567 5480 3634 5539 ad
3658 5489 3774 5553 ςρμ-

528 5563 616 5618 vel
663 5565 734 5620 de
764 5581 876 5637 qua
915 5568 1137 5622 videtur
1164 5567 1331 5622 Deus.
1369 5567 1504 5633 Sion
1538 5567 1691 5633 enim
1721 5573 2015 5638 speculatiq
2042 5571 2127 5639 in;
2208 5571 2641 5643 summatiqnem
2667 5572 2874 5645 speculi.
