3878 6358
59 325 151 380 409
888 329 1103 386 LIBER
1135 329 1230 387 DE
1268 331 1608 391 CGRPORE
1645 327 1734 385 ET
1771 327 2141 386 SANGUINE
2175 327 2460 384 DOMINI.
3200 317 3308 376 4l0

57 451 144 502 aut
160 447 344 519 aliqua
373 466 442 502 ex
471 454 649 522 parte,
682 456 849 522 prout
869 453 1012 507 ratio
1035 454 1120 508 tui
1139 457 1629 528 negotiipostulat,
1651 453 1702 512 A
1717 457 1838 506 ctus
1867 452 1980 506 Leo
2001 452 2237 506 Romam
2253 449 2519 516 traduxit,
2557 448 2628 503 ad
2662 445 3077 520 praedicandum
3105 443 3307 499 Siculis

56 538 359 607 depravata.
392 539 508 593 Per
531 557 697 610 quam
728 541 1061 596 diabolicam
1100 544 1377 600 fallaciam
1407 547 1635 618 ignaras

53 625 205 679 divini
255 628 516 698 mysterii
557 634 774 684 mentes
823 630 1038 702 tibique
1088 633 1344 688 credulas
1394 635 1632 701 invadis,

55 713 260 784 decipis,
293 715 543 783 subruis,
574 724 732 773 tanto
761 720 1007 791 iniquior
1035 728 1248 792 quanto
1269 724 1327 777 in
1340 725 1487 778 malo
1502 742 1636 796 pro-

55 802 214 872 posito
243 804 312 856 ad
355 821 557 860 eorum
599 807 695 878 qui
747 808 848 862 tibi
890 809 948 863 in
989 810 1212 865 Christo
1253 813 1456 867 fratres
1505 817 1638 868 sunt

56 891 453 948 subversionem
499 900 556 950 et
589 897 914 952 scandalum
945 898 1298 969 pertinacior,
1333 903 1637 973 parvipon-

55 979 232 1034 derans
259 981 430 1036 verba
449 982 674 1037 Domini
694 985 1088 1041 comminantis
1111 987 1162 1041 ei
1190 988 1288 1058 qui
1316 990 1386 1043 de
1414 991 1634 1060 pusillis

57 1067 154 1121 suis
179 1067 426 1140 aliquem
459 1071 802 1127 scandalizat
828 1074 1034 1143 (Matth.
1069 1089 1222 1138 xvm,
1258 1075 1334 1146 6),
1363 1095 1466 1132 nec
1494 1081 1632 1134 satis

55 1159 272 1209 tremens
297 1156 745 1228 increpationem
777 1161 1048 1231 Apostoli,
1079 1163 1151 1217 ad
1179 1165 1479 1236 superbam
1529 1168 1633 1222 Co-

53 1241 363 1298 rinthiorum
387 1251 622 1315 gentem
650 1249 941 1305 scribentis
969 1257 1025 1306 et
1050 1253 1314 1309 dicentis:
1336 1257 1426 1312 Sic
1444 1263 1631 1312 autem

49 1336 300 1396 peccantes
339 1335 407 1386 in
455 1335 695 1403 fratres,
745 1342 794 1390 et
831 1343 1196 1406 percutientes
1237 1348 1629 1400 conscientiam

53 1433 215 1472 eorum
244 1421 566 1488 inﬁrmam,
605 1425 669 1478 in
699 1426 983 1481 Christum
1007 1433 1240 1497 peccatis
1270 1431 1330 1504 (Ῑ
1363 1434 1482 1489 θον.
1510 1448 1625 1501 vm,

1716 540 1946 595 verbum
1977 541 2077 595 Dei
2111 540 2594 612 archiepiscopum
2633 537 2933 599 ordinavit,
2954 540 3147 607 postea
3173 549 3304 587 vero

1717 634 1912 684 sancta
1947 631 2202 684 Romana
2229 629 2472 684 Ecclesia
2501 628 2793 699 praesulem
2827 624 2933 680 sibi
2965 622 3308 678 cardinalem

1716 719 2025 773 constituit.
2065 720 2187 782 Quo
2215 718 2275 772 in
2301 719 2420 772 loco
2464 718 2680 788 positus
2717 716 2909 770 taliter
2932 713 3084 779 vixit,
3115 711 3309 766 taliter

1717 806 1980 861 docuitut
1999 807 2068 861 de
2088 807 2198 860 ﬁde
2220 807 2300 860 vel
2324 806 2578 860 doctrina
2597 805 2772 877 ipsius
2812 819 2917 858 nec
2945 803 3146 856 saltem
3173 799 3307 854 sini-

1716 899 1847 948 strae
1874 893 2204 966 suspicionis
2234 894 2383 948 fama
2411 893 2714 964 aliquando
2748 896 2940 947 exorta
2985 891 3077 944 sit.
3123 888 3306 958 Hujus

1717 983 1799 1038 rei
1823 983 1983 1038 testis
2012 988 2100 1038 est
2123 988 2245 1038 tota
2270 983 2386 1038 fere
2400 982 2696 1044 Latinitas.
2712 998 2836 1052 quae
2855 996 2953 1051 pro
2977 977 3305 1034 excellentia

1716 1072 2032 1143 apostolicae
2061 1073 2229 1140 sedis,
2253 1073 2412 1142 cujus
2441 1070 2690 1126 conciliis
2721 1075 2778 1124 et
2805 1067 3050 1123 consiliis
3079 1081 3305 1136 semper

1714 1162 1912 1216 aderat
1937 1178 2002 1216 ac
2025 1166 2280 1233 praeerat,
2311 1177 2440 1216 eum
2469 1160 2730 1232 ignorare
2756 1175 2870 1213 non
2889 1157 3093 1229 potuit.
3120 1155 3229 1220 Qui
3251 1154 3300 1208 si

1713 1252 1884 1306 etiam
1913 1251 2251 1320 Burgundus
2279 1256 2446 1316 esset,
2468 1249 2796 1320 insipienter
2819 1252 3012 1301 tamen
3037 1259 3302 1314 arrogan-

1711 1339 1790 1394 tia
1813 1345 1912 1394 tua
1939 1355 2145 1394 nomen
2175 1355 2290 1394 suae
2317 1340 2503 1410 gentis
2531 1354 2634 1410 pro
2660 1335 2896 1392 infamia
2923 1334 3031 1389 sibi
3060 1332 3300 1388 ascribe-

1710 1433 1816 1494 ret,
1839 1445 1966 1482 cum
2010 1429 2251 1500 Spiritus
2279 1427 2504 1482 Domini
2533 1427 2630 1481 ubi
2657 1427 2778 1480 vult
2811 1425 2986 1496 spiret
3011 1425 3190 1490 (Joan.
3214 1435 3295 1487 nt,

51 1504 139 1573 11’).
178 1509 296 1606 quo
335 1516 573 1606 peccato
610 1513 914 1606 plurimum
963 1517 1250 1586 detineris,
1296 1521 1624 1578 subvertens
1707 1515 1852 1583 8),et
1871 1533 2036 1588 quem
2056 1517 2174 1570 vult
2209 1517 2438 1588 aspiret,
2465 1521 2524 1569 et
2542 1514 2764 1570 Domini
2793 1514 2868 1568 sit
2896 1518 3070 1577 terra,
3102 1515 3160 1565 et
3179 1510 3300 1564 uni-

51 1608 126 1646 eos
142 1599 250 1664 qui,
277 1599 602 1655 nescientes
639 1601 738 1655 tibi
767 1603 1045 1669 resistere,
1077 1610 1530 1680 contemplantur
1555 1628 1622 1666 ea
1703 1606 1849 1660 VBPSi
1878 1607 1975 1676 (ιιιί
1999 1605 2258 1660 habitant
2284 1606 2339 1659 ίη
2371 1621 2438 1660 ea
2469 1607 2628 1673 (Ρδαιο
2662 1617 2816 1668 XXI":
2851 1601 2924 1670 1):
2958 1605 3016 1655 et
3044 1600 3301 1672 Princeps

49 1698 148 1750 quae
165 1683 446 1753 Videntur,
473 1705 589 1742 non
608 1706 675 1744 ea
692 1707 814 1761 quae
833 1709 946 1746 non
959 1694 1234 1750 videntur.
1259 1699 1366 1753 Sed
1389 1701 1617 1755 ﬁrmum
1637 1761 1674 1766 _
1702 1696 2082 1766 apostolorum
2102 1695 2278 1749 dicat:
2308 1697 2375 1750 In
2403 1697 2629 1748 veritate
2656 1691 2895 1760 comperi
2909 1692 3175 1760 quoniam
3187 1704 3301 1742 non

47 1768 452 1828 fundamentum
484 1776 588 1830 Dei
633 1783 746 1832 stat
785 1779 1092 1849 immobile,
1125 1784 1336 1840 habens
1364 1761 1778 1857 signacu-Best
1812 1797 2182 1851 personarum
2209 1787 2453 1850 acceptor
2494 1782 2652 1843 Deus,
2699 1781 2791 1833 sed
2835 1782 2894 1832 in
2940 1779 3096 1832 omni
3123 1781 3297 1844 gente,

48 1857 160 1923 lum,
181 1877 288 1931 quo
313 1862 562 1919 discedit
589 1865 658 1920 ab
678 1867 995 1940 iniquitate,
1011 1872 1142 1942 quia
1168 1873 1391 1929 invocat
1413 1893 1618 1932 nomen

49 1945 262 2015 Domini,
313 1967 682 2025 nequaquam
735 1956 856 2012 sine
899 1961 1059 2029 gravi
1116 1965 1379 2019 seandalo
1434 1967 1619 2022 ferens

53 2035 172 2124 quod
199 2054 309 2093 non
340 2057 402 2094 es
432 2048 734 2098 contentus
754 2051 940 2112 232
967 2054 1031 2104 ut
1049 2066 1342 2120 perversus
1359 2071 1620 2124 perversa

50 2122 194 2190 dicas,
221 2126 326 2181 nisi
357 2129 537 2183 etiam
558 2147 729 2201 prava
765 2133 976 2205 scripta
1020 2153 1123 2207 per
1152 2122 1620 2216 pravos—discipu-

50 2211 114 2266 los
136 2219 253 2269 tuos
271 2216 331 2271 in
361 2218 619 2274 diversas
644 2221 901 2292 regiones
922 2227 1293 2286 transmittas.
1322 2231 1391 2285 Et
1419 2211 1621 2289 caetera

51 2300 241 2367 quidem
265 2319 300 2357 a
325 2305 512 2362 beatae
540 2310 826 2364 memoriae
847 2312 1094 2381 Nicolao,
1115 2316 1286 2372 totius
1307 2320 1613 2377 Christiani

50 2390 259 2447 nominis
286 2411 520 2450 summo
562 2399 845 2469 pontiﬁce,
899 2407 956 2455 et
1005 2420 1041 2456 a
1084 2411 1311 2461 centum
1342 2411 1612 2468 tredecim

51 2478 288 2552 episcopis
318 2484 517 2539 Romae
546 2486 758 2553 audita,
801 2492 1120 2546 examinata
1147 2502 1318 2566 atque
1347 2499 1616 2558 damnata

52 2571 173 2625 sunt.
197 2570 276 2624 Tu
308 2589 541 2644 quoque
567 2574 832 2631 inclinato
869 2595 1120 2650 corpore,
1158 2585 1254 2638 sed
1299 2602 1410 2642 non
1439 2589 1624 2647 humi-

54 2653 162 2747 liato
205 2661 390 2729 corde,
439 2663 633 2732 ignem
673 2667 994 2732 accendisti,
1043 2669 1331 2744 librosque
1373 2684 1620 2747 perversi

55 2740 297 2838 dogmatis
325 2750 385 2804 in
419 2751 613 2806 medio
634 2755 812 2808 sancti
830 2757 1050 2812 concilii
1078 2760 1137 2813 in
1159 2740 1286 2816 eum
1307 2740 1616 2839 conjecisti,

53 2835 236 2930 jurans,
261 2835 442 2930 per
464 2839 616 2907 quod
639 2839 806 2895 rebus
825 2844 1086 2899 omnibus
1105 2835 1619 2921 incomparabiliter

54 2925 204 2988 majus
231 2929 330 2990 est,
366 2925 566 2994 ﬁdem,
603 2944 638 2981 a
679 2929 939 2986 Patribus
976 2934 1073 3004 qui
1116 2945 1421 3006 praesentes
1455 2953 1619 3002 erant

1701 1875 1800 1941 qui
1831 1875 1983 1926 timet
2003 1888 2130 1925 eum
2147 1876 2197 1925 et
2218 1876 2481 1939 operatur
2497 1871 2788 1938 justitiam
2825 1871 3074 1934 acceptus
3103 1869 3176 1918 est
3207 1865 3300 1918 illi

1707 1961 1838 2028 (Act.
1870 1978 1921 2027 x,
1967 1960 2054 2024 34,
2087 1957 2200 2028 35).
2231 1958 2376 2013 Item
2404 1959 2601 2013 doctor
2625 1956 2881 2028 gentium
2913 1955 2984 2009 ad
3009 1953 3239 2008 Galatas
3279 1969 3294 2006 :

1702 2051 1842 2104 Deus
1855 2065 2150 2118 personam
2166 2065 2280 2102 non
2298 2050 2540 2102 hominis
2557 2049 2756 2115 accipit
2773 2045 2919 2112 (Gal.
2939 2057 2998 2108 η,
3012 2041 3089 2112 6).
3117 2041 3297 2105 Quem

1703 2135 1836 2189 dum
1867 2140 2060 2189 contra
2077 2135 2409 2190 catholicam
2424 2133 2720 2188 veritatem
2745 2130 3039 2202 scripsisse
3068 2127 3292 2192 asseris,

1701 2240 1815 2278 non
1843 2224 2030 2295 ipsum
2058 2225 2260 2286 solum,
2297 2223 2396 2277 sed
2425 2228 2482 2276 et
2513 2223 2797 2277 Romanos
2837 2218 3148 2292 pontiﬁces,
3190 2217 3298 2270 Ro-

1703 2329 1929 2367 manam
1953 2313 2254 2368 Ecclesiam
2279 2313 2599 2382 multosque
2619 2313 2842 2364 sanctos
2889 2308 3084 2362 Patres
3107 2304 3297 2359 redar-

1695 2403 1844 2471 guis,
1874 2401 2228 2472 incurrisque
2257 2401 2317 2454 in
2344 2400 2484 2454 illud
2530 2398 2678 2470 quod
2716 2395 2869 2451 beati
2917 2395 3198 2460 doctores,
3247 2392 3296 2448 si

1698 2507 1812 2544 non
1837 2490 2049 2544 eisdem
2071 2489 2272 2555 verbis,
2305 2488 2518 2543 eisdem
2546 2492 2738 2541 tamen
2777 2483 3072 2539 sententiis
3102 2480 3297 2536 multis

1704 2581 1763 2634 in
1813 2579 1949 2633 locis
2000 2578 2352 2633 concorditer
2393 2579 2774 2641 astruxerunt,
2810 2572 3136 2627 haereticum
3173 2585 3294 2624 esse

1705 2685 1928 2723 omnem
1959 2669 2243 2722 hominem
2267 2667 2363 2738 qui
2391 2684 2425 2720 a
2442 2667 2699 2720 Romana
2719 2668 2776 2717 et
2793 2659 3096 2716 universali
3118 2659 3302 2713 Eccle-

1701 2759 1805 2824 sia,
1837 2758 1896 2813 in
1917 2758 2049 2812 ﬁdei
2077 2757 2353 2822 doctrina,
2388 2755 2690 2809 discordat.
2709 2749 3132 2821 Evenitquetibi
3143 2750 3299 2819 justo

1697 2847 1800 2903 Dei
1815 2847 2026 2917 judicio
2051 2850 2116 2901 ut
2134 2846 2232 2916 qui
2271 2845 2411 2898 alios
2436 2860 2560 2898 esse
2592 2841 2884 2896 haereticos
2924 2843 3180 2893 astruere
3210 2853 3300 2891 co-

1698 2935 1870 3003 naris,
1901 2941 1964 2990 tu
1988 2936 2110 3006 ipse
2162 2935 2224 2989 in
2273 2932 2532 2988 haeresim
2575 2931 2888 2995 devolutus,
2925 2944 3047 2982 esse
3081 2925 3299 2980 haereti-

54 3008 304 3102 t‘raditam,
351 3014 756 3072 inviolabiliter
783 3025 840 3074 te
868 3030 1238 3092 servaturum,
1259 3034 1617 3102 veteremque
1635 3076 1675 3102 η
1698 3041 1798 3081 cus
1829 3025 2197 3079 convincaris.

55 3091 328 3184 {laminam
356 3106 524 3155 tuam
547 3103 617 3157 de
635 3120 867 3176 corpore
897 3113 950 3162 et
985 3111 1258 3181 sanguine
1275 3076 1544 3184 Domini,1
1545 3118 1616 3172 ab
1633 3076 1678 3139 ϐ
1769 3115 2001 3170 BEBENG
2027 3128 2084 3166 τα
2112 3111 2539 3167 Anathematizo
2569 3123 2792 3164 omnem
2808 3104 3088 3171 haeresim,
3107 3101 3297 3175 praeci-

56 3179 132 3237 illa
155 3186 254 3276 die,
297 3190 425 3245 aliis
457 3209 575 3246 non
613 3195 1068 3265 praedicaturum.
1096 3179 1301 3271 ‘Hujus
1343 3179 1615 3276 propositi

57 3274 323 3347 sacrilegus
346 3280 792 3339 violatorcontra
811 3286 1098 3356 praefatam
1121 3274 1622 3360 synodum,contra

58 3362 349 3422 catholicam
395 3370 714 3438 veritatem,
743 3379 940 3429 contra
967 3377 1218 3432 omnium
1246 3381 1620 3439 Ecclesiarum

59 3451 340 3519 opinionem
381 3459 658 3530 scriptum
690 3467 886 3532 postea
930 3466 1249 3534 condidisti,
1293 3471 1385 3525 cui
1421 3473 1480 3526 in
1516 3473 1621 3530 hoc

62 3545 308 3634 opusculo,
344 3549 595 3603 conﬁsus
624 3549 693 3604 de
724 3551 932 3607 Christi
961 3554 1362 3624 misericordia,
1396 3578 1623 3634 respon-

61 3625 164 3683 dere
180 3633 441 3705 disposui.
470 3637 542 3691 Et
557 3643 622 3692 ut
640 3639 952 3696 evidentius
983 3651 1254 3715 appareat
1275 3649 1408 3718 quid
1446 3625 1509 3706 tu
1538 3653 1620 3706 di-

62 3731 149 3782 cas,
170 3723 294 3790 quid
323 3741 428 3795 ego
460 3727 853 3797 respondeam,
885 3731 1188 3787 alterutras
1217 3739 1525 3794 sententias
1543 3741 1621 3795 vi-

62 3807 182 3898 saria
222 3817 545 3869 nostrorum
591 3816 883 3872 nominum
927 3820 1206 3890 positione
1252 3825 1614 3898 distinguam.

62 3891 152 3989 hec
169 3900 235 3953 ad
257 3904 448 3958 omnia
471 3921 848 3975 responsurus
887 3925 1034 3974 sum,
1075 3912 1206 3981 quia
1249 3891 1618 3985 spinisvrosas

63 3990 330 4058 mterseris,
347 3999 405 4047 et
419 3992 566 4047 albis
586 3999 756 4066 atque
777 3997 956 4067 nigris
977 4000 1258 4056 coloribus
1281 4005 1620 4074 phantasma

62 4075 192 4129 tuum
216 4078 489 4153 depingis,
515 4085 770 4154 quaedam
792 4086 961 4141 etiam
984 4087 1120 4143 dicis
1136 4107 1260 4160 quae
1283 4093 1422 4148 nihil
1441 4097 1618 4166 perti-

63 4169 170 4255 nent
194 4167 259 4220 ad
281 4172 632 4242 propositum
676 4173 1020 4244 quaestiOnis.
1053 4177 1400 4250 Compendio
1428 4191 1617 4240 autem

62 4263 104 4301 In
125 4261 376 4321 quantum
423 4265 640 4332 potero,
672 4279 902 4333 operam
931 4265 1096 4319 dabo.
1129 4269 1194 4323 In
1235 4271 1442 4327 talibus
1465 4275 1614 4330 enim

63 4341 220 4397 neniis
236 4348 438 4403 nollem
463 4349 634 4405 vitam
656 4351 930 4419 deterere,
957 4355 1004 4408 si
1034 4358 1303 4428 populum
1332 4361 1435 4416 Dei
1465 4365 1615 4419 anti-

63 4440 194 4494 quam
215 4437 566 4504 permitteres
594 4456 789 4511 pacem
815 4442 1042 4498 habere.

643 4529 878 4584 CAPUT
915 4530 990 4585 II.

115 4605 484 4670 Beasnmnws
524 4635 537 4670 :
578 4635 606 4669 α
651 4617 935 4688 Scriptum
985 4619 1283 4676 Humberti
1327 4625 1618 4697 Burgundi

68 4709 86 4740 ι
119 4711 262 4787 quem
273 4701 522 4759 fecerant
537 4705 726 4761 Romae
746 4707 1067 4778 episcopum
1091 4713 1611 4787 cardinalem,quod

64 4795 82 4823 '
116 4786 309 4883 soripsit
334 4799 532 4848 contra
572 4796 905 4850 catholicam
949 4799 1244 4855 veritatem
1285 4805 1434 4874 quod
1474 4786 1611 4861 infe-

68 4887 84 4917 ι
117 4881 214 4928 rius
238 4881 464 4949 patebit,
508 4889 576 4938 ut
616 4891 912 4955 cogeretur
952 4888 1092 4943 illud
1132 4891 1523 4962 Berengarius,
1555 4899 1613 4949 et

68 4976 83 5005 ι
118 4967 252 5051 quasi
278 4972 527 5038 proﬁteri
563 4989 811 5029 errorem
853 4976 1190 5048 ineptissimi
1227 4980 1538 5051 Burgundi.
1580 5001 1608 5037 )

118 5048 292 5109 LANPR.
319 5059 691 5117 Humbertum
719 5064 900 5119 virum
929 5067 1103 5120 fuisse
1125 5048 1470 5138 religiosum,
1499 5071 1610 5126 ﬁde

69 5133 335 5201 Christiana
363 5155 419 5203 et
447 5151 816 5207 sanctissimis
836 5155 1099 5225 operibus
1120 5161 1611 5228 perseverantissi-

162 5229 483 5306 decoratum,
514 5240 748 5295 scientia
788 5241 1103 5298 divinarum
1151 5261 1216 5300 ac
1262 5249 1615 5304 saecularium

75 5310 342 5409 litterarum
367 5329 618 5399 apprime
651 5331 932 5387 eruditum
965 5337 1247 5389 testantur
1283 5353 1478 5392 omnes
1521 5339 1616 5409 qui

75 5403 147 5502 vel
164 5413 364 5502 propria
404 5417 748 5489 experientia
786 5437 915 5475 eum
945 5429 1240 5490 noverunt,
1275 5425 1359 5478 vel
1391 5425 1462 5480 ab
1491 5403 1616 5482 aliis

79 5495 152 5586 qui
163 5495 325 5566 ipsum
336 5505 701 5576 expertisunt,
721 5509 843 5578 ejus
863 5510 1236 5581 cognitionem
1257 5521 1610 5586 acceperunt.

80 5576 222 5651 Hunc,
247 5604 352 5646 non
377 5593 444 5648 de
471 5576 816 5666 Burgundia,
845 5576 959 5654 sedv
971 5599 1042 5654 de
1068 5576 1434 5674 Lotharingia
1479 5621 1610 5659 san-

1702 3225 1725 3256 ι
1771 3220 1878 3275 pue
1906 3219 2031 3256 eam
2058 3219 2180 3273 quae
2208 3207 2462 3255 astruere
2489 3203 2726 3254 conatur
2752 3211 2958 3268 panem
2989 3199 3047 3248 et
3072 3193 3291 3258 vinum,

1705 3313 1732 3346 (ί
1775 3309 1898 3364 quae
1926 3291 1986 3346 in
2005 3291 2171 3346 altari
2210 3293 2519 3362 ponuntur,
2549 3291 2677 3359 post
2703 3283 3181 3340 consecrationem
3211 3298 3298 3336 so-

1706 3403 1730 3434 ι
1773 3381 2058 3437 lummodo
2096 3383 2450 3435 sacramenta
2477 3394 2620 3444 esse,
2649 3381 2708 3431 et
2734 3391 2847 3430 non
2872 3389 3067 3428 verum
3095 3387 3297 3443 corpus

1709 3491 1732 3523 α
1775 3470 1983 3526 Christi
2013 3474 2070 3524 et
2093 3469 2444 3539 sanguinem.
2489 3486 2513 3518 ι

1773 3561 1978 3614 Lmen.
2003 3557 2346 3628 Principium
2376 3557 2543 3626 hujus
2580 3554 2664 3609 tui
2694 3551 3144 3624 jurisjurandum
3172 3565 3299 3621 pro-

1700 3654 1912 3720 pterea,
1932 3653 1997 3702 ut
2016 3647 2233 3718 opinor,
2250 3647 2342 3700 hic
2370 3661 2484 3699 non
2514 3643 2822 3707 inseruisti,
2849 3648 2914 3696 ut
2943 3642 3180 3695 lectores
3209 3638 3295 3693 tui

1700 3741 1968 3810 putarent
1994 3737 2112 3790 haec
2138 3735 2310 3790 verba
2332 3750 2444 3788 non
2483 3749 2606 3788 esse
2653 3737 2771 3796 tua,
2818 3731 2918 3786 sed
2960 3727 3296 3784 venerabilis

1701 3825 1999 3880 Humberti
2029 3825 2291 3896 episcopi.
2314 3825 2429 3878 Nec
2456 3822 2515 3876 id
2540 3821 2768 3892 injuria.
2795 3821 2940 3874 Nam
2965 3818 3096 3889 quia
3122 3819 3298 3871 haere-

1699 3916 1812 3970 tica
1838 3931 1959 3969 esse
1975 3913 2338 3985 pertinaciter
2357 3910 2596 3983 probare
2613 3908 2924 3972 contendis,
2938 3906 3294 3961 simanifeste

1699 4009 1798 4059 tua
1827 4005 2061 4070 diceres,
2088 4001 2384 4056 manifeste
2409 4005 2464 4054 te
2492 4000 2678 4071 ipsum
2703 3998 3022 4052 haereticum
3044 4012 3296 4066 compro-

1700 4093 1885 4147 bares.
1919 4092 2028 4148 Sed
2057 4108 2126 4146 ne
2157 4091 2282 4162 quis
2327 4088 2548 4144 nescius
2590 4087 2829 4142 Romani
2875 4085 3092 4140 concilii
3122 4083 3294 4139 indis-

1700 4188 1911 4237 cretam
1960 4181 2030 4234 de
2073 4179 2296 4250 negotio
2347 4180 2494 4233 terat
2547 4175 2906 4241 sententiam,
2957 4173 3293 4246 principium

1698 4274 1818 4342 ejus
1846 4271 2092 4324 medium
2124 4274 2292 4339 atque
2319 4269 2489 4322 ﬁnem
2515 4266 2684 4321 simul
2710 4265 2802 4318 hic
2831 4281 3130 4336 apponam.

1772 4379 1796 4411 α
1839 4361 1955 4430 Ego
1997 4358 2392 4428 Berengarius,
2439 4356 2706 4426 indignus
2735 4354 3004 4408 diaconus
3034 4353 3291 4408 Ecclesiae

1628 4433 1678 4492 D
1703 4468 1724 4500 α
1769 4449 1960 4503 Sancti
1985 4447 2240 4502 Mauricii
2278 4445 2716 4517 Andegavensis,
2747 4459 3086 4514 cognoscens
3102 4459 3292 4498 veram

1702 4556 1728 4590 (ι
1768 4537 2101 4593 catholicam
2148 4541 2206 4591 et
2250 4536 2613 4608 apostolicam
2654 4535 2843 4599 ﬁdem,
2878 4533 3291 4588 anathematizo

1703 4648 1732 4680 α
1769 4643 1994 4681 omnem
2015 4627 2291 4693 haeresim,
2323 4625 2601 4697 praecipue
2629 4641 2754 4679 eam
2781 4624 2852 4678 de
2883 4641 2996 4695 qua
3021 4617 3294 4678 hactenus

1702 4737 1724 4769 α
1769 4715 2076 4770 infamatus
2103 4733 2249 4780 sum,
2294 4732 2418 4786 qua;
2453 4721 2708 4769 astruere
2740 4718 2976 4768 conatur
3005 4730 3208 4784 panem
3237 4717 3294 4767 et

1696 4822 1724 4858 α
1763 4805 1956 4859 vinum
1980 4822 2102 4874 qum
2132 4804 2189 4859 in
2221 4804 2386 4858 altari
2413 4809 2720 4875 ponuntur,
2751 4808 2880 4875 post
2915 4803 3291 4858 consecratio-

1695 4915 1723 4944 α
1764 4910 1894 4948 nem
1951 4893 2304 4948 solummodo
2352 4898 2786 4958 sacramentum,
2837 4898 2894 4946 et
2932 4909 3048 4947 non
3099 4907 3290 4945 verum

1699 5001 1722 5033 ι
1765 4998 1967 5053 corpus
1992 4987 2048 5035 et
2069 4982 2401 5052 sanguinem
2431 4982 2656 5036 Domini
2693 4981 2870 5036 nostri
2914 4983 3047 5037 Jesu
3079 4980 3288 5034 Christi

1695 5087 1723 5124 α
1765 5087 1906 5138 esse,
1958 5087 2059 5125 nec
2106 5087 2266 5141 posse
2305 5071 2639 5125 sensualiter
2685 5071 2744 5125 in
2782 5072 2899 5125 solo
2939 5072 3289 5124 sacramento

1698 5178 1725 5213 ι
1765 5159 2027 5214 manibus
2055 5159 2409 5214 sacerdotum
2428 5160 2681 5227 tractari,
2708 5161 2794 5214 vel
2809 5160 3010 5230 frangi,
3030 5164 3131 5213 aut
3148 5159 3288 5213 ﬁde-

1700 5267 1726 5300 (ί
1766 5249 1904 5302 lium
1951 5248 2212 5303 dentibus
2253 5250 2439 5303 atteri.
2490 5250 2791 5305 Consentio
2844 5254 3034 5302 autem
3083 5252 3289 5302 sanctae

1705 5357 1728 5389 ι
1770 5338 2037 5392 Romamn
2065 5343 2121 5392 et
2151 5339 2469 5410 apostolicae
2490 5338 2628 5404 sedi,
2666 5343 2723 5392 et
2752 5354 2847 5392 ore
2877 5343 2935 5391 et
2964 5337 3132 5392 corde
3163 5355 3290 5409 pro-

1703 5447 1725 5478 ι
1771 5428 1934 5482 ﬁteor
1952 5428 2022 5482 de
2037 5427 2402 5482 sacramentis
2425 5427 2725 5482 Dominicaa
2745 5443 2950 5481 mensa:
2966 5443 3091 5481 eam
3115 5427 3286 5483 ﬁdem

1701 5536 1726 5569 ι
1767 5521 1960 5572 tenere
1989 5533 2160 5588 quam
2188 5517 2449 5572 dominus
2486 5521 2544 5569 et
2581 5515 2910 5570 venerabilis
2939 5533 3085 5588 papa
3112 5517 3287 5573 Nico-

1700 5626 1722 5658 ι
1765 5607 1908 5673 laus,
1957 5611 2014 5660 et
2058 5606 2177 5661 haec
2225 5610 2418 5661 sancta
2457 5604 2704 5677 synodus
2733 5606 3068 5661 auctoritate
3099 5613 3288 5676 ωδε
3323 5643 3329 5649 -
