3878 6348
553 281 649 336 411

1534 291 1598 348 Β.
1638 292 2054 351 LANFRANBI
2091 295 2457 355 CANTUAB.
2500 296 2836 356 ΛΒΟΗΙΕΡ.

3715 301 3806 357 412

553 422 580 455 (ς
621 407 943 474 evangelica
969 415 1027 463 et
1055 411 1362 480 apostolica
1390 415 1690 471 tenendam
1713 417 1961 483 tradidit,
1984 419 2441 482 mihi-AGalliai,
2473 420 2804 483 Germaniae,
2831 426 2888 476 et
2916 421 2985 476 ad
3010 437 3357 493 quaecunque
3385 424 3507 477 loca
3535 424 3688 478 fama
3711 429 3805 478 tua;

558 514 581 546 α
625 512 732 565 que
777 498 1051 564 ﬁrmavit;
1092 500 1304 554 scilicet
1352 515 1550 570 panem
1601 510 1659 558 et
1700 506 1886 560 vinum
1939 523 2060 575 quia
2091 512 2146 561 in

556 604 579 635 ι
621 585 787 638 altari
816 593 1121 656 ponuntur,
1153 595 1280 658 post
1305 592 1779 648 consecrationem
1813 610 1922 648 non
1965 595 2144 649 solum

555 691 578 722 α
621 681 1055 741 sacramentum,
1077 677 1174 731 sed
1197 679 1365 734 etiam
1389 695 1582 735 verum
1612 698 1814 751 corpus
1845 689 1901 738 et
1924 684 2147 753 sangui-

557 779 579 811 ¢
623 777 752 815 nem
782 764 1006 818 Domini
1041 766 1220 821 nostri
1251 767 1383 836 Jesu
1413 766 1622 824 Christi
1652 785 1793 831 esse,
1828 776 1884 824 et
1911 788 2144 826 sensua-

559 869 582 900 «
623 850 752 916 liter
795 868 910 906 non
945 854 1126 908 solum
1164 863 1532 921 sacramento,
1557 859 1654 912 sed
1681 858 1739 913 in
1764 860 2003 916 veritate
2032 878 2146 915 ma-

557 955 583 988 «
623 939 789 993 nibus
803 942 1154 1010 sacerdotum
1175 945 1625 1015 tractari,ﬁ‘angi
1658 953 1715 1000 ct
1744 949 1991 1003 ﬁdelium
2013 952 2145 1004 den-

555 1045 582 1076 α
621 1028 771 1086 tibus
819 1030 1003 1092 atteri.
1033 1033 1231 1100 jurans
1273 1050 1376 1103 per
1413 1044 1663 1102 sanctam
1707 1043 1764 1091 et
1811 1039 2144 1095 liomousion

553 1133 579 1166 α
618 1116 968 1184 Trinitatem,
1001 1127 1056 1174 et
1085 1137 1184 1190 per
1212 1122 1328 1176 haec
1359 1127 1937 1184 sacrosanctaGliristi
1971 1130 2143 1182 Evan-

555 1223 577 1253 α
618 1206 783 1273 galia.
818 1207 924 1260 Eos
966 1225 1096 1263 vero
1125 1211 1222 1280 qui
1250 1217 1449 1270 contra
1491 1213 1636 1267 hanc
1667 1215 1835 1268 ﬁdem
1867 1221 2139 1276 venerint.

554 1310 578 1342 «
620 1309 744 1348 cum
776 1295 1134 1364 dogmatibus
1163 1304 1222 1353 et
1247 1300 1616 1366 sectatoribus
1643 1303 1759 1356 suis
1775 1312 1982 1358 interno
2012 1321 2143 1359 ana-

557 1403 578 1430 ιι
619 1383 868 1438 themate
889 1385 1088 1455 dignos
1115 1402 1238 1441 esse
1267 1390 1587 1457 pronuntio.
1622 1391 1780 1454 Quod
1812 1393 1856 1450 si
1891 1411 1992 1463 ego
2021 1396 2141 1465 ipse

554 1491 577 1520 ι
619 1471 922 1542 aliquando
952 1475 1167 1544 aliquid
1209 1481 1406 1530 contra
1434 1478 1549 1532 haec
1587 1479 1795 1533 sentire
1819 1487 1917 1535 aut
1941 1484 2140 1552 praedi-

553 1577 576 1608 ¢
617 1575 746 1613 care
767 1565 1517 1634 praesumpsem.subjaceam
1535 1583 1813 1623 canonum
1833 1572 2136 1626 severitati.

547 1662 577 1699 α
614 1647 780 1702 Lecto
811 1659 868 1703 et
895 1652 1137 1720 perlecta
1166 1660 1364 1724 sponte
1391 1656 1712 1726 subscripsi.
1757 1677 1782 1710 ››

618 1737 703 1790 Ad
733 1737 848 1798 haec
877 1739 1132 1808 Gregorii
1159 1744 1382 1812 septimi
1410 1750 1660 1816 tempore
1689 1765 1815 1802 cum
1843 1749 1900 1802 in
1930 1752 2140 1822 templo

552 1824 856 1880 Salvatoris
876 1828 944 1882 de
972 1829 1058 1882 his
1088 1847 1274 1885 sermo
1312 1833 1630 1902 haberetur,
1657 1839 2030 1907 quorumdam
2053 1842 2137 1895 tui

547 1912 814 1968 similium
841 1916 1082 1986 stipatus
1108 1921 1350 1989 agmine,
1386 1925 1590 1978 erroris
1601 1926 1869 1996 magister
1881 1944 2138 1998 perseve-

545 2001 726 2056 rabas.
763 2005 902 2064 Tum
935 2007 1174 2062 ccelestis
1214 2010 1397 2064 Patris
1433 2013 1645 2083 Spiritu
1678 2015 1738 2068 in
1767 2017 2020 2082 animum
2050 2019 2136 2073 in-

546 2091 794 2147 stillante
824 2111 1097 2161 reversus,
1132 2105 1414 2168 speratam
1445 2103 1662 2156 veniam
1693 2107 1998 2175 apostolica
2027 2110 2134 2161 mi-

546 2182 825 2236 seratione
865 2192 1198 2243 consecutus
1226 2205 1304 2252 es,
1332 2190 1530 2258 jurans
1558 2197 1615 2245 et
1643 2209 1711 2246 ea
1739 2211 1862 2264 quae
1889 2211 2138 2267 sequun-

547 2273 661 2323 tur.

620 2377 645 2408 ι
690 2359 807 2428 Ego
838 2362 1210 2433 Berengarius
1232 2367 1400 2421 corde
1429 2370 1597 2422 credo
1642 2376 1699 2424 et
1745 2389 1840 2426 ore
1869 2376 2139 2430 conﬁteor

547 2464 576 2497 α
613 2460 817 2515 panem
865 2455 924 2502 et
979 2451 1188 2515 vinum,
1239 2470 1363 2522 quae
1409 2464 1696 2526 ponuntur
1721 2459 1778 2512 in
1810 2462 1993 2524 altari,
2041 2481 2140 2534 per

547 2550 575 2585 α
615 2537 945 2604 mysterium
979 2555 1152 2593 sacrae
1179 2544 1451 2597 orationis
1501 2553 1558 2599 et
1601 2547 1767 2602 verba
1815 2553 1992 2605 nostri
2023 2552 2132 2607 Re-

547 2639 572 2673 «
613 2623 924 2694 demptoris
946 2628 1393 2685 substantialiter
1437 2637 1682 2698 converti
1730 2638 1787 2690 in
1837 2656 2045 2706 veram,
2077 2649 2134 2696 et

546 2730 569 2761 ‹
613 2712 919 2783 propriam,
966 2717 1377 2775 viviﬁcatricem
1425 2739 1651 2779 carnem
1699 2732 1756 2780 et
1801 2731 2131 2798 sanguinem

546 2819 569 2848 ‹
610 2801 744 2855 Iesu
772 2803 982 2860 Christi
1011 2808 1232 2862 Domini
1267 2813 1464 2877 nostri,
1497 2815 1556 2866 et
1584 2819 1712 2885 post
1758 2822 2132 2881 consecratio-

547 2908 571 2938 ι
609 2906 743 2945 nem
771 2909 894 2948 esse
928 2911 1115 2951 verum
1142 2915 1344 2970 corpus
1387 2902 1614 2966 Christi,
1648 2907 1796 2974 quod
1825 2914 2020 2968 natum
2047 2917 2132 2965 est

543 2997 567 3028 α
611 2980 680 3033 de
716 2981 956 3052 Virgine,
991 2992 1047 3040 et
1072 2989 1219 3056 quod
1241 3006 1341 3059 pro
1371 2992 1552 3045 salute
1573 2994 1768 3047 mundi
1799 2996 2046 3052 oblatum
2071 3001 2125 3054 in

2231 509 2518 578 pravitatis
2551 517 2718 566 antea
2748 512 2930 580 potuit
2959 512 3249 581 pervenire
3293 513 3366 565 Ut
3394 513 3542 566 sicut
3573 515 3805 568 Ecclesiae

2229 599 2615 657 scandalizatze
2640 601 2794 669 prius
2812 600 3077 654 dolebant
3089 600 3157 653 de
3187 607 3243 653 te
3271 617 3304 652 a
3338 601 3578 654 veritate
3608 617 3801 664 averso,

2229 692 2398 757 atque
2430 688 2510 744 ita
2542 694 2737 757 postea
2762 690 3076 758 gauderent
3092 688 3418 758 gratiasque
3447 691 3567 743 Deo
3591 697 3807 759 agerent

2227 776 2296 832 de
2327 790 2552 834 reveI-‘so
2577 782 2747 847 atque
2783 792 3074 834 converso.
3115 779 3230 831 Cur
3257 793 3390 846 ergo
3416 777 3692 847 scriptum
3718 778 3808 830 hoc

2227 865 2405 934 magis
2459 865 2758 922 ascribitur
2788 865 3098 937 Humberto
3154 865 3412 936 episcopo
3471 882 3646 935 quam
3699 864 3806 927 tibi,

2228 967 2397 1023 quam
2428 954 2656 1012 Nicolao
2705 954 2973 1023 pontiﬁci,
3010 970 3180 1024 quam
3212 954 3334 1022 ejus
3361 953 3619 1017 concilio,
3657 969 3806 1022 quam

2226 1042 2468 1111 denique
2497 1042 2757 1097 omnibus
2784 1042 3045 1098 Ecclesiis
3071 1059 3192 1112 quae
3221 1042 3276 1095 id
3305 1059 3430 1096 cum
3459 1041 3658 1096 debita
3677 1058 3806 1094 reve-

2225 1131 2410 1186 rentia
2442 1136 2829 1202 susceperunt,
2846 1137 2900 1184 et
2917 1148 3018 1201 pro
3046 1131 3407 1184 conversione
3423 1137 3525 1184 tua
3557 1131 3672 1184 Deo
3691 1147 3804 1199 gra-

2227 1218 2334 1272 tias
2391 1219 2742 1273 retulerunt?
2783 1219 2896 1272 Cur
2946 1219 3196 1288 inquam,
3253 1219 3362 1272 nisi
3412 1218 3550 1288 quia
3607 1217 3804 1270 facilius

2227 1308 2530 1377 persuades
2560 1309 2836 1378 imperitis
2860 1309 3107 1378 potuisse
3123 1324 3296 1366 unum
3324 1307 3610 1360 hominem
3635 1321 3807 1358 errare

2227 1414 2393 1467 quam
2452 1403 2536 1452 tot
2593 1413 2878 1468 personas,
2926 1403 3013 1450 tot
3071 1396 3384 1450 Ecclesias?
3422 1395 3549 1449 Tibi
3599 1410 3722 1446 vero
3766 1393 3807 1445 si

2225 1486 2596 1556 ascripsisses,
2634 1503 2759 1540 cum
2790 1487 2975 1556 ipsum
3004 1487 3296 1540 destruere
3327 1483 3607 1549 moliaris,
3639 1483 3806 1552 perju-

2223 1591 2349 1628 rum
2381 1581 2436 1630 te
2467 1591 2588 1630 esse
2619 1581 2872 1630 astruere
2905 1574 3126 1628 videris.
3160 1573 3271 1627 Sed
3305 1573 3424 1642 jam
3454 1572 3701 1642 qualiter
3725 1585 3807 1621 re-

2156 1647 2204 1713 B
2223 1663 2449 1732 darguis
2479 1663 2784 1719 videamus.

2825 1789 3057 1848 CAPUT
3105 1781 3204 1843 III.

2290 1896 2526 1966 BEBENG.
2571 1915 2592 1946 ε
2634 1893 2887 1966 Apparet
2916 1895 3046 1966 quia
3075 1895 3168 1962 lux
3199 1893 3258 1950 in
3287 1889 3538 1957 tenebris
3570 1892 3734 1958 lucet,
3757 1893 3805 1959 et

2225 2004 2250 2036 «
2291 1985 2532 2038 tenebrae
2553 2001 2677 2053 eam
2703 2002 2815 2048 non
2846 1983 3407 2055 comprehenderunt,
3454 1999 3482 2034 ι

2291 2073 2494 2127 LaNI-‘R.
2529 2073 2646 2126 Hoc
2687 2073 2998 2136 rectissime
3045 2073 3102 2144 in
3153 2078 3206 2142 te
3254 2071 3575 2143 retorqueri
3613 2073 3799 2150 potest.

2222 2164 2394 2228 Lucet
2422 2179 2666 2233 namque
2704 2163 2798 2223 lux
2841 2164 2970 2228 ﬁdei
3001 2163 3060 2228 in
3092 2160 3338 2233 tenebris
3380 2161 3554 2230 hujus
3599 2156 3800 2226 mundi,

2221 2257 2494 2321 quantum
2527 2269 2626 2322 per
2654 2251 2940 2328 speculum
2975 2255 3031 2304 et
3059 2250 3315 2333 aenigma,
3361 2245 3799 2333 revelanteDeo,

2220 2357 2516 2412 possumus
2543 2340 2832 2412 contueri;
2861 2356 3052 2411 verum
3108 2339 3250 2409 hanc
3295 2338 3475 2406 iucem
3519 2332 3801 2429 tenebrosa.

2221 2445 2379 2482 mens
2407 2435 2506 2498 tua
2534 2429 2727 2499 nequit
2752 2426 3244 2498 comprehendere,
3269 2424 3548 2494 despectis
3579 2424 3795 2520 cae-toris,

2220 2522 2423 2592 putans
2453 2535 2511 2571 se
2535 2517 2711 2584 solam
2741 2516 3056 2587 sapientem
3087 2531 3226 2581 esse,
3273 2529 3613 2583 evanescens
3641 2516 3698 2576 in
3725 2525 3797 2572 po-

2213 2602 2580 2678 gitationibus
2609 2607 2744 2676 suis,
2769 2607 2944 2674 stulta
2973 2605 3118 2674 facta
3148 2604 3296 2684 apud
3322 2604 3525 2664 Deum.

2260 2673 2521 2766 'Bsassa.
2554 2715 2578 2760 ς(
2631 2673 2775 2766 Quia
2822 2673 3074 2764 veritatis
3118 2673 3399 2766 inimicus,
3455 2691 3592 2764 veiit
3649 2688 3829 2762 polite

2217 2804 2246 2834 ε(
2285 2785 2577 2856 veritatem
2608 2790 2840 2852 asserat.
2887 2803 2912 2836 »

2283 2853 2496 2948 Limes;
2523 2853 2730 2946 Parnm
2760 2873 2965 2944 videris
2993 2872 3283 2954 attendere
3314 2870 3446 2948 quid
3479 2869 3654 2935 dicas,
3685 2872 3793 2932 tan:

2210 2967 2333 3032 tum
2457 2943 2676 3024 servum
2691 2943 2796 3035 Dei
2812 2943 2980 3036 illatis
3003 2951 3318 3036 opprobriis
3335 2943 3396 3032 in
3421 2962 3792 3032 contemptum

625 3032 628 3033 '
663 3032 671 3033 '
732 3032 956 3052 ""3"",
995 3032 1047 3084 ’ς
1075 3032 1219 3056 ἰν-νυ·
1241 3032 1339 3059 ιην
1371 3032 1550 3045 ’διε-νων
1573 3032 1768 3047 ωυιιιυιι
1799 3032 2125 3102 υυιειιιιιιιι.ιιι
2144 3032 2472 3114 Cadducas.

540 3084 566 3119 ί(
606 3085 772 3124 cruce
800 3075 1082 3143 pependit,
1114 3083 1170 3130 et
1192 3079 1339 3147 quod
1356 3080 1511 3133 sedet
1540 3081 1607 3134 ad
1633 3083 1886 3138 dextram
1919 3088 2124 3157 Patris;
2294 3142 2311 3157 ι
2454 3147 2464 3157 Α

541 3174 568 3207 «
609 3164 668 3211 et
702 3176 892 3214 verum
923 3166 1257 3233 sanguinem
1287 3168 1517 3235 Christi,
1561 3171 1655 3240 qui
1694 3173 1763 3226 de
1797 3175 1974 3230 latere
2006 3181 2127 3248 ejus

544 3263 568 3294 α
612 3246 820 3300 eﬁ'usus
849 3255 950 3307 est,
980 3267 1090 3305 non
1135 3260 1357 3318 tantum
1399 3273 1500 3326 per
1532 3259 1751 3328 signum
1785 3269 1842 3316 et
1869 3246 2132 3324 virtutem

545 3353 565 3381 ι
611 3339 969 3406 sacramenti,
1001 3342 1095 3394 sed
1123 3343 1180 3395 in
1211 3346 1551 3414 proprietate
1575 3355 1789 3405 natura;
1814 3357 1871 3406 et
1899 3357 2132 3412 veritate

541 3437 568 3470 ε(
609 3421 954 3490 substantiae,
989 3428 1133 3483 sicut
1161 3433 1219 3484 in
1245 3432 1349 3485 hoc
1379 3432 1530 3488 brevi
1571 3439 1907 3506 continetur,
1941 3449 1999 3496 et
2027 3461 2130 3515 ego

543 3527 566 3559 ι
609 3510 740 3580 legi,
761 3517 818 3565 et
836 3530 930 3567 vos
951 3515 1323 3583 intellexistis.
1340 3522 1432 3576 Sic
1458 3525 1642 3589 credo,
1661 3543 1762 3589 nec
1779 3537 1974 3584 contra
1985 3510 2129 3587 hanc

539 3617 563 3648 ι
618 3600 785 3655 ﬁdem
825 3605 1062 3661 ulterius
1109 3608 1316 3664 docebo
1348 3628 1360 3662 :
1395 3612 1476 3665 sic
1506 3630 1594 3667 me
1623 3615 1772 3670 Deus
1797 3619 2040 3689 adjuvet,
2074 3629 2127 3678 et

539 3707 566 3741 «
607 3690 727 3744 haec
755 3707 914 3746 sacra
948 3695 1264 3766 Evangelia.
1311 3718 1336 3751 ι)

603 3780 809 3835 Postea
839 3783 1094 3855 praecipit
1121 3786 1270 3852 idem
1319 3791 1565 3858 pontifex
1617 3793 1717 3848 tibi
1765 3797 2124 3868 Berengario,

533 3884 601 3922 ex
628 3871 964 3927 auctoritate
995 3875 1095 3928 Dei
1124 3882 1180 3930 et
1211 3883 1534 3934 sanctorum
1563 3885 1943 3952 apostolorum
1976 3890 2127 3944 Petri

531 3962 589 4011 et
616 3958 875 4025 Pauli,ut
905 3962 974 4015 de
1005 3979 1236 4034 corpore
1265 3973 1322 4019 et
1351 3969 1621 4038 sanguine
1635 3971 1859 4027 Domini
1889 3976 2126 4031 ulterius

530 4063 658 4101 cum
716 4049 904 4120 aliquo
961 4052 1250 4123 disputare
1297 4073 1406 4109 non
1461 4075 1846 4128 praesumeres,
1898 4072 2126 4136 excepta

527 4152 700 4190 causa
726 4139 1027 4200 reducendi
1055 4143 1128 4195 ad
1168 4144 1312 4197 hanc
1361 4146 1527 4200 ﬁdem
1558 4165 1652 4202 eos
1683 4151 1779 4220 qui
1820 4167 1921 4222 per
1965 4161 2120 4209 tuam

529 4224 842 4282 doctrinam
874 4230 943 4282 ab
964 4247 1032 4287 ea
1060 4241 1425 4288 recesserant.

599 4313 742 4367 Cum
773 4321 960 4370 autem
989 4318 1090 4372 sub
1121 4321 1348 4376 Nicolao
1380 4325 1624 4379 venisses
1657 4328 1912 4396 Romam,
1945 4331 2120 4391 fretus

2279 3142 2629 3212 Asscrtorem
2643 3142 3007 3214 Veritas,tarn
3023 3141 3299 3210 volentem
3315 3154 3483 3210 quam
3498 3139 3788 3204 uolentem:

2214 3228 2501 3300 inimicum
2538 3229 2748 3304 pariter
2776 3230 3070 3300 constituis
3106 3229 3378 3299 veritatis.
3413 3226 3678 3320 Quisquis
3708 3240 3792 3320 aii;-

2213 3324 2328 3390 teni
2358 3319 2647 3381 veritatem
2696 3320 2914 3391 asserit,
2963 3321 3062 3384 aut
3097 3317 3308 3388 volens,
3355 3322 3452 3387 aut
3503 3317 3698 3386 nolens
3743 3311 3791 3372 id.

2213 3407 2348 3478 agit.
2372 3408 2526 3478 Nihii
2555 3408 2702 3477 enirn
2734 3407 2902 3461 medii
2922 3406 3127 3485 poterit
3147 3403 3789 3499 reperiri.0mnisigitpr

2212 3501 2458 3564 assertor
2490 3497 2754 3562 veritatis,
2781 3503 2835 3552 te
2857 3503 3101 3566 auctore,
3131 3496 3392 3564 inimicus
3422 3500 3508 3566 est
3530 3493 3783 3558 veritatis.

2213 3585 2319 3638 Sed
2342 3585 2504 3652 absit.
2534 3584 2665 3656 Ipsa
2692 3602 2936 3656 namque
2954 3585 3174 3648 Veritas
3190 3589 3497 3652 assertores
3527 3600 3656 3642 suos
3683 3580 3788 3652 plu-

2210 3674 2415 3745 rimum
2445 3675 2676 3742 distanti
2707 3674 2932 3745 nomine
2958 3674 3016 3727 in
3044 3672 3346 3748 Evangelio
3384 3679 3546 3745 vocat
3575 3671 3784 3736 dicens;

2209 3765 2336 3835 Jan;
2373 3780 2483 3834 non
2521 3764 2702 3832 dicam
2731 3780 2820 3835 pos
2859 3779 3054 3824 servas,
3087 3764 3176 3816 sed
3199 3765 3402 3831 amicos
3434 3778 3577 3830 meos
3603 3762 3780 3830 (λοιηιτ

2209 3865 2297 3924 xv,
2328 3850 2450 3922 15);
2478 3852 2546 3906 Et
2587 3851 2718 3923 alibi
2753 3871 2765 3906 :
2813 3854 2900 3906 Vos
2930 3855 3099 3910 amici
3142 3853 3251 3914 mei
3287 3854 3443 3923 eritis
3472 3851 3652 3918 (112211.,
3685 3845 3784 3913 14.)-

2208 3939 2433 4011 Falsum
2465 3947 2551 4004 est
2597 3957 2732 4016 ergo
2782 3946 3119 4010 assertorem
3153 3939 3422 4009 veritatis,
3457 3944 3576 3996 tam
3613 3937 3786 4032 volens

2207 4035 2321 4098 tem
2347 4046 2512 4100 quam
2533 4030 2838 4102 nolentem,
2856 4030 3148 4102 inimicum
3163 4029 3503 4098 constituere
3531 4027 3783 4094 veritatis,

2278 4115 2516 4192 Bsassa,
2557 4139 2578 4169 Ii
2623 4119 2784 4188 Quia,
2817 4119 2962 4189 sicut
3007 4118 3254 4190 Goliath,
3283 4117 3509 4190 Ρΐορΐίο
3542 4117 3784 4187 Burgun-

2210 4224 2236 4257 (ί
2277 4204 2382 4272 dus
2406 4224 2538 4261 ense
2567 4209 2853 4280 depereat.
2897 4230 2920 4262 1
3145 4285 3148 4288 ἢ

2274 4295 2477 4358 LANFR.
2510 4298 2615 4371 Tui
2643 4297 2814 4367 moris
2841 4301 2925 4352 est
2959 4297 3094 4364 alios
3125 4295 3460 4370 deprimere,
3489 4301 3548 4369 te
3581 4295 3778 4364 eﬂ‘erl‘ci

524 4400 596 4456 iis
617 4403 714 4471 qui
746 4405 868 4473 plus
897 4406 1163 4477 impensis
1185 4427 1218 4463 a
1247 4416 1302 4464 te
1323 4411 1608 4476 beneﬁciis
1641 4432 1809 4485 quam
1841 4382 2118 4474 ratione;
2136 4391 2184 4456 Β
2202 4388 2261 4485 ΞΘ
2285 4384 2519 4485 θ’
2550 4386 2618 4485 Cie
2645 4391 2702 4485 te
2738 4403 2944 4458 magna
2963 4393 3212 4485 Ofitlfe'
3246 4391 3433 4485 2'?“
3573 4382 3780 4485 “lie”?

524 4495 582 4544 te
609 4493 804 4546 audita
831 4511 992 4565 opem
1023 4497 1127 4551 tibi
1157 4502 1549 4569 promiserant,
1581 4521 1693 4558 non
1723 4522 1892 4560 ausus
1925 4509 2118 4563 defen-

522 4595 649 4635 sare
707 4583 855 4652 quod
911 4591 1077 4650 antea
1131 4605 1411 4660 senseras,
1465 4595 1760 4662 postulasti
1823 4597 2114 4652 Nicolaum

519 4669 839 4738 pontificem
857 4675 904 4742 ej
914 4690 1088 4744 usque
1108 4680 1422 4745 concilium,
1450 4689 1726 4752 quatenus
1747 4685 1912 4739 fidem
1947 4703 2114 4756 quam

519 4759 701 4813 teneri
723 4768 1008 4831 oporteret
1054 4767 1237 4820 verbis
1266 4768 1369 4822 tibi
1400 4771 1666 4837 traderet,
1711 4773 1989 4843 scriptura
2019 4777 2114 4828 ﬁr-

521 4854 718 4903 maret.
752 4851 1008 4920 Injuncta
1037 4861 1122 4909 est
1148 4856 1314 4926 hujus
1353 4858 1433 4910 rei
1471 4875 1607 4913 cura
1636 4861 1947 4916 Humberto
1995 4865 2112 4934 epi-

521 4953 688 5008 scapo
699 4978 711 4992 .

589 5026 790 5098 Itaque
813 5031 979 5084 verba
1009 5033 1138 5086 ﬁdei
1168 5035 1426 5104 superius
1443 5038 1850 5106 comprehensa
1869 5040 2111 5110 scripsit,

520 5131 751 5172 assensu
795 5121 1044 5181 omnium
1076 5123 1147 5175 ad
1176 5123 1476 5192 legendum
1505 5131 1562 5177 et
1589 5128 1968 5181 conﬁtendum
2011 5129 2113 5182 tibi

521 5205 771 5263 tradidit.
804 5208 887 5262 Tu
917 5226 1046 5263 vero
1066 5211 1425 5280 acquiescens
1453 5215 1733 5283 accepisti,
1753 5216 1960 5285 legisti,
1984 5235 2118 5271 con-

525 5292 705 5350 fessus
730 5300 786 5350 te
816 5296 896 5352 ita
932 5299 1161 5352 credere
1197 5301 1569 5369 jurejurando
1599 5305 1966 5369 conﬁrmasti,
1992 5313 2120 5360 tan-

526 5382 654 5441 dem
684 5401 856 5440 manu
887 5388 1112 5458 propria
1143 5389 1538 5460 subscripsisti.

597 5472 858 5530 Nicolaus
880 5493 1043 5547 papa,
1075 5478 1328 5546 gaudens
1358 5480 1426 5533 de
1456 5481 1816 5536 conversione
1845 5488 1963 5549 tua,
1992 5485 2116 5554 jus-

519 5559 829 5632 jurandum
857 5570 1020 5621 tuum
1059 5567 1330 5637 scriptum
1361 5567 1515 5638 misit
1555 5586 1657 5640 per
1703 5571 1870 5626 urbes
1917 5572 2114 5643 Italian,

2201 4473 2393 4539 David,
2410 4474 2784 4528 Humbertum
2806 4492 2934 4542 verp
2956 4476 3181 4544 Goliath
3193 4477 3460 4546 appellas.
3481 4475 3551 4528 Et
3573 4471 3780 4543 quidem

2200 4563 2406 4630 rectius
2447 4568 2500 4616 te
2540 4565 2885 4636 nominasses
2909 4564 3149 4632 Goliath,
3186 4564 3318 4636 quia
3348 4566 3780 4641 homoarrogali'

2199 4651 2450 4725 tissimus
2481 4669 2557 4722 es,
2582 4657 2638 4714 et
2663 4669 2728 4723 ea
2753 4654 2946 4724 sentis,
2975 4654 3170 4725 scribis
3217 4659 3272 4709 et
3317 4653 3564 4728 loqueris
3595 4649 3778 4722 quibus

2199 4743 2260 4793 tu
2288 4721 2586 4814 ipsévelat
2632 4721 2764 4796 enée
2816 4721 3040 4814 Prorrio
3074 4721 3410 4818 iuguleris;
3457 4721 3625 4808 illum,
3661 4749 3774 4806 vero

2196 4817 2390 4897 David,
2424 4830 2520 4901 qui
2550 4821 2840 4901 humiiiter
2860 4831 3012 4896 vixit,
3038 4831 3327 4902 humiliter
3372 4817 3579 4898 docuit.
3610 4841 3777 4888 mem.-

2198 4916 2360 4989 brurn
2405 4917 2679 4988 Ecclesiae,
2736 4935 2992 4994 pugnans
3035 4936 3134 4990 pro
3184 4918 3445 4988 Ecclesia,
3498 4927 3773 4982 assumenS

2198 5012 2415 5080 scutum
2448 5007 2575 5079 ﬁdei
2605 5012 2662 5074 et
2687 5007 2938 5080 gladium
2983 5007 3231 5080 spiritus,
3266 5009 3414 5080 quod
3446 5014 3532 5064 est
3560 5004 3772 5070 verbum

2197 5095 2297 5168 Dei
2327 5097 2535 5176 (Ephes.
2562 5111 2638 5169 vi,
2683 5087 2783 5165 ιτ).

2797 5203 3029 5265 CAPUT-
3085 5204 3185 5260 IV.

2274 5309 2515 5362 Bassus.
2550 5328 2573 5360 ι
2607 5309 2746 5364 Erat
2777 5316 2965 5363 autem
2997 5311 3334 5380 Burgundus
3377 5311 3437 5366 in
3487 5305 3769 5365 sententia,

2207 5418 2231 5444 κ
2274 5397 2387 5450 imo
2428 5399 2685 5452 vecordia
2732 5400 2904 5468 vulgi,
2936 5399 3220 5454 Paschasil
3260 5406 3428 5471 atque
3472 5392 3769 5455 Lanfrancis

2205 5503 2231 5538 ς(
2272 5486 2503 5548 minime
2547 5503 2838 5558 superesse
2868 5489 2927 5543 in
2956 5489 3120 5542 altari
3152 5495 3278 5558 post
3311 5488 3766 5546 consecrationem

2205 5594 2228 5626 ι
2271 5575 2643 5636 substantiam
2668 5577 2828 5647 panis
2857 5583 3025 5647 atque
3054 5577 3183 5631 vini.
3225 5595 3253 5634 ιλ
