3878 6360
530 309 637 366 415

1464 304 1528 357 Β.
1568 301 1986 358 LANFRANCI
2025 291 2390 354 CANTUAR.
2433 301 2771 362 ARCHIEP.

3746 311 3832 369 41σῶ

533 447 656 487 esse
675 428 940 496 decrevit,
973 443 1076 483 nec
1104 426 1448 483 Humbertus
1497 427 1788 499 episcopus
1843 425 1913 479 ad
1957 423 2129 478 conﬁ-
2147 418 2201 478 A
2222 439 2244 472 ι
2278 422 2471 480 altaris
2495 426 2848 483 solummodo
2869 433 2957 486 est
2982 436 3464 504 sacramentum,
3525 435 3645 488 vel:
3691 434 3837 490 Panis

539 520 770 576 tendum
803 519 890 572 vel
917 517 1226 588 jurandum
1257 517 1456 571 horum
1487 515 1588 570 tibi
1622 516 1836 586 aliquid
1872 514 2130 571 tradidit.

541 609 706 663 Prior
735 607 961 678 quidem
992 606 1288 671 sententia,
1318 623 1418 677 per
1434 621 1600 676 quam
1618 605 1856 659 dicitur:
1889 605 2054 658 Panis
2085 608 2142 658 et

535 697 729 750 vinum
760 695 954 750 altaris
974 695 1326 750 solummodo
1350 699 1704 749 sacramenta
1722 698 1874 762 sunt,
1903 698 2003 748 tua
2032 699 2136 762 est,

538 784 1242 856 tuorumquesequacium.
1275 783 1561 838 Posterior
1574 799 1704 837 vero
1721 800 1844 853 quae
1863 783 2135 837 enuntiat:

541 874 711 930 Panis
739 880 798 928 et
823 873 1012 928 vinum
1043 873 1238 926 altaris
1268 872 1620 927 solummodo
1643 878 1976 926 suntverum
1988 871 2144 925 Chri-

538 964 613 1018 sti
641 979 843 1034 corpus
881 968 938 1017 et
961 961 1212 1032 sanguis,
1238 961 1448 1015 nullius
1467 961 1759 1016 hominum
1791 966 1894 1015 est.
1920 961 2062 1015 Nam
2087 964 2145 1014 et

541 1058 605 1107 tu
633 1053 928 1106 veritatem
955 1052 1138 1106 carnis
1167 1067 1231 1105 ac
1257 1050 1547 1120 sanguinis
1566 1067 1758 1120 negas,
1801 1055 1858 1103 et
1897 1049 2141 1103 Ecclesia

543 1141 770 1208 Christi,
797 1141 877 1195 sic
897 1157 1099 1212 panem
1130 1140 1190 1194 in
1211 1156 1457 1205 carnem,
1489 1139 1680 1193 vinum
1711 1139 2143 1194 creditconverti

548 1232 604 1285 in
638 1231 993 1300 sanguinem,
1025 1234 1090 1283 ut
1106 1234 1295 1283 tamen
1321 1227 1623 1282 salubriter
1637 1229 1830 1282 credat
1867 1233 1924 1281 et
1941 1228 2143 1282 veraci-

544 1325 634 1374 ter
663 1324 1021 1390 recognoscat
1052 1323 1464 1372 sacramentum
1495 1334 1616 1372 esse
1668 1316 1972 1371 Dominicae
2013 1333 2143 1386 pas-

543 1409 736 1475 sionis,
768 1408 966 1462 divina:
993 1408 1424 1480 propitiationis,
1457 1407 1764 1462 concordiae
1790 1411 1846 1461 et
1888 1405 2140 1470 unitatis,

544 1503 829 1570 postremo
861 1503 1165 1568 assumpta:
1193 1497 1264 1551 de
1282 1497 1511 1567 Virgine
1538 1497 1721 1550 carnis
1748 1512 1812 1550 ac
1850 1494 2138 1566 sanguinis

541 1587 766 1656 singula
795 1586 910 1640 suis
935 1585 1323 1657 distinctisque
1347 1586 1548 1652 modis,
1581 1586 1650 1640 de
1676 1585 1878 1656 quibus
1895 1601 1997 1638 suo
2015 1585 2136 1638 loco

536 1691 602 1729 ac
631 1679 882 1746 tempore
911 1674 1221 1730 evidentius
1243 1674 1574 1732 disseretur.
1600 1675 1662 1728 In
1693 1673 1992 1744 praesentia
2016 1677 2140 1727 tan-

539 1768 662 1817 tum
693 1763 911 1834 suscepi
941 1764 1235 1818 ostendere
1263 1762 1430 1816 verba
1469 1763 1710 1816 Romani
1748 1762 1983 1827 concilii,
2015 1778 2136 1832 quae

538 1856 595 1905 te
612 1857 964 1906 servaturum
991 1851 1360 1922 jurejurando
1393 1851 1651 1917 ﬁrmasti,
1670 1851 1827 1905 nulla
1853 1867 1888 1904 a
1913 1867 1974 1904 se
2003 1850 2138 1904 invi-

537 1957 656 1995 cem
727 1941 1127 1995 contrarietate
1187 1941 1429 1994 diﬁ'erre.
1461 1938 1839 2009 Arguentibus
1894 1939 2043 1993 enim
2081 1944 2138 1994 te

541 2029 740 2084 amicis
767 2046 833 2084 ac
861 2029 1194 2084 necessariis
1223 2030 1335 2084 tuis
1381 2029 1530 2099 quod
1574 2033 1674 2082 aut
1710 2043 1823 2082 non
1864 2029 2141 2083 servanda

537 2121 733 2191 jurare
762 2135 875 2174 non
901 2118 1181 2179 debueris,
1215 2123 1315 2172 aut
1337 2119 1529 2188 jurata
1574 2134 1817 2183 servare,
1865 2117 2140 2173 infamare

541 2211 687 2265 soles
713 2209 1008 2264 Nicolaum
1032 2209 1352 2280 pontiﬁcem
1396 2209 1754 2280 reliquosque
1794 2210 1991 2263 Patres
2026 2208 2140 2262 Ro-

543 2299 696 2353 mani
722 2299 964 2365 concilii,
991 2297 1249 2352 videlicet
1275 2299 1442 2369 quod,
1493 2299 1755 2353 docentes
1791 2314 1857 2352 ac
1899 2297 2138 2352 scientes

542 2387 845 2450 contraria,
877 2388 962 2442 tui
991 2387 1219 2441 fuerunt
1247 2404 1418 2441 causa
1445 2387 1697 2458 perjurii.
1727 2386 1790 2440 Id
1823 2403 2044 2459 quoque
2076 2387 2136 2441 in

540 2472 644 2527 hoc
671 2475 958 2545 opusculo,
1011 2476 1158 2547 quod
1203 2477 1607 2531 destruendum
1655 2475 1894 2545 suscepi,
1929 2474 2136 2546 ubique

539 2562 654 2616 fere
685 2563 904 2618 laboras
936 2564 1155 2620 efﬁcere
1175 2571 1499 2637 ;propterea
1511 2564 1846 2620 conferenda
1869 2570 2136 2619 suntver-

536 2650 608 2706 ba
635 2655 736 2706 tua
754 2651 936 2706 verbis
960 2670 1172 2708 eorum.

612 2740 878 2796 Nicolaus
931 2759 1098 2814 papa,
1150 2743 1496 2814 comperiens
1553 2749 1609 2799 te
1681 2745 1880 2799 docere
1931 2759 2133 2815 panem

540 2829 846 2901 vinumque
875 2831 1088 2898 altaris,
1119 2836 1248 2903 post
1275 2833 1769 2900 consecrationem,
1797 2833 1916 2887 sine
1951 2839 2136 2888 mate-

537 2919 665 2974 riali
693 2921 1004 2975 mutatione
1025 2921 1083 2975 in
1115 2922 1367 2992 pristinis
1388 2922 1645 2978 essentiis
1673 2939 1986 2989 remanere,
2001 2939 2135 2977 con-

2224 531 2250 564 «
2281 513 2474 569 altaris
2488 517 2838 572 solummodo
2853 524 3138 576 estverum
3155 539 3387 594 corpus
3401 511 3644 590 Christi,
3664 543 3838 596 panem

2227 621 2249 654 c
2282 603 2340 657 in
2369 605 2534 658 altari
2561 623 2684 660 esse
2707 623 2821 661 non
2857 616 3049 680 negat,
3105 628 3336 682 panem
3387 619 3452 666 et
3508 613 3708 668 vinum
3742 630 3840 667 esse

2229 711 2250 740 ι
2281 694 2578 748 conﬁrmat
2601 695 2661 749 in
2690 713 2886 752 mensa
2910 698 3236 754 Dominica.
3276 720 3307 753 >>

2296 787 2486 849 πειθ
2513 783 2720 839 LANra.
2749 786 2956 841 Verum
2977 788 3349 855 adnecteres,
3387 790 3440 844 si
3463 791 3702 860 ignarus
3721 793 3846 846 veri-

2224 870 2357 924 tatis
2385 871 2630 941 priorem
2669 875 3066 945 propositionis
3112 882 3357 948 partem
3404 879 3716 950 quisquam
3747 887 3845 934 sta-

2223 963 2425 1027 tueret,
2461 961 2569 1014 nisi
2590 961 2732 1017 forte
2761 953 3002 1033 ﬁgurato
3039 966 3364 1022 locutionis
3421 970 3600 1022 modo
3639 969 3845 1023 verbum

2224 1048 2360 1103 illud
2392 1051 2685 1120 proferret.
2711 1051 2968 1108 Solemus
2997 1056 3148 1109 enim
3198 1057 3448 1128 aliquas
3508 1075 3604 1112 res
3640 1058 3842 1113 illarum

2224 1153 2435 1203 rerum,
2467 1154 2534 1190 ex
2553 1137 2755 1208 quibus
2784 1140 3122 1208 efﬁciuntur,
3153 1143 3521 1198 nominibus
3559 1146 3840 1217 appellare,

2227 1227 2499 1297 quamvis,
2533 1227 2590 1281 in
2620 1227 2788 1282 aliam
2816 1235 3080 1284 naturam
3107 1233 3450 1300 translatae,
3467 1235 3593 1303 jam
3609 1251 3719 1288 non
3739 1252 3842 1306 pos-

2225 1313 2338 1368 sint
2366 1332 2488 1370 esse
2518 1316 2656 1370 illud
2669 1318 2817 1388 quod
2845 1324 2977 1373 sunt
3005 1336 3093 1374 res
3121 1321 3240 1374 illae
3273 1338 3347 1375 ex
3382 1323 3601 1393 quibus
3622 1323 3845 1394 probam

2227 1407 2322 1457 tur
2344 1404 2572 1459 effectae.
2586 1406 2742 1460 Sicut
2756 1405 2954 1462 beatus
2971 1408 3346 1478 Augustinus
3369 1410 3466 1480 (in
3495 1414 3643 1480 psal.
3669 1418 3843 1479 chvn)

2222 1492 2282 1546 in
2320 1498 2568 1548 extremo
2598 1496 2940 1566 psalmorum
2970 1499 3406 1569 explanationis
3447 1516 3643 1572 opere,
3677 1519 3702 1552 α
3724 1501 3844 1554 cris-

2222 1583 2419 1638 tallum
2447 1601 2475 1636 ν
2495 1591 2657 1639 vocat
2686 1603 2714 1638 α
2739 1585 2924 1640 nivem
2945 1587 3259 1642 multorum
3284 1606 3590 1644 annorum
3602 1591 3842 1643 duratam

2221 1676 2495 1744 tempore,
2525 1680 2583 1728 et
2612 1674 2757 1728 serie
2777 1676 3127 1742 saeculorum,
3155 1694 3182 1729 »
3218 1695 3364 1732 cum
3397 1678 3501 1731 nix
3536 1678 3613 1731 sit
3651 1677 3844 1747 liquida

2221 1765 2279 1814 et
2304 1761 2557 1826 humida,
2574 1762 2807 1816 cristalli
2826 1780 2956 1818 vero
2986 1769 3190 1819 natura
3209 1767 3440 1820 existat
3450 1767 3604 1820 dura
3626 1770 3683 1819 et
3695 1765 3837 1818 sicca.

2217 1851 2296 1904 Ac
2316 1866 2417 1920 per
2436 1850 2541 1904 hoc
2559 1866 2685 1904 cum
2702 1855 2818 1904 tam
2840 1851 3071 1906 diversae
3091 1858 3322 1907 naturae
3356 1853 3482 1908 sint
3520 1853 3580 1908 in
3605 1854 3840 1923 utrisque

2219 1953 2332 1991 non
2361 1944 2509 1992 recte
2536 1938 2662 2009 quis
2703 1939 3010 1994 cristallum
3051 1941 3238 1995 nivem
3270 1943 3597 2005 vocaverit,
3642 1941 3746 1995 nisi
3785 1958 3839 1994 eo

2222 2025 2523 2082 locutionis
2560 2028 2725 2081 modo
2780 2045 2890 2099 quo
2937 2045 3027 2083 res
3083 2031 3290 2085 eﬁ'ecta
3351 2031 3652 2086 materiali
3713 2031 3836 2084 solet

2223 2117 2452 2169 nomine
2480 2117 2776 2187 appellari.
2807 2118 2876 2171 Et
2895 2118 3127 2172 Creator
3155 2136 3222 2173 ex
3248 2126 3422 2174 terra
3448 2125 3647 2174 creato
3673 2119 3836 2191 primo

2223 2204 2436 2258 homini
2456 2204 2514 2258 in
2539 2205 2744 2259 Genesi
2781 2205 2949 2260 dicit:
2989 2208 3157 2260 Terra
3187 2225 3260 2273 es,
3301 2215 3358 2263 et
3387 2212 3457 2263 in
3491 2215 3703 2262 terram
3742 2209 3832 2260 ibi:

2217 2293 2371 2364 (Gen.
2402 2307 2478 2354 III,
2514 2291 2626 2362 19).
2677 2291 2849 2357 Quasi
2877 2293 3089 2348 diceret
3132 2321 3145 2354 :
3207 2297 3367 2360 Quia
3424 2297 3614 2351 factus
3669 2311 3726 2350 es
3776 2310 3830 2346 ex

2218 2385 2390 2447 terra,
2425 2381 2763 2453 quandoque
2811 2383 2912 2436 ﬁes
2949 2387 3120 2450 terra,
3169 2389 3226 2438 et
3282 2385 3606 2440 reverteris
3641 2383 3698 2438 in
3731 2386 3824 2436 ter-

2218 2487 2362 2524 ram.

2289 2557 2720 2626 Verumtamen,
2750 2564 2816 2614 ut
2844 2559 2976 2628 dixi,
3004 2561 3107 2615 has
3124 2561 3454 2616 sententias
3471 2578 3642 2617 nemo
3658 2560 3823 2615 catho-

2216 2650 2354 2706 licus
2383 2653 2599 2723 recipit,
2632 2652 2953 2707 Christiana
3000 2671 3093 2709 eas
3137 2655 3346 2725 religio
3395 2672 3517 2710 non
3557 2654 3815 2710 admittit.

2215 2741 2360 2795 Nam
2414 2741 2658 2813 priorem
2713 2747 2870 2796 tuam
2917 2759 3040 2798 esse
3093 2749 3350 2816 tantum,
3383 2751 3619 2816 tuaeque
3651 2748 3818 2806 secta,

2217 2846 2382 2885 nemo
2412 2831 2508 2902 qui
2527 2831 2797 2902 ambigat.
2822 2833 3199 2888 Posteriorem
3225 2851 3368 2888 vero
3396 2850 3590 2905 neque
3619 2837 3682 2886 tu
3702 2829 3820 2884 reci-

2217 2919 2322 2988 pis,
2356 2919 2452 2991 qui
2479 2921 2661 2974 carnis
2689 2939 2754 2976 ac
2780 2923 3069 2993 sanguinis
3097 2928 3342 2994 negator
3383 2923 3601 2989 existis,
3656 2935 3819 2990 neque

534 3020 690 3060 cessa
713 3006 834 3075 tibi,
867 3008 1012 3064 sicut
1049 3011 1306 3081 superius
1350 3011 1560 3066 dictum
1607 3017 1710 3079 est,
1761 3010 2136 3084 respondendi
2153 3044 2197 3105 ο
2218 3025 2340 3074 nos,
2366 3009 2462 3080 qui
2493 3008 2571 3062 sic
2598 3015 2902 3082 utrumque
2929 3012 3175 3067 fatemur
3203 3017 3264 3066 ut
3286 3018 3494 3067 tamen
3529 3009 3814 3064 multarum

534 3093 784 3164 licentia,
815 3113 943 3152 cum
964 3115 1076 3154 non
1097 3100 1334 3154 auderes
1349 3117 1450 3171 pro
1477 3107 1591 3156 tuae
1616 3103 1792 3172 partis
1813 3103 2139 3156 defensione
2155 3093 2197 3105 “”
2220 3101 2277 3150 et
2305 3096 2648 3152 excelsarum
2677 3114 2867 3153 rerum
2895 3099 3133 3169 ﬁguram
3162 3116 3226 3153 ac
3257 3104 3691 3154 sacramentum
3711 3109 3814 3149 esse

532 3182 746 3253 aliquid
774 3187 1131 3257 respondere,
1164 3187 1371 3258 pietate
1403 3194 1589 3244 motus
1632 3191 1703 3244 ad
1758 3207 1949 3261 preces
2004 3195 2137 3245 tuas

529 3273 793 3343 praecepit
819 3275 967 3329 tradi
996 3276 1330 3348 scripturam
1359 3276 1458 3332 tibi
1482 3295 1651 3351 quam
1668 3281 1927 3351 superius
1951 3281 2134 3352 posui.

535 3360 669 3432 Ejus
694 3363 1030 3435 principium
1061 3365 1166 3420 hoc
1194 3373 1346 3421 erat:

609 3467 637 3503 α
672 3452 788 3520 Ego
832 3453 1204 3525 Berengarius
1247 3457 1659 3512 anathematizo
1701 3473 1825 3512 eam
1855 3457 2131 3525 haeresim,

537 3560 561 3592 α
598 3539 668 3594 de
697 3557 808 3611 qua
850 3542 1118 3600 hactenus
1176 3545 1484 3601 infamatus
1512 3563 1656 3612 sum,
1708 3563 1830 3617 quae
1880 3552 2132 3603 astruere

534 3649 559 3681 ι
597 3635 831 3686 conatur
859 3649 1062 3704 panem
1086 3641 1143 3690 et
1163 3636 1516 3706 vinum,quze
1544 3637 1603 3690 in
1631 3634 1796 3690 altari
1823 3645 2128 3708 ponuntur,

536 3739 560 3771 ι
594 3727 720 3793 post
756 3725 1252 3790 consecrationem,
1291 3725 1642 3780 solummodo
1691 3734 2127 3796 sacramentum,

536 3829 560 3864 ι
596 3816 652 3865 et
678 3829 790 3867 non
821 3830 1010 3868 verum
1040 3830 1243 3884 corpus
1258 3819 1316 3868 et
1343 3813 1675 3884 sanguinem
1703 3815 1925 3870 Domini
1954 3818 2129 3872 nostri

529 3918 556 3953 (ε
587 3901 719 3956 Jesu
750 3902 958 3956 Christi
986 3918 1127 3956 esse.
1153 3920 1180 3955 »

600 3991 930 4045 Rectissime
951 3991 1004 4045 id
1053 3991 1300 4062 quidem,
1333 3997 1392 4046 et
1418 3992 1537 4062 ipse
1566 3995 1846 4065 praecepit,
1881 4000 1936 4050 et
1973 4015 2137 4068 syno-

527 4080 632 4134 dus
661 4081 920 4147 assensit,
954 4085 1012 4134 et
1029 4085 1090 4134 tu
1113 4086 1404 4135 exsecutus
1434 4098 1512 4148 es,
1553 4082 1600 4135 si
1638 4082 1848 4138 labium
1880 4085 2135 4142 dolosum

528 4169 589 4223 in
618 4169 787 4222 corde
817 4173 875 4222 et
903 4169 1071 4223 corde
1098 4170 1317 4224 locutus
1347 4186 1459 4224 non
1489 4170 1708 4239 fuisses,
1748 4173 1794 4226 si
1831 4175 1904 4227 ad
1950 4175 2135 4245 pristi-

525 4273 664 4331 pum
683 4257 956 4312 vomitum
985 4263 1042 4311 et
1069 4258 1139 4312 ad
1168 4259 1519 4314 volutabrum
1549 4261 1654 4314 luti
1682 4261 1980 4317 infeliciter
2004 4281 2132 4334 per-

2219 3185 2450 3240 minime
2477 3186 2836 3256 abnegemus.
2871 3187 3046 3242 Porro
3071 3189 3410 3256 similitudo,
3432 3203 3607 3259 quam
3631 3185 3697 3238 de
3723 3183 3814 3236 Do-

2220 3275 2371 3329 mino
2397 3275 2536 3330 Jesu
2567 3277 2790 3331 Christo
2845 3281 2902 3331 et
2943 3277 3130 3347 lapide
3173 3277 3444 3348 angulari
3474 3273 3730 3348 posuisti,
3767 3276 3812 3323 te

2219 3363 2471 3435 impedit,
2509 3381 2611 3419 nos
2630 3366 2874 3437 expedit.
2905 3366 3061 3421 Sicut
3091 3367 3242 3420 enim
3272 3367 3374 3438 qui
3397 3365 3571 3420 dicit:
3607 3382 3631 3414 (
3664 3359 3810 3415 Chri-

2217 3458 2338 3508 stus
2367 3459 2452 3508 est
2479 3454 2620 3526 lapis
2640 3455 2945 3526 angularis,
2984 3474 3005 3506 ι
3031 3472 3142 3509 non
3159 3472 3359 3510 revera
3380 3455 3670 3510 Christum
3691 3447 3810 3518 lapi-

2216 3545 2345 3598 dem
2376 3560 2498 3598 esse
2526 3544 2839 3613 constituit,
2875 3544 2971 3599 sed
3003 3549 3233 3616 propter
3268 3545 3528 3616 aliquam
3569 3539 3806 3596 similitu-

2215 3634 2426 3700 dinem,
2458 3651 2625 3706 quam
2653 3634 2722 3688 ad
2749 3651 2808 3688 se
2836 3633 3071 3688 invicem
3099 3640 3327 3704 gerunt,
3362 3636 3416 3691 ei
3461 3647 3666 3689 nomen
3716 3630 3802 3681 im-

2213 3729 2466 3796 ponunt;
2499 3724 2693 3777 eodem
2726 3723 2890 3778 modo
2947 3740 3076 3777 cum
3120 3723 3312 3777 divina
3350 3723 3564 3795 pagina
3614 3730 3796 3786 coerS

2211 3813 2436 3868 Domini
2467 3829 2669 3884 panem
2696 3819 2872 3879 vocat,
2901 3818 3122 3867 sacrata
3149 3830 3214 3867 ac
3250 3813 3500 3884 mystica
3540 3806 3798 3863 locutione

2212 3902 2269 3955 id
2291 3903 2426 3973 agit,
2471 3918 2592 3964 seu,
2625 3901 2889 3972 quoniam
2937 3918 3003 3956 ex
3048 3918 3192 3972 pane
3243 3901 3546 3956 conficitur
3584 3898 3796 3967 ejusque

2217 3991 2518 4045 nonnullas
2559 3991 2769 4044 retinet
2823 3991 3159 4060 qualitates;
3217 4007 3339 4058 seu,
3395 3989 3531 4061 quia
3570 3984 3796 4040 animam

2218 4079 2859 4149 incomprehensibiliter
2896 4079 3173 4150 pascendo
3203 4079 3375 4134 satiat
3405 4079 3571 4148 eique
3599 4080 3798 4127 aeterna:

2225 4167 2350 4221 vitae
2378 4167 2752 4222 substantiam
2795 4167 3225 4235 subministrat;
3271 4169 3378 4235 vel,
3430 4165 3579 4237 quod
3617 4170 3794 4227 corpuS

2215 4261 2301 4310 est
2317 4256 2442 4310 Filii
2468 4257 2589 4322 Dei,
2613 4257 2814 4327 quiest
2844 4257 3005 4326 panis
3043 4257 3396 4327 angelorum,
3443 4260 3491 4308 et
3536 4255 3599 4305 in
3633 4258 3793 4317 quem,

523 4347 691 4416 jurus
711 4351 907 4416 postea
937 4363 1051 4400 non
1082 4346 1341 4402 redisses.
1367 4348 1665 4403 Sacrorum
1693 4366 1938 4421 namque
1968 4332 2195 4421 cano~h
2214 4347 2359 4400 sicut
2411 4345 2492 4400 ait
2546 4345 2804 4416 princeps
2832 4346 3233 4416 apostolorum,
3284 4345 3598 4399 desiderant
3628 4332 3792 4421 αηθίῗίί

531 4452 665 4490 num
693 4436 1028 4490 auctoritate
1078 4435 1427 4505 instruimur,
1479 4444 1544 4492 ut
1586 4455 1771 4505 nemo,
1819 4439 1888 4493 ab
1931 4441 2130 4496 haeresi

529 4529 835 4591 revertens,
864 4524 1249 4581 ecclesiasticae
1277 4527 1685 4581 communionis
1716 4529 1993 4600 particeps
2009 4546 2132 4584 esse

529 4613 909 4684 permittatur,
934 4614 1296 4687 quoadusque
1328 4633 1648 4688 perversum
1679 4617 1886 4687 dogma
1911 4618 2130 4674 vinculo

531 4700 907 4754 anathematis
934 4701 1202 4756 damnare
1243 4704 1632 4774 compellatur.
1676 4703 1887 4758 Verum
1928 4704 1989 4759 in
2043 4706 2130 4760 his

529 4788 731 4854 verbis,
755 4805 858 4843 nec
888 4789 1052 4844 verba
1078 4797 1178 4845 tua
1204 4796 1462 4863 superius
1517 4791 1716 4863 posita,
1778 4809 1880 4846 nec
1934 4810 2128 4848 eorum

527 4878 837 4933 sententias
867 4879 1161 4950 quisquam
1189 4881 1395 4952 poterit
1419 4880 1689 4935 invenire.
1713 4881 1873 4935 Unde
1897 4889 2132 4954 apparet

528 4985 914 5040 perversorem
971 4985 1036 5023 ac
1090 4970 1476 5024 subversorem
1529 4975 1586 5023 te
1640 4987 1761 5024 esse
1813 4971 2130 5027 divinarum

527 5060 865 5126 litterarum,
899 5064 956 5115 et
982 5077 1047 5115 ex
1071 5061 1387 5133 depravatis
1414 5061 1668 5131 ﬁctisque
1706 5063 1998 5117 sententiis
2039 5082 2128 5118 er-

529 5149 670 5204 roris
703 5148 947 5203 .nebulas
990 5167 1254 5221 spargere
1296 5149 1592 5220 imperitis,
1642 5149 1958 5223 falsumque
2007 5170 2130 5209 esse

528 5237 675 5308 quod
703 5255 768 5292 ex
796 5238 935 5292 talso
960 5239 1231 5310 principio
1260 5237 1579 5292 constiterit
1603 5254 1885 5294 emanare.

1145 5326 1377 5381 CAPUT
1414 5327 1486 5380 VI
1497 5367 1509 5379 .

598 5417 840 5470 Bassus.
885 5435 909 5467 ι
935 5415 1091 5471 Sicut
1106 5414 1255 5468 enim
1286 5415 1381 5486 qui
1409 5415 1571 5470 dicit:
1595 5417 1850 5474 Christus
1871 5424 1955 5474 est
1974 5437 2129 5475 sum-

531 5521 558 5558 α
588 5520 716 5558 mus
738 5505 1023 5575 angularis
1052 5503 1214 5574 lapis,
1239 5504 1525 5560 Christum
1553 5523 1666 5560 non
1710 5507 1912 5575 aufert,
1963 5510 2127 5565 Chri-

533 5609 560 5645 α
592 5597 744 5647 stum
781 5610 903 5648 esse
932 5593 1161 5648 omnino
1190 5595 1510 5665 constituit;
1533 5596 1614 5651 ita
1633 5597 1728 5669 qui
1767 5598 1933 5653 dicit:
1959 5599 2128 5654 Panis

2146 4399 2196 4458 D

2207 4438 2514 4505 prospicere
2559 4436 2610 4489 (1
2666 4436 2778 4488 Pet.
2828 4448 2867 4500 ι,
2921 4433 3014 4504 2);
3068 4451 3186 4500 seu,
3238 4433 3429 4504 aliquo
3486 4430 3595 4486 alio
3647 4420 3791 4479 modo

2213 4524 2308 4596 qui
2337 4541 2372 4578 a
2399 4522 2741 4578 doctioribus
2766 4523 3164 4593 comprehendi
3206 4528 3408 4594 potest,
3443 4539 3478 4576 a
3511 4515 3664 4574 nobis
3693 4522 3786 4563 non

2213 4617 2417 4683 potest.

2814 4701 3048 4756 CAPUT
3082 4701 3206 4756 VII.

2283 4792 2520 4845 Bsnsao.
2558 4809 2584 4843 «
2615 4791 2742 4845 Non
2769 4789 2918 4844 enim
2956 4795 3213 4844 constare
3255 4789 3465 4861 poterit
3509 4773 3783 4840 afﬁrmatio

2217 4900 2239 4930 ι
2277 4881 2478 4947 omnis,
2503 4884 2664 4952 parte
2691 4879 2961 4947 subruta;
2987 4885 3044 4934 et
3074 4879 3195 4945 hoc,
3241 4879 3388 4933 sicut
3439 4875 3572 4931 dicit
3610 4870 3782 4952 beatus

2213 4987 2240 5022 ε
2273 4951 2621 5041 Augustinus
2641 4970 2699 5022 in
2735 4969 2878 5023 libro
2908 4968 3265 5038 Dejdoctrina
3296 4965 3638 5022 Christiana:
3671 4973 3694 5006 α
3726 4951 3778 5004 In

2215 5076 2241 5111 α
2273 5059 2393 5130 ipsa
2415 5059 2744 5113 aeternitatis
2776 5059 3026 5125 veritate,
3060 5075 3184 5128 quae
3202 5058 3348 5112 Deus
3377 5061 3478 5124 est,
3511 5041 3779 5106 indissolu-

2214 5166 2240 5201 ε
2270 5147 2457 5201 biliter
2477 5152 2714 5201 constat.
2752 5166 2775 5197 ι
3640 5223 3652 5226 _
3722 5215 3748 5226 _,

2281 5237 2490 5290 Lmra.
2525 5236 2753 5290 Relictis
2781 5234 2954 5289 sacris
2977 5233 3422 5300 auctoritatibus,
3453 5230 3522 5285 ad
3551 5222 3779 5281 dialecti-

2121 5343 2139 5353 ·
2211 5341 2334 5379 cam
2363 5325 2686 5396 confugium
2713 5325 2866 5381 facis.
2911 5325 2981 5378 Et
3006 5325 3232 5395 quidem
3262 5325 3332 5377 de
3360 5315 3618 5394 mysterio
3664 5300 3774 5362 ﬁdei

2211 5415 2504 5470 auditurus
2532 5432 2597 5470 ac
2626 5431 2996 5486 responsurus
3028 5431 3150 5485 quae
3173 5413 3242 5467 ad
3271 5430 3390 5467 rem
3418 5406 3646 5465 debeant
3669 5408 3774 5491 pel.“

2210 5505 2411 5571 tinere,
2443 5506 2671 5559 mallem
2701 5505 2898 5560 audire
2919 5521 2983 5559 ac
3004 5504 3340 5575 respondere
3363 5515 3544 5557 sacras
3561 5494 3770 5548 auctor!-

2211 5604 2358 5654 tates
2388 5612 2558 5666 quam
2588 5595 2908 5649 dialecticas
2941 5593 3205 5648 rationes.
3230 5594 3439 5646 Verum
3465 5590 3648 5642 contra
3673 5577 3769 5629 11930
