3878 6358
49 299 136 358 417

871 305 1085 361 LIBER
1129 308 1224 363 DE
1262 309 1600 368 CORPORE
1639 309 1730 366 ET
1767 308 2136 364 SANGUINE
2173 306 2459 364 DOMINI.

3189 304 3295 361 418

48 442 248 498 quoque
273 427 455 482 nostri
487 429 592 484 erit
615 431 786 486 studii
818 435 1258 505 respondere,ne
1288 437 1467 508 ipsius
1491 438 1989 503 artisAmentum,
2006 436 2092 490 vel
2122 435 2284 508 panis
2313 442 2372 491 et
2384 436 2575 490 vinum
2590 433 2785 496 altaris
2805 430 3152 488 solummodo
3165 433 3298 485 sunt

47 515 210 587 inopia
241 533 332 570 me
360 523 526 588 putes
557 519 614 574 in
643 521 746 575 hac
780 521 882 577 tibi
926 529 1086 594 parte
1141 525 1363 593 deesse;
1386 526 1626 582 fortasse

43 605 291 672 jactantia
320 606 656 676 quibusdam
687 610 987 679 videbitur,
1020 618 1077 666 et
1116 614 1480 669 ostentationi
1509 633 1626 670 ma-

44 694 118 762 gis
138 709 292 763 quam
350 697 672 752 necessitati
729 699 1110 770 deputabitur.
1144 703 1253 757 Sed
1289 703 1446 758 testis
1483 704 1623 758 mihi

48 781 173 834 Deus
204 791 306 845 est,
339 788 398 837 et
425 785 766 841 conscientia
797 805 941 852 mea,
976 791 1108 860 quia
1134 789 1193 844 in
1227 797 1471 847 tractatu
1489 793 1625 847 divi-

46 887 220 925 narum
251 871 591 940 litterarum,
619 893 721 930 nec
742 894 1075 949 proponere,
1096 896 1200 934 nec
1219 881 1288 934 ad
1309 881 1624 952 propositas

46 961 354 1029 respondere
384 978 650 1034 cuperem
679 965 998 1021 dialecticas
1023 968 1358 1039 quaestiones
1404 969 1491 1022 vel
1528 984 1623 1022 ea-

46 1064 148 1102 rum
162 1050 616 1107 solutiones.Etsi
636 1055 860 1124 quando
881 1056 1118 1111 materia
1147 1057 1475 1129 disputandi
1494 1057 1624 1110 talis

47 1145 115 1192 est
129 1144 187 1194 ut
207 1139 428 1212 [f.,per]
447 1141 616 1210 hujus
637 1144 775 1198 artis
799 1146 1024 1215 regulas
1071 1147 1255 1200 valeat
1275 1145 1624 1201 enucleatius

47 1229 295 1297 explicari,
332 1230 394 1285 in
439 1238 714 1302 quantum
755 1250 1004 1304 possum,
1029 1251 1131 1306 per
1178 1234 1624 1308 aequipollentias

45 1318 465 1386 propositionum
520 1326 650 1391 tego
708 1329 909 1390 artem,
944 1341 1016 1378 ne
1064 1324 1256 1379 videar
1284 1324 1465 1395 magis
1502 1328 1625 1378 arte

45 1423 186 1474 quam
210 1408 452 1463 veritate
510 1416 947 1483 sanctorumque
994 1414 1231 1467 Patrum
1289 1413 1624 1468 auctoritate

45 1497 310 1563 conﬁdere,
337 1499 600 1569 quamvis
622 1499 822 1554 beatus
833 1501 1267 1571 Augustinus,in
1285 1501 1621 1572 quibusdam

44 1587 138 1640 suis
161 1587 403 1658 scriptis,
443 1593 504 1641 et
531 1589 773 1643 maxime
797 1589 855 1642 in
897 1589 1040 1643 libro
1067 1589 1148 1644 De
1177 1589 1430 1644 doctrina
1457 1589 1622 1644 Chri-

45 1675 217 1740 stiana,
250 1676 397 1730 hanc
433 1676 794 1746 disciplinam
829 1678 1178 1748 amplissime
1206 1678 1418 1740 laudet,
1461 1682 1518 1732 et
1549 1677 1618 1731 ad

1708 542 1900 580 verum
1931 523 2135 579 Christi
2160 541 2362 596 corpus
2383 529 2437 579 et
2452 523 2700 594 sanguis,
2718 526 3026 591 utrumque
3053 519 3297 574 afﬁrma-

1706 615 1785 669 tio
1816 619 1918 669 est.
1951 613 2052 668 His
2105 613 2325 668 duabus
2372 611 2806 685 particularibus
2835 608 3295 682 praecedentibus,

1706 703 1991 775 poterisne
2019 703 2358 772 regulariter
2383 702 2733 767 concludere,
2767 705 2926 771 parte
2953 697 3208 763 subruta,
3231 713 3298 752 ea

1705 808 1818 846 non
1840 807 2003 862 posse
2031 795 2291 844 constare
2309 791 2334 843 ?
2363 789 2523 844 Absit
2547 791 2558 843 Ξ
2583 789 2650 843 In
2667 789 2822 843 nulla
2841 788 3048 858 quippe
3075 786 3302 857 syllogi-

1705 897 1789 934 sm
1797 897 1955 934 orum
1978 878 2626 950 ﬁgura,praacedentibus
2637 877 2855 932 duabus
2871 875 3302 946 particularibus

1705 967 2364 1038 consequenterinfertur
2381 967 2662 1022 conclusio
2683 965 2973 1021 ulla.Male
2991 966 3300 1036 igituream

1705 1057 2161 1112 collocasti.lllud
2180 1073 2310 1111 vero
2324 1056 2700 1128 perfunctorie
2721 1072 2834 1110 non
2849 1060 2935 1109 est
2949 1059 3296 1126 praetereun-

1704 1147 1836 1200 dum
1869 1144 2017 1216 quod
2047 1145 2288 1217 praefatae
2318 1144 2710 1216 propositionis
2761 1149 2874 1198 tua;
2921 1143 3214 1198 veritatem
3239 1143 3298 1198 in

1703 1232 2160 1304 ipsazeternitatis
2183 1233 2437 1299 veritate,
2459 1251 2580 1304 qua:
2609 1235 2757 1288 Deus
2785 1239 2891 1300 est,
2936 1233 3300 1288 indissolubi-

1705 1324 1836 1378 liter
1863 1329 2122 1378 constare
2177 1323 2530 1393 perhibuisti,
2580 1323 2749 1394 idque
2777 1323 2926 1377 beati
2974 1322 3293 1393 Augustini,

1703 1412 1784 1467 De
1849 1413 2104 1467 doctrina
2157 1412 2496 1473 Christiana,
2550 1412 2886 1466 auctoritate
2936 1411 3192 1466 ﬁrmasti.
3229 1413 3299 1465 Et

1705 1501 1930 1573 quidem
1953 1500 2260 1573 propositio
2279 1500 2400 1572 ipsa
2420 1517 2551 1555 vera
2563 1508 2665 1565 est,
2693 1500 3295 1572 vermquepropositio-

1703 1591 1792 1645 nis
1821 1591 1931 1644 vim
1963 1607 2065 1644 suo
2089 1591 2210 1644 loco
2241 1589 2423 1661 posita
2443 1589 2739 1656 obtineret;
2759 1590 2855 1644 sed
2885 1595 2948 1643 tu
2966 1590 3109 1643 male
3139 1594 3196 1643 et
3217 1589 3299 1642 in-

1704 1680 2007 1734 efﬁcaciter
2031 1696 2154 1733 eam
2187 1679 2444 1749 posuisti.
2483 1680 2597 1733 Nec
2625 1678 2748 1749 ejus
2778 1679 2958 1748 magis
2974 1694 3142 1750 quam
3181 1695 3300 1731 om-

44 1764 205 1817 omnia
233 1781 356 1834 quae
380 1764 440 1819 in
475 1765 650 1819 sacris
689 1766 896 1820 litteris
927 1767 1280 1838 vestigantur
1315 1767 1619 1838 plurimum
1638 1791 1684 1850 B
1704 1768 1858 1822 nium
1887 1773 2004 1821 tam
2032 1784 2219 1822 rerum
2239 1783 2408 1838 quam
2424 1767 2660 1821 aliarum
2692 1768 3136 1838 propositionum
3151 1767 3298 1820 veri-

45 1853 198 1906 valere
225 1855 545 1908 conﬁrmet.

99 1941 338 2013 Denique
368 1948 572 1997 contra
603 1944 948 1999 Felicianum
993 1945 1316 2000 hrereticum
1343 1945 1619 2000 Arianum

45 2031 354 2086 contendens
385 2033 541 2104 (cap.
573 2032 648 2101 4).
689 2033 769 2087 ita
786 2035 890 2088 hac
923 2039 1044 2088 arte
1074 2051 1203 2088 eum
1232 2035 1523 2099 conclusit,
1555 2038 1622 2088 ut

47 2120 138 2189 ipse
159 2121 473 2189 haereticus,
504 2138 617 2176 non
647 2123 836 2177 valens
863 2123 1011 2178 ferre
1039 2123 1287 2178 locorum
1337 2140 1402 2177 ac
1455 2123 1622 2194 syllo-

47 2209 322 2277 gismorum
343 2210 654 2282 implicitas
668 2217 836 2282 atque
867 2212 1220 2283 implicantes
1243 2212 1615 2266 connexiones

49 2297 232 2366 publica
253 2317 382 2355 voce
400 2301 741 2354 exclamaret
789 2301 980 2356 dicens
1004 2319 1015 2354 :
1052 2319 1077 2352 «
1109 2301 1472 2356 Aristotelica
1501 2317 1616 2354 me-

51 2403 150 2440 cum
168 2388 480 2444 subtilitate
502 2391 877 2456 contendis,et
897 2390 1086 2444 omnia
1116 2407 1238 2461 quae
1267 2407 1299 2443 a
1314 2407 1405 2444 me
1423 2390 1616 2443 dicun-

51 2481 138 2540 tur,
161 2479 422 2533 torrentis
452 2495 630 2546 more,
690 2478 1027 2550 prtecipitas.
1057 2497 1079 2530 ι
1123 2479 1305 2549 Igitur
1359 2477 1617 2550 superius

51 2564 209 2620 volens
236 2572 497 2622 astruere
528 2583 730 2638 panem
754 2568 1058 2638 vinumque
1087 2568 1282 2622 altaris
1339 2567 1488 2620 inter
1523 2583 1617 2620 sa-

52 2655 282 2709 crandum
309 2657 694 2711 essentialiter
720 2673 832 2710 non
862 2657 1208 2722 mutari,duo
1237 2657 1490 2727 quaedam
1517 2671 1618 2726 pro

53 2750 484 2811 argumentorum
541 2745 674 2799 locis
726 2745 1104 2816 assumpsisti,
1137 2762 1377 2816 quorum
1435 2761 1614 2798 unum

55 2834 408 2888 tantummodo
437 2850 564 2888 esse
594 2839 776 2900 tuum,
809 2835 1052 2888 alterum
1083 2834 1294 2888 nullius
1323 2833 1616 2889 hominum

57 2921 333 2976 manifestis
363 2921 683 2976 rationibus
710 2921 1033 2994 approbavi.
1071 2923 1134 2977 In
1179 2939 1291 2993 qua
1319 2939 1380 2976 re
1410 2938 1618 2991 magno

1700 1862 1808 1920 tas,
1827 1857 1976 1928 apud
1999 1856 2288 1910 veritatem
2307 1855 2495 1909 omnia
2505 1855 2733 1909 scientis
2755 1872 2819 1909 ac
2838 1855 3179 1926 praescientis
3196 1854 3298 1909 Dei

1701 1945 2044 2000 eternaliter
2067 1951 2304 2009 constat,
2337 1945 2432 2014 qui
2459 1949 2517 1998 et
2545 1961 2634 1998 res
2650 1944 2802 2015 ipsas
2825 1945 2881 1998 in
2896 1943 3299 2015 principalibus

1701 2051 1768 2088 ac
1795 2034 2054 2088 secundis
2084 2034 2339 2088 essentiis
2356 2033 2623 2099 condidit,
2657 2049 2862 2104 easque
2888 2039 3004 2087 tam
3037 2049 3296 2088 verarum

1703 2140 1871 2194 quam
1889 2124 2157 2177 falsarum
2180 2121 2563 2194 propositiOnu
2573 2139 2625 2175 m
2645 2138 2844 2176 causas
2867 2139 2988 2176 esse
3001 2122 3293 2192 disposuit.

1703 2213 2122 2277 Verumtamen,
2157 2212 2216 2264 in
2245 2227 2412 2282 opere
2442 2211 2523 2264 De
2553 2210 2808 2264 doctrina
2832 2211 3169 2277 Christiana,
3193 2227 3296 2265 nec

1697 2302 1868 2372 hujus
1885 2299 2301 2372 propositionis,
2326 2316 2429 2353 nec
2458 2299 2695 2369 alicujus
2724 2301 2847 2370 ejus
2873 2299 3070 2354 similis
3098 2299 3297 2354 beatus

1696 2390 2050 2460 Augustinus
2079 2388 2266 2460 aliquo
2302 2387 2360 2441 in
2414 2389 2534 2442 loco
2563 2389 2906 2442 mentionem
2935 2389 3104 2456 fecit;
3146 2388 3297 2460 quod

1699 2479 1859 2532 facile
1882 2478 2062 2549 quivis
2093 2477 2235 2532 scire
2252 2476 2475 2548 poterit,
2509 2476 2555 2530 si
2577 2482 2736 2531 curet
2764 2477 2948 2549 ipsum
2975 2476 3182 2532 librum
3211 2478 3294 2530 le-

1697 2585 1851 2638 gere,
1875 2567 1920 2621 si
1950 2583 2238 2637 nunquam
2269 2566 2423 2636 legit;
2453 2566 2536 2619 vel
2561 2567 2834 2636 relegere,
2857 2566 2906 2620 si
2931 2565 3168 2620 fortasse
3173 2567 3294 2637 jam

1702 2657 1855 2727 legit.
1889 2657 1951 2710 In
1985 2673 2095 2726 qua
2135 2673 2197 2710 re
2251 2656 2615 2710 vehementer
2667 2656 2842 2710 miror
2882 2656 2997 2709 sive
3026 2672 3296 2721 errorem,

1701 2746 1818 2800 sive
1846 2745 2142 2800 stultitiam
2190 2749 2376 2801 tuam.
2415 2745 2676 2799 Errorem
2709 2746 2956 2816 quidem,
2986 2745 3033 2799 si
3079 2745 3299 2816 prolata

1697 2833 2020 2890 testimonia
2048 2833 2107 2887 in
2137 2833 2310 2887 sacris
2339 2833 2618 2888 codicibus
2666 2839 2767 2887 aut
2817 2833 2980 2888 aliter
3012 2851 3154 2901 esse,
3198 2839 3300 2888 aut

1699 2923 1924 2994 penitus
1936 2939 2049 2976 non
2073 2937 2195 2976 esse
2234 2922 2480 2992 ignoras;
2505 2923 2802 2977 stultitiam
2837 2939 2982 2987 vero,
3016 2923 3063 2976 si
3093 2923 3170 2976 ita
3193 2939 3294 2976 cae-

56 3007 160 3062 vitio
179 3027 291 3064 rem
312 3011 645 3082 praedictam
667 3011 916 3066 effecisti.
942 3013 1084 3066 Nam
1109 3011 1253 3082 quod
1278 3017 1438 3066 tuum
1472 3016 1616 3077 erat,
1634 3026 1678 3086 ρ
1701 3018 1852 3066 teros
1891 3011 2154 3065 vecordes
2193 3011 2478 3065 existimas
2496 3017 2560 3065 ut
2604 3011 2766 3065 dictis
2795 3011 2908 3066 tuis
2931 3019 3127 3066 contra
3154 3011 3298 3064 anti-

57 3099 253 3164 quzestio
271 3106 408 3154 erat.
457 3101 537 3155 Ex
552 3117 617 3155 eo
647 3101 853 3172 quippe
884 3101 1188 3172 quaerimus
1216 3101 1273 3154 id
1303 3099 1618 3171 opprimere

59 3190 195 3256 atque
215 3195 463 3244 evertere
485 3189 737 3244 omnium
755 3195 1220 3260 argumentorum
1250 3189 1416 3255 mole,
1449 3193 1619 3259 atque

59 3271 263 3345 impulsu
292 3277 625 3349 satagimus.
671 3282 842 3334 Porro
865 3279 1020 3333 nulla
1064 3278 1296 3349 quaestio
1325 3279 1478 3332 locus
1499 3293 1620 3331 esse

61 3365 230 3430 poterit
251 3367 594 3438 argumenti.
616 3368 951 3439 Argumenti
982 3367 1186 3439 quippe
1198 3368 1380 3422 locum
1395 3381 1620 3421 necesse

62 3456 141 3514 θεῖν
168 3460 259 3508 aut
275 3473 377 3526 per
417 3473 482 3510 se
521 3473 643 3511 esse
684 3463 921 3524 certum,
955 3463 1056 3512 aut
1095 3457 1263 3511 certis
1310 3455 1622 3510 rationibus

62 3541 584 3610 approbatum.Quod
616 3563 748 3616 ergo
776 3546 1167 3601 tantummodo
1187 3551 1350 3600 tuum
1379 3549 1519 3611 erat,
1551 3544 1624 3599 ad

63 3629 365 3694 probandam
393 3651 517 3688 rem
549 3633 776 3689 dubiam
810 3636 1024 3690 assumi
1054 3635 1287 3689 minime
1307 3633 1621 3705 oportebat.

65 3714 319 3790 Reliquum
335 3739 468 3778 vero
492 3723 640 3793 quod
659 3724 868 3778 nullius
883 3725 1174 3778 hominum
1196 3741 1318 3778 esse
1344 3723 1619 3790 consistit,

65 3819 116 3857 ne
132 3807 176 3860 id
190 3811 403 3879 quidem
427 3811 614 3866 dubiae
643 3813 725 3866 rei
745 3813 913 3867 ﬁdem
943 3815 1126 3867 facere
1183 3813 1372 3884 aliqua
1407 3812 1624 3866 ratione

66 3899 290 3962 oportuit.
323 3901 462 3964 Quis
493 3901 643 3955 enim
675 3907 891 3956 certum
940 3918 1062 3956 esse
1109 3907 1209 3956 aut
1257 3905 1474 3956 certum
1501 3900 1624 3954 ﬁeri

67 3998 193 4051 posse
215 3988 522 4044 arbitretur
543 3990 689 4061 quod
710 4007 906 4044 omnes
926 3997 1152 4061 negant,
1180 3991 1370 4044 nullus
1391 3991 1625 4044 conﬁte-

66 4074 168 4126 tur?
187 4076 355 4146 Igitur
375 4095 446 4134 ne
467 4079 526 4132 id
544 4078 768 4149 quidem
795 4080 866 4134 ad
891 4085 1290 4150 argumentum
1333 4079 1417 4134 sui
1458 4077 1625 4132 ratio-

68 4159 132 4214 nis
154 4163 265 4218 fuit.
291 4167 436 4222 Male
469 4185 605 4238 ergo
637 4174 940 4240 utrumque
995 4169 1252 4240 posuisti.
1282 4168 1382 4222 His
1411 4167 1628 4222 duobus

68 4250 396 4311 vitiosissimis
462 4256 752 4328 principiis
814 4263 992 4311 totam
1081 4257 1627 4329 argumentationem

71 4342 192 4394 tuam
215 4342 517 4400 identidem
543 4346 847 4416 repetendo
875 4347 947 4400 ad
997 4347 1167 4401 ﬁnem
1221 4351 1406 4413 231
1446 4361 1626 4416 usque

72 4431 295 4486 Contexis.
323 4434 410 4488 Ac
439 4439 737 4506 propterea
792 4451 1019 4489 necesse
1064 4441 1152 4490 est
1199 4434 1482 4504 vitiosum,
1522 4450 1626 4488 nec

76 4519 451 4576 concedendum
480 4539 602 4576 esse
633 4523 902 4594 quidquid
925 4540 991 4576 ex
1017 4522 1252 4591 vitiosis,
1284 4541 1386 4578 nec
1406 4540 1629 4578 conces-

77 4601 134 4657 sis
153 4607 420 4680 principiis
451 4611 765 4666 constiterit
791 4628 1076 4666 emanare.

132 4695 305 4752 Adhuc
329 4701 439 4756 alio
469 4706 802 4771 argumento
832 4701 1070 4773 probare
1095 4702 1386 4756 contendis
1425 4718 1627 4773 panem

82 4779 339 4858 \‘inumque
400 4795 530 4861 post
581 4790 1059 4845 consecrationem
1111 4790 1170 4846 in
1227 4790 1629 4863 principalibus

84 4883 365 4936 permanere
393 4879 671 4947 essentiis,
706 4879 898 4934 dicens
931 4897 943 4933 :
973 4900 996 4932 α
1025 4881 1152 4936 Non
1191 4880 1342 4934 enim
1371 4886 1630 4936 constare

87 4974 106 5004 ε
121 4966 296 5028 poterit
310 4968 610 5022 afﬁrmatio
629 4967 832 5033 omnis,
871 4973 1030 5039 parte
1041 4968 1331 5024 subruta.»
1365 4969 1450 5024 Ad
1470 4971 1631 5040 cuius

86 5048 149 5101 rei
171 5054 535 5121 probationem
564 5074 676 5112 non
702 5057 952 5129 oportuit
993 5057 1188 5112 inferri
1234 5058 1630 5130 particularem

90 5141 533 5217 negationem,qua
557 5147 626 5200 de
645 5147 906 5218 praesenti
927 5147 1234 5217 qurestione
1262 5147 1400 5202 nihil
1415 5147 1630 5218 colligi-

91 5227 177 5290 “11‘,
193 5231 278 5285 sed
303 5235 672 5289 universalem
700 5235 905 5306 potius,
937 5252 1039 5306 per
1076 5252 1246 5306 quam
1277 5236 1625 5303 enuntiatur,

94 5313 214 5369 nulla
229 5319 511 5378 afﬁrmatio
526 5330 783 5378 constare
799 5325 1005 5396 poterit
1023 5330 1184 5396 parte
1212 5325 1464 5380 subruta.
1489 5328 1628 5397 Age,

96 5401 210 5457 enim
227 5411 566 5477 particularis
581 5413 893 5484 sitnegatio
910 5419 1028 5479 tua,
1047 5430 1159 5468 non
1189 5416 1371 5470 omnis
1387 5416 1478 5470 afﬁ
1486 5433 1568 5470 rm
1576 5433 1633 5470 a-

97 5487 158 5542 tio
178 5503 408 5555 constare
426 5502 633 5573 poterit
643 5508 804 5573 parte
817 5502 1052 5558 subruta
1066 5505 1082 5524 ⁶
1106 5519 1302 5558 rursus
1321 5505 1633 5576 assumptio

97 5581 196 5634 tua:
214 5583 432 5646 Paniset
461 5591 654 5647 vinum
683 5592 881 5648 altaris
909 5591 1262 5649 solummodo
1291 5599 1425 5651 sunt
1448 5611 1632 5650 sacra-

1701 3115 1872 3172 quam
1894 3099 2151 3154 Ecclesia:
2171 3100 2338 3153 ﬁdem
2362 3100 2616 3171 protinus
2647 3100 2896 3168 credant,
2937 3117 3115 3172 eaque
3143 3100 3294 3155 velut

1700 3195 2056 3244 sacrosancta
2085 3188 2394 3243 indiscussa
2414 3194 2767 3260 praetereant.

2296 3304 2530 3360 CAPUT
2559 3305 2708 3360 VIII.

1775 3421 2015 3476 BERENG.
2054 3440 2080 3473 «
2113 3422 2210 3476 Est
2237 3426 2426 3476 autem
2459 3420 2794 3489 afﬁrmatio;
2839 3421 3147 3477 notissimis
3175 3439 3298 3494 par-

1709 3528 1735 3562 a
1767 3510 1918 3566 tibus
1947 3510 2063 3565 suis
2089 3515 2370 3578 constans,
2419 3511 2719 3582 praedicata
2775 3515 2833 3564 et
2869 3512 3135 3581 subjecto,
3175 3529 3299 3584 quae

1712 3619 1734 3650 ι
1769 3597 1847 3653 ita
1867 3599 2348 3654 enuntiatzPanis
2378 3605 2434 3653 et
2452 3601 2792 3672 vinum,qua3
2812 3599 2868 3653 in
2899 3600 3065 3654 altari
3086 3618 3300 3672 ponun-

1710 3705 1736 3740 α
1769 3693 1885 3756 tur,
1915 3694 2049 3742 sunt
2093 3689 2446 3743 solummodo
2483 3695 2836 3743 sacramenta
2868 3708 2880 3756 ;
2931 3689 3300 3744 nihilominus

1709 3795 1735 3830 α
1769 3777 1986 3847 quzeita
2008 3777 2300 3834 enuntiat:
2328 3777 2496 3831 Panis
2538 3784 2594 3831 et
2622 3777 2831 3840 vinum,
2871 3795 2992 3847 qua:
3012 3783 3300 3849 ponuntur

1711 3885 1733 3916 ι
1765 3865 1823 3919 in
1854 3866 2040 3930 altari,
2089 3872 2217 3937 post
2266 3866 2741 3920 consecrationem
2775 3867 3128 3921 solummodo
3166 3871 3300 3921 sunt

1709 3972 1736 4006 α
1769 3971 1965 4009 verum
1991 3955 2198 4011 Christi
2229 3972 2431 4026 corpus
2460 3960 2518 4008 et
2541 3955 2788 4025 sanguis.
2823 3973 2848 4006 1)

1779 4063 1964 4118 Lupa
1975 4061 2200 4116 .Eadem
2222 4067 2278 4116 te
2293 4067 2546 4133 repetere
2560 4060 2790 4116 minime
2803 4062 2974 4132 pudet
2999 4079 3010 4125 ;
3041 4065 3298 4134 propter-

1709 4167 1774 4206 ea
1805 4168 1928 4223 quae
1956 4151 2122 4222 paulo
2153 4156 2284 4205 ante
2311 4150 2470 4222 posui
2499 4167 2589 4204 me
2617 4149 2786 4204 etiam
2825 4150 3096 4222 replicare
3133 4167 3300 4221 opor-

1709 4245 1810 4294 tet.
1836 4239 2088 4294 Priorem
2119 4239 2456 4294 sententiam
2503 4239 2897 4293 tantummodo
2949 4256 3071 4294 esse
3117 4245 3298 4306 tuam,

1711 4329 2079 4401 posteriorem
2091 4346 2221 4383 vero
2236 4329 2446 4383 nullius
2459 4329 2750 4383 hominum
2767 4328 3025 4400 superius
3035 4329 3300 4396 essedixi,
3327 4320 3338 4332 ’

1715 4425 1770 4473 et
1791 4419 1871 4472 ita
1889 4435 2010 4473 esse
2026 4418 2376 4472 documentis
2395 4417 2726 4473 clarioribus
2743 4417 3064 4491 approbavi.
3081 4419 3225 4474 Nam
3246 4425 3305 4474 et

1707 4513 1770 4563 tu
1789 4524 2017 4562 carnem
2047 4523 2112 4562 ac
2132 4507 2466 4578 sanguinem
2497 4523 2688 4578 negas,
2722 4507 2778 4561 in
2800 4507 2919 4561 solo
2950 4513 3304 4563 sacramento

1707 4614 1827 4652 rem
1850 4603 2027 4652 totam
2039 4596 2404 4665 constituens;
2421 4602 2479 4651 et
2497 4613 2598 4650 nos
2614 4602 3026 4651 sacramentum
3037 4597 3301 4665 fatemur,

1710 4691 1767 4740 et
1788 4691 1981 4740 tamen
2020 4687 2316 4756 utriusque
2356 4685 2652 4740 veritatem
2694 4686 3016 4741 ﬁdeliterac
3035 4687 3307 4742 veraciter

1711 4777 2072 4832 conﬁtemur.
2112 4775 2272 4839 Quod
2295 4791 2423 4830 vero
2439 4775 2732 4830 dialectica
2750 4775 2938 4842 verba,
2971 4776 3307 4832 afﬁrmatio-

1713 4881 1862 4929 nem,
1882 4865 2264 4935 praedicatum,
2291 4863 3009 4936 subjectum,caateraquein
3031 4865 3180 4920 hunc
3194 4882 3312 4919 mo«

1711 4955 1844 5008 dum
1859 4953 2123 5008 tractatui
2139 4958 2310 5008 tantae
2325 4953 2405 5007 rei
2427 4953 2648 5008 laboras
2667 4953 2932 5022 inserere,
2974 4960 3202 5026 propter
3223 4953 3307 5008 ni-

1712 5042 1792 5096 hil
1821 5042 1974 5096 aliud
1990 5041 2196 5096 videris
2215 5041 2271 5096 id
2291 5041 2474 5096 facere
2489 5042 2598 5096 nisi
2624 5047 2688 5096 ut
2711 5043 2816 5096 hac
2838 5042 3125 5097 occasione
3162 5041 3307 5112 peri-

1711 5137 1833 5186 tum
1863 5135 1919 5185 te
1949 5130 2273 5202 disputandi
2291 5131 2569 5202 imperitis
2595 5133 2782 5186 valeas
2812 5130 3218 5186 suadere.Nam
3249 5135 3308 5184 et

1712 5225 1794 5286 tu,
1819 5219 1938 5274 sine
1958 5221 2047 5274 his
2065 5219 2406 5285 nominibus,
2439 5219 2588 5290 quod
2616 5219 2831 5274 moliris
2881 5235 2991 5272 non
3017 5218 3308 5290 impariter

1713 5325 1906 5381 posses
1935 5326 2217 5376 asserere;
2252 5314 2309 5364 et
2337 5325 2438 5363 nos
2481 5326 2603 5378 qua:
2635 5325 2668 5362 a
2701 5314 2756 5362 te
2783 5309 3105 5362 dicerentur
3132 5307 3307 5363 sacris

1716 5399 2067 5454 solummodo
2095 5414 2385 5470 possemus
2415 5396 2752 5451 testimoniis
2777 5396 3018 5450 abolere.

1787 5506 2024 5561 Baasno.
2063 5525 2089 5558 α
2121 5507 2455 5576 Susceperat
2482 5508 2670 5557 autem
2724 5502 3062 5573 Burgundus
3101 5519 3309 5575 negare

1722 5613 1749 5647 «
1779 5611 1982 5664 panem
2002 5601 2060 5651 et
2085 5595 2277 5651 vinum
2306 5595 2365 5650 in
2415 5609 2613 5650 mensa
2653 5591 2961 5648 Dominica'
2991 5608 3309 5666 superesse.
