3878 6384
515 311 626 368 m
1502 305 1568 360 Β.
1607 302 2024 361 LANFnANoi
2063 298 2421 360 GANTUAR.
2461 291 2799 360 ARCHIEP.
3711 297 3820 364 4-20

521 445 546 488 ι
581 437 699 490 Hoc
714 434 951 488 minime
967 438 1154 502 negat,
1188 431 1303 484 imo
1333 429 1562 485 omnino
1589 445 1794 500 panem
1825 435 1882 484 et
1907 431 2165 491 vinumA
2187 435 2330 498 erat,
2355 432 2456 484 hoc
2477 443 2606 484 vero
2636 432 2730 484 lux
2748 437 2804 484 et
2823 431 3027 484 vei-itas
3055 449 3068 498 ;
3113 417 3251 485 illud
3281 447 3310 484 e
3340 423 3494 492 coelo,
3534 423 3659 484 hoc
3693 449 3819 484 cor-

519 544 545 580 ε
579 532 703 579 esse
729 524 1046 577 conﬁrmat.
1082 540 1107 572 ι)
2190 535 2294 588 pus
2323 519 2545 572 Domini
2568 520 2854 584 eoa-lorum,
2892 536 2959 573 ne
3005 525 3222 572 tantam
3275 519 3712 572 elementorum
3761 519 3817 571 in

591 616 795 668 Lassa.
820 610 1138 664 Membrum
1160 609 1416 663 Ecclesiae
1437 608 1508 662 ab
1533 607 1777 662 Ecclesia
1791 608 2108 676 discrepare
2190 614 2476 660 tantarum
2511 624 2698 661 rerum
2747 609 3160 662 conversionem
3209 624 3365 662 mens
3390 609 3636 661 credere
3667 607 3818 660 refu-

520 719 632 756 nen
647 701 1177 756 debuit.Conﬁtetur
1206 697 1353 751 enim
1385 697 1649 761 Ecclesia,
1681 702 1799 749 toto
1829 703 2109 748 terrarum
2191 701 2367 763 geret,
2415 696 2722 764 subjunxit,
2755 697 2943 749 dicens
2993 706 3127 766 (cap.
3155 695 3206 763 9)
3240 713 3250 750 :
3287 713 3306 746 α
3345 697 3595 759 Quantis
3636 695 3818 765 igitur

521 791 656 845 orbe
680 791 1112 859 ditiusa,panem
1128 793 1186 840 et
1211 787 1402 839 vinum
1427 786 1496 838 ad
1523 785 1853 838 sacrandum
1877 784 2110 854 proponi
2193 784 2407 837 utimur
2436 786 2721 855 exemplis,
2752 786 3050 855 probemus
3087 786 3187 838 hoc
3213 797 3322 838 non
3354 801 3474 838 esse
3505 785 3678 854 quod
3715 801 3819 837 na-

521 879 582 934 in
597 880 795 945 altare,
812 877 1084 941 sed,inter
1096 874 1452 939 sacrandum,
1475 873 2113 943 incomprehensibiliter
2182 878 2324 946 tura
2347 872 2624 937 formavit,
2657 874 2753 926 sed
2785 874 2930 943 quod
2955 873 3265 927 benedictio“
3294 873 3818 936 consecravit,ma-

525 974 583 1022 et
610 966 968 1022 ineﬁ'abiliter
996 966 1054 1018 in
1078 963 1448 1017 substantiam
1479 962 1663 1016 carnis
1714 968 1770 1016 et
1822 961 2114 1030 sanguinis
2188 957 2486 1026 jorcmque
2503 958 2614 1010 vim
2641 972 2763 1010 esse
2785 957 3186 1011 benedictionis
3219 973 3386 1027 quam
3408 963 3646 1012 naturae
3663 958 3815 1027 .quia

524 1055 876 1111 commutari.
921 1053 1098 1116 Quod,
1134 1059 1238 1104 suo
1266 1051 1389 1103 loco
1418 1050 1732 1120 opitulante
1760 1066 1826 1102 eo
1855 1050 1927 1102 de
1955 1051 2117 1118 cujus
2199 1045 2583 1099 benedictione
2602 1047 2774 1099 etiam
2802 1052 3007 1100 natura
3034 1047 3158 1116 ipsa
3214 1051 3486 1100 mutatur.
3519 1063 3550 1098 ι)
3588 1033 3816 1099 Panem

526 1143 902 1200 sacratissimo
921 1156 1155 1210 corpore
1175 1139 1478 1208 loquimur,
1510 1139 1742 1191 diversis
1769 1137 2116 1190 diversorum
2196 1135 2506 1205 vinumque
2532 1151 2566 1188 a
2613 1142 2817 1188 natura
2865 1136 3097 1188 formari
3143 1136 3332 1189 nullus
3361 1136 3458 1205 qui
3514 1135 3811 1204 ambigat,

528 1235 762 1288 Patrhm
791 1229 1130 1285 testimoniis
1165 1228 1247 1282 ita
1287 1245 1408 1281 esse
1461 1243 1566 1281 nec
1609 1228 1773 1280 aliter
1799 1241 1962 1297 posse
2000 1242 2120 1280 esse
2202 1239 2366 1276 nemo
2393 1224 2489 1293 qui
2518 1224 2748 1278 nesciat.
2774 1225 2855 1278 De
2873 1239 3111 1294 quorum
3134 1240 3261 1277 vera
3286 1225 3343 1277 in
3363 1241 3568 1278 verum
3601 1240 3817 1293 corpus

528 1320 957 1380 monstrabitur.
992 1320 1117 1372 Non
1161 1324 1354 1371 tamen
1393 1323 1597 1387 panem
1627 1322 1816 1385 negat,
1848 1317 1962 1369 imo
1988 1332 2118 1368 con-
2203 1312 2427 1365 Domini
2457 1313 2816 1366 conversione
2837 1329 2948 1366 non
2978 1319 3235 1382 oportere
3261 1312 3507 1366 dubitari
3541 1313 3822 1365 manifes-

525 1413 730 1466 ﬂrm‘at.
765 1409 875 1464 Sed
896 1417 1096 1478 panem
1129 1406 1224 1476 qui
1256 1406 1324 1458 de
1355 1406 1491 1458 coelo
1512 1405 1800 1458 desCendit
1843 1411 1900 1457 et
1919 1405 2016 1457 dat
2045 1405 2117 1456 vi-‘
2199 1402 2275 1454 tis
2305 1402 2549 1454 Ostendit
2581 1403 2845 1472 exemplis
2905 1403 3167 1471 congruis
3207 1419 3307 1472 per
3351 1403 3567 1455 similia
3611 1401 3823 1454 asserit

526 1506 646 1554 tam
678 1497 1120 1565 mundo,panem
1146 1511 1312 1563 quem
1345 1493 1674 1548 Ambrosius
1693 1500 1750 1547 et
1768 1493 2122 1563 Augustinus
2203 1491 2570 1559 argtJmentis,
2634 1506 2872 1544 narrans
2923 1491 3201 1561 imprimis
3256 1491 3434 1560 Moysi
3485 1491 3722 1560 virgam
3765 1491 3822 1542 in

531 1589 744 1642 eisdem
776 1585 959 1640 verbis
989 1590 1148 1637 vocat
1175 1583 1483 1653 epiousion,
1515 1583 1568 1635 id
1602 1589 1686 1636 est
1707 1585 2121 1650 s-upe-rsubstan—
2206 1584 2522 1650 serpentem
2555 1589 2793 1639 versam,
2827 1579 3028 1632 deinde
3080 1587 3399 1650 serpentem
3447 1579 3507 1633 in
3569 1580 3820 1649 virgam,

535 1680 750 1743 iiaiem,
783 1673 916 1744 quia
943 1689 1072 1726 caro
1095 1671 1302 1726 Christi
1329 1672 1594 1724 omnibus
1634 1673 1834 1724 creatis
1857 1671 2122 1725 substan-
2206 1675 2399 1738 postea
2421 1683 2596 1738 aquas
2625 1669 2681 1722 in
2697 1670 3026 1737 sanguinem
3056 1675 3319 1733 mutatas,
3347 1667 3554 1722 dehinc
3576 1670 3822 1739 sangui-

533 1763 631 1818 tiis
662 1764 844 1832 major
875 1761 1079 1821 existit,
1104 1777 1297 1814 omnes
1326 1767 1611 1813 creaturas
1659 1759 2186 1842 excellentissimaB
2207 1772 2332 1810 nem
2358 1772 2642 1810 remeasse
2670 1758 2727 1810 in
2767 1773 2960 1827 aquas.
2978 1758 3258 1827 Pluraque
3286 1759 3344 1811 in
3365 1759 3514 1811 hunc
3547 1759 3821 1811 modum.

537 1851 814 1921 dignitate
836 1850 1119 1920 praecellit.
1156 1848 1370 1903 Vinum
1393 1865 1614 1918 quoque
1671 1865 1783 1901 non
1819 1849 2124 1918 qualecun-a
2208 1847 2293 1900 Ad
2321 1847 2581 1900 ultimum
2614 1847 2901 1916 praemisso
2926 1848 3020 1900 illo
3051 1865 3253 1918 magno
3297 1865 3362 1900 ac
3400 1848 3693 1917 singulari
3727 1849 3827 1900 mi-

539 1955 668 2010 que,
699 1939 795 1994 sed
831 1939 977 2008 quod
1013 1938 1323 2002 hominum,
1349 1955 1460 1990 non
1500 1936 2127 2006 quidemomnium,sed

533 2045 821 2087 servorum
842 2028 944 2083 Dei
972 2027 1142 2081 corda
1169 2026 1588 2096 laetiﬁcat,qu
1623 2026 1844 2079 animas
1861 2025 2125 2092 inebriat,

534 2124 592 2174 et
613 2135 647 2172 a
674 2117 912 2188 peccatis
943 2121 1165 2186 purgat.

603 2208 843 2262 Benene.
877 2206 1064 2259 «Dum
1085 2203 1167 2258 ita
1182 2204 1441 2258 enuntiat
1465 2222 1476 2255 :
1511 2203 1682 2257 Panis
1711 2208 1766 2256 et
1786 2202 1979 2256 vinum
2006 2205 2129 2272 quat

539 2315 566 2349 ι(
607 2301 899 2366 ponuntur
935 2295 996 2348 in
1025 2293 1209 2354 altari,
1265 2299 1394 2363 post
1431 2292 1909 2345 consecrationem
1941 2293 2130 2356 7.33

541 2403 568 2442 ι
608 2383 958 2438 solum-modo
979 2387 1114 2436 sunt
1162 2397 1357 2435 verum
1408 2381 1617 2434 Christi
1665 2397 1868 2451 corpus
1906 2387 1962 2434 et
1999 2396 2130 2434 san-

538 2491 567 2526 ¢
607 2473 754 2543 guis.-
780 2491 807 2524 ι

609 2563 814 2616 Laur-ii.
839 2559 989 2614 Dixit
1009 2558 1235 2629 quidam
1257 2558 1470 2628 Spiritu
1491 2557 1590 2611 Dei
1625 2558 1824 2627 plenus
1849 2576 1858 2611 :
1889 2559 1955 2613 03
1985 2562 2130 2626 quod

545 2653 820 2704 ment-itur
839 2650 1032 2702 occidit
1063 2651 1316 2701 anz’mam
1347 2647 1490 2713 {Sag}.
1516 2661 1554 2710 ι,
1583 2646 1661 2713 ‘2).-
1693 2648 1850 2700 Hanc
1875 2647 2128 2700 timidam

545 2738 881 2794 sententiam
907 2737 952 2790 si
979 2736 1228 2800 timeres,
1253 2735 1449 2788 falsam
1477 2752 1633 2788 servo
1661 2735 1761 2789 Dei
1791 2736 2131 2790 calumniam

540 2844 655 2887 non
679 2827 1014 2896 impone-res.
1067 2827 1282 2879 Cat-tera
1332 2837 1575 2894 namque
1615 2825 1770 2888 dixit,
1812 2825 2136 2879 adverbium

537 2918 878 2972 solummodo
899 2931 1254 2984 nequaquam
1301 2913 1501 2984 posuit.
1538 2914 1822 2984 Quidquid
1866 2914 2039 2984 igitur
2068 2931 2134 2968 ex

541 3004 834 3061 mendacio
852 3010 910 3058 te
965 3003 1309 3058 mendaciter
1341 3008 1627 3057 astruente
1648 3004 1945 3073 colligitur,
1979 3004 2136 3074 quid-

547 3095 682 3166 quid
701 3093 1282 3155 inferturmecessario
1311 3096 1490 3145 totum
1522 3092 2138 3162 dispargitur,inﬁrma—

543 3192 658 3251 tur,
684 3182 1044 3238 cassatur.De
1073 3198 1182 3249 quo
1214 3181 1346 3251 quia
1383 3181 1440 3234 in
1463 3183 1840 3236 anteriori-bus
1869 3183 2005 3236 satis
2024 3182 2132 3252 egi,

547 3274 713 3343 plura
733 3271 825 3324 hic
849 3270 1035 3323 dicere
1054 3270 1395 3324 transiturus
1420 3270 1490 3324 ad
1524 3270 1634 3324 alia
1658 3270 1968 3338 supersedi.

1197 3359 1351 3414 CAP.
1380 3360 1474 3412 IX.

617 3447 860 3503 Bruma.
893 3465 912 3495 α
951 3447 1060 3502 Per
1083 3449 1553 3502 censecrationem
1588 3450 1782 3502 altaris
1813 3450 1957 3502 ﬁunt
1980 3448 2140 3524 panis

559 3542 584 3589 ἃ
620 3541 676 3590 et
704 3536 892 3590 vinum
913 3542 1324 3590 sacramentum
1345 3537 1766 3606 religionis,non
1797 3541 1860 3590 ut
1885 3536 2144 3589 desinant

553 3638 580 3679 α
611 3637 732 3679 esse
752 3627 874 3696 qua
896 3631 1073 3690 erant,
1092 3625 1188 3678 sed
1209 3630 1273 3678 ut
1299 3625 1411 3679 sint
1437 3643 1557 3695 quae
1592 3629 1770 3691 erant,
1801 3633 1857 3678 et
1904 3625 1960 3678 in
1992 3617 2142 3679 aliud

551 3729 576 3767 α
617 3720 1032 3768 commutentur
1063 3715 1209 3784 quod
1241 3714 1377 3766 dicit
1405 3713 1601 3766 beatus
1632 3713 1958 3768 Ambrosius
1997 3715 2052 3767 in
2075 3711 2144 3767 li-

551 3822 576 3854 ‹
610 3802 710 3856 bro
731 3802 809 3856 De
839 3802 1228 3856 sacramentis.
1267 3817 1292 3855 n

619 3891 822 3945 LANFB.
853 3891 898 3944 Ο
916 3895 1161 3943 mentem
1178 3889 1480 3942 amentem!
1497 3905 1528 3942 ο
1545 3887 1826 3942 hominem
1844 3889 1918 3942 im
1928 3890 2143 3960 puden-

546 3979 1009 4033 termentientem
1036 3979 1047 4029 1
1075 3993 1106 4029 ο
1121 3976 1461 4046 puniendam
1481 3977 1854 4031 temeritatem
1877 3981 1886 4031 !
1910 3978 2144 4031 Ambro-

548 4067 692 4120 sium
706 4072 906 4120 testem
931 4065 1112 4118 accire
1128 4064 1595 4134 praesumisquod
1615 4067 1773 4135 panis
1785 4073 1841 4120 et
1858 4067 2044 4121 vinum
2067 4069 2144 4121 al-

555 4156 694 4210 taris
719 4172 820 4225 per
848 4154 1323 4208 consecrationem
1371 4165 1481 4206 non
1522 4155 1786 4209 desinunt
1836 4172 1956 4210 esse
1995 4157 2142 4227 quod

549 4249 730 4310 erant,
764 4244 863 4297 sed
893 4247 1314 4296 commutantur
1344 4243 1398 4296 in
1436 4231 1587 4297 aliud
1637 4246 1784 4314 quod
1815 4261 1928 4299 non
1960 4250 2140 4299 erant.

2211 1936 2402 1989 racu-lo
2429 1937 2497 1988 de
2523 1943 2686 2005 partu
2715 1936 2982 2004 Virginis,
3014 1937 3226 2006 inquit:
3255 1951 3281 1989 α
3308 1937 3376 1990 Et
3391 1937 3496 1990 hoc
3519 1937 3683 2007 quod
3698 1954 3826 1990 con-

2212 2025 2430 2078 ﬁcimus
2460 2040 2660 2094 corpus
2690 2040 2752 2077 ex
2787 2024 3008 2094 Virgine
3030 2031 3132 2078 est.
3167 2045 3193 2077 ι)
3231 2013 3299 2078 Et
3320 2043 3389 2079 ne
3418 2033 3696 2080 naturam
3732 2043 3824 2095 po-

2209 2114 2398 2168 tentiae
2419 2114 2618 2167 divinm
2642 2129 3014 2183 praeponeres,
3052 2115 3213 2183 quasi
3269 2131 3380 2168 non
3431 2115 3632 2184 posuit
3671 2103 3821 2167 Deus

2211 2200 2506 2269 cujuslibet
2525 2201 2606 2252 rei
2626 2208 2844 2254 mutare
2857 2207 3116 2254 naturam
3128 2202 3390 2264 ,occurrit
3407 2203 3630 2256 dicens:
3643 2217 3667 2252 α
3678 2200 3821 2265 Quid

2211 2290 2301 2342 hic
2329 2290 2533 2359 quaeris
2561 2295 2776 2342 naturae
2800 2291 3052 2344 ordinem
3074 2291 3130 2344 in
3164 2292 3369 2344 Christi
3400 2299 3667 2364 corpore,
3694 2307 3818 2344 cum

2211 2384 2416 2448 praeter
2440 2385 2701 2432 naturam
2725 2379 2799 2431 sit
2828 2379 2946 2448 ipse
2979 2380 3249 2433 Dominus
3301 2382 3466 2434 .lesus
3509 2387 3721 2450 partus
3760 2396 3821 2433 ex

2212 2468 2444 2537 Virgine
2467 2469 2490 2519 ?
2511 2489 2538 2518 ιι
2576 2469 2809 2521 Sextum
2827 2484 3049 2538 quoque
3077 2470 3156 2522 De
3187 2470 3562 2523 sacramentis
3583 2469 3814 2532 librum,

2215 2557 2270 2609 in
2288 2573 2396 2626 quo
2419 2573 2586 2626 opere
2606 2558 2898 2627 praefatum
2919 2557 3269 2611 mendacium
3294 2575 3419 2612 eum
3435 2558 3655 2612 dixisse
3672 2573 3821 2610 men-

2216 2647 2428 2698 daciter
2458 2647 2864 2708 afiirmasti,sic
2893 2648 3089 2716 incipit
3117 2666 3127 2699 :
3163 2665 3187 2698 ε(
3219 2647 3372 2700 Sicut
3400 2663 3572 2701 verus
3601 2651 3693 2701 est
3721 2645 3816 2699 Dei

2215 2735 2390 2788 Filius
2417 2736 2693 2791 Dominus
2716 2743 2908 2790 noster
2933 2738 2962 2790 J
2969 2753 3094 2790 esus
3119 2736 3394 2801 Christus,
3428 2743 3544 2790 non
3571 2752 3679 2806 per
3697 2751 3817 2804 gra-

2216 2825 2352 2877 tiam
2385 2826 2860 2895 quemadmodum
2886 2826 3070 2879 caeteri
3092 2826 3364 2891 homines,
3399 2825 3496 2879 sed
3519 2843 3629 2896 per
3649 2830 3813 2878 natu-

2217 2929 2357 2978 ram,
2391 2914 2472 2967 ita
2509 2926 2641 2968 vera
2665 2927 2793 2968 caro
2819 2916 2936 2984 ejus
2966 2920 3069 2979 est,
3093 2931 3261 2984 quam
3292 2914 3620 2984 accipimus,
3657 2919 3716 2966 et
3733 2928 3815 2964 ve-

2217 3017 2313 3055 rus
2334 3004 2456 3072 ejus
2481 3005 2712 3073 sanguis
2743 3009 2829 3057 est
2864 3020 3027 3074 quem
3058 3009 3343 3074 potamus.
3382 3023 3406 3057 ))
3464 3002 3812 3058 Paucissima

2219 3091 2288 3144 de
2317 3093 2512 3146 multis
2546 3108 2633 3146 me
2681 3094 2886 3146 dixisse
2925 3094 3170 3147 sufﬁciat
3214 3099 3278 3147 ut
3313 3094 3552 3147 lectores
3582 3099 3810 3146 tuarum

2220 3186 2389 3250 atque
2431 3195 2686 3234 mearum
2730 3183 3134 3236 sententiarum
3189 3183 3590 3253 perspicaciter
3642 3197 3811 3251 agno-

2220 3275 2379 3322 scant
2408 3283 2520 3339 qua
2555 3270 2750 3324 fraude
2800 3271 2962 3340 ﬁngis
3009 3283 3118 3325 non
3149 3272 3405 3338 inventa;
3463 3288 3577 3342 qua
3608 3268 3814 3324 astutia

2222 3357 2492 3427 depravas
2538 3359 2768 3413 inventa
2803 3377 2914 3430 qua
2961 3361 3265 3431 pervicacia
3317 3362 3376 3414 in
3407 3359 3562 3414 aliud
3630 3361 3814 3413 detor-

2223 3461 2394 3516 quere
2417 3448 2636 3501 conaris
2681 3465 3027 3519 quaecunque
3057 3449 3324 3519 relinquis
3365 3449 3556 3503 illsesa.
3586 3449 3693 3503 Cui
3720 3453 3812 3500 ne—

2224 3536 2413 3605 quitiae
2443 3537 2597 3590 nulla
2627 3537 2743 3590 fere
2773 3539 3159 3591 haereticorum
3200 3539 3444 3609 pravitas
3499 3555 3533 3591 a
3562 3541 3812 3607 tempore

2225 3625 2744 3679 Lucianietlsichii
2801 3627 3000 3680 similis
3030 3627 3259 3691 exstitit,
3303 3644 3539 3698 quorum
3581 3631 3810 3695 uterque

2224 3714 2594 3783 propheticus,
2629 3721 2686 3768 et
2714 3717 3060 3784 evangelicas
3091 3724 3258 3786 atque
3311 3715 3648 3786 apostolicas
3680 3712 3811 3769 Scri-

2225 3807 2421 3871 pturas
2451 3803 2517 3855 ad
2542 3817 2656 3856 suae
2685 3815 2863 3857 causa
2885 3805 3239 3858 commodum
3277 3804 3625 3875 depravavit.
3657 3804 3808 3866 Quae-

2226 3903 2334 3960 que
2361 3892 2588 3944 haeresis
2619 3907 2804 3946 sacras
2835 3894 3059 3963 quidem
3097 3894 3314 3948 litteras
3345 3896 3490 3947 male
3520 3891 3806 3953 intellexit,

2225 3979 2320 4032 sed
2348 3985 2537 4034 tamen
2560 3981 2678 4035 sine
2709 3983 2823 4035 ulla
2842 3982 3126 4036 eversione
3148 3999 3248 4036 suo
3285 4001 3380 4036 eas
3407 3983 3558 4036 statu
3591 3994 3806 4036 manere

2225 4069 2498 4138 permisit.
2528 4071 2592 4123 ln
2645 4077 2845 4140 quarto
2896 4087 3024 4125 vero
3055 4073 3123 4125 de
3161 4072 3529 4126 sacramentis
3559 4082 3807 4125 sermone

2226 4173 2351 4210 cum
2376 4159 2638 4227 prtefat-us
2658 4159 2850 4213 doctor
2879 4167 3160 4230 satageret
3189 4161 3499 4232 approbare
3553 4177 3668 4215 non
3694 4171 3805 4211 esse

2225 4247 2565 4303 mirandum.
2595 4248 2641 4301 si
2672 4264 2738 4301 ea
2769 4260 2891 4318 quae
2919 4249 3053 4303 suut
3081 4250 3267 4303 divina
3297 4250 3548 4320 pot-entia
3585 4250 3646 4304 in
3667 4241 3804 4301 aliud

550 4333 622 4390 Et
651 4333 880 4402 quidem
904 4332 952 4384 si
969 4332 1040 4386 de
1066 4332 1435 4385 sacramentis
1473 4349 1572 4386 seu
1601 4335 1816 4387 caeteris
1843 4335 1911 4388 de
1942 4334 2146 4405 quibus
2175 4401 2182 4409 _
2225 4341 2534 4396 transeant,
2554 4344 2848 4407 prOpterea
2863 4339 3009 4408 quod
3043 4341 3162 4409 ipsa
3184 4356 3404 4409 quoque
3430 4339 3666 4408 jubente
3696 4351 3803 4389 om-

551 4401 884 4473 Ambrosius
921 4419 1145 4488 scripsit
1173 4427 1365 4473 omnes
1395 4421 1646 4475 revolvas
1674 4422 1844 4476 libros
1875 4401 2012 4492 quos
2040 4424 2142 4476 Ec-
2163 4401 2324 4479 Unia
2352 4442 2416 4479 ex
2445 4401 2622 4479 nihilo
2642 4401 2790 4480 facta
2817 4401 3125 4482 subsistant
3153 4401 3449 4498 subju-nxit
3470 4447 3480 4481 :
3507 4445 3533 4480 α
3569 4429 3629 4482 Si
3650 4426 3806 4495 igitur

553 4507 726 4560 clesia
756 4508 817 4560 in
841 4524 947 4560 usu
983 4513 1133 4561 hunc
1167 4507 1351 4571 habet,
1377 4511 1488 4563 tale
1517 4511 1728 4581 aliquid
1751 4512 1820 4565 ab
1851 4511 2146 4566 Ambrosio

551 4595 788 4663 dictum,
824 4596 1124 4666 taliterque
1159 4598 1467 4668 expositum
1484 4616 1760 4670 nusquam
1789 4601 2035 4670 reperire
2058 4617 2146 4655 va-

554 4683 877 4747 lcbit.Qued
893 4685 940 4738 si
960 4685 1208 4748 dixisset,
1225 4689 1661 4757 praeclarissima)
1675 4690 1834 4743 famae
1845 4705 1958 4743 sure
1978 4690 2146 4759 pluri-

552 4783 711 4827 mum
731 4773 1080 4840 detraxisset,
1097 4775 1200 4828 sibi
1228 4776 1335 4846 ipsi
1361 4781 1674 4831 contrarius
1697 4778 2146 4842 exstitisset,rem

550 4862 939 4917 incredibilem
1001 4865 1337 4919 credendam
1393 4883 1515 4920 esse
1561 4867 1962 4920 constituisset.
2011 4868 2150 4930 Quis

552 4952 706 5008 enim
724 4968 952 5022 compos
998 4953 1086 5006 sui
1132 4955 1326 5008 cred-at
1364 4959 1483 5009 rein
1539 4955 1785 5024 aliquam
1817 4957 2062 5008 converti
2089 4956 2148 5009 in

551 5041 741 5105 aliam,
775 5057 877 5095 nec
897 5047 1084 5096 tamen
1137 5044 1195 5097 in
1248 5060 1316 5097 ea
1363 5049 1522 5114 parte
1545 5041 1800 5097 desinere
1838 5059 1958 5097 esse
1999 5045 2147 5114 quod

551 5137 676 5186 erat
692 5131 714 5183 ’ἶ
733 5130 844 5184 Sed
865 5132 1071 5185 veritas
1096 5131 1367 5202 ipsa,quze
1397 5133 1546 5185 Deus
1575 5139 1677 5197 est,
1711 5132 1903 5200 procul
1927 5149 2148 5203 semper

549 5224 768 5274 avertat
815 5224 878 5273 ut
907 5221 1069 5274 testis
1113 5221 1369 5274 veritatis
1430 5226 1625 5272 contra
1665 5221 1954 5274 veritatem
1985 5223 2144 5275 testis

551 5309 992 5379 existat.Accipe
1021 5309 1207 5380 potius
1233 5309 1367 5378 quid
1389 5308 1446 5360 in
1467 5307 1608 5361 libro
1626 5309 1705 5362 De
1727 5311 2008 5380 mysteriis
2030 5312 2142 5365 sive

548 5397 840 5450 initiandis
861 5397 1026 5451 dicat.
1063 5399 1262 5450 Volens
1293 5397 1443 5450 enim
1475 5397 1908 5468 discrepantiam
1951 5406 2140 5454 osten-

549 5485 682 5538 dere
695 5485 843 5540 inter
859 5503 1065 5542 manna
1082 5486 1402 5540 Judzeorum
1422 5491 1479 5540 et
1507 5486 1842 5541 sacriﬁci-um
1869 5489 2140 5544 Christia-

550 5590 774 5639 norum,
796 5592 897 5650 per
908 5576 1014 5634 hoc
1038 5574 1294 5632 videlicet
1319 5575 1456 5646 quia
1479 5575 1622 5632 illud
1637 5575 1841 5632 umbra
1873 5582 1933 5634 et
1957 5580 2141 5650 ﬁgura

2228 4519 2388 4568 tanta
2417 4515 2496 4568 vis
2518 4521 2602 4570 est
2639 4517 2698 4569 in
2725 4517 2985 4570 ’se‘rmone
3015 4517 3240 4570 Domini
3259 4517 3390 4571 Jesu
3413 4519 3477 4570 ut
3508 4516 3805 4587 inciperent

2229 4620 2348 4656 esse
2371 4621 2492 4674 quae
2532 4621 2643 4658 non
2684 4611 2862 4668 erant,
2900 4607 3109 4676 quanto
3139 4607 3318 4675 magis
3354 4607 3702 4676 operatorius
3731 4603 3804 4654 est

2228 4698 2293 4746 ut
2320 4693 2434 4746 sint
2465 4705 2585 4764 quae
2607 4699 2771 4747 erant
2803 4701 2858 4748 et
2887 4694 2943 4748 in
2965 4696 3114 4749 aliud
3144 4696 3606 4749 commutentur?
3636 4704 3658 4744 ιδ
3687 4693 3803 4747 Esse

2230 4783 2455 4852 quidem
2481 4784 2790 4837 secundum
2821 4784 3094 4838 visibilem
3146 4785 3385 4855 Speciem
3417 4789 3660 4839 testatur
3696 4795 3802 4850 qua:

2229 4873 2772 4937 erant,‘commutari
2816 4888 2945 4926 vero
2959 4874 3266 4927 secundum
3280 4873 3601 4928 interiorem
3637 4883 3804 4926 essen-

2228 4960 2366 5014 tiam
2414 4961 2471 5014 in
2525 4968 2788 5015 naturam
2835 4962 3059 5016 illarum
3109 4979 3299 5016 rerum
3339 4977 3461 5033 qua!
3499 4967 3664 5016 antea
3702 4971 3800 5012 non

2229 5054 2410 5104 erant.
2453 5051 2571 5103 Hoc
2596 5051 2762 5104 modo
2790 5056 2920 5106 ante
2951 5055 3006 5105 et
3049 5057 3174 5122 post
3200 5052 3436 5122 ipsemet
3457 5051 3695 5122 exponit,
3725 5045 3799 5100 di-

2228 5137 2404 5191 versis
2434 5139 2661 5208 quidem
2709 5140 2908 5207 verbis,
2963 5141 3059 5194 sed
3089 5158 3201 5195 non
3231 5141 3464 5196 diversis
3496 5137 3795 5194 sententiis.

2229 5228 2412 5295 Atque
2444 5228 2574 5281 hinc
2603 5228 2847 5282 arbitror
2893 5234 2949 5282 te
2990 5231 3358 5301 assumpsisse
3386 5231 3530 5301 quod
3559 5227 3798 5300 snperius

2226 5314 2486 5383 intulisti,
2530 5318 2790 5387 quodque
2849 5319 3216 5373 tolerabiliter
3279 5320 3508 5384 dictum,
3555 5317 3797 5372 intolera-

2222 5403 2409 5457 biliter
2472 5406 2794 5476 exposuisti.
2863 5408 2926 5460 In
3007 5405 3340 5478 quibusdam
3415 5414 3605 5463 tamen
3669 5400 3798 5459 codi-

2221 5492 2378 5546 cibus
2401 5494 2632 5564 praefata
2673 5495 2952 5549 sententia
2989 5495 3168 5550 verbis
3209 5495 3338 5551 aliis
3393 5495 3674 5550 invenitur
3707 5493 3796 5545 hoc

2221 5581 2390 5636 modo
2421 5599 2434 5636 :
2480 5594 2508 5634 ε
2539 5583 2600 5638 Si
2625 5581 2802 5653 igitur
2829 5589 2990 5639 tanta
3032 5584 3114 5639 vis
3168 5587 3258 5640 est
3310 5585 3372 5641 in
3418 5587 3676 5640 sermons
3694 5577 3793 5638 Ησ-
