3878 6350
82 297 170 358 421

911 298 1126 353 LIBER
1161 300 1259 354 BE
1295 296 1632 354 CORPORE
1661 295 1757 350 nr
1795 293 2165 352 SANGUINE
2200 290 2487 352 DOMINI.

3224 299 3330 366 422

82 420 209 480 mini
234 422 370 477 Iesu
398 425 466 477 ut
493 420 801 490 inciperent
825 437 947 474 esse
977 438 1100 491 quae
1123 437 1235 476 non
1259 425 1657 491 erant,quanto
1674 421 1726 479 Δ
1741 417 2382 488 storialiteroxponendo
2399 417 2761 486 Evangelium
2783 418 3006 478 Domini
3027 423 3332 480 secundum

80 511 244 579 magis
289 510 644 579 operaterius
686 515 788 573 est,
823 514 884 563 ut
913 527 1034 578 quae
1063 515 1225 565 erant
1251 511 1308 564 in
1340 510 1492 564 aliud
1504 525 1658 562 com-

80 596 397 652 mutentur?
447 596 584 659 Quae
639 595 960 652 litteratura
1009 597 1318 667 plurimum
1355 597 1659 650 concordat

81 691 255 750 9.9
270 684 330 740 in
361 685 645 740 sententia
681 701 808 738 cum
841 702 909 739 ea
937 702 1061 755 quae
1085 685 1143 739 in
1172 685 1313 740 libro
1345 691 1486 754 (cap.
1521 682 1657 747 9jab

79 774 260 830 eodem
302 774 373 828 de
417 773 701 843 mysteriis
751 774 868 828 sive
908 775 1200 828 initiandis
1230 774 1401 838 edito,
1437 774 1492 826 in
1543 773 1660 826 haec

81 882 102 914 ι
141 861 300 920 verba
344 861 629 932 reperitur
663 880 674 916 :
725 883 748 914 ι
795 864 988 916 Sermo
1021 881 1152 932 ergo
1185 863 1413 927 Christi,
1449 862 1544 932 qui
1567 877 1660 932 po-

83 970 102 1000 u
137 952 240 1006 tuit
271 967 337 1005 ex
378 951 562 1005 nihilo
605 951 786 1005 facere
815 953 964 1020 quod
996 970 1110 1008 non
1161 959 1285 1007 erat
1331 968 1443 1006 non
1478 955 1662 1021 potest

85 1058 107 1092 (ί
141 1057 204 1094 ea
228 1055 350 1110 quae
379 1047 519 1096 sunt
539 1041 598 1096 in
628 1040 685 1094 id
707 1046 928 1095 mutare
957 1042 1106 1110 quod
1143 1057 1256 1095 non
1283 1045 1464 1095 erant.
1504 1059 1526 1090 ι

708 1130 941 1184 CAPUT
972 1131 1038 1184 Χ.

139 1218 368 1272 BEnnNG.
414 1236 442 1272 α
494 1218 957 1288 Sacriﬁciumque
987 1219 1243 1273 Ecclesiae
1282 1217 1502 1273 duobus
1528 1232 1659 1271 con-

81 1325 103 1358 c
130 1312 253 1371 stat,
273 1305 499 1360 duobus
529 1307 838 1373 conﬁcitur,
855 1307 1058 1360 visibili
1090 1314 1148 1361 et
1171 1305 1455 1369 invisibili,
1479 1317 1660 1360 sacra-

85 1417 102 1440 ι
132 1401 312 1448 mento
340 1401 400 1450 et
449 1411 512 1447 re
542 1396 913 1462 sacramenti;
956 1405 1077 1465 qua:
1112 1401 1302 1448 tamen
1336 1411 1444 1459 res,
1479 1394 1532 1447 id
1576 1399 1662 1446 est

87 1504 104 1532 ι
133 1482 333 1538 Christi
353 1497 584 1553 corpus,
609 1483 658 1538 si
688 1490 835 1538 esset
866 1501 978 1554 prae
1008 1484 1204 1548 oculis,
1225 1483 1457 1537 visibilis
1490 1487 1654 1547 esset;

83 1591 104 1618 ι
129 1571 240 1635 sed,
263 1572 488 1625 elevata
515 1572 571 1624 in
611 1573 810 1627 omium
836 1573 1150 1642 sedensque
1174 1573 1242 1626 ad
1257 1573 1543 1626 dexteram
1563 1573 1663 1625 Pa-

83 1679 101 1708 σ
127 1659 221 1712 tris
250 1676 433 1730 usque
465 1660 525 1713 in
547 1666 804 1732 tempora
833 1661 1208 1716 restitutionis
1229 1660 1661 1729 omnium,quod

1741 507 2032 560 Joannem.
2059 507 2123 560 In
2157 522 2268 575 quo
2290 521 2458 575 Opere
2477 505 2706 575 prmfata
2725 507 3006 560 sententia
3032 511 3330 579 reperitur,

1743 611 1909 664 quam
1935 609 2035 647 nos
2066 595 2264 669 devote
2292 594 2644 664 suscipimus.
2689 600 2746 648 et
2783 595 2976 650 debita
3021 601 3334 656 reverentia

1741 683 2102 746 honoramus,
2138 682 2268 751 quia
2296 698 2396 751 pro
2428 681 2588 734 nobis
2615 682 2766 749 facit,
2802 689 2858 738 et
2886 685 3110 740 veritati
3138 703 3337 742 conso-

1741 778 1857 836 nat,
1890 771 1985 824 ubi
2018 770 2100 823 ait
2129 789 2140 822 :
2180 772 2285 835 Qui
2314 773 2613 823 manducet
2646 789 2817 824 meum
2843 789 3086 836 carnem,
3123 781 3170 829 et
3203 779 3335 832 bibit

1742 877 1926 914 meum
1954 862 2304 925 sanguinem,
2344 862 2402 911 in
2425 877 2507 910 me
2537 865 2740 921 manet,
2777 867 2824 914 ct
2854 878 2952 931 ego
2981 867 3044 916 in
3073 881 3130 918 eo
3153 868 3335 934 (Joan.

1741 964 1816 1012 Vi,
1843 948 1952 1016 55).
1992 968 2013 1000 ι
2055 949 2168 1006 Nec
2197 949 2421 1017 quando
2459 949 2886 1014 manducamus,
2920 959 3109 1021 partes
3148 954 3218 1007 de
3244 955 3341 1008 illo

1743 1037 1995 1092 facimus.
2017 1035 2210 1090 )Absit
2233 1037 2383 1090 enim
2408 1044 2473 1090 ut
2501 1037 2580 1091 sic
2609 1039 2990 1109 intelligamus
3009 1044 3337 1100 manducari

1744 1126 2033 1181 Christum
2055 1125 2530 1193 quemadmodum
2553 1127 2954 1182 intellexerunt
2982 1131 3195 1200 illiqui,
3211 1149 3338 1188 cum

1743 1215 2006 1270 audirent
2033 1214 2311 1270 dicentem
2349 1215 2648 1272 Dominum
2679 1230 2690 1263 ε
2721 1220 2848 1272 Nisi
2864 1221 3338 1284 gnanducavcr-itz’s

1741 1319 1966 1357 carnem
1995 1306 2106 1369 ﬁlii
2124 1304 2366 1356 hominis
2386 1309 2433 1356 et
2457 1306 2703 1359 bibet-itis
2733 1310 2848 1373 ejus
2862 1312 3338 1372 sanguinemmon

1741 1393 2003 1446 habebitis
2031 1395 2204 1446 vitam
2226 1396 2289 1446 in
2307 1394 2452 1446 vobis
2478 1395 2645 1464 (Ibid.
2671 1395 2784 1462 54),
2816 1396 3080 1451 continuo
3103 1414 3334 1468 respon-

1742 1480 1949 1536 derunt
1985 1498 1996 1532 :
2026 1481 2215 1534 Dur-us
2250 1485 2324 1532 est
2347 1481 2436 1534 hic
2455 1497 2648 1541 sermo,
2674 1488 2726 1534 et
2745 1487 2868 1550 quis
2891 1489 3060 1551 potest
3089 1503 3216 1539 eum
3233 1502 3338 1540 au-

1744 1571 1864 1622 dire
1885 1575 1908 1620 ?
1941 1567 2239 1633 (ibid.,61.)
2260 1568 2610 1622 Putaverunt
2631 1586 2896 1640 namque,
2915 1572 3060 1626 sicut
3079 1578 3341 1642 praefatus

1744 1655 2149 1710 auctor-multis
2183 1655 2240 1710 in
2264 1656 2400 1710 locis
2425 1657 2738 1727 dicit,quod
2769 1659 2827 1712 in
2856 1661 3024 1714 terris
3041 1662 3339 1730 degentem

36 1745 38 1752 ’
82 1765 102 1795 εί
129 1747 314 1801 scribit
333 1750 628 1819 apostolus
651 1749 872 1813 Petrus,
893 1751 1034 1804 coelo
1061 1751 1317 1803 devocari
1353 1766 1465 1802 non
1500 1756 1661 1818 pote-
1679 1733 1726 1794 Β
1746 1748 2048 1802 Dominum
2080 1749 2137 1801 in
2159 1748 2341 1803 frusta
2365 1757 2554 1804 essent
2579 1751 3012 1815 conscissuri,et
3039 1754 3118 1807 sic
3144 1770 3340 1808 carnes

83 1854 104 1884 ε
132 1836 216 1899 rit,
243 1837 389 1891 sicut
420 1838 632 1892 Christi
649 1854 888 1908 persona
909 1839 1022 1892 Deo
1037 1844 1257 1892 constat
1285 1844 1342 1890 et
1360 1838 1608 1890 homine.
1631 1856 1656 1888 ι)

142 1925 338 1980 Lassa.
392 1925 658 1996 Caiphae,
685 1944 812 1981 cum
841 1933 988 1981 esset
1036 1927 1283 1997 pontifex
1321 1927 1454 1979 anni
1484 1925 1653 1991 illius,

83 2029 252 2068 verum
273 2015 343 2069 de
359 2016 654 2070 Salvatore
675 2017 928 2070 nesciens
957 2016 1329 2088 prophetavit,
1354 2015 1543 2068 dicens
1563 2032 1659 2068 ex—

85 2102 255 2170 pedire
274 2104 461 2174 magis
480 2121 582 2172 pro
597 2105 806 2158 mundo
824 2105 964 2160 mori
983 2121 1158 2158 unum
1181 2104 1467 2157 hominem
1491 2119 1659 2172 quam

83 2191 236 2246 totius
287 2192 492 2248 mundi
529 2194 713 2264 perire
762 2205 987 2248 omnem
1035 2193 1318 2247 hominem
1365 2195 1540 2248 (Joan.
1579 2205 1656 2254 x1,

83 2276 272 2348 49-51).
297 2281 517 2336 Verum
547 2281 772 2351 quidem
803 2282 958 2342 dixit,
981 2286 1364 2335 verumtamen
1397 2297 1506 2350 quo
1539 2281 1660 2348 ejus

85 2367 289 2424 verbum
322 2377 585 2440 vergeret
613 2370 910 2441 ignoravit.
963 2371 1057 2424 Sic
1094 2377 1150 2424 et
1175 2375 1258 2434 tu,
1292 2370 1481 2423 volens
1507 2369 1658 2438 loqui

95 2465 268 2514 contra
292 2473 527 2514 causam
557 2465 827 2526 nostram,
843 2458 1137 2512 manifeste
1158 2474 1325 2528 quam
1351 2457 1657 2512 defenden-

84 2543 194 2598 dam
211 2547 567 2616 suscepimus
605 2547 809 2601 asserit
853 2554 1070 2617 partem
1113 2555 1384 2602 nostram.
1420 2547 1537 2600 Hoc
1575 2553 1660 2600 est

84 2648 299 2704 namque
319 2637 472 2706 quod
496 2637 754 2699 dicimus,
773 2638 876 2690 hoc
893 2638 1072 2690 modis
1096 2637 1355 2691 omnibus
1373 2643 1569 2690 contra
1595 2642 1651 2690 te

85 2735 136 2774 ac
151 2739 410 2792 sequaces
424 2731 557 2780 tuos
572 2725 883 2796 approbare
902 2725 1656 2790 contendimus,sacriﬁcium

88 2811 275 2866 scilicet
302 2814 565 2868 Ecclesiae
594 2814 812 2868 duobus
842 2815 1056 2875 conﬁci,
1108 2814 1326 2869 duobus
1377 2821 1654 2879 constare,

87 2897 259 2953 visibili
298 2903 712 2957 elementorum
764 2904 966 2973 specie,
1022 2910 1081 2957 et
1125 2903 1390 2958 invisibili
1438 2902 1660 2956 Domini

1744 1836 1883 1904 ejus,
1917 1843 2018 1890 aut
2037 1836 2209 1889 elixas
2241 1837 2296 1889 in
2325 1836 2621 1902 lehetibus,
2668 1845 2767 1894 aut
2795 1857 2951 1894 assas
2988 1842 3046 1896 in
3077 1843 3338 1910 verubus,

1743 1932 1931 1980 essent
1978 1924 2276 1989 comesuri,
2334 1930 2458 1988 aut,
2489 1926 2536 1980 si
2570 1928 2674 1980 hoc
2716 1929 2954 1996 nollent,
2976 1947 3087 1984 non
3109 1938 3339 2002 possent

1742 2030 1864 2068 esse
1895 2015 2014 2082 ejus
2036 2013 2626 2091 discipuli.Propterea
2653 2017 2947 2085 elegerunt
2974 2018 3127 2076 abire
3146 2029 3202 2074 et
3215 2022 3336 2090 jam

1741 2102 1979 2172 amplius
2009 2119 2136 2156 cum
2169 2119 2234 2155 eo
2276 2118 2386 2156 non
2434 2103 2531 2156 ire.
2576 2105 2778 2159 Procul
2825 2113 3040 2165 avertat
3087 2110 3235 2163 Deus
3264 2109 3334 2163 ab

1743 2189 1987 2244 Ecclesia
2008 2205 2111 2244 sua
2139 2189 2306 2242 talem
2339 2191 2676 2246 sententiam
2702 2193 2711 2244 !
2737 2193 2828 2248 Sic
2855 2211 3057 2266 nempe
3078 2197 3137 2250 in
3165 2197 3332 2254 terris

1742 2278 2095 2332 immolatum
2115 2277 2393 2334 Christum
2411 2280 2814 2338 manducamus
2837 2288 2896 2336 et
2920 2283 3256 2349 bibimus,ut
3275 2286 3334 2346 in

1742 2367 2058 2422 caelestibus
2088 2367 2158 2420 ad
2187 2368 2474 2422 dexteram
2512 2370 2696 2424 Patris
2723 2371 2943 2442 integer
2968 2391 3191 2445 semper
3218 2376 3336 2430 exi-

1741 2461 1855 2510 stat
1881 2463 1939 2510 et
1960 2456 2132 2510 vivus.

2339 2547 2572 2602 CAPUT
2601 2549 2723 2602 XII.

1813 2633 2067 2689 BEllENG.
2107 2653 2130 2685 α
2169 2634 2330 2690 Unde
2358 2635 2554 2692 beatus
2599 2637 2968 2705 Augustinus,
3003 2639 3059 2692 in
3086 2641 3228 2696 libro
3255 2643 3336 2698 De

1747 2742 1768 2778 ς
1812 2723 2035 2776 civitate
2054 2723 2152 2778 Dei
2185 2741 2230 2778 ει
2260 2726 2683 2780 Sacramentum
2705 2735 2792 2782 est
2809 2745 3032 2784 sacrum
3050 2732 3292 2802 signum.
3308 2753 3330 2783 ι

1747 2830 1768 2862 ε
1815 2811 2052 2880 Signum
2083 2813 2277 2866 deﬁnit
2309 2814 2366 2866 in
2394 2814 2538 2869 libro
2566 2816 2645 2868 De
2675 2803 2933 2871 doctrina
2961 2820 3284 2876 Christiana
3317 2837 3330 2874 :

1746 2918 1772 2950 tl
1816 2899 2048 2969 Signum
2076 2907 2164 2956 est
2187 2908 2507 2972 res,praeter
2526 2903 2765 2972 speciem
2789 2922 2956 2976 quam
2978 2907 3185 2978 ingerit
3214 2923 3338 2963 sen-

87 2987 196 3042 Jesu
223 2991 429 3045 Christi
473 3009 643 3046 carne
688 2998 745 3046 et
768 2993 1065 3062 sanguine,
1101 2998 1452 3046 sacramento
1506 2997 1561 3046 et
1599 3008 1714 3064 re"
1746 3005 1772 3040 α
1816 2987 1991 3051 sibus,
2006 2989 2158 3042 aliud
2190 2989 2401 3059 aliquid
2423 3007 2488 3044 ex
2525 3008 2583 3044 se
2605 2992 2814 3046 faciens
2842 2994 2903 3052 in
2929 2996 3329 3064 cogitationem

89 3080 396 3134 sacramenti
421 3100 434 3148 ί
489 3097 615 3150 quae
647 3098 735 3134 res
761 3089 845 3147 (ut
875 3081 1054 3135 verbis
1093 3083 1208 3136 tuis
1241 3084 1393 3150 utar)
1417 3086 1504 3135 est
1532 3096 1655 3134 cor-
1675 3049 1715 3108 θ
1742 3094 1769 3130 α
1810 3076 2016 3130 venire.
2045 3097 2069 3130 »

90 3180 176 3233 pus
211 3168 435 3230 Christi,
471 3169 620 3224 sicut
662 3171 869 3224 Christi
919 3187 1176 3240 persona,
1204 3176 1259 3223 te
1290 3186 1511 3240 quoque
1555 3186 1656 3223 au-

87 3261 233 3320 ctore,
250 3267 473 3314 constat
495 3265 552 3314 et
566 3260 859 3314 conﬁcitur
882 3261 998 3314 Deo
1026 3267 1082 3314 et
1104 3260 1352 3325 homine,
1388 3277 1516 3314 cum
1537 3260 1657 3329 ipse

89 3344 315 3401 Christus
341 3349 418 3403 sit
447 3365 616 3404 verus
657 3350 827 3414 Deus,
863 3355 920 3402 et
952 3366 1113 3402 verus
1153 3350 1340 3416 homo,
1379 3350 1513 3420 quia
1545 3365 1659 3402 om-

92 3432 164 3484 nis
199 3451 282 3490 res
309 3437 542 3492 illarum
571 3453 761 3492 rerum
793 3445 1053 3492 naturam
1094 3445 1151 3492 et
1177 3439 1473 3493 veritatem
1502 3439 1560 3492 in
1599 3455 1659 3491 se

93 3523 313 3581 continet
340 3544 406 3580 ex
438 3526 644 3596 quibus
669 3527 963 3580 conﬁcitur
1016 3527 1324 3582 Conﬁcitur
1351 3534 1560 3591 autem,
1603 3533 1660 3580 te

95 3611 418 3681 etiamteste,
452 3615 790 3670 sacriﬁcium
821 3616 1078 3672 Ecclesia
1110 3623 1461 3670 sacramento
1502 3623 1558 3669 et
1599 3633 1660 3669 re

97 3705 425 3770 sacramenti,
456 3705 518 3757 id
548 3713 635 3757 est
673 3721 905 3774 corpore
935 3705 1160 3758 Christi.
1210 3706 1307 3758 Est
1350 3706 1523 3774 igitur
1570 3722 1661 3759 sa-

97 3798 417 3847 cramentum
448 3801 510 3848 et
545 3810 634 3846 res
665 3793 1021 3856 sacramenti,
1040 3794 1096 3846 id
1127 3801 1230 3859 est,
1269 3811 1473 3864 corpus
1497 3793 1659 3847 Chri-

99 3876 175 3929 sti.
204 3880 452 3936 Christus
483 3888 675 3936 tamen
710 3898 999 3949 [resurgens
1034 3899 1097 3935 ex
1125 3886 1360 3936 mortuis
1387 3887 1515 3949 jam
1547 3898 1661 3936 non

99 3970 345 4032 moritur;
383 3987 530 4025 mars
562 3973 653 4024 illi
679 3974 833 4023 ultra.
864 3987 976 4024 non
993 3973 1654 4041 dominabitur(Rom.v1,

98 4051 156 4120 9).
197 4057 316 4124 Sed,
361 4060 510 4114 sicut
533 4059 669 4114 dicit
692 4060 946 4114 And-reas
977 4062 1426 4130 apostolus,cum
1458 4061 1658 4116 verein

99 4145 239 4199 terris
265 4163 456 4204 carnes
487 4149 608 4218 ejus
633 4149 748 4203 sint
775 4156 1035 4204 comestae
1061 4156 1117 4204 et
1132 4167 1259 4204 vere
1285 4150 1514 4220 sanguis
1538 4152 1660 4219 ejus

102 4229 162 4284 sit
180 4231 390 4300 bibitus,
416 4239 540 4311 ipse
570 4245 760 4292 tamen
784 4255 960 4308 usque
985 4240 1044 4294 in
1070 4245 1328 4310 tempora
1359 4240 1664 4295 restitutio-

1811 3166 2018 3220 Lsxra.
2052 3167 2120 3221 Et
2144 3183 2245 3220 nos
2265 3173 2699 3236 sacramentum,
2729 3169 2798 3226 de
2820 3187 2930 3240 quo
2968 3172 3206 3242 agimus,
3243 3191 3337 3228 sa-

1741 3271 1903 3310 crum
1935 3272 2056 3309 esse
2087 3257 2312 3325 signum
2355 3258 2655 3322 credimus,
2686 3267 2742 3316 et
2765 3261 3109 3318 credendum
3139 3263 3339 3318 suade-

1743 3361 1886 3398 mus.
1925 3346 2046 3407 Quo
2075 3345 2256 3415 signo,
2295 3353 2500 3417 praeter
2532 3348 2776 3417 speciem
2807 3367 2934 3419 quae
2963 3367 3024 3406 se
3051 3352 3226 3408 oculis
3254 3352 3338 3407 in-

1741 3434 2021 3489 tuentium
2049 3433 2275 3504 ingerit,
2299 3436 2462 3506 longe
2497 3437 2649 3490 aliud
2679 3439 2951 3509 valdeque
2970 3441 3253 3496 diversum
3282 3442 3338 3496 in

1741 3523 2139 3592 cogitationem
2168 3524 2470 3580 salubriter
2510 3525 2948 3596 intelligentiam
2979 3529 3148 3584 venit.
3191 3531 3338 3594 Quid

1743 3619 1934 3666 autem
1961 3612 2102 3665 illud
2124 3612 2321 3667 sit'seu
2353 3614 2538 3684 potius
2566 3629 2690 3685 quae
2718 3616 2817 3670 illa
2848 3618 2962 3671 sint
2981 3618 3225 3673 breviter
3240 3636 3335 3674 su-

1744 3701 1932 3771 perius
1951 3703 2402 3764 ceminemoravi,
2427 3704 2595 3758 latius
2618 3706 2782 3774 paulo
2799 3712 2926 3775 post
2941 3707 3335 3776 explicaturus.

1745 3791 2145 3844 Verumtamen
2158 3791 2355 3847 beatus
2384 3794 2734 3861 Augustinus
2761 3795 2817 3847 in
2841 3794 2980 3849 libro
3005 3796 3085 3850 De
3113 3795 3718 3872 civitate/W'“

1742 3880 1844 3933 Dei
1876 3879 1988 3946 (lib.
2022 3896 2078 3946 χ,
2111 3897 2156 3934 c.
2186 3878 2236 3946 5,
2270 3889 2404 3936 tom.
2438 3882 2502 3946 ν)
2532 3897 2645 3936 non
2679 3882 2761 3936 ita
2788 3882 3042 3952 abrupte,
3077 3890 3142 3938 ut
3170 3891 3236 3940 tu
3253 3879 3338 3942 εἰὶ-

1744 3969 1843 4033 cis,
1901 3977 2318 4024 sacramentum
2356 3987 2576 4024 sacrum
2629 3985 2751 4025 esse
2810 3972 3334 4041 signumdeﬁnivit.

1742 4057 1894 4112 Nihil
1924 4073 2053 4111 vero
2085 4059 2225 4112 eoin
2252 4059 2370 4113 loco
2396 4061 2466 4113 de
2484 4074 2713 4130 corpore
2743 4066 2800 4114 et
2819 4062 3092 4131 sanguine
3109 4063 3334 4118 Domini

1741 4145 2096 4216 loquebatur,
2119 4147 2217 4201 sed
2243 4153 2490 4202 tractans
2517 4149 2586 4204 de
2615 4149 2726 4203 ritu
2747 4150 3111 4210 Judaicorum
3138 4157 3330 4217 Q40

1743 4235 2164 4299 sacriﬁciorum,
2197 4237 2365 4305 quod,
2395 4253 2495 4306 per
2521 4237 2794 4294 sacriﬁcia
2824 4256 2945 4308 quae
2983 4239 3326 4307 viderentur,

105 4320 177 4374 nis
199 4326 439 4381 omnium
470 4327 531 4382 in
552 4327 868 4382 ccelestibus
895 4329 962 4381 ad
986 4328 1272 4382 dexteram
1308 4328 1491 4384 Patris
1517 4328 1661 4382 inte-
1693 4389 1698 4394 _
1743 4335 1832 4380 res
1857 4323 2179 4388 invisibiles,
2216 4341 2317 4393 per
2345 4342 2483 4394 quas
2512 4327 2772 4381 humanm
2800 4328 3055 4383 societati
3101 4329 3174 4383 ad
3215 4329 3340 4386 dili-

105 4423 186 4475 ger
230 4423 543 4482 perseverat
571 4424 628 4470 et,
664 4417 836 4470 vivus.
871 4417 929 4470 Si
958 4418 1160 4487 quaeris
1200 4419 1429 4472 modum
1469 4435 1578 4488 quo
1610 4418 1664 4470 id
1681 4389 1993 4482 Dgendum
2029 4413 2211 4466 Deum
2237 4414 2666 4484 proximumque
2693 4417 3024 4483 consulitur,
3055 4418 3335 4488 signiﬁca-

107 4496 208 4552 ﬁeri
233 4504 417 4571 possit,
450 4505 692 4562 breviter
719 4506 790 4560 ad
816 4522 1060 4575 praesens
1076 4508 1384 4577 respondeo
1411 4525 1422 4560 :
1455 4509 1665 4577 Myste-

109 4583 230 4642 rium
257 4592 380 4648 ﬁdei
406 4595 559 4650 credi
587 4593 888 4650 salubriter
919 4601 1124 4665 potest,
1159 4595 1426 4665 vestigari
1448 4596 1668 4650 utiliter

111 4687 204 4730 non
239 4689 426 4749 potest.

677 4772 916 4829 CAPUT
953 4772 1052 4828 XI.

171 4852 417 4915 Bessum:
452 4861 610 4918 Unde
635 4860 836 4916 beatus
870 4861 1221 4930 Augustinus
1250 4861 1309 4915 in
1338 4861 1657 4932 Evangelia:

115 4957 133 4986 ί
161 4941 371 5004 Quando
401 4950 658 5005 Christus
697 4950 1090 5015 manducatar,
1124 4951 1240 5004 vita
1268 4951 1658 5006 manducatur.

117 5045 134 5074 ι
161 5029 262 5086 Nec
282 5039 496 5105 quando
519 5039 1138 5109 manducamus,partes
1159 5039 1227 5093 de
1249 5040 1343 5094 illo
1368 5039 1658 5094 facimus.»

168 5117 349 5177 Laure.
375 5127 579 5182 Beatus
621 5128 970 5198 Augustinus
991 5128 1050 5181 in
1087 5128 1386 5198 Evangelio
1417 5129 1557 5182 nihil
1585 5128 1664 5182 di-

115 5201 200 5273 lit,
224 5211 344 5278 quia
363 5215 573 5286 aliquid
593 5215 650 5270 in
681 5215 975 5286 Evangelio
1005 5215 1210 5270 dixisse
1239 5216 1484 5286 aliquem
1526 5233 1663 5270 nus-

119 5302 257 5355 quam
278 5297 476 5369 legitur
496 5309 698 5373 praeter
717 5303 1037 5367 Dominum,
1063 5310 1118 5356 et
1145 5303 1515 5373 evangelistas
1549 5321 1664 5357 eas-

120 5391 207 5444 que
238 5399 490 5453 personas
520 5408 661 5462 quae,
694 5408 795 5462 pro
831 5392 1101 5462 qualitate
1141 5408 1334 5444 rerum
1376 5398 1434 5446 et
1463 5399 1664 5447 eventu

120 5469 416 5545 temporum,
429 5480 583 5551 loqui
610 5480 670 5536 in
691 5481 988 5552 Evangelia
1018 5497 1052 5534 a
1081 5480 1447 5550 scriptoribus
1487 5483 1667 5536 Evan-

117 5555 228 5621 80111
251 5566 622 5632 perhibentur.
667 5569 902 5643 Scripsit
925 5586 1054 5629 vero
1081 5569 1364 5642 prolixum
1387 5587 1546 5642 opus,
1577 5571 1667 5626 hi-

1747 4508 1960 4565 rentur,
2005 4501 2196 4571 paucis
2243 4501 2611 4572 approbatam
2650 4506 2991 4560 sententiam
3037 4507 3334 4576 conclusit,

1747 4590 1937 4643 dicens
1963 4607 1973 4641 :
2002 4590 2392 4644 «Sacriﬁcium
2413 4607 2544 4661 ergo
2562 4592 2776 4648 visibile
2796 4594 3088 4648 invisibilis
3116 4597 3332 4650 sacriﬁ-

1748 4679 1819 4733 cii
1839 4685 2274 4745 sacramentum,
2302 4679 2360 4734 id
2391 4687 2495 4745 est,
2515 4695 2736 4736 sacrum
2765 4682 2991 4753 signum
3013 4691 3124 4742 est.
3153 4684 3334 4750 nQuid

1747 4785 1876 4822 vero
1903 4767 2137 4832 visibile,
2173 4769 2306 4838 quid
2336 4769 2614 4824 invisibile
2656 4772 2993 4828 sacriﬁcium
3037 4773 3332 4840 vocaverit,

1744 4863 1872 4927 post
1899 4857 2090 4926 aliqua
2125 4857 2212 4910 his
2243 4857 2426 4912 verbis
2456 4860 2696 4930 exponit.
2712 4879 2740 4912 οι
2764 4862 2889 4916 Non
2903 4863 3023 4918 vult
3041 4878 3174 4932 ergo
3191 4863 3339 4918 Deus

1745 4945 2079 5000 sacriﬁcium
2105 4946 2372 5000 trucidati
2413 4949 2648 5017 pecoris,
2691 4951 2790 5004 sed
2840 4951 2960 5006 vult
2996 4951 3334 5006 sacriﬁcium

1745 5034 1972 5090 contriti
1991 5034 2192 5088 cordis.
2217 5054 2242 5085 »
2268 5036 2336 5090 Et
2357 5038 2523 5107 paulo
2547 5045 2676 5108 post
2703 5057 2715 5093 :
2763 5059 2786 5092 ε
2838 5039 3013 5094 Porro
3029 5045 3220 5094 autem
3240 5039 3343 5094 mi-

1745 5121 2050 5176 sericordia
2082 5139 2273 5178 verum
2303 5125 2637 5180 sacriﬁcium
2667 5132 2770 5182 est.
2814 5146 2840 5178 »

2331 5215 2564 5269 CAPUT
2595 5214 2750 5271 XIII.

1816 5301 2071 5354 Benene.
2110 5319 2135 5351 α
2163 5302 2514 5371 Augustinus
2545 5301 2602 5355 in
2631 5301 2866 5371 epistola
2893 5303 2964 5356 ad
2995 5301 3343 5357 Bonifacium

1752 5409 1776 5441 ι
1810 5389 2133 5460 episcopum
2165 5408 2177 5442 :
2212 5407 2240 5442 α
2274 5391 2331 5445 Si
2352 5396 2706 5445 sacramenta
2742 5407 2952 5454 rerum,
2987 5408 3226 5462 quarum
3258 5408 3344 5446 sa-

1754 5498 1781 5532 α
1811 5483 2100 5532 cramenta
2128 5485 2279 5545 sunt,
2313 5479 2743 5533 similitudinem
2761 5496 2875 5534 non
2902 5481 3197 5548 haberent,
3231 5499 3348 5536 om-

1753 5587 1782 5624 ε
1813 5568 1946 5624 nino
1968 5576 2324 5628 sacramenta
2340 5584 2454 5625 non
2472 5573 2714 5624 essenta
2730 5567 2892 5626 Idem
2903 5570 2976 5626 de
2995 5571 3348 5629 catcchizan-
