3878 6354
253 3776 328 3786 *ηπ-

650 3793 754 3856 est,
787 3804 881 3842 eas
907 3803 997 3840 res
1029 3802 1167 3856 quas
1195 3789 1400 3839 natura
1425 3782 1700 3836 formavit.
1732 3783 1887 3836 Inter
1928 3796 2158 3834 sacran-

556 3869 858 3950 (ππ-ιθιό
886 3875 1133 3930 converti
1154 3873 1212 3928 in
1234 3871 1444 3927 Christi
1463 3887 1688 3927 carnem
1717 3887 1782 3924 ac
1797 3869 2153 3940 sanguinem,

559 3957 1005 4054 quaswue
1034 3981 1123 4018 res
1169 3961 1482 4016 benedictio
1507 3959 1868 4026 consecravit,
1902 3957 2156 4030 quamvis

560 4046 761 4122 beatus
783 4046 1151 4130 AuMnus,
1167 4050 1225 4103 in
1241 4066 1307 4104 eo
1321 4049 1606 4113 libro,non
1626 4047 1806 4117 magis
1821 4046 2158 4117 loquebatur

583 298 687 355 4‘23

1567 287 1630 340 Β.
1670 280 2083 340 LANFRANCI
2122 281 2482 339 CANTUAR.
2521 284 2862 340 ARCHIEP.

3732 294 3817 352 424

588 442 612 475 ε
646 421 734 476 dis
749 418 987 475 rudibus
1003 434 1053 469 :«
1079 413 1380 485 Signacula
1399 410 1628 483 quidem
1647 424 1836 464 rerum
1855 407 2168 461 divinarum
2185 408 2239 468 Α
2256 408 2460 464 delicet
2485 411 2690 477 carnis,
2717 415 2775 465 et
2802 411 3032 481 sanguis
3051 417 3463 468 sacramentum
3497 419 3586 470 est
3621 419 3819 488 sangui.

588 529 615 563 α
650 512 784 564 sunt
810 505 1070 569 visibilia,
1109 502 1206 560 sed
1236 519 1324 556 res
1353 500 1656 554 invisibiles
1688 498 1745 551 in
1777 496 1856 550 eis
1887 496 2169 549 honoran-

587 621 611 650 ι
644 603 765 664 tur;
819 611 922 649 nec
963 594 1041 648 sic
1086 591 1344 645 habenda
1395 593 1478 644 est
1525 587 1736 660 species
1782 583 2170 638 benedictione

589 709 612 741 α
643 685 1008 750 sanctiﬁcata,
1039 679 1510 753 quemadmodum
1543 676 1782 730 habetur
1821 674 1880 728 in
1903 689 2007 727 usu
2037 689 2171 743 quo-

581 796 605 828 ε
638 775 790 830 libet.
828 790 856 826 »

650 866 859 919 LANFR.
895 861 1012 915 Hoc
1039 860 1301 930 ignorare
1329 855 1583 928 quisquis
1611 852 1824 923 nequit,
1849 850 2167 922 quicunque

581 955 668 1008 vel
692 957 918 1006 tenuem
950 947 1120 1002 sacris
1141 945 1344 1000 litteris
1376 960 1606 1016 operam
1645 940 1939 1012 impendit.
1975 939 2168 993 Sacra-

580 1046 771 1098 menta
783 1039 931 1094 enim
952 1037 1175 1091 illarum
1197 1051 1383 1090 rerum
1407 1049 1644 1104 quarum
1666 1035 2020 1085 sacramenta
2037 1031 2170 1081 sunt

579 1144 800 1200 semper
818 1125 1242 1182 similitudinem
1275 1127 1500 1193 gerunt,
1532 1121 1675 1175 sicut
1703 1121 1761 1174 in
1791 1119 2166 1178 sacramento,

579 1220 648 1274 de
670 1234 779 1290 quo
802 1218 919 1270 haec
939 1214 1171 1286 quaestio
1191 1211 1650 1275 ventilatur,dum
1671 1204 2164 1278 frangiturhostia,

577 1310 712 1364 dum
741 1305 971 1376 sanguis
997 1304 1067 1357 de
1086 1301 1257 1356 calice
1280 1301 1336 1354 in
1358 1317 1457 1354 ora
1476 1298 1726 1353 ﬁdelium
1749 1292 2161 1364 funditur,quid

576 1397 730 1452 aliud
769 1411 938 1465 quam
982 1389 1260 1446 Dominici
1289 1387 1537 1458 corporis
1568 1387 1624 1440 in
1652 1402 1812 1440 cruce
1855 1381 2166 1437 immolatio

577 1488 813 1557 ejusque
824 1479 1114 1551 sanguinis
1135 1479 1204 1532 de
1231 1478 1406 1532 latere
1428 1475 1621 1530 eﬁ'usio
1636 1474 1964 1544 designatur
1977 1471 2004 1524 ?
2021 1470 2168 1525 Alio-

578 1575 717 1646 quin
745 1573 1158 1627 sacramentum
1205 1583 1317 1621 non
1347 1571 1514 1629 esset,
1541 1564 1588 1618 si
1616 1569 1804 1616 tamen
1834 1559 2168 1615 sacramenti

579 1679 786 1718 nomen
817 1677 881 1714 eo
902 1657 1252 1727 intelligatur
1274 1654 1438 1708 modo
1461 1670 1569 1724 quo
1604 1669 1755 1706 nunc
1777 1649 2164 1719 intelligimus,

2255 498 2360 552 nis.
2391 499 2568 555 Carne
2598 505 2655 554 et
2679 500 2973 570 sanguine,
3005 505 3245 571 utroque
3274 502 3558 568 invisibili,
3586 505 3821 576 intelligi-

2253 587 2368 654 bili,
2401 589 2701 660 spirituali,
2727 590 3074 660 signiﬁcatur
3110 593 3504 663 Redemptoris
3533 610 3730 666 corpus
3756 598 3821 650 vi-

2255 677 2430 742 sibile,
2464 680 2765 750 palpabile,
2799 681 3092 734 manifeste
3130 682 3358 752 plenum
3387 684 3577 753 gratia
3595 685 3819 739 omnium

2251 763 2521 820 virtutum
2557 772 2614 820 et
2641 767 2829 821 divina
2856 769 3430 838 majestate.Quorum
3453 773 3693 826 alterum
3722 775 3822 844 qui-

2252 853 2380 907 dem
2409 855 2544 908 dum
2573 855 2869 926 frangitur,
2900 857 3032 926 etin
3063 858 3254 928 populi
3281 859 3521 914 salutem
3545 861 3820 928 dividitur;

2251 943 2492 996 alterum
2524 961 2654 999 vero
2680 946 2917 999 effusum
2940 945 3010 998 de
3037 945 3210 1000 calice
3238 947 3308 1000 ab
3336 964 3431 1002 ore
3453 949 3702 1004 ﬁdelium
3739 968 3820 1005 su-

2253 1030 2446 1098 mitur,
2479 1048 2631 1086 mors
2661 1033 2780 1102 ejus
2809 1035 2865 1086 in
2889 1050 3072 1096 cruce,
3105 1039 3162 1087 et
3190 1035 3480 1105 sanguinis
3502 1039 3627 1108 ejus
3655 1039 3720 1092 de
3753 1040 3822 1092 la-

2252 1124 2372 1174 tere
2390 1121 2670 1176 emanatio
2697 1123 2990 1192 ﬁguratur.
3010 1123 3326 1195 Utrumque
3338 1124 3818 1198 beatusGregorius

2253 1212 2311 1260 et
2337 1208 2573 1262 solerter
2591 1210 2848 1276 attendit,
2885 1215 2943 1264 et
2969 1211 3258 1266 enucleate
3287 1212 3344 1266 in
3376 1220 3581 1284 quarto
3631 1213 3823 1285 Dialogi

2251 1295 2393 1350 libro
2423 1297 2651 1367 exponit
2675 1297 2865 1352 dicens
2894 1298 3007 1370 (lib.
3030 1315 3102 1368 1v,
3133 1315 3254 1370 cap.
3289 1299 3382 1362 58)
3403 1319 3452 1354 τα
3482 1301 3623 1370 Ejus
3642 1304 3823 1374 quippe

2249 1401 2378 1439 caro
2408 1385 2486 1438 ibi
2523 1386 2789 1451 sumitur,
2826 1387 2947 1456 ejus
2992 1388 3221 1458 sanguis
3250 1405 3364 1443 non
3403 1391 3523 1460 jam
3555 1392 3614 1445 in
3645 1409 3823 1446 manus

2250 1473 2583 1540 inﬁdelium,
2598 1476 2695 1528 sed
2721 1475 2780 1528 in
2800 1492 2900 1529 ora
2920 1476 3167 1530 ﬁdelium
3189 1477 3464 1533 funditur.
3484 1481 3821 1534 Pensandum

2251 1579 2384 1632 ergo
2414 1568 2500 1616 est
2530 1565 2692 1633 quale
2721 1563 2793 1617 sit
2820 1564 2929 1617 hoc
2957 1564 3290 1619 sacriﬁcium
3322 1569 3469 1637 quod
3498 1585 3600 1639 pro
3627 1569 3824 1622 absolu-

2249 1651 2402 1704 tione
2426 1657 2620 1705 nostra
2647 1657 2885 1706 mortem
2917 1651 3194 1722 unigeniti
3226 1655 3351 1709 Filii
3390 1673 3617 1728 semper
3662 1658 3823 1711 imita-

579 1755 637 1804 et
663 1747 904 1817 intelligi
929 1763 962 1800 a
990 1743 1292 1799 lectoribus
1313 1759 1411 1796 seu
1429 1740 1779 1795 auditoribus
1799 1739 2161 1793 aestimamus.
2182 1759 2228 1819 Β
2249 1743 2362 1793 tur.
2390 1759 2450 1791 »ε
2475 1740 2740 1795 Imitatur
2762 1740 2951 1807 »dixit,
2982 1757 3094 1796 non
3117 1746 3546 1816 operatur,quia
3559 1763 3821 1813 resurgens

577 1837 797 1894 Dicitur
815 1851 1060 1906 namque
1087 1837 1502 1887 sacramentum
1541 1829 1710 1884 etiam
1744 1827 2162 1898 jusjurandum,

577 1945 690 1983 non
727 1925 874 1998 quod
899 1925 982 1979 rei
1011 1921 1321 1992 cujuspiam
1353 1919 1779 1974 similitudinem
1811 1917 2032 1981 habeat,
2068 1914 2167 1968 sed

577 2016 710 2087 quia
747 2031 918 2086 supra
948 2030 1039 2066 res
1065 2028 1253 2065 sacras
1283 2009 1520 2079 alicujus
1549 2007 1632 2061 rei
1679 2005 2051 2069 conﬁrmatio,
2084 2004 2167 2057 vel

574 2103 801 2175 negatio
832 2103 950 2156 ﬁat.
975 2101 1135 2156 Unde
1163 2099 1362 2153 beatus
1403 2096 1708 2167 Gregorius
1732 2095 1915 2166 (epist.
1964 2093 2060 2161 23)
2107 2093 2166 2146 in

576 2193 814 2264 epistola
845 2191 918 2244 ad
945 2189 1259 2244 Justinum:
1289 2207 1312 2237 ι
1336 2186 1422 2240 Ad
1450 2185 1620 2246 beati,
1652 2184 1853 2254 inquit,
1879 2183 2048 2243 Petri,
2073 2197 2166 2234 sa-

575 2280 956 2336 cratissimum
985 2294 1187 2348 corpus
1216 2274 1470 2329 districta
1495 2290 1623 2328 eum
1650 2289 1716 2326 ex
1751 2269 2060 2326 abundanti
2091 2269 2166 2322 fe-

575 2371 754 2424 cimus
780 2371 1128 2422 sacramenta
1156 2363 1421 2435 praebere.
1451 2383 1474 2413 ι
1495 2362 1711 2417 Dicitur
1731 2376 1952 2432 quoque
1983 2375 2167 2412 sacra-

575 2462 830 2513 mentum
873 2454 1110 2524 alicujus
1169 2453 1251 2507 rei
1287 2451 1548 2517 sacratio,
1590 2451 1734 2504 sicut
1770 2453 2162 2519 argumentum

575 2545 756 2600 dubia:
780 2542 861 2597 rei
891 2540 1240 2612 approbatio,
1273 2539 1665 2593 fulcimentum
1698 2554 1908 2591 casurae
1937 2536 2019 2590 rei
2048 2553 2169 2590 sus-

575 2632 833 2690 tentatio.
865 2630 1011 2685 lllud
1041 2645 1171 2683 vero
1199 2628 1346 2699 quod
1377 2644 1442 2682 ex
1471 2627 1612 2681 libro
1642 2628 1721 2680 De
1757 2624 2165 2679 'catechizandis

573 2721 809 2778 rudibus
837 2717 1209 2788 assumpsisti,
1253 2733 1508 2771 asserens
1547 2715 1604 2769 in
1646 2714 1815 2769 rebus
1858 2713 2164 2768 visibilibus

571 2829 664 2868 res
691 2809 998 2866 invisibiles
1027 2807 1404 2873 honorandas,
1435 2822 1537 2860 nec
1567 2805 1646 2858 sic
1683 2803 1999 2858 habendam
2035 2819 2162 2873 spe-

570 2903 711 2957 ciem
765 2897 1153 2954 benedictione
1207 2896 1632 2961 sanctiﬁcatam,
1688 2892 2162 2964 quemadmodum

572 3008 684 3046 non
709 2989 1138 3056 sanctiﬁcatam,
1166 2985 1298 3056 quid
1329 2990 1439 3039 tuae
1460 2984 1608 3056 parti
1636 2983 1833 3054 prosit,
1866 2982 2029 3053 plane
2050 2997 2161 3035 non

569 3081 730 3136 video
754 3098 767 3147 ;
805 3079 920 3132 imo
947 3075 1128 3146 magis
1165 3075 1386 3129 videtur
1403 3079 1559 3128 tuam
1583 3089 1911 3144 Oppugnare
1939 3075 2162 3126 senten-

571 3167 951 3232 tiam,nostrae
978 3162 1124 3216 ferre
1154 3161 1488 3219 subsidium.
1511 3161 1626 3214 Nos
1647 3159 1856 3213 etenim
1887 3158 1945 3211 in
1975 3156 2160 3228 specie

569 3256 730 3327 panis
760 3259 817 3308 et
835 3252 970 3322 vini,
992 3267 1160 3322 quam
1186 3250 1458 3316 videmus,
1499 3265 1589 3302 res
1619 3247 1949 3315 invisibiles,
1986 3246 2044 3299 id
2075 3249 2162 3298 est

570 3342 781 3398 Christi
807 3357 1032 3395 carnem
1062 3346 1118 3393 et
1147 3338 1499 3408 sanguinem.
1533 3338 1894 3391 honoramus.
1931 3334 2046 3389 Nec
2088 3333 2160 3386 si-

569 3432 779 3488 militer
800 3430 1098 3502 pendimus
1134 3428 1236 3482 has
1262 3428 1402 3481 duas
1427 3427 1659 3498 species,
1692 3443 1756 3479 ex
1789 3424 1990 3496 quibus
2034 3439 2160 3476 con-

571 3525 824 3575 secratur
868 3517 1220 3572 Dominicum
1269 3533 1491 3586 corpus,
1525 3514 1998 3586 quemadmodum
2029 3518 2160 3566 ante

571 3609 1046 3666 consecrationem
1079 3606 1479 3679 pendebamus,
1532 3622 1657 3659 cum
1706 3604 1948 3658 ﬁdeliter
1989 3602 2159 3655 fatea-

567 3716 717 3767 mur,
755 3703 885 3753 ante
909 3697 1405 3762 consecrationem,
1438 3711 1561 3748 esse
1593 3709 1795 3765 panem
1833 3691 2153 3762 vinumque,

561 4155 633 4209 de
661 4154 768 4205 hoc
789 4131 1141 4202 sacramento
1171 4155 1340 4208 quam
1363 4137 1431 4191 de
1455 4137 1669 4192 caeteris
1698 4154 1820 4207 quae
1840 4135 2154 4190 Christiana

562 4235 966 4296 consuetudine
997 4227 1243 4286 exerceri
1267 4225 1540 4298 jubentur
1569 4230 1626 4280 et
1655 4225 1982 4280 solemniter
2007 4242 2159 4280 exer-

565 4337 784 4390 centur,
831 4323 1118 4376 instruens
1164 4316 1464 4370 diaconum
1519 4315 1820 4385 quemdam
1867 4314 2158 4384 Carthagi-

563 4414 754 4471 nensis
780 4409 1037 4464 Ecclesiae
1064 4405 1307 4476 qualiter
1327 4404 1511 4475 ipsum
1532 4420 1752 4475 quoque
1782 4404 1948 4458 rudes
1972 4403 2042 4457 de
2068 4402 2156 4457 his

565 4509 624 4559 et
649 4502 720 4556 de
747 4497 961 4555 caeteris
987 4499 1274 4566 oporteret
1296 4493 1594 4548 instruere.

1154 4584 1388 4640 CAPUT
1424 4583 1572 4638 XIV.

639 4682 884 4736 Benene.
919 4696 942 4725 ιι
966 4673 1127 4730 Unde
1148 4673 1346 4728 beatus
1374 4671 1722 4743 Augustinus
1749 4671 1808 4726 in
1837 4671 2074 4743 epistola
2085 4671 2157 4725 ad

570 4787 600 4824 α
630 4764 978 4823 Bonifacium

2247 1845 2312 1882 ea:
2350 1832 2605 1890 mortuis,
2653 1834 2779 1897 jam
2809 1846 2921 1884 non
2949 1833 3213 1893 moritur,
3239 1849 3387 1887 mors
3412 1837 3506 1889 illi
3544 1838 3698 1889 ultra
3727 1851 3820 1888 non.

2249 1919 2632 1971 dominabitur
2655 1920 2674 1982 (
2681 1919 2832 1972 Rom.
2859 1933 2929 1985 γι,
2965 1916 3186 1988 9).Caro
3215 1937 3347 1991 ergo
3373 1927 3431 1975 et
3461 1923 3819 1993 sanguis,qui-

2249 2003 2354 2060 bus
2385 2007 2454 2060 ad
2484 2007 2894 2077 impetrandam
2917 2024 3017 2078 pro
3042 2009 3285 2078 peccatis
3305 2011 3516 2065 nostris
3549 2012 3649 2067 Dei
3673 2013 3821 2065 raise-

2248 2095 2546 2148 ricordiam
2577 2095 2824 2166 quotidie
2861 2096 3085 2162 alimur,
3131 2098 3338 2152 Christi
3387 2117 3591 2171 corpus
3619 2118 3681 2155 ac
3707 2117 3819 2154 san-

2245 2184 2372 2254 guis
2392 2190 2682 2250 vocantur,
2732 2200 2844 2238 non
2884 2186 3063 2239 solum
3096 2187 3229 2256 quia
3271 2189 3652 2244 essentialiter
3688 2190 3819 2243 idem

2247 2279 2398 2340 sunt,
2431 2273 2798 2344 qualitatibus
2850 2273 3156 2344 plurimum
3188 2275 3594 2348 discrepantes,
3647 2295 3815 2332 verum

2248 2363 2420 2417 etiam
2441 2379 2506 2417 eo
2542 2363 2839 2417 locutionis
2871 2364 3037 2417 modo
3059 2380 3168 2434 quo
3197 2381 3288 2419 res
3314 2366 3639 2436 signiﬁcans
3669 2367 3818 2437 signi-

2248 2453 2424 2506 ﬁcatae
2453 2452 2534 2506 rei
2559 2451 2704 2506 solet
2724 2451 2989 2506 vocabulo
3011 2455 3343 2525 nuncupari.
3369 2457 3488 2510 Nec
3513 2458 3666 2528 juste
3689 2457 3817 2527 quis-

2248 2557 2414 2612 quam
2449 2540 2783 2606 movebitur,
2815 2545 2990 2606 24]
3034 2542 3081 2595 si
3130 2542 3324 2597 eadem
3377 2561 3532 2616 caro,
3581 2547 3818 2615 idemque

2246 2630 2477 2700 sanguis
2498 2630 2583 2684 sui
2608 2630 2858 2701 ipsorum
2884 2637 3237 2685 sacramenta
3266 2632 3513 2688 existant
3533 2633 3814 2689 secundum

2247 2719 2397 2772 aliud
2427 2725 2596 2789 atque
2625 2719 2778 2773 aliud
2804 2725 3184 2788 accepta,cum
3216 2720 3336 2791 ipse
3360 2723 3635 2777 Dominus
3655 2724 3813 2783 Jesus,

2247 2813 2373 2878 post
2401 2807 2868 2862 resurrectionem
2916 2823 3097 2874 suam,
3130 2809 3218 2862 sui
3247 2809 3424 2880 ipsius
3453 2812 3672 2866 diversa
3697 2816 3817 2864 tem-

2244 2913 2445 2967 porum
2475 2897 2691 2950 ratione
2711 2903 2906 2968 typum
2928 2897 3168 2966 gesserit
3198 2903 3254 2952 et
3278 2901 3813 2970 ﬁguram.Apparens

2207 2986 2397 3054 ,enim
2445 2985 2662 3040 duobus
2699 2984 3007 3056 discipulis,
3049 2986 3379 3058 locutusque
3426 2989 3529 3056 eis,
3563 2992 3810 3060 quantum

2245 3075 2380 3130 satis
2411 3092 2532 3130 esse
2543 3075 2833 3144 judicavit,
2865 3075 2999 3128 dum
3021 3076 3183 3130 ﬁnxit
3218 3094 3275 3131 se
3304 3079 3529 3148 longius
3558 3079 3639 3132 ire
3665 3079 3805 3148 (Luc.

2243 3177 2389 3231 xxiv,
2421 3163 2601 3232 13-28)
2620 3205 2634 3227 ,
2669 3165 2816 3218 sicut
2845 3163 3040 3217 beatus
3063 3165 3412 3236 Augustinus
3437 3168 3594 3230 dicit,
3625 3165 3811 3237 signiﬁ-

2240 3253 2388 3307 cavit
2415 3270 2475 3307 se
2505 3259 2632 3325 post
2646 3270 2852 3325 paucos
2872 3253 3060 3308 diesin
3083 3257 3282 3312 coelum
3306 3273 3666 3312 escensurum
3684 3269 3806 3310 esse.

2242 3343 2401 3408 Quod
2421 3341 2529 3396 iter
2559 3345 2724 3414 longe
2751 3353 3030 3401 remotum
3059 3353 3144 3401 est
3173 3363 3206 3399 a
3225 3347 3512 3400 communi
3539 3344 3807 3400 hominum

2240 3433 2376 3497 vita,
2405 3449 2528 3502 quae
2557 3433 2691 3504 ipsis
2726 3439 2783 3487 et
2808 3434 3025 3490 duobus
3067 3435 3358 3506 discipulis
3404 3433 3801 3490 evidentissime

2242 3521 2500 3591 ﬁgurata.
2554 3521 2809 3576 Christus
2849 3539 2981 3594 ergo
3019 3523 3228 3578 Christi
3277 3529 3360 3578 est
3387 3527 3804 3579 sacramentum.

2241 3609 2484 3680 Longius
2510 3610 2764 3664 videlicet
2806 3611 2887 3664 ire
2928 3629 2988 3666 se
3016 3614 3270 3681 ﬁngens;
3304 3613 3532 3682 longius
3567 3628 3664 3668 suo
3688 3617 3806 3664 tem-

2239 3715 2374 3769 pore
2396 3698 2747 3753 ascendentis
2773 3699 2830 3754 in
2859 3701 3078 3755 cmlum.
3113 3701 3268 3755 Idem
3300 3701 3573 3770 ejusdem,
3616 3716 3710 3754 nec
3735 3703 3805 3750 ta-

2239 3803 2371 3841 men
2392 3804 2795 3858 usquequaque
2815 3789 3065 3858 ejusdem
3081 3833 3093 3846 .
3111 3790 3284 3844 Verus
3313 3806 3562 3861 namque
3581 3791 3736 3853 Deus,
3759 3790 3804 3838 et

2241 3893 2401 3930 verus
2429 3877 2618 3941 homo,
2651 3882 2708 3930 et
2735 3878 2973 3947 ﬁngens,
3006 3885 3062 3932 et
3087 3880 3802 3935 ascendens.Verumtamen

2238 3966 2390 4020 aliud
2420 3971 2506 4020 est
2525 3967 2852 4037 ﬁgmentum
2870 3969 3081 4022 terreni
3107 3968 3344 4036 itineris,
3368 3968 3522 4024 aliud
3544 3971 3600 4023 in
3625 3966 3800 4022 caelum

2230 4054 2445 4108 veritas
2473 4055 2846 4109 ascendentis.
2898 4056 3012 4110 Nec
3040 4057 3245 4128 aliquis
3274 4057 3355 4111 ita
3406 4055 3709 4129 desipuerit
3749 4055 3801 4106 ut

2238 4149 2535 4215 propterea
2563 4143 2841 4214 abnegare
2865 4153 3169 4216 praesumat
3188 4147 3492 4217 ﬁngentem
3515 4164 3575 4201 se
3603 4142 3799 4212 longius

2237 4233 2321 4286 ire
2359 4249 2480 4286 esse
2506 4233 2791 4287 Christum
2823 4250 3037 4298 verum,
3062 4235 3196 4305 quia
3235 4234 3357 4305 ipso
3386 4237 3653 4305 ﬁgmento
3703 4232 3803 4284 lon-

2174 4343 2222 4402 ι)
2239 4321 2411 4393 gioris
2435 4321 2654 4376 itineris
2683 4322 3015 4392 signiﬁcavit
3031 4341 3223 4379 verum
3251 4324 3542 4379 Christum
3573 4335 3805 4378 ascensu-

2239 4432 2366 4470 rum
2389 4413 2449 4468 in
2473 4413 2694 4468 coelum.

2311 4504 2486 4558 Porro
2534 4508 2947 4557 sacramentum
2979 4504 3109 4559 ﬁdei
3137 4504 3197 4559 in
3229 4504 3352 4576 ipsa
3379 4504 3450 4558 ad
3477 4498 3800 4559 Bonifacium

2239 4592 2479 4665 epistola
2505 4591 3065 4663 beatusAugustinus
3094 4593 3433 4665 baptismum
3467 4590 3803 4648 vocat.Verus

2239 4688 2428 4737 autem
2450 4679 2761 4752 baptismus
2786 4686 3008 4736 constat
3040 4700 3152 4737 non
3179 4687 3296 4737 tam
3325 4683 3611 4738 ablutione
3637 4689 3805 4746 corpo-

1027 4777 1038 4811 ³
1077 4783 1099 4814 ί
1134 4763 1306 4829 Sicut:
1338 4762 1541 4833 ὶηίιυὶι,
1573 4766 1988 4816 sacramentum
2033 4776 2152 4814 σοι’·
2232 4773 2310 4832 ris
2341 4787 2511 4843 quam
2538 4770 2646 4824 ﬁde
2667 4771 3349 4843 cordis,quemadmodum
3389 4771 3684 4846 apostolica
3713 4766 3804 4819 d0-

569 4875 596 4911 α
628 4853 781 4927 Poris
805 4852 1012 4907 Chl'iSti
1031 4851 1340 4907 secundum
1355 4850 1656 4921 quemdam
1684 4849 1915 4903 ιηοάοω
1949 4865 2151 4920 corpus
2233 4861 2414 4916 ctrina
2441 4859 2618 4914 tradit
2645 4860 2835 4914 dicens
2865 4879 2877 4914 ε
2915 4883 2936 4910 ι
2970 4863 3103 4917 Fide
3133 4863 3411 4917 mundans
3431 4863 3604 4918 corda
3630 4867 3800 4913 eorum

570 4967 592 4999 ι
629 4942 837 5000 Christi
859 4949 961 5011 est,
979 4945 1393 4996 sacramentum
1421 4938 1712 5009 sanguinis
1740 4937 1948 4993 Christi
1959 4954 2156 4994 secun-

568 5055 596 5090 ι
622 5038 758 5090 dum
806 5032 1105 5104 quemdam
1144 5029 1374 5084 modum
1405 5027 1634 5098 sanguis
1664 5026 1871 5082 Christi
1900 5031 1986 5082 est
2012 5049 2023 5085 :
2074 5026 2153 5082 ita

570 5145 594 5178 ι
627 5127 1040 5180 sacramentum
1067 5118 1216 5185 ﬁdei,
1242 5118 1381 5171 ﬁdes
1410 5122 1514 5170 est.

636 5215 842 5269 LANFR.
877 5212 1303 5266 Sacramentum
1341 5203 1590 5276 corporis
1617 5204 1846 5270 Christi,
1876 5210 2151 5275 quantum

569 5304 636 5359 ad
667 5303 725 5357 id
751 5305 966 5372 spectat
991 5297 1138 5369 quod
1165 5296 1222 5349 in
1243 5311 1406 5349 cruce
1446 5293 1770 5347 immolatus
1799 5296 1885 5345 est
1904 5295 2024 5363 ipse
2049 5295 2155 5348 Do-

2238 4951 2373 5022 (Act.
2405 4965 2492 5016 xv,
2524 4947 2600 5018 9);
2631 4968 2653 5001 ι
2689 4954 2747 5003 et
2773 4949 2944 5003 alibi:
2975 4969 3002 5004 α
3035 4952 3125 5006 Sic
3155 4957 3211 5006 et
3248 4969 3343 5006 vos
3382 4953 3567 5007 salvos
3587 4947 3708 5004 facit
3726 4944 3803 4996 ba-

2237 5037 2463 5108 ptisma,
2495 5053 2609 5091 non
2639 5039 2822 5092 carnis
2836 5039 3111 5110 depositio
3125 5041 3394 5108 sordium,
3415 5041 3514 5095 sed
3543 5034 3799 5095 conscien-

2237 5126 2330 5180 tiae
2357 5126 2515 5181 bonae
2544 5127 2909 5198 interrogatio
2932 5130 2988 5182 in
3012 5130 3190 5184 Deum
3211 5133 3268 5198 (Ῑ
3293 5133 3405 5184 Pet.
3431 5145 3516 5195 IlI,
3544 5129 3686 5195 21).»
3723 5118 3800 5175 ΑΙ·

2236 5220 2424 5282 terum
2479 5221 2669 5270 tamen
2700 5217 3048 5287 signiﬁcatur
3091 5237 3194 5290 per
3243 5220 3507 5274 alterum.
3555 5219 3689 5273 Nam
3718 5222 3801 5280 ρετ

2238 5305 2580 5358 ablutionem
2613 5323 2736 5376 quae
2755 5309 2972 5378 corpori
3002 5309 3346 5364 extrinsecus
3363 5308 3669 5368 adhibetur,
3692 5312 3800 5372 pur-

568 5393 757 5447 minus
786 5389 1065 5453 Christus,
1096 5401 1225 5440 caro
1255 5384 1374 5453 ejus
1403 5387 1504 5449 est,
1557 5397 1725 5453 quam
1777 5381 1957 5435 forma
2000 5383 2162 5453 panis
2243 5394 2397 5465 εει(ίο
2425 5394 2625 5449 anima;
2656 5397 3008 5466 exprimitur,
3044 5415 3213 5470 quam
3246 5399 3383 5453 ﬁdes
3427 5397 3657 5453 interior
3684 5402 3798 5458 ope.

567 5485 840 5554 opertam.
863 5479 923 5534 in
938 5479 1292 5533 sacramento
1315 5471 1640 5544 δοοίρίωυε,
1675 5476 1731 5524 εἴ
1758 5472 1988 5542 δειηειιίε
2015 5473 2158 5542 eius.
2244 5489 2419 5537 ratur.
2456 5484 2812 5556 Vocaturque
2839 5485 3153 5558 baptismus
3184 5489 3340 5555 ﬁdes,
3376 5487 3672 5542 secundum
3695 5489 3796 5531 eam

564 5587 733 5645 quem
757 5567 861 5624 sub
885 5567 998 5622 vini
1028 5564 1212 5638 specie
1231 5581 1297 5618 ac
1322 5577 1522 5636 sapore
1551 5565 1833 5634 potamus.
1885 5558 2052 5630 Caro,
2085 5563 2160 5618 vi-
2244 5571 2540 5628 locutionis
2565 5573 2805 5631 formam
2837 5592 2948 5648 qua
2991 5577 3325 5648 mysterium
3355 5577 3478 5648 ejus
3521 5575 3619 5640 rei,
3662 5565 3800 5634 cujus
