3878 6352
46 349 142 404 425

862 340 1082 398 LIBER
1116 340 1210 396 DE
1248 335 1582 394 CORPORE
1618 334 1707 390 ET
1744 335 2112 392 SANGUINE
2149 337 2440 398 DOMINIJ

3178 343 3286 402 £26

46 470 364 544 mYSterium
399 474 499 536 est,
550 471 764 523 censeri
796 469 1024 524 nomine
1079 467 1386 523 οοῐιειλενίῐ·
1431 467 1614 536 Hujus
1631 468 1684 529 Α
1702 477 2038 533 abstineant.
2071 479 2306 533 Frustra
2331 495 2464 549 ergo
2492 478 2665 532 infers
2685 482 2742 534 et
2767 478 2941 538 dicis:
2965 497 2993 534 ((
3025 481 3085 537 Si
3112 484 3288 538 semel

46 562 120 616 rei
141 577 303 614 causa
330 558 636 612 similitudo
667 563 752 612 est
779 575 947 628 quam
977 559 1037 612 in
1065 561 1436 622 sacramento,
1473 561 1530 609 et
1559 556 1619 608 in
1699 584 1896 638 passus
1939 572 2024 621 est
2054 567 2310 622 Christus
2354 568 2414 624 in
2457 567 2774 638 semetipso,
2808 570 2981 624 semel
3017 571 3187 626 etiam
3226 572 3289 627 in

48 666 101 702 re
128 647 459 702 sacramenti
495 647 727 717 reperiri
755 663 977 718 semper
1005 663 1228 700 necesse
1255 651 1356 712 est,
1390 645 1534 699 sicut
1561 643 1620 697 in

47 737 304 808 baptismo
336 741 396 790 et
414 736 540 789 ﬁde.
569 736 880 806 Utrumque
912 736 1062 790 enim
1087 737 1252 801 lavat,
1278 739 1499 806 purgat,
1523 749 1622 803 pu-

50 827 247 891 riﬁcat;
274 824 418 878 illud
446 841 688 890 carnem,
720 825 825 878 hoc
851 830 1121 878 mentem.

113 914 260 970 Sicut
287 930 422 983 ergo
465 914 704 966 coelestis
731 913 914 984 panis,
944 930 1067 984 quae
1097 929 1227 967 vera
1257 911 1464 966 Christi
1494 926 1622 964 caro

55 1007 142 1066 est,
175 1018 273 1055 suo
296 1001 466 1055 modo
496 1007 724 1055 vocatur
760 1019 961 1073 corpus
991 1001 1218 1064 Christi,
1251 1001 1400 1055 illius
1430 999 1620 1053 videli-

55 1096 129 1143 cet
150 1090 294 1160 quod
319 1089 558 1154 visibile,
596 1090 894 1161 palpabile,
948 1091 1205 1156 mortale,
1243 1091 1303 1144 in
1350 1106 1512 1143 cruce
1542 1092 1628 1142 est

55 1195 406 1250 suspensum;
442 1183 781 1250 vocaturque
817 1180 942 1249 ipsa
986 1180 1170 1233 carnis
1214 1178 1390 1249 ipsius
1431 1177 1628 1230 immo-

56 1267 187 1331 latio,
233 1283 356 1338 quae
397 1267 702 1320 sacerdotis
752 1267 1009 1321 manibus
1062 1269 1126 1320 ﬁt
1171 1267 1380 1321 Christi
1420 1265 1623 1337 passio,

58 1372 208 1421 mors,
239 1356 547 1421 cruciﬁxio,
596 1371 710 1409 non
753 1356 835 1409 rei
865 1355 1118 1421 veritate,
1150 1356 1248 1409 sed
1277 1355 1628 1425 signiﬁcante

58 1445 319 1516 mysterio,
374 1445 460 1498 sic
509 1449 920 1498 sacramentum
964 1445 1115 1511 ﬁdei,
1160 1445 1308 1515 quod
1353 1443 1631 1515 baptisma

60 1534 319 1605 intelligit,
352 1534 498 1588 ﬁdes
522 1538 607 1588 est
619 1577 632 1590 .

641 1621 877 1676 CAPUT
913 1622 1030 1676 XV.

1701 672 1932 726 corpore
1959 672 2078 722 suo,
2115 673 2180 710 eo
2209 656 2358 726 quod
2386 673 2586 727 corpus
2617 673 2783 711 suum
2806 659 2960 712 nullo
2990 660 3158 714 modo
3198 677 3287 716 se-

1703 745 1891 816 parari
1919 749 2104 814 potest
2123 761 2157 798 a
2183 745 2386 815 seipso.
2425 764 2448 796 ι
2469 745 2626 808 Quod
2656 762 2770 800 non
2798 747 3067 816 procedit.
3102 755 3291 815 πίω

1703 834 1881 887 Multa
1911 833 2116 903 quippe
2165 838 2298 886 sunt
2333 833 2393 886 in
2439 833 2626 898 rebus,
2661 850 2782 904 quae
2811 851 3001 889 rerum
3040 837 3296 907 partibus

1703 922 1998 975 convenire
2035 938 2146 975 non
2176 927 2425 992 possunt.
2452 922 2597 975 Nam
2618 939 2745 976 cum
2774 924 2892 994 ipse
2910 925 3183 980 Dominus
3210 927 3299 980 Je-

1705 1026 1799 1063 sus
1824 1026 1989 1063 verus
2021 1011 2170 1063 Deus
2193 1009 2283 1076 sit,
2309 1014 2366 1063 et
2391 1025 2554 1063 verus
2592 1011 2779 1076 homo,
2812 1012 3106 1083 omnisque
3129 1014 3298 1069 homo

1709 1103 1926 1151 constet
1977 1098 2166 1151 anima
2211 1098 2472 1151 rationali
2532 1103 2589 1151 et
2642 1115 2892 1169 corpore,
2953 1117 3067 1154 non
3107 1106 3300 1157 tamen

1707 1186 1897 1239 anima
1924 1186 2065 1255 ipsa,
2095 1191 2194 1240 aut
2210 1185 2396 1256 ipsum
2408 1202 2609 1256 corpus
2628 1191 2778 1241 recte
2799 1187 3087 1243 vocabitur
3104 1190 3296 1259 homo,

1707 1273 1794 1329 vel
1815 1274 1987 1329 Deus.

2297 1363 2530 1418 CAPUT
2557 1364 2706 1419 XVI.

1774 1452 2019 1505 BERENG.
2065 1467 2094 1501 «
2149 1451 2469 1519 Consentio,
2502 1452 2686 1522 inquit
2713 1454 3071 1524 Burgundus,
3099 1461 3305 1511 sanctae

1719 1559 1742 1589 «
1779 1539 2045 1592 Romanae
2083 1539 2359 1593 Ecclesiae.
2405 1540 2619 1594 Revera
2655 1557 2769 1594 non
2814 1548 3065 1596 sanctam
3118 1543 3308 1598 Eccle-

1721 1643 1749 1680 ε
1781 1627 1925 1680 siam
1953 1631 2180 1697 experta
2210 1631 2297 1680 est
2321 1627 2526 1681 veritas
2563 1628 2704 1698 ipsa,
2737 1627 2835 1682 sed
2863 1630 3163 1685 Ecclesiam
3185 1648 3308 1685 ma-

119 1711 356 1766 BERENG;
401 1727 430 1764 α
465 1710 672 1765 Beatus
700 1710 1048 1781 Augustinus
1072 1709 1131 1764 in
1161 1710 1398 1780 epistola
1425 1710 1496 1763 ad
1526 1709 1634 1762 Bo-
1652 1787 1686 1790 _
1722 1734 1744 1763 ι
1777 1715 2136 1785 lignantium,
2161 1715 2457 1770 concilium
2481 1717 2765 1784 vanitatis,
2796 1733 2900 1772 nec
2927 1719 3308 1790 apostolicam,

65 1822 86 1850 ς
112 1800 368 1854 nifacium
392 1818 403 1852 :
438 1814 471 1844 <<
503 1800 686 1854 Semel
708 1799 1034 1853 immolatus
1063 1804 1148 1853 est
1177 1799 1430 1852 Christus
1459 1799 1519 1852 in
1547 1787 1699 1851 se-B
1725 1820 1753 1856 α
1784 1804 1882 1858 sed
1903 1804 2093 1857 sedem
2116 1805 2354 1858 Satanae.
2381 1822 2408 1855 ι
2962 1786 2984 1790 _
3312 1786 3328 1802 ’

67 1907 90 1944 ι
115 1889 361 1960 metipso.
389 1909 414 1940 ι
434 1889 507 1942 Et
523 1894 713 1943 tamen
741 1888 801 1942 in
820 1894 1172 1943 sacramento
1193 1904 1306 1941 non
1337 1888 1519 1941 solum
1539 1902 1639 1957 per

69 1999 88 2029 ‹
117 1995 297 2033 omnes
327 1979 559 2033 Paschae
587 1979 989 2044 solemnitates,
1021 1977 1120 2032 sed
1149 1981 1206 2030 et
1229 1976 1381 2031 omni
1419 1976 1508 2030 die
1538 1993 1639 2045 po-

71 2088 92 2116 ι
115 2068 248 2138 pulis
275 2068 626 2122 immolatur.
663 2086 689 2119 δ)

125 2157 318 2212 LANFR.
365 2157 433 2210 In
485 2155 668 2225 seipso
697 2154 870 2208 semel
897 2153 1219 2207 immolatus
1249 2157 1334 2208 est
1363 2152 1637 2217 Christus,

75 2244 184 2314 quia
207 2245 265 2298 in
291 2243 747 2298 manifestatione
769 2242 856 2296 sui
894 2243 1163 2313 corporis,
1196 2243 1256 2296 in
1285 2241 1641 2296 distinctione

75 2332 427 2400 membrorum
481 2331 735 2386 omnium
783 2346 949 2385 verus
979 2331 1128 2384 Deus
1175 2334 1233 2384 et
1277 2347 1439 2383 verus
1477 2331 1644 2383 homo

76 2420 222 2474 semel
255 2425 478 2474 tantum
510 2420 568 2472 in
610 2435 773 2473 cruce
819 2418 1104 2489 pependit,
1137 2418 1375 2471 offerens
1401 2418 1650 2488 seipsum

79 2509 209 2562 Patri
236 2509 482 2563 hostiam
517 2507 719 2573 vivam,
768 2507 1109 2578 passibilem,
1151 2507 1467 2571 mortalem,
1499 2506 1650 2559 vivo-

79 2612 187 2650 rum
210 2615 269 2651 ac
296 2603 655 2651 mortuorum
688 2596 1088 2666 redemptionis
1117 2596 1420 2661 efﬁcacem,
1456 2609 1652 2650 eorum

1796 1893 2004 1945 LANFR.
2037 1893 2163 1946 Non
2201 1892 2434 1946 deberes
2459 1893 2643 1947 dicere
2676 1912 2689 1945 :
2725 1909 2754 1946 υ
2785 1895 3106 1962 Consentio,
3129 1895 3318 1968 inquit

1727 1998 1753 2031 «
1780 1980 2135 2050 Burgundus,
2167 1999 2194 2032 »
2215 1980 2314 2034 sed
2341 1981 2627 2034 consentio
2660 1998 2762 2051 ego
2783 1983 3185 2054 Berengarius;
3218 1990 3320 2040 tua

1725 2068 1874 2122 enim
1904 2069 2021 2122 haec
2049 2068 2219 2124 verba
2249 2069 2496 2135 fuerunt,
2540 2071 2656 2123 haec
2685 2075 2742 2123 te
2789 2071 3016 2126 credere
3062 2077 3321 2128 sanctum

1723 2156 2021 2210 concilium
2049 2156 2312 2221 fefellisti,
2344 2157 2462 2210 haec
2492 2161 2549 2209 te
2571 2161 2927 2212 servaturum
2949 2160 3320 2230 jurejurando

1723 2245 1978 2298 ﬁrmasti.
2010 2243 2359 2298 Venerabilis
2419 2244 2781 2312 Humbertus,
2836 2263 3003 2316 quem
3049 2250 3209 2319 quasi
3237 2265 3327 2302 ex-

1729 2332 2046 2403 probrando
2076 2332 2443 2402 Burgundum
2471 2333 2752 2397 nominas,
2787 2335 2947 2403 quasi
2988 2351 3101 2389 non
3150 2337 3329 2407 possit

1735 2421 1884 2474 Deus
1913 2419 2119 2473 habere
2152 2419 2211 2472 in
2239 2420 2566 2489 Burgundia
2593 2437 2780 2476 servos
2812 2439 2962 2489 suos,
3003 2423 3144 2478 nihil
3173 2424 3328 2478 aliud

1737 2508 1886 2572 fecit,
1918 2507 2025 2560 nisi
2053 2508 2200 2578 quod
2221 2507 2554 2577 scripturam
2575 2509 2776 2579 ipsam,
2808 2511 3166 2582 praecipiente
3202 2529 3330 2582 syn-

1733 2597 1857 2661 odo,
1889 2612 2061 2650 manu
2098 2595 2158 2649 in
2193 2612 2426 2650 manum
2467 2597 2571 2650 tibi
2616 2598 2879 2667 porrexit.
2913 2600 3144 2666 Oerum,
3187 2617 3220 2654 o
3249 2601 3332 2654 in-

83 2685 307 2740 videlicet
349 2703 498 2756 quos
546 2685 718 2739 divini
758 2684 975 2738 concilii
1024 2683 1262 2738 altitudo
1299 2683 1652 2737 redimendos
1733 2685 1863 2738 felix
1891 2685 2098 2751 anima,
2131 2685 2200 2738 de
2217 2685 2505 2739 haeresiad
2533 2687 2845 2756 periurium
2870 2688 3029 2758 prius
3054 2689 3330 2756 transisti,

83 2773 342 2842 judicavit,
386 2773 687 2845 praescivit,
720 2773 1152 2844 przedestinavit,
1201 2773 1433 2838 vocavit,
1476 2771 1656 2825 modis
1737 2790 1886 2827 nunc
1950 2773 2158 2827 iterum
2208 2773 2277 2826 de
2323 2773 2572 2844 perjurio
2619 2775 2688 2828 ad
2727 2775 2985 2830 haeresim
3022 2778 3336 2842 remeasti;

90 2869 232 2933 atque
257 2862 608 2934 temporibus
639 2862 841 2932 quibus
858 2861 916 2915 id
940 2861 1062 2914 ﬁeri
1087 2860 1447 2930 congruebat.
1479 2861 1544 2913 In
1574 2875 1659 2912 sa—
1740 2866 2036 2932 propterea
2075 2861 2315 2914 traditus
2359 2861 2419 2914 in
2467 2862 2768 2931 reprobum
2818 2881 3042 2919 sensum
3083 2871 3336 2920 sanctam

93 2956 347 3006 cramento
376 2958 576 3005 tamen
606 2950 754 3020 quod
781 2951 843 3003 in
876 2950 1045 3019 hujus
1073 2949 1156 3002 rei
1188 2949 1518 3002 memoriam
1546 2947 1660 3000 fre-
1743 2951 2056 3004 Romanam
2096 2948 2398 3002 Ecclesiam
2450 2965 2611 3002 vocas
2666 2951 2973 3005 Ecclesiam
3019 2953 3336 3023 malignan-

97 3045 301 3108 quentat
328 3039 597 3102 Ecclesia,
630 3055 758 3092 caro
787 3037 1009 3092 Domini
1041 3037 1288 3108 quotidie
1315 3036 1656 3099 immolatur,
1743 3037 1906 3104 tium,
1948 3036 2246 3090 concilium
2280 3036 2560 3102 vanitatis,
2604 3038 2795 3091 sedem
2840 3039 3077 3094 Satanze.
3122 3041 3193 3095 Et
3231 3041 3340 3096 hoc

95 3127 351 3195 dividitur,
380 3127 716 3194 comeditur,
750 3131 807 3180 et
855 3126 1084 3196 sanguis
1114 3126 1237 3194 ejus
1267 3125 1337 3179 de
1376 3125 1544 3178 calice
1592 3125 1659 3177 ﬁ-
1682 3139 1726 3198 ο
1747 3125 1920 3196 impio
1944 3141 2039 3178 ore
2059 3123 2305 3194 garristi,
2339 3125 2487 3194 quod
2505 3126 2750 3194 garrisse
2779 3142 2943 3182 nemo
2971 3128 3198 3198 legitur,
3223 3146 3339 3184 non

99 3215 281 3271 delium
307 3234 402 3271 ore
425 3220 676 3288 potatur.
713 3215 958 3284 Utraque
981 3231 1128 3279 vera,
1174 3219 1413 3284 utraque
1441 3213 1510 3267 de
1537 3213 1666 3266 Vir—
1747 3213 2060 3279 haereticus,
2115 3229 2229 3266 non
2290 3212 2700 3280 schismaticus,
2746 3231 2860 3269 non
2912 3215 3088 3271 falsus
3135 3217 3341 3288 aliquis

101 3303 211 3372 gine
237 3311 475 3376 sumpta.
503 3303 758 3358 Sumitur
784 3303 1012 3374 quidem
1049 3319 1176 3356 caro
1211 3318 1312 3372 per
1335 3318 1414 3367 se,
1447 3306 1506 3354 et
1541 3317 1668 3354 san—
1749 3301 2115 3356 Christianus.
2144 3299 2431 3371 Quotquot
2446 3302 2594 3355 enim
2625 3319 2660 3356 a
2687 3303 2992 3373 primordio
3009 3305 3344 3360 Christianae

104 3392 209 3460 guis
232 3411 330 3464 per
358 3411 418 3448 se
438 3409 558 3448 non
582 3392 703 3446 sine
731 3392 868 3446 certi
896 3390 1150 3462 mysterii
1178 3391 1420 3447 ratione.
1464 3390 1668 3452 Quam-
1750 3389 2005 3444 Ecclesiae
2027 3389 2332 3444 Christiani
2365 3389 2608 3443 nominis
2633 3391 2908 3460 dignitate
2926 3393 3153 3462 gloriati
3187 3399 3342 3463 sunt,

103 3479 171 3532 vis
210 3481 310 3535 alio
339 3481 642 3536 locutionis
678 3480 843 3534 modo
869 3483 1022 3533 totus
1049 3479 1302 3533 Christus
1341 3477 1669 3531 manducari
1752 3477 1856 3533 etsi
1887 3477 2081 3548 aliqui,
2104 3477 2296 3531 relicto
2319 3478 2568 3532 veritatis
2592 3479 2838 3545 tramite,
2872 3497 2974 3551 per
2992 3482 3156 3537 devia
3187 3500 3347 3538 erro—-

107 3565 298 3623 dicatur
321 3573 378 3622 et
416 3568 700 3634 credatur,
737 3567 947 3622 scilicet
976 3584 1104 3621 cum
1141 3566 1253 3620 vita
1282 3572 1510 3632 aeterna,
1544 3581 1666 3636 quae
1748 3567 1828 3620 ris
1862 3566 2120 3620 incedere
2159 3566 2499 3632 maluerunt,
2543 3567 2734 3621 sedem
2772 3573 2964 3624 tamen
2999 3569 3150 3624 beati
3185 3571 3322 3626 Petr

108 3653 207 3723 ipse
232 3663 328 3724 est,
359 3657 645 3729 spirituali
691 3656 968 3710 desiderio
999 3655 1302 3726 appetitur,
1334 3672 1462 3709 cum
1490 3669 1670 3707 recor—
1750 3654 1989 3726 apostoli
2021 3654 2317 3724 magniﬁce
2337 3655 2770 3724 honoraverunt,
2794 3657 3122 3729 nullamque
3146 3659 3346 3715 adver-

1757 3760 1852 3798 sus
1873 3759 1997 3797 eam
2025 3742 2344 3811 hujusmodi
2363 3743 2771 3814 blasphemiam
2793 3746 2880 3798 vel
2899 3746 3082 3801 dicere
3110 3748 3195 3801 vel
3215 3749 3348 3803 scri-

112 3829 157 3883 in
182 3840 353 3889 mente
377 3835 638 3901 habetur,
661 3851 790 3888 cum
817 3834 1064 3888 fraterna
1104 3833 1370 3901 Charitas,
1410 3833 1571 3901 cujus
1595 3830 1672 3884 si-
1753 3831 1885 3886 bere
1913 3837 2410 3902 praesumpserunt.
2443 3832 2603 3894 Quod
2629 3833 3010 3887 indubitatum
3050 3833 3221 3889 habet
3249 3837 3347 3906 qui

112 3933 259 3985 gnum
295 3922 397 3977 hoc
441 3927 860 3977 sacramentum
887 3926 1090 3992 gestat,
1119 3939 1219 3991 pro
1249 3920 1456 3975 Christi
1483 3934 1673 3972 amore
1755 3936 1950 3974 eorum
1990 3919 2200 3988 scripta
2243 3918 2397 3988 legit,
2443 3935 2564 3989 quae
2609 3920 2842 3973 diversis
2883 3921 3248 3992 temporibus,
3281 3940 3347 3978 ac

114 4005 354 4078 diligitur,
382 4028 509 4066 cum
541 4011 776 4064 dulciter
794 4015 962 4081 atque
991 4009 1290 4064 salubriter
1315 4009 1375 4062 in
1403 4007 1674 4061 memoria
1755 4007 1989 4061 diversis
2007 4007 2076 4060 de
2099 4006 2280 4060 causis
2303 4007 2463 4060 sedes
2486 4007 2790 4077 apostolica
2819 4007 2891 4062 ab
2911 4009 2989 4062 eis
3017 4010 3346 4066 transmissa

116 4099 401 4153 reconditur
428 4100 580 4172 quod
627 4116 728 4171 pro
782 4100 964 4153 salute
992 4098 1285 4152 hominum
1323 4095 1674 4150 contumeliis
1751 4097 1838 4150 vel
1873 4099 2131 4166 porrecta
2180 4095 2408 4164 recepit.
2451 4095 2702 4165 Denique
2726 4096 2848 4166 ipse
2875 4097 3147 4154 Dominus
3174 4099 3347 4156 hono-

118 4183 178 4236 sit
210 4188 445 4256 affectus,
490 4205 655 4242 cruce
696 4204 1015 4258 suspensus,
1065 4186 1234 4240 clavis
1283 4185 1501 4252 afﬁxus,
1558 4184 1676 4236 lan-
1754 4185 1909 4237 riﬁce
1958 4183 2263 4254 alloquitur
2290 4199 2414 4236 eam
2450 4183 2509 4237 in
2556 4183 2853 4253 Evangelio
2898 4185 3132 4242 dicens:
3187 4191 3266 4243 Tu
3295 4206 3348 4244 es

120 4286 198 4324 cea
223 4276 555 4332 vulneratus.
583 4278 834 4347 Utraque
853 4277 1120 4330 comestio
1150 4274 1483 4337 necessaria,
1517 4277 1675 4326 utra-
1757 4274 1970 4336 Pet-rus,
2020 4276 2070 4323 et
2106 4286 2269 4338 super
2301 4271 2444 4324 hanc
2484 4276 2708 4339 petram
2747 4275 3018 4340 aediﬁcabo
3046 4276 3345 4331 Ecclesiam

125 4375 212 4428 que
235 4363 528 4421 fructuosa.
559 4367 752 4420 Altera
778 4365 994 4436 indiget
1030 4364 1282 4429 alterius,
1321 4367 1387 4416 ut
1415 4361 1543 4415 boni
1572 4359 1738 4436 ali-ﬁ
1757 4360 2039 4412 meam.Et
2046 4364 2216 4426 porta?
2230 4360 2405 4424 inferi
2424 4375 2535 4412 non
2542 4363 3185 4427 praevalebuntadversus
3205 4381 3346 4420 eam.

127 4419 236 4516 (inid
261 4419 533 4524 operetur.
565 4419 714 4509 Nam
759 4419 932 4525 prio;
955 4453 1003 4507 si
1033 4453 1196 4517 desit,
1239 4419 1515 4522 posterior
1562 4419 1825 4503 nonDEt
1855 4448 1957 4500 tibi
1986 4419 2126 4500 dabo
2169 4419 2340 4500 claves
2384 4419 2842 4514 regni-caelorum.
2893 4451 2961 4504 Et
2991 4454 3351 4523 quodcunque

128 4536 280 4594 solum
320 4549 544 4613 peccata
590 4558 705 4596 non
744 4546 966 4613 purgat,
1020 4540 1119 4594 sed
1165 4539 1336 4593 etiam
1383 4542 1570 4608 auget,
1623 4542 1678 4590 et
1762 4537 2020 4604 ligaveris
2040 4550 2204 4602 super
2233 4539 2460 4601 terram,
2493 4538 2603 4589 erit
2642 4540 2880 4604 ligatum
2917 4543 2966 4591 et
2996 4543 3059 4594 in
3089 4545 3250 4596 castis.
3282 4543 3352 4596 Et

130 4637 520 4701 Pmsmpwres
551 4631 784 4701 judicat.
819 4632 925 4698 Qui
949 4633 1099 4683 enim
1128 4629 1429 4681 manducat
1459 4632 1507 4679 et
1545 4628 1679 4679 bibit
1763 4627 2118 4693 quodcunque
2137 4625 2358 4676 solveris
2376 4639 2540 4692 super
2559 4628 2787 4688 terram,
2809 4627 2916 4680 erit
2939 4628 3182 4684 solutum
3209 4636 3258 4686 et
3287 4634 3354 4686 in

132 4712 342 4783 indigne,
365 4721 648 4786 judicium
671 4721 779 4773 sibi
799 4719 1102 4772 manducat
1131 4721 1180 4769 et
1209 4717 1342 4768 bibit
1366 4717 1419 4782 (Ι
1443 4717 1562 4769 Cor.
1604 4731 1674 4767 x1.
1762 4715 1902 4768 caelis
1926 4712 2135 4782 (Matth.
2179 4725 2287 4777 xvr,
2323 4709 2406 4776 18,
2441 4710 2547 4779 19).
2587 4711 2722 4775 Quae
2755 4714 2981 4768 tametsi
3009 4715 3078 4770 de
3118 4721 3354 4788 pastori-

134 4794 226 4867 29).
270 4805 432 4862 Porro
476 4807 752 4880 posterior
796 4807 920 4861 sine
963 4805 1150 4876 priore
1195 4819 1315 4858 esse
1355 4819 1469 4857 non
1497 4806 1682 4872 potest
1761 4801 1865 4855 bus
1885 4805 2088 4854 sanctae
2107 4799 2361 4854 Ecclesiae
2391 4799 2541 4854 dicta
2569 4816 2689 4854 esse
2711 4801 3030 4871 credantur,
3064 4810 3122 4858 et
3157 4823 3193 4860 a
3226 4808 3354 4877 qui-

135 4893 214 4941 aut
237 4907 339 4948 non
365 4896 546 4951 debet.
579 4896 720 4950 Hinc
758 4911 1005 4965 namque
1050 4891 1210 4964 panis
1251 4891 1609 4963 quotidianus
1646 4907 1680 4944 a
1759 4887 1997 4942 busdam
2031 4887 2316 4941 catholicis
2353 4893 2721 4958 exponantur,
2753 4891 3031 4962 praecipue
3059 4897 3250 4948 tamen
3280 4895 3350 4950 de

139 4971 340 5035 Domino
367 4984 588 5052 dicitur,
621 4985 766 5039 sicut
794 5001 830 5037 a
863 4983 1028 5036 beato
1058 4980 1354 5034 Ambrosio
1385 4978 1675 5045 (Sacram,
1761 4978 2016 5032 Romana
2045 4977 2289 5031 Ecclesia
2312 4976 2676 5047 intelligenda
2699 4994 2820 5032 esse
2848 4981 2994 5034 sacri
3021 4996 3261 5038 canones
3296 4989 3354 5038 et

139 5075 177 5113 ει
199 5062 262 5133 4),
287 5074 338 5122 et
363 5079 550 5128 sancto
571 5073 849 5144 Cypriano
880 5069 1190 5142 exponitur,
1215 5074 1271 5122 et
1297 5068 1356 5121 in
1384 5067 1682 5137 Evangelio
1764 5066 2093 5138 pontiﬁcum
2122 5065 2345 5118 decreta
2370 5069 2668 5118 testantur.

143 5146 334 5219 legitur:
350 5161 469 5216 Nisi
483 5164 954 5216 manducaveritis
969 5175 1193 5213 carnem
1210 5159 1343 5211 Filii
1362 5158 1621 5222 hominis,
1637 5161 1686 5208 et
2341 5153 2574 5207 CAPUT
2603 5154 2775 5208 XVII.

148 5237 353 5300 biberitis
379 5253 490 5318 ejus
509 5253 860 5318 sanguinem,
885 5264 998 5302 non
1019 5248 1292 5302 habebibis
1320 5247 1492 5298 vitam
1514 5247 1577 5298 in
1601 5261 1686 5298 υο-
1839 5243 2080 5298 BERENG.
2121 5263 2143 5291 ει
2178 5241 2315 5306 Quis
2345 5241 2496 5295 enim
2528 5247 2627 5296 aut
2658 5241 2876 5298 ratione
2923 5245 3214 5315 concipiat,
3259 5253 3360 5304 aut

151 5324 214 5377 bis
238 5332 398 5395 (Joan.
422 5351 496 5404 v1,
545 5337 651 5407 54).
683 5338 753 5392 Et
777 5337 921 5392 sacri
951 5350 1190 5390 canones
1209 5332 1412 5403 jubent
1439 5348 1551 5385 non
1583 5332 1686 5385 ha-
1775 5349 1802 5384 «
1833 5348 1934 5402 per
1953 5330 2290 5384 miraculum
2319 5329 2443 5384 ﬁeri
2464 5346 2628 5399 posse
2647 5331 2931 5397 concedat,
2951 5348 3153 5402 panem
3174 5333 3360 5407 frangi

147 5407 322 5474 bendos
367 5423 510 5478 inter
555 5425 857 5480 catholicos
901 5423 997 5495 qui
1043 5425 1392 5478 sacramento
1443 5419 1690 5490 corporis
1777 5440 1800 5468 ιι
1833 5419 1893 5472 in
1915 5418 2123 5472 Christi
2150 5434 2398 5488 corpore,
2431 5418 2576 5487 quod
2598 5422 2726 5487 post
2748 5420 3212 5477 resurrectionem
3239 5428 3362 5480 tota

111 3742 238 3798 datio
262 3747 656 3802 mandatorum
683 3746 802 3814 ejus
830 3761 998 3816 super
1021 3745 1131 3798 mel
1159 3749 1215 3798 et
1243 3745 1431 3797 favum
1459 3742 1672 3796 dulcior

151 5498 322 5562 Christi
354 5527 462 5568 non
487 5514 920 5581 communicant,
967 5512 1078 5567 nisi
1115 5511 1258 5565 forte
1297 5509 1692 5602 poenitentium

150 5601 292 5665 more,
317 5605 370 5655 et
391 5601 683 5675 episcopali
705 5601 938 5675 judicio,
961 5617 1061 5675 pro
1086 5597 1415 5672 capitalibus
1442 5597 1694 5671 peccatis

378 5699 634 5790 PATROL.
663 5701 792 5784 CL)

1778 5527 1801 5558 α
1834 5508 1986 5577 viget
2013 5505 2557 5576 incorruptibilitate,
2591 5509 2648 5558 et
2685 5521 2861 5578 usque
2888 5507 2948 5562 in
2981 5513 3238 5581 tempora
3268 5530 3361 5570 re-

1780 5615 1804 5649 s
1840 5595 2149 5652 stitutionis
2169 5594 2421 5650 omnium
2447 5593 2585 5677 coelo
2604 5600 2796 5652 manet
2816 5595 3252 5658 indevocabile.»

3043 5698 3118 5762 14
