3878 6392
504 314 608 372 431
1485 303 1548 356 B.
1591 299 2005 356 LANFRANCI
2044 300 2399 356 CANTUAR.
2440 300 2778 356 ARCHIEP.
3660 305 3750 363 432

501 435 884 509 corruptione.
913 431 1074 496 Quod
1099 429 1415 500 quicunque
1452 429 1711 499 religiose
1764 431 2090 500 gustaverit,
2111 433 2162 491 A
2180 447 2380 502 corpus
2411 431 2620 488 Christi
2660 435 2790 484 ante
2843 429 3342 499 consecrationem,
3377 434 3475 488 sed
3503 438 3624 504 post
3641 451 3751 490 con-

499 525 918 598 corruptionem
933 520 1142 575 sentire
1170 535 1282 572 non
1302 517 1524 588 poterit.
1546 517 1668 571 Illis
1688 535 1833 589 aqua
1854 519 1923 572 de
1941 524 2098 588 petra
2179 521 2547 575 secrationem
2569 519 2689 573 dico
2711 518 2812 572 tibi
2865 519 2998 588 quia
3032 519 3150 587 jam
3199 526 3284 574 est
3313 538 3512 592 corpus
3542 523 3748 577 Christi.

502 616 684 679 ﬂuxit,
705 612 809 668 tibi
838 609 1068 680 sanguis
1097 625 1128 661 e
1149 607 1388 672 Christo,
1409 605 1534 659 illos
1555 607 1625 659 ad
1648 608 1844 659 horam
1873 607 2096 660 satiavit
2176 612 2296 677 Ipse
2322 612 2485 675 dixit,
2519 614 2575 663 et
2593 608 2802 661 factum
2834 612 2938 671 est,
2963 609 3074 675 ipse
3109 612 3420 676 mandavit,
3445 616 3501 665 et
3518 617 3750 666 creatum

502 722 670 777 aqua,
694 708 751 757 te
779 698 1010 769 sanguis
1034 695 1276 750 diluitin
1305 699 1594 748 aeternum.
1615 695 1840 749 Iudaeus
1861 693 2000 748 bibit
2029 701 2091 749 ut
2173 701 2275 750 est.
2315 716 2336 747 ι
2369 699 2439 751 Et
2467 703 2593 768 post
2616 697 2805 766 aliqua
2852 696 2998 765 (cap.
3035 696 3086 758 5)
3117 710 3130 745 :
3164 714 3191 749 α
3216 699 3532 769 Antequam
3577 716 3748 752 conse-

498 795 654 860 sitit;
690 797 771 858 tu,
803 805 932 843 cum
956 785 1181 849 biberis,
1229 783 1383 836 sitire
1433 799 1545 836 non
1591 783 1818 853 poteris.
1856 784 1925 836 Et
1950 783 2088 837 illud

499 884 561 936 in
580 879 800 943 umbra,
828 875 1018 929 hocin
1046 872 1297 925 veritate.
1331 869 1438 923 Sed
1477 868 1614 922 illud
1676 869 1825 938 quod
1863 869 2086 922 miraris

495 969 698 1025 umbra
717 971 820 1032 est,
839 966 1108 1034 quantum
1123 958 1268 1013 istud
1283 959 1442 1024 cujus
1456 961 1512 1010 et
1521 955 1780 1010 umbram
1793 956 2080 1010 miraris?»

497 1061 567 1114 Et
589 1057 755 1129 paulo
809 1056 970 1124 post:
1009 1069 1031 1100 ι
1067 1045 1385 1117 Cognovisti
1442 1045 1850 1114 praestantiora.
1893 1045 2085 1098 Potior

496 1152 583 1201 est
609 1146 702 1199 lux
732 1157 901 1212 quam
920 1136 1139 1199 umbra,
1191 1132 1395 1186 veritas
1426 1148 1594 1202 quam
1639 1134 1839 1201 ﬁgura,
1881 1148 2081 1202 corpus

493 1231 751 1290 Auctoris
779 1243 948 1300 quam
969 1239 1179 1278 manna
1218 1221 1288 1274 de
1323 1221 1658 1274 coelo.Forte
1679 1220 1888 1273 dicas:«
1913 1220 2078 1274 Aliud

495 1323 673 1387 video,
699 1315 977 1390 quomodo
999 1318 1060 1366 tu
1081 1310 1221 1364 mihi
1251 1307 1453 1362 asseris
1475 1307 1624 1378 quod
1655 1307 1861 1360 Christi
1881 1324 2080 1377 corpus

493 1406 805 1480 accipiam?
834 1423 862 1459 ι
889 1404 958 1457 Et
975 1402 1081 1455 hoc
1112 1397 1274 1452 nobis
1304 1396 1485 1449 adhuc
1526 1401 1780 1465 superest
1800 1401 1863 1449 ut
1877 1396 2079 1466 probe-

491 1516 638 1554 mus.
671 1493 910 1560 Quantis
948 1490 1123 1560 igitur
1145 1486 1362 1540 utimur
1387 1483 1652 1554 exemplis
1679 1489 1743 1536 ut
1780 1483 2080 1554 probemur

491 1604 608 1644 non
621 1587 728 1640 hoc
747 1598 869 1636 esse
890 1577 1037 1650 quod
1075 1579 1280 1629 natura
1314 1571 1590 1638 formavit,
1613 1572 1709 1625 sed
1743 1572 1890 1642 quod
1908 1571 2078 1626 bene-

489 1675 662 1731 dictio
691 1666 1051 1731 consecravit,
1081 1663 1466 1732 majoremque
1510 1661 1621 1712 vim
1671 1676 1791 1713 esse
1845 1660 2077 1714 benedi-

2171 790 2378 849 cratur,
2405 785 2566 855 panis
2586 790 2689 837 est.
2709 783 2815 837 Ubi
2856 788 3048 836 autem
3076 784 3246 837 verba
3289 786 3496 840 Christi
3525 803 3750 841 accesse-

2167 877 2317 938 runt,
2347 890 2549 942 corpus
2574 877 2659 926 est
2686 871 2919 927 Christi.
2965 871 3218 942 Denique
3276 875 3408 927 audi
3438 874 3705 929 dicentem
3733 894 3743 926 :

2165 961 2422 1029 Accipite,
2448 966 2493 1013 et
2525 963 2661 1013 edite
2681 977 2748 1013 ex
2775 976 2832 1013 eo
2859 976 3082 1013 omnes:
3125 963 3234 1014 Hoc
3277 968 3352 1015 est
3389 966 3539 1017 enim
3569 981 3746 1033 corpus

2166 1065 2372 1102 meum.
2398 1050 2466 1102 Et
2481 1054 2611 1102 ante
2648 1048 2817 1101 verba
2838 1049 3064 1114 Christi,
3089 1049 3231 1102 calix
3257 1055 3341 1104 est
3374 1051 3488 1104 vini
3517 1057 3574 1104 et
3603 1068 3746 1122 aquae

2162 1135 2395 1206 plenus:
2431 1135 2528 1189 ubi
2552 1135 2720 1189 verba
2747 1135 2951 1190 Christi
2993 1142 3226 1207 operata
3250 1137 3480 1204 fuerint,
3510 1139 3586 1193 ibi
3630 1156 3745 1193 san-

2159 1223 2287 1291 guis
2350 1223 2608 1290 eﬂicitur,
2664 1225 2758 1295 qui
2811 1224 3030 1295 plebem
3080 1227 3338 1280 redemit.
3375 1228 3520 1297 Ergo
3573 1228 3742 1282 videte

2162 1311 2386 1381 quantis
2409 1312 2709 1381 generibus
2737 1318 2935 1383 potens
2968 1319 3053 1367 est
3081 1331 3264 1369 sermo
3282 1316 3745 1370 Christiuniversa

2161 1406 2510 1456 convertere.
2539 1401 2754 1454 Deinde
2778 1401 2897 1471 ipse
2937 1403 3210 1457 Dominus
3236 1405 3396 1460 Jesus
3422 1405 3744 1459 testiﬁcatur

2159 1488 2321 1542 nobis
2341 1490 2488 1559 quod
2516 1506 2716 1559 corpus
2745 1506 2909 1543 suum
2938 1491 3277 1561 accipiamus
3307 1498 3365 1546 et
3400 1493 3739 1563 sanguinem.

2158 1578 2424 1647 Nunquid
2451 1578 2718 1631 debemus
2748 1578 2817 1631 de
2836 1579 2957 1647 ejus
2980 1579 3088 1632 ﬁde
3111 1585 3168 1632 et
3186 1581 3580 1635 testiﬁcatione
3600 1580 3743 1634 dubi-

2163 1667 2324 1718 tare?
2348 1685 2370 1716 ι
2393 1667 2532 1720 Item
2549 1667 2605 1719 in
2622 1673 2776 1720 sexto
2793 1667 2872 1720 De
2889 1670 3254 1722 sacramentis
3269 1672 3392 1740 (cap
3407 1713 3419 1727 .
3438 1671 3517 1736 1):
3552 1689 3575 1722 κ
3596 1669 3743 1733 Quod

488 1764 692 1821 ctionis
722 1776 892 1832 quam
920 1762 1154 1819 naturae,
1193 1752 1326 1823 quia
1369 1750 1756 1804 benedictione
1785 1751 1952 1804 etiam
1984 1739 2139 1804 na-B
2162 1759 2219 1807 et
2244 1755 2501 1823 superius
2533 1755 2744 1808 dictum
2771 1760 2872 1808 est.
2931 1756 3086 1810 Sicut
3127 1774 3289 1811 verus
3317 1763 3402 1811 est
3447 1758 3552 1811 Dei
3581 1758 3742 1812 Filius

487 1859 620 1909 tura
642 1852 765 1922 ipsa
804 1844 1096 1901 mutatur?
1124 1841 1353 1910 Virgam
1372 1838 1601 1893 tenebat
1627 1839 1864 1909 Moyses,
1897 1841 2079 1909 proje-

485 1943 563 1998 cit
583 1956 728 2005 eam,
749 1941 805 1991 et
825 1936 970 1988 facta
987 1936 1073 1986 est
1085 1945 1334 1999 serpens.
1375 1928 1589 1981 Rursus
1617 1926 1916 1996 prehendit
1942 1943 2075 1980 cau-

483 2031 615 2086 dam
639 2023 936 2096 serpentis,
955 2031 1012 2075 et
1038 2020 1098 2073 in
1116 2018 1284 2088 virgas
1299 2021 1559 2069 naturam
1584 2014 2075 2069 revertitur.Vides

483 2119 658 2190 igitur
686 2110 1012 2186 prophetica
1041 2106 1226 2177 gratia
1276 2104 1360 2158 bis
1413 2108 1688 2157 mutatam
1736 2119 1857 2156 esse
1887 2109 2075 2168 245

479 2212 743 2262 naturam
774 2206 831 2255 et
857 2196 1132 2269 serpentis
1181 2199 1238 2248 et
1269 2193 1456 2263 virgae.
1510 2191 1824 2246 Currebant
1841 2191 2074 2261 [Egypti

481 2293 716 2349 ﬂumina
743 2305 884 2361 puro
915 2300 1190 2356 aquarum
1243 2286 1454 2335 meatu.
1488 2279 1684 2334 Subito
1729 2279 1799 2332 de
1830 2279 2069 2333 fontium

479 2382 634 2438 venis
657 2377 885 2447 sanguis
923 2373 1092 2444 coepit
1137 2386 1451 2440 erumpere.
1484 2369 1610 2422 Non
1657 2373 1780 2421 erat
1828 2372 1992 2437 potus
2011 2367 2069 2420 in

476 2469 680 2526 fluviis.
711 2468 927 2522 Rursus
955 2463 1025 2516 ad
1088 2459 1375 2531 prephetee
1424 2473 1582 2510 voces
1633 2472 1798 2526 cruor
1834 2455 2071 2509 cessavit

474 2559 792 2622 ﬂuminum,
817 2567 1093 2624 aquarum
1123 2553 1327 2601 natura
1355 2545 1644 2600 remeavit.
1683 2564 1705 2595 ι

2158 1843 2428 1896 Dominus
2461 1844 2825 1898 nosterlesus
2849 1844 3123 1910 Christus,
3144 1862 3255 1899 non
3277 1847 3742 1916 quemadmodum

2157 1931 2412 1984 homines
2430 1948 2531 2002 per
2543 1932 2918 2001 gratiam,sed
2936 1934 3093 2002 quasi
3119 1934 3293 1987 Filius
3323 1951 3388 1988 ex
3434 1935 3743 1988 substantia

2156 2018 2359 2083 Patris,
2385 2019 2608 2072 itavera
2630 2020 2748 2088 ejus
2774 2036 2901 2073 caro
2923 2026 3025 2084 est,
3061 2020 3206 2074 sicut
3241 2021 3360 2092 ipse
3384 2022 3546 2088 dixit,
3583 2039 3741 2092 quam

2155 2107 2477 2176 accipimus,
2494 2112 2550 2161 et
2575 2122 2742 2161 verus
2763 2109 2882 2177 ejus
2901 2109 3131 2178 sanguis
3145 2115 3246 2176 est,
3267 2127 3435 2181 quem
3465 2115 3738 2181 potamus.

2157 2195 2263 2247 Sed
2298 2195 2443 2248 forte
2470 2195 2622 2248 dicas
2643 2196 2791 2265 quod
2822 2197 3082 2250 dixerunt
3108 2202 3242 2252 tunc
3279 2199 3552 2269 temporis
3581 2200 3743 2253 etiam

2154 2283 2411 2354 discipuli
2451 2285 2678 2348 Christi,
2729 2285 3021 2340 audientes
3075 2287 3388 2341 dicentem:
3441 2288 3571 2343 Nisi
3626 2289 3742 2359 quis

2150 2372 2572 2425 manducaverit
2601 2389 2827 2426 carnem
2848 2390 3051 2439 meam,
3102 2379 3160 2427 et
3180 2373 3384 2428 biberit
3411 2377 3741 2446 sanguinem

2150 2476 2359 2526 meum,
2416 2477 2526 2514 non
2572 2460 2823 2514 manebit
2875 2461 2934 2515 in
2986 2479 3095 2528 me,
3151 2479 3253 2517 nec
3293 2463 3522 2518 habebit
3578 2466 3739 2519 vitam

2147 2553 2414 2602 aeternam
2443 2549 2618 2616 (Joan.
2643 2565 2716 2613 v1,
2769 2549 2856 2617 54)
2883 2570 2894 2618 ;
2954 2551 3096 2605 forte
3127 2552 3279 2606 dicas
3303 2571 3313 2604 :
3341 2553 3635 2617 Quomodo
3662 2572 3740 2609 ve-

541 2648 645 2702 His
686 2651 744 2700 et
774 2643 897 2698 aliis
925 2636 1249 2710 hujusmodi
1278 2635 1584 2699 miraculis,
1637 2648 1760 2703 quae
1796 2632 2063 2687 ineffabili
2144 2636 2244 2688 ra?
2274 2636 2380 2699 Qui
2413 2635 2844 2703 similitudinem
2884 2637 3061 2704 video,
3095 2655 3207 2692 non
3254 2639 3413 2693 video
3451 2641 3738 2712 sanguinis

471 2708 779 2793 divinitatis
808 2708 1134 2802 operatione
1188 2726 1334 2778 ﬁunt
1376 2721 1670 2786 enarratis,
1716 2726 1843 2792 post
1872 2721 2063 2792 aliqua
2143 2725 2454 2779 veritatem.
2513 2725 2699 2778 Primo
2763 2726 3014 2780 omnium
3054 2727 3166 2781 dixi
3203 2727 3306 2782 tibi
3344 2729 3414 2782 de
3481 2747 3738 2784 sermone

469 2822 792 2896 subjungit:
818 2838 846 2873 ι
865 2815 1224 2873 Advertimus
1243 2811 1418 2881 igitur
1437 2809 1664 2880 majoris
1685 2826 1805 2863 esse
1819 2810 2060 2880 gratiam
2145 2813 2371 2878 Christi,
2396 2812 2491 2882 qui
2511 2818 2778 2882 operatur
2795 2818 2860 2867 ut
2879 2814 3055 2884 possit
3077 2820 3318 2880 mutare,
3339 2821 3396 2870 et
3416 2825 3738 2873 convertere

468 2929 637 2984 quam
667 2914 950 2971 naturam,
983 2909 1041 2958 et
1069 2902 1254 2956 adhuc
1295 2904 1485 2951 tamen
1525 2897 1862 2968 propheticae
1889 2897 2059 2951 bene-
2139 2917 2350 2969 genera
2376 2901 2636 2954 instituta
2663 2906 2894 2954 naturae.
2925 2902 3139 2956 Deinde
3195 2904 3292 2956 ubi
3343 2921 3456 2958 non
3486 2907 3737 2961 tulerunt

466 2997 728 3056 dictionis
756 3008 1119 3050 numeramus
1147 2989 1408 3058 gratiam.
1450 2986 1608 3049 Quod
1637 2986 1683 3038 si
1711 2990 1930 3039 tantum
1961 3002 2114 3066 νει-η
2140 3005 2456 3043 sermonem
2505 2988 2710 3042 Christi
2740 2989 2997 3058 discipuli
3043 2992 3184 3059 ejus,
3243 2993 3536 3047 audientes
3592 2997 3734 3066 quod

463 3078 1150 3144 luithumanabenedictio
1162 3082 1226 3130 ut
1245 3080 1502 3128 naturam
1534 3079 1904 3141 converteret,
1923 3074 2116 3144 quid“
2139 3093 2364 3130 carnem
2387 3093 2548 3131 suam
2601 3078 2763 3130 daret
2794 3079 3245 3132 manducandam
3303 3087 3361 3134 et
3399 3083 3734 3152 sanguinem

465 3177 702 3231 dicimus
721 3174 790 3226 de
809 3172 932 3241 ipsa
953 3164 1367 3222 consecratione
1389 3163 1592 3227 divina,
1614 3161 1710 3215 ubi
1737 3161 1906 3215 verba
1933 3163 2058 3232 ipsa
2137 3181 2301 3219 suum
2325 3165 2486 3218 daret
2510 3164 2832 3229 bibendum,
2868 3167 3218 3222 recedebant.
3251 3170 3412 3224 Solus
3427 3177 3622 3225 autem
3643 3173 3734 3225 Pe-

459 3262 686 3320 Domini
706 3257 1008 3315 Salvatoris
1065 3252 1398 3324 operantur?
1447 3252 1590 3304 Nam
1639 3255 2054 3303 sacramentum
2136 3258 2256 3306 trus
2287 3253 2425 3306 dixit
2459 3272 2469 3306 :
2498 3273 2520 3304 ε
2556 3253 2738 3307 Verba
2765 3254 2888 3308 vita:
2917 3261 3137 3310 aeterna:
3167 3256 3359 3323 habes,
3404 3265 3461 3312 et
3490 3277 3597 3329 ego
3629 3265 3732 3314 ate

460 3351 616 3406 istud
637 3348 784 3420 quod
797 3345 1019 3416 accipis,
1037 3341 1246 3397 Christi
1276 3355 1530 3394 sermone
1550 3339 1861 3392 conﬁcitur.
1893 3337 2053 3401 Quod
2137 3357 2245 3410 quo
2266 3342 2560 3395 recedam?
2580 3344 2755 3408 (ibid,
2771 3340 2876 3407 69),
2901 3360 2926 3395 ν
2949 3344 3033 3397 Ne
3053 3344 3227 3414 igitur
3245 3346 3431 3415 plures
3450 3347 3561 3401 hoc
3583 3349 3730 3402 dice-

460 3441 509 3495 εἰ
540 3443 761 3493 tantum
773 3435 949 3488 valuit
968 3447 1150 3486 sermo
1164 3429 1293 3484 Elia!
1323 3433 1388 3482 ut
1407 3428 1596 3498 ignem
1618 3426 1686 3480 de
1715 3427 1851 3479 C(BIO
1881 3426 2049 3496 depo-
2133 3435 2278 3496 rent,
2302 3430 2471 3484 veluti
2487 3430 2712 3500 quidam
2734 3437 2880 3485 esset
2900 3432 3101 3486 horror
3116 3434 3350 3500 cruoris,
3367 3436 3460 3489 sed
3473 3443 3731 3491 maneret

459 3533 639 3592 neret,
669 3541 783 3580 non
810 3522 1016 3576 valebit
1045 3519 1252 3574 Christi
1281 3533 1463 3571 sermo
1520 3520 1586 3569 ut
1626 3515 1838 3585 species
1869 3519 2051 3568 mutet
2127 3517 2312 3586 gratia
2342 3518 2762 3588 redemptionis,
2779 3519 2903 3572 ideo
2928 3521 2988 3572 in
3009 3521 3374 3576 similitudine
3395 3523 3627 3594 quidem
3647 3542 3729 3578 ac-

458 3612 910 3672 elementorum?
939 3609 1018 3664 De
1037 3609 1209 3662 totius
1236 3605 1434 3659 mundi
1465 3602 1726 3674 operibus
1754 3602 1892 3672 legis
1918 3602 2046 3672 quia
2129 3606 2264 3676 cipis
2284 3611 2716 3671 sacramentum,
2745 3607 2841 3661 sed
2871 3625 3013 3662 verte
3034 3614 3249 3662 naturae
3280 3611 3522 3679 gratiam
3549 3613 3728 3668 virtu-

455 3710 566 3775 ipse
594 3706 739 3759 dixit
768 3706 815 3756 et
845 3702 993 3766 facta
1019 3702 1171 3763 sunt,
1199 3698 1308 3764 ipse
1341 3694 1630 3746 mandavit
1651 3695 1698 3744 et
1722 3696 2048 3744 creatasunt
2127 3699 2355 3765 temque
2378 3695 2754 3764 consequeris.
2787 3696 2897 3762 Ego
2944 3713 3087 3761 sum,
3141 3697 3343 3768 inquit,
3371 3703 3538 3767 panis
3571 3705 3724 3756 rivus

457 3797 623 3863 (Psat.
655 3805 822 3857 xxxu,
859 3787 934 3858 9).
982 3788 1176 3841 Sermo
1233 3799 1366 3853 ergo
1395 3779 1602 3835 Christi
1634 3779 1728 3850 qui
1769 3778 1952 3849 potuit
1980 3796 2046 3832 ex
2130 3786 2229 3850 qui
2255 3785 2319 3836 de
2347 3787 2470 3837 caelo
2522 3784 2773 3837 descendi
2815 3785 2995 3850 (ibid,
3039 3783 3150 3854 44).
3183 3786 3289 3839 Sed
3321 3803 3448 3840 caro
3478 3804 3596 3842 non
3628 3790 3723 3844 de-

453 3881 632 3936 nihilo
653 3880 836 3934 facere
865 3875 1015 3947 quod
1042 3889 1156 3927 non
1180 3877 1320 3937 erat,
1344 3885 1456 3923 non
1486 3872 1746 3940 potestea
1765 3883 1886 3936 quae
1916 3872 2048 3921 sunt
2129 3870 2382 3924 scendite
2398 3870 2555 3934 coelo,
2579 3870 2684 3923 hoc
2703 3875 2806 3935 est,
2833 3886 3057 3924 carnem
3079 3871 3135 3924 in
3150 3873 3316 3926 terris
3334 3876 3643 3946 assumpsit
3661 3893 3721 3930 ex

452 3971 513 4026 in
541 3971 600 4024 id
620 3973 840 4024 mutare
870 3963 1015 4034 quod
1046 3978 1158 4016 non
1189 3959 1383 4013 erant?
1412 3959 1538 4010 Non
1566 3957 1716 4009 enim
1747 3955 1932 4009 minus
1962 3960 2045 4009 est
2126 3958 2376 4026 Virgine.
2413 3958 2702 4021 Quomodo
2743 3976 2876 4028 ergo
2907 3959 3196 4014 descendit
3226 3961 3385 4031 panis
3415 3979 3445 4016 e
3479 3965 3644 4033 coelo,
3667 3971 3722 4018 et

450 4076 622 4114 novas
648 4057 818 4111 rebus
837 4055 971 4108 dare
992 4067 1160 4122 quam
1203 4053 1425 4102 mutare
1461 4040 1712 4098 naturas.
1745 4043 1852 4097 Sed
1893 4044 2041 4113 quod
2123 4047 2284 4116 panis
2304 4047 2460 4100 vivus
2481 4047 2504 4099 ?
2525 4047 2826 4110 Quiaidem
2842 4046 3116 4102 Dominus
3133 4055 3326 4102 noster
3349 4051 3378 4103 J
3383 4067 3513 4105 esus
3557 4053 3720 4107 Chri-

448 4146 796 4218 argumentis
823 4141 1057 4206 utimur,
1081 4138 1197 4192 suis
1225 4126 1455 4190 utamur
1483 4132 1767 4202 exemplis,
1782 4131 2040 4185 incarna-
2123 4140 2242 4188 stus
2272 4151 2497 4189 consors
2526 4141 2612 4189 est
2627 4135 2933 4189 divinitatis
2963 4141 3020 4190 et
3048 4137 3315 4207 corporis.
3339 4138 3406 4191 Et
3426 4143 3492 4192 tu
3515 4141 3612 4211 qui
3635 4157 3719 4195 ac-

447 4236 730 4304 tionisque
753 4236 1071 4286 astruamus
1091 4224 1346 4296 mysterii
1361 4222 1614 4276 veritate.
1640 4221 1908 4291 Nunquid
1937 4237 2038 4274 na—
2123 4223 2260 4293 cipis
2291 4224 2753 4290 carnem,divin:e
2784 4225 2905 4295 ejus
2943 4225 3272 4280 substantiae
3297 4225 3355 4280 in
3375 4227 3471 4281 illo
3494 4229 3721 4298 panici-

448 4328 591 4377 turae
620 4335 756 4374 usus
784 4314 1084 4389 praecessit,
1127 4328 1254 4366 curn
1277 4312 1438 4365 Jesus
1478 4309 1749 4363 Dominus
1770 4327 1836 4363 ex
1857 4310 2038 4363 Maria

447 4407 818 4465 nasceretur?
862 4404 920 4458 Si
961 4401 1215 4457 ordinem
1246 4398 1567 4470 quaerimus,
1597 4398 1716 4452 viro
1745 4397 1921 4451 mixta
1958 4398 2036 4451 fe-

438 4499 597 4553 mina
623 4511 895 4568 generare
921 4488 1226 4546 consuevit.

2123 4307 2272 4377 paris
2301 4309 2588 4362 alimento.
2623 4327 2650 4360 »
2667 4307 2811 4361 Item
2830 4309 2888 4362 in
2913 4309 3147 4379 epistola
3167 4309 3238 4362 ad
3263 4309 3571 4365 Hireneum
3594 4312 3712 4380 (lib.

2119 4409 2239 4460 vnI,
2277 4412 2364 4466 ep.
2397 4395 2487 4461 62,
2519 4395 2623 4449 sub
2647 4396 2858 4463 initio):
2892 4415 2918 4448 (ί
2947 4397 3160 4460 Quaeris
3185 4414 3220 4450 a
3247 4414 3338 4451 me
3367 4415 3469 4453 cur
3512 4400 3713 4455 Domi-

2117 4501 2223 4538 nus
2240 4485 2391 4538 Deus
2408 4501 2616 4538 manna
2635 4485 2842 4555 pluerit
2859 4487 3064 4556 populo
3079 4491 3390 4556 patrum,et
3417 4504 3569 4542 nunc
3599 4506 3712 4543 non

513 4587 716 4657 Liquet
729 4583 904 4654 igitur
923 4579 1069 4652 quod
1098 4581 1302 4649 praeter
1314 4580 1528 4629 natura:
1575 4575 1829 4628 ordinem
1858 4573 2030 4643 Virgo
2113 4573 2290 4643 pluat.
2325 4572 2708 4642 Sicognoscis,
2743 4573 2904 4643 pluit,
2957 4578 3015 4627 et
3043 4573 3289 4644 quotidie
3310 4575 3454 4644 pluit
3483 4577 3552 4631 de
3572 4577 3712 4632 coelo

441 4674 748 4746 generavit,
771 4677 827 4726 et
841 4672 947 4724 hoc
960 4668 1107 4739 quod
1123 4665 1445 4720 conﬁcimus
1482 4680 1682 4734 corpus
1702 4680 1767 4717 ex
1803 4663 2032 4732 Virgine
2113 4677 2319 4715 manna
2329 4661 2697 4742 servientibus
2716 4661 2842 4716 sibi.
2863 4662 2933 4715 Et
2960 4678 3288 4733 corporeum
3311 4663 3540 4733 quidem
3569 4667 3711 4720 illud

441 4769 546 4819 est.
581 4761 726 4828 Quid
775 4760 866 4814 hic
897 4757 1098 4830 quieris
1155 4759 1369 4808 naturae
1423 4751 1677 4806 ordinem
1719 4751 1777 4803 in
1821 4751 2031 4805 Christi
2112 4767 2320 4804 manna
2346 4751 2514 4804 hodie
2536 4750 2817 4821 plerisque
2846 4749 2906 4804 in
2934 4751 3068 4804 locis
3100 4751 3401 4816 invenitur,
3427 4754 3525 4807 sed
3555 4771 3709 4809 nunc

441 4869 691 4924 corpore,
714 4865 842 4904 cum
871 4851 1074 4918 praeter
1093 4849 1355 4898 naturam
1378 4841 1453 4895 sit
1478 4839 1597 4911 ipse
1638 4839 1912 4894 Dominus
1941 4841 2027 4893 Je-
2110 4855 2223 4892 non
2249 4843 2334 4892 est
2356 4839 2502 4893 tanti
2550 4856 2641 4893 res
2687 4839 2961 4905 miraculi,
3005 4839 3136 4910 quia
3163 4840 3314 4894 venit
3342 4841 3490 4911 quod
3517 4844 3709 4913 perfe-

438 4960 534 4998 sus
562 4946 758 5014 partus
779 4955 843 4992 ex
867 4935 1139 5006 Virgine?
1169 4951 1197 4984 η
1231 4933 1392 4995 Item,
1418 4934 1478 4982 in
1508 4933 1708 4998 quarto
1735 4927 1816 4981 De
1845 4944 2025 4982 sacra-
2108 4931 2258 4980 ctum
2288 4932 2397 4983 est.
2437 4927 2753 4981 Perfectum
2778 4932 2988 4993 autem,
3021 4928 3183 4998 panis
3215 4928 3283 4982 de
3305 4929 3463 4995 coelo,
3497 4947 3703 5001 corpus

436 5031 641 5087 mentis
668 5031 816 5100 (cap.
847 5027 930 5094 4);
969 5044 991 5075 ι
1013 5023 1097 5077 Tu
1146 5022 1289 5074 forte
1331 5019 1516 5072 dices:
1549 5017 1705 5070 Meus
1749 5015 1910 5085 panis
1939 5022 2025 5070 est
2107 5032 2172 5068 ex
2192 5016 2440 5086 Virgine,
2476 5021 2560 5069 est
2600 5017 2668 5070 de
2725 5033 2834 5086 quo
2863 5016 2999 5069 satis
3035 5017 3386 5086 evangelium
3427 5022 3484 5072 te
3512 5019 3697 5078 docet.

432 5120 694 5175 usitatus.
713 5116 822 5171 Sed
859 5113 1019 5185 panis
1038 5113 1164 5176 iste,
1188 5109 1348 5180 panis
1379 5111 1464 5161 est
1490 5110 1621 5159 ante
1643 5104 1809 5158 verba
1836 5121 2018 5158 sacra-
2105 5103 2325 5167 Quanto
2356 5105 2742 5175 praestantiora
2773 5105 2890 5159 haec
2919 5104 3328 5175 superioribus!
3363 5125 3388 5156 ι

427 5213 767 5264 mentorum.
800 5203 908 5258 Ubi
936 5199 1232 5256 accesserit
1255 5194 1619 5258 consecratio,
1667 5193 1736 5247 de
1782 5209 1926 5263 pane
1952 5195 2016 5248 ﬁt
2167 5193 2518 5262 Augustinus
2554 5192 2610 5246 in
2631 5193 2861 5247 homilia
2895 5193 3141 5247 secunda
3190 5193 3392 5264 psalmi
3421 5193 3695 5251 tricesimi

419 5313 623 5367 corpus
651 5293 880 5349 Christi.
906 5309 934 5344 ι)
967 5291 1036 5344 Et
1062 5289 1228 5360 paulo
1258 5291 1416 5357 post:
1445 5301 1471 5336 ε(
1495 5283 1708 5336 Coelum
1723 5299 1837 5336 non
1867 5287 2006 5349 erat,
2095 5282 2247 5335 tertii
2272 5305 2281 5338 :
2320 5302 2343 5332 α
2367 5283 2735 5336 Accesserunt
2761 5282 2938 5337 Judaei
2967 5283 3036 5335 ad
3065 5281 3350 5336 Christum
3401 5288 3466 5337 ut
3519 5285 3700 5339 cruci-

419 5401 576 5439 mare
610 5400 725 5438 non
753 5385 897 5449 erat,
922 5385 1077 5433 terra
1103 5393 1217 5431 non
1260 5378 1401 5438 erat,
1434 5371 1532 5426 sed
1572 5370 1703 5424 audi
1731 5371 2009 5425 dicentem
2094 5372 2347 5440 ﬁgerent,
2379 5388 2482 5425 nos
2504 5372 2575 5424 ad
2604 5387 2734 5425 eum
2754 5371 3082 5425 accedamus
3114 5376 3180 5425 ut
3221 5387 3422 5442 corpus
3461 5377 3519 5425 et
3555 5390 3694 5427 san-

410 5472 589 5527 David
620 5491 634 5524 :
663 5473 776 5540 Ipse
805 5470 970 5534 etimit,
1003 5472 1052 5520 et
1102 5465 1252 5533 facta
1295 5467 1447 5527 sunt,
1475 5463 1587 5528 ipse
1642 5460 1932 5513 mandavit
1956 5467 2007 5514 et
2088 5459 2317 5528 guinem
2343 5460 2464 5530 ejus
2495 5458 2858 5530 accipiamus.
2899 5459 2988 5514 Illi
3026 5460 3096 5513 de
3120 5460 3379 5514 cruciﬁxo
3407 5460 3690 5516 tenebrati

406 5565 594 5618 creata
621 5564 771 5615 sunt.
834 5558 1000 5628 Ergo,
1033 5559 1098 5610 ut
1144 5551 1247 5608 tibi
1299 5549 1690 5623 respondeam,
1725 5563 1836 5604 non
1879 5553 2002 5603 erat
2085 5554 2235 5618 sunt,
2260 5565 2362 5604 nos
2381 5548 2771 5605 manducando
2785 5547 3111 5604 cruciﬁxum
3129 5554 3186 5604 et
3210 5547 3446 5605 bibendo
3465 5548 3682 5606 illumi-
