  <div class='ocr_page' id='page_1' title='image "/cluster/home/n/w/nwhite01/storage/ocr_20150623/150/umn.31951002477443u/258.png"; bbox 0 0 3878 6354; ppageno 0'>
   <div class='ocr_carea' id='block_1_1' title="bbox 147 341 3400 410">
    <p class='ocr_par' dir='ltr' id='par_1_1' title="bbox 147 341 3400 410">
     <span class='ocr_line' id='line_1_1' title="bbox 147 341 3400 410; baseline -0.001 -9"><span class='ocrx_word' id='word_1_1' title='bbox 147 345 244 402; x_wconf 70' lang='grc'>433</span> <span class='ocrx_word' id='word_1_2' title='bbox 980 350 1194 406; x_wconf 90' lang='lat' dir='ltr'><strong>LIBER</strong></span> <span class='ocrx_word' id='word_1_3' title='bbox 1231 351 1326 406; x_wconf 89' lang='lat' dir='ltr'>DE</span> <span class='ocrx_word' id='word_1_4' title='bbox 1363 351 1698 409; x_wconf 90' lang='lat' dir='ltr'>CORPORE</span> <span class='ocrx_word' id='word_1_5' title='bbox 1737 353 1826 408; x_wconf 88' lang='lat' dir='ltr'><strong>ET</strong></span> <span class='ocrx_word' id='word_1_6' title='bbox 1866 351 2234 410; x_wconf 88' lang='lat' dir='ltr'>SANGUINE</span> <span class='ocrx_word' id='word_1_7' title='bbox 2269 349 2554 405; x_wconf 90' lang='lat' dir='ltr'>DOMINI.</span> <span class='ocrx_word' id='word_1_8' title='bbox 3291 341 3400 399; x_wconf 80' lang='grc'>434</span> 
     </span>
    </p>
   </div>
   <div class='ocr_carea' id='block_1_2' title="bbox 145 468 3392 548">
    <p class='ocr_par' dir='ltr' id='par_1_2' title="bbox 145 468 3392 548">
     <span class='ocr_line' id='line_1_2' title="bbox 145 468 3392 548; baseline -0.001 -23"><span class='ocrx_word' id='word_1_9' title='bbox 145 487 352 526; x_wconf 85' lang='lat' dir='ltr'>namur.</span> <span class='ocrx_word' id='word_1_10' title='bbox 389 490 416 524; x_wconf 79' lang='lat'>»</span> <span class='ocrx_word' id='word_1_11' title='bbox 449 472 522 527; x_wconf 88' lang='lat' dir='ltr'>Et</span> <span class='ocrx_word' id='word_1_12' title='bbox 546 478 673 545; x_wconf 89' lang='lat' dir='ltr'>post</span> <span class='ocrx_word' id='word_1_13' title='bbox 695 474 914 545; x_wconf 84' lang='lat' dir='ltr'>aliqua:</span> <span class='ocrx_word' id='word_1_14' title='bbox 933 492 960 528; x_wconf 90' lang='grc'>(‹</span> <span class='ocrx_word' id='word_1_15' title='bbox 989 477 1134 530; x_wconf 86' lang='lat' dir='ltr'>Vere</span> <span class='ocrx_word' id='word_1_16' title='bbox 1167 493 1402 548; x_wconf 88' lang='lat' dir='ltr'>magnus</span> <span class='ocrx_word' id='word_1_17' title='bbox 1427 478 1717 543; x_wconf 86' lang='lat' dir='ltr'>Dominus,</span> <span class='ocrx_word' id='word_1_18' title='bbox 1735 479 1873 539; x_wconf 81' lang='lat' dir='ltr'>Ade</span> <span class='ocrx_word' id='word_1_19' title='bbox 1901 479 2255 532; x_wconf 89' lang='lat' dir='ltr'>ﬁrmamento</span> <span class='ocrx_word' id='word_1_20' title='bbox 2283 473 2550 538; x_wconf 82' lang='lat' dir='ltr'>veritatis,</span> <span class='ocrx_word' id='word_1_21' title='bbox 2574 471 2642 524; x_wconf 92' lang='lat' dir='ltr'>de</span> <span class='ocrx_word' id='word_1_22' title='bbox 2674 485 2784 541; x_wconf 92' lang='lat' dir='ltr'>quo</span> <span class='ocrx_word' id='word_1_23' title='bbox 2811 468 3140 523; x_wconf 71' lang='lat' dir='ltr'>leestinus</span> <span class='ocrx_word' id='word_1_24' title='bbox 3160 484 3306 540; x_wconf 88' lang='lat' dir='ltr'>papa</span> <span class='ocrx_word' id='word_1_25' title='bbox 3333 468 3392 522; x_wconf 93' lang='lat' dir='ltr'>in</span> 
     </span>
    </p>
   </div>
   <div class='ocr_carea' id='block_1_3' title="bbox 147 553 3389 637">
    <p class='ocr_par' dir='ltr' id='par_1_3' title="bbox 147 553 3389 637">
     <span class='ocr_line' id='line_1_3' title="bbox 147 553 3389 637; baseline 0 -24"><span class='ocrx_word' id='word_1_26' title='bbox 147 567 197 614; x_wconf 91' lang='lat' dir='ltr'>et</span> <span class='ocrx_word' id='word_1_27' title='bbox 228 577 430 630; x_wconf 88' lang='lat' dir='ltr'>magna</span> <span class='ocrx_word' id='word_1_28' title='bbox 459 562 842 617; x_wconf 80' lang='lat' dir='ltr'>misericordia</span> <span class='ocrx_word' id='word_1_29' title='bbox 884 565 1024 633; x_wconf 83' lang='lat' dir='ltr'>ejus,</span> <span class='ocrx_word' id='word_1_30' title='bbox 1065 582 1193 619; x_wconf 82' lang='lat' dir='ltr'>vere</span> <span class='ocrx_word' id='word_1_31' title='bbox 1233 567 1328 637; x_wconf 91' lang='lat' dir='ltr'>qui</span> <span class='ocrx_word' id='word_1_32' title='bbox 1370 566 1530 621; x_wconf 92' lang='lat' dir='ltr'>nobis</span> <span class='ocrx_word' id='word_1_33' title='bbox 1568 567 1723 622; x_wconf 88' lang='lat' dir='ltr'>dedit</span> <span class='ocrx_word' id='word_1_34' title='bbox 1803 553 2039 620; x_wconf 76' lang='lat' dir='ltr'>decretis</span> <span class='ocrx_word' id='word_1_35' title='bbox 2072 565 2189 619; x_wconf 89' lang='lat' dir='ltr'>suis</span> <span class='ocrx_word' id='word_1_36' title='bbox 2217 563 2420 618; x_wconf 87' lang='lat' dir='ltr'>asserit</span> <span class='ocrx_word' id='word_1_37' title='bbox 2441 560 2630 632; x_wconf 86' lang='lat' dir='ltr'>(epist.</span> <span class='ocrx_word' id='word_1_38' title='bbox 2655 557 2675 614; x_wconf 84' lang='lat' dir='ltr'>i</span> <span class='ocrx_word' id='word_1_39' title='bbox 2703 558 3279 628; x_wconf 75' lang='lat' dir='ltr'>Adepise.Gall.,cap.</span> <span class='ocrx_word' id='word_1_40' title='bbox 3302 555 3389 627; x_wconf 75' lang='lat'>20)</span> 
     </span>
    </p>
   </div>
   <div class='ocr_carea' id='block_1_4' title="bbox 142 645 3391 725">
    <p class='ocr_par' dir='ltr' id='par_1_4' title="bbox 142 645 3391 725">
     <span class='ocr_line' id='line_1_4' title="bbox 142 645 3391 725; baseline -0.001 -24"><span class='ocrx_word' id='word_1_41' title='bbox 142 647 468 703; x_wconf 80' lang='lat' dir='ltr'>manducare</span> <span class='ocrx_word' id='word_1_42' title='bbox 489 666 689 721; x_wconf 90' lang='lat' dir='ltr'>corpus</span> <span class='ocrx_word' id='word_1_43' title='bbox 709 667 894 718; x_wconf 91' lang='lat' dir='ltr'>suum,</span> <span class='ocrx_word' id='word_1_44' title='bbox 915 651 973 706; x_wconf 91' lang='lat' dir='ltr'>in</span> <span class='ocrx_word' id='word_1_45' title='bbox 989 669 1098 722; x_wconf 89' lang='lat' dir='ltr'>quo</span> <span class='ocrx_word' id='word_1_46' title='bbox 1118 657 1278 707; x_wconf 87' lang='lat' dir='ltr'>tanta</span> <span class='ocrx_word' id='word_1_47' title='bbox 1296 670 1594 725; x_wconf 90' lang='lat' dir='ltr'>perpessus</span> <span class='ocrx_word' id='word_1_48' title='bbox 1613 661 1715 722; x_wconf 90' lang='lat' dir='ltr'>est,</span> <span class='ocrx_word' id='word_1_49' title='bbox 1803 655 1950 725; x_wconf 93' lang='lat' dir='ltr'>quod</span> <span class='ocrx_word' id='word_1_50' title='bbox 1980 671 2082 708; x_wconf 91' lang='lat' dir='ltr'>nec</span> <span class='ocrx_word' id='word_1_51' title='bbox 2127 653 2326 707; x_wconf 82' lang='lat' dir='ltr'>saltem</span> <span class='ocrx_word' id='word_1_52' title='bbox 2363 650 2605 704; x_wconf 70' lang='lat' dir='ltr'>sinistrae</span> <span class='ocrx_word' id='word_1_53' title='bbox 2645 645 2975 717; x_wconf 86' lang='lat' dir='ltr'>suspicionis</span> <span class='ocrx_word' id='word_1_54' title='bbox 3002 660 3216 712; x_wconf 88' lang='lat' dir='ltr'>rumor,</span> <span class='ocrx_word' id='word_1_55' title='bbox 3256 645 3391 699; x_wconf 91' lang='lat' dir='ltr'>dum</span> 
     </span>
    </p>
   </div>
   <div class='ocr_carea' id='block_1_5' title="bbox 141 736 1719 813">
    <p class='ocr_par' dir='ltr' id='par_1_5' title="bbox 141 736 1719 813">
     <span class='ocr_line' id='line_1_5' title="bbox 141 736 1719 813; baseline 0.006 -25"><span class='ocrx_word' id='word_1_56' title='bbox 141 741 192 789; x_wconf 90' lang='lat' dir='ltr'>et</span> <span class='ocrx_word' id='word_1_57' title='bbox 233 736 563 806; x_wconf 90' lang='lat' dir='ltr'>sanguinem</span> <span class='ocrx_word' id='word_1_58' title='bbox 603 737 814 792; x_wconf 86' lang='lat' dir='ltr'>bibere.</span> <span class='ocrx_word' id='word_1_59' title='bbox 868 758 895 791; x_wconf 63' lang='grc' dir='ltr'>δ)</span> <span class='ocrx_word' id='word_1_60' title='bbox 937 740 1098 806; x_wconf 83' lang='lat' dir='ltr'>Item,</span> <span class='ocrx_word' id='word_1_61' title='bbox 1142 741 1203 794; x_wconf 91' lang='lat' dir='ltr'>in</span> <span class='ocrx_word' id='word_1_62' title='bbox 1241 742 1474 795; x_wconf 90' lang='lat' dir='ltr'>homilia</span> <span class='ocrx_word' id='word_1_63' title='bbox 1518 743 1719 813; x_wconf 88' lang='lat' dir='ltr'>psalmi</span> 
     </span>
    </p>
   </div>
   <div class='ocr_carea' id='block_1_6' title="bbox 137 823 1717 899">
    <p class='ocr_par' dir='ltr' id='par_1_6' title="bbox 137 823 1717 899">
     <span class='ocr_line' id='line_1_6' title="bbox 137 823 1717 899; baseline 0.005 -23"><span class='ocrx_word' id='word_1_64' title='bbox 137 823 542 894; x_wconf 81' lang='lat' dir='ltr'>quadragesimi</span> <span class='ocrx_word' id='word_1_65' title='bbox 570 826 770 896; x_wconf 87' lang='lat' dir='ltr'>quinti,</span> <span class='ocrx_word' id='word_1_66' title='bbox 794 826 864 880; x_wconf 91' lang='lat' dir='ltr'>ad</span> <span class='ocrx_word' id='word_1_67' title='bbox 893 827 1114 882; x_wconf 78' lang='lat' dir='ltr'>Judzeos</span> <span class='ocrx_word' id='word_1_68' title='bbox 1136 829 1370 899; x_wconf 92' lang='lat' dir='ltr'>loquens</span> <span class='ocrx_word' id='word_1_69' title='bbox 1397 847 1408 881; x_wconf 88' lang='lat'><strong>:</strong></span> <span class='ocrx_word' id='word_1_70' title='bbox 1431 849 1452 879; x_wconf 71' lang='grc' dir='ltr'><strong><em>α</em></strong></span> <span class='ocrx_word' id='word_1_71' title='bbox 1479 831 1542 883; x_wconf 93' lang='lat' dir='ltr'>In</span> <span class='ocrx_word' id='word_1_72' title='bbox 1567 830 1717 885; x_wconf 91' lang='lat' dir='ltr'>illius</span> 
     </span>
    </p>
   </div>
   <div class='ocr_carea' id='block_1_7' title="bbox 132 911 1718 986">
    <p class='ocr_par' dir='ltr' id='par_1_7' title="bbox 132 911 1718 986">
     <span class='ocr_line' id='line_1_7' title="bbox 132 911 1718 986; baseline 0.005 -22"><span class='ocrx_word' id='word_1_73' title='bbox 132 911 343 966; x_wconf 88' lang='lat' dir='ltr'>nomine</span> <span class='ocrx_word' id='word_1_74' title='bbox 365 929 536 983; x_wconf 89' lang='lat' dir='ltr'>quem</span> <span class='ocrx_word' id='word_1_75' title='bbox 556 914 835 968; x_wconf 87' lang='lat' dir='ltr'>occidistis</span> <span class='ocrx_word' id='word_1_76' title='bbox 863 914 1244 986; x_wconf 84' lang='lat' dir='ltr'>baptizamini,</span> <span class='ocrx_word' id='word_1_77' title='bbox 1266 923 1321 970; x_wconf 88' lang='lat' dir='ltr'>et</span> <span class='ocrx_word' id='word_1_78' title='bbox 1353 918 1718 972; x_wconf 88' lang='lat' dir='ltr'>dimittuntur</span> 
     </span>
    </p>
   </div>
   <div class='ocr_carea' id='block_1_8' title="bbox 134 998 1715 1076">
    <p class='ocr_par' dir='ltr' id='par_1_8' title="bbox 134 998 1715 1076">
     <span class='ocr_line' id='line_1_8' title="bbox 134 998 1715 1076; baseline 0.006 -25"><span class='ocrx_word' id='word_1_79' title='bbox 134 998 276 1052; x_wconf 83' lang='lat' dir='ltr'>vobis</span> <span class='ocrx_word' id='word_1_80' title='bbox 303 1007 536 1070; x_wconf 87' lang='lat' dir='ltr'>peccata</span> <span class='ocrx_word' id='word_1_81' title='bbox 570 1008 773 1058; x_wconf 90' lang='lat' dir='ltr'>vestra.</span> <span class='ocrx_word' id='word_1_82' title='bbox 805 1003 1084 1058; x_wconf 90' lang='lat' dir='ltr'>Medicum</span> <span class='ocrx_word' id='word_1_83' title='bbox 1113 1005 1202 1058; x_wconf 88' lang='lat' dir='ltr'>vel</span> <span class='ocrx_word' id='word_1_84' title='bbox 1224 1011 1420 1075; x_wconf 86' lang='lat' dir='ltr'>postea</span> <span class='ocrx_word' id='word_1_85' title='bbox 1449 1007 1715 1076; x_wconf 85' lang='lat' dir='ltr'>cognovi-</span> 
     </span>
    </p>
   </div>
   <div class='ocr_carea' id='block_1_9' title="bbox 133 1087 1709 1164">
    <p class='ocr_par' dir='ltr' id='par_1_9' title="bbox 133 1087 1709 1164">
     <span class='ocr_line' id='line_1_9' title="bbox 133 1087 1709 1164; baseline 0.004 -25"><span class='ocrx_word' id='word_1_86' title='bbox 133 1087 248 1153; x_wconf 89' lang='lat' dir='ltr'>stis;</span> <span class='ocrx_word' id='word_1_87' title='bbox 277 1089 399 1157; x_wconf 91' lang='lat' dir='ltr'>jam</span> <span class='ocrx_word' id='word_1_88' title='bbox 430 1091 613 1144; x_wconf 90' lang='lat' dir='ltr'>securi</span> <span class='ocrx_word' id='word_1_89' title='bbox 642 1090 813 1144; x_wconf 89' lang='lat' dir='ltr'>bibite</span> <span class='ocrx_word' id='word_1_90' title='bbox 846 1093 1176 1161; x_wconf 86' lang='lat' dir='ltr'>sanguinem</span> <span class='ocrx_word' id='word_1_91' title='bbox 1210 1110 1376 1164; x_wconf 89' lang='lat' dir='ltr'>quem</span> <span class='ocrx_word' id='word_1_92' title='bbox 1406 1094 1647 1148; x_wconf 84' lang='lat' dir='ltr'>fudistis.</span> <span class='ocrx_word' id='word_1_93' title='bbox 1683 1113 1709 1146; x_wconf 88' lang='lat'>»</span> 
     </span>
    </p>
   </div>
   <div class='ocr_carea' id='block_1_10' title="bbox 129 1175 1710 1252">
    <p class='ocr_par' dir='ltr' id='par_1_10' title="bbox 129 1175 1710 1252">
     <span class='ocr_line' id='line_1_10' title="bbox 129 1175 1710 1252; baseline 0.006 -25"><span class='ocrx_word' id='word_1_94' title='bbox 129 1175 273 1241; x_wconf 86' lang='lat' dir='ltr'>Item,</span> <span class='ocrx_word' id='word_1_95' title='bbox 297 1176 354 1229; x_wconf 92' lang='lat' dir='ltr'>in</span> <span class='ocrx_word' id='word_1_96' title='bbox 374 1177 610 1231; x_wconf 90' lang='lat' dir='ltr'>homilia</span> <span class='ocrx_word' id='word_1_97' title='bbox 638 1179 841 1249; x_wconf 87' lang='lat' dir='ltr'>psalmi</span> <span class='ocrx_word' id='word_1_98' title='bbox 867 1181 1194 1250; x_wconf 88' lang='lat' dir='ltr'>sexagesimi</span> <span class='ocrx_word' id='word_1_99' title='bbox 1225 1182 1406 1252; x_wconf 84' lang='lat' dir='ltr'>quinti</span> <span class='ocrx_word' id='word_1_100' title='bbox 1445 1199 1455 1232; x_wconf 93' lang='lat'>:</span> <span class='ocrx_word' id='word_1_101' title='bbox 1490 1201 1514 1234; x_wconf 85' lang='lat'>«</span> <span class='ocrx_word' id='word_1_102' title='bbox 1547 1182 1710 1236; x_wconf 93' lang='lat' dir='ltr'>Modo</span> 
     </span>
    </p>
   </div>
   <div class='ocr_carea' id='block_1_11' title="bbox 127 1263 1708 1340">
    <p class='ocr_par' dir='ltr' id='par_1_11' title="bbox 127 1263 1708 1340">
     <span class='ocr_line' id='line_1_11' title="bbox 127 1263 1708 1340; baseline 0.005 -24"><span class='ocrx_word' id='word_1_103' title='bbox 127 1263 404 1319; x_wconf 90' lang='lat' dir='ltr'>homicidis</span> <span class='ocrx_word' id='word_1_104' title='bbox 429 1271 624 1332; x_wconf 67' lang='lat'><strong>246</strong></span> <span class='ocrx_word' id='word_1_105' title='bbox 650 1267 890 1321; x_wconf 89' lang='lat' dir='ltr'>donatus</span> <span class='ocrx_word' id='word_1_106' title='bbox 907 1274 1010 1334; x_wconf 91' lang='lat' dir='ltr'>est,</span> <span class='ocrx_word' id='word_1_107' title='bbox 1027 1274 1084 1322; x_wconf 91' lang='lat' dir='ltr'>et</span> <span class='ocrx_word' id='word_1_108' title='bbox 1104 1269 1264 1324; x_wconf 87' lang='lat' dir='ltr'>fusus</span> <span class='ocrx_word' id='word_1_109' title='bbox 1293 1270 1521 1340; x_wconf 87' lang='lat' dir='ltr'>sanguis</span> <span class='ocrx_word' id='word_1_110' title='bbox 1547 1270 1708 1324; x_wconf 85' lang='lat' dir='ltr'>inno-</span> 
     </span>
    </p>
   </div>
   <div class='ocr_carea' id='block_1_12' title="bbox 126 1353 1706 1428">
    <p class='ocr_par' dir='ltr' id='par_1_12' title="bbox 126 1353 1706 1428">
     <span class='ocr_line' id='line_1_12' title="bbox 126 1353 1706 1428; baseline 0.005 -24"><span class='ocrx_word' id='word_1_111' title='bbox 126 1353 304 1420; x_wconf 90' lang='lat' dir='ltr'>centis,</span> <span class='ocrx_word' id='word_1_112' title='bbox 355 1359 416 1407; x_wconf 90' lang='lat' dir='ltr'>et</span> <span class='ocrx_word' id='word_1_113' title='bbox 451 1355 640 1424; x_wconf 89' lang='lat' dir='ltr'>ipsum</span> <span class='ocrx_word' id='word_1_114' title='bbox 689 1357 1044 1426; x_wconf 88' lang='lat' dir='ltr'>sanguinem,</span> <span class='ocrx_word' id='word_1_115' title='bbox 1083 1375 1251 1427; x_wconf 89' lang='lat' dir='ltr'>quem</span> <span class='ocrx_word' id='word_1_116' title='bbox 1292 1375 1392 1428; x_wconf 90' lang='lat' dir='ltr'>per</span> <span class='ocrx_word' id='word_1_117' title='bbox 1428 1359 1706 1412; x_wconf 86' lang='lat' dir='ltr'>insaniam</span> 
     </span>
    </p>
   </div>
   <div class='ocr_carea' id='block_1_13' title="bbox 121 1442 1707 1517">
    <p class='ocr_par' dir='ltr' id='par_1_13' title="bbox 121 1442 1707 1517">
     <span class='ocr_line' id='line_1_13' title="bbox 121 1442 1707 1517; baseline 0.004 -22"><span class='ocrx_word' id='word_1_118' title='bbox 121 1442 390 1510; x_wconf 88' lang='lat' dir='ltr'>fuderunt,</span> <span class='ocrx_word' id='word_1_119' title='bbox 414 1461 521 1515; x_wconf 85' lang='lat' dir='ltr'>per</span> <span class='ocrx_word' id='word_1_120' title='bbox 543 1447 785 1514; x_wconf 85' lang='lat' dir='ltr'>gratiam</span> <span class='ocrx_word' id='word_1_121' title='bbox 807 1447 1090 1502; x_wconf 90' lang='lat' dir='ltr'>biberunt.</span> <span class='ocrx_word' id='word_1_122' title='bbox 1131 1468 1153 1499; x_wconf 75' lang='grc' dir='ltr'><strong><em>ι</em></strong></span> <span class='ocrx_word' id='word_1_123' title='bbox 1187 1449 1352 1517; x_wconf 90' lang='lat' dir='ltr'>Item,</span> <span class='ocrx_word' id='word_1_124' title='bbox 1377 1449 1438 1502; x_wconf 93' lang='lat' dir='ltr'>in</span> <span class='ocrx_word' id='word_1_125' title='bbox 1477 1449 1707 1503; x_wconf 90' lang='lat' dir='ltr'>homilia</span> 
     </span>
    </p>
   </div>
   <div class='ocr_carea' id='block_1_14' title="bbox 124 1532 1704 1606">
    <p class='ocr_par' dir='ltr' id='par_1_14' title="bbox 124 1532 1704 1606">
     <span class='ocr_line' id='line_1_14' title="bbox 124 1532 1704 1606; baseline 0.005 -23"><span class='ocrx_word' id='word_1_126' title='bbox 124 1532 312 1599; x_wconf 89' lang='lat' dir='ltr'>psalmi</span> <span class='ocrx_word' id='word_1_127' title='bbox 341 1533 696 1602; x_wconf 89' lang='lat' dir='ltr'>nonagesimi</span> <span class='ocrx_word' id='word_1_128' title='bbox 727 1534 905 1588; x_wconf 86' lang='lat' dir='ltr'>octavi</span> <span class='ocrx_word' id='word_1_129' title='bbox 943 1551 952 1584; x_wconf 93' lang='lat'>:</span> <span class='ocrx_word' id='word_1_130' title='bbox 997 1553 1023 1587; x_wconf 71' lang='grc' dir='ltr'><strong>α</strong></span> <span class='ocrx_word' id='word_1_131' title='bbox 1073 1535 1271 1599; x_wconf 80' lang='lat' dir='ltr'>Quaero</span> <span class='ocrx_word' id='word_1_132' title='bbox 1302 1537 1436 1606; x_wconf 88' lang='lat' dir='ltr'>quid</span> <span class='ocrx_word' id='word_1_133' title='bbox 1465 1536 1540 1590; x_wconf 90' lang='lat' dir='ltr'>sit</span> <span class='ocrx_word' id='word_1_134' title='bbox 1582 1553 1704 1590; x_wconf 88' lang='lat' dir='ltr'>sca-</span> 
     </span>
    </p>
   </div>
   <div class='ocr_carea' id='block_1_15' title="bbox 119 1617 1697 1695">
    <p class='ocr_par' dir='ltr' id='par_1_15' title="bbox 119 1617 1697 1695">
     <span class='ocr_line' id='line_1_15' title="bbox 119 1617 1697 1695; baseline 0.004 -24"><span class='ocrx_word' id='word_1_135' title='bbox 119 1617 310 1673; x_wconf 88' lang='lat' dir='ltr'>bellum</span> <span class='ocrx_word' id='word_1_136' title='bbox 349 1621 565 1691; x_wconf 90' lang='lat' dir='ltr'>pedum</span> <span class='ocrx_word' id='word_1_137' title='bbox 604 1623 744 1691; x_wconf 90' lang='lat' dir='ltr'>ejus,</span> <span class='ocrx_word' id='word_1_138' title='bbox 779 1628 835 1676; x_wconf 91' lang='lat' dir='ltr'>et</span> <span class='ocrx_word' id='word_1_139' title='bbox 872 1622 1009 1676; x_wconf 89' lang='lat' dir='ltr'>dicit</span> <span class='ocrx_word' id='word_1_140' title='bbox 1050 1623 1190 1677; x_wconf 90' lang='lat' dir='ltr'>mihi</span> <span class='ocrx_word' id='word_1_141' title='bbox 1221 1625 1511 1695; x_wconf 89' lang='lat' dir='ltr'>Scriptura</span> <span class='ocrx_word' id='word_1_142' title='bbox 1551 1624 1697 1692; x_wconf 81' lang='lat' dir='ltr'>(Ism&#39;.</span> 
     </span>
    </p>
   </div>
   <div class='ocr_carea' id='block_1_16' title="bbox 115 1707 1700 1779">
    <p class='ocr_par' dir='ltr' id='par_1_16' title="bbox 115 1707 1700 1779">
     <span class='ocr_line' id='line_1_16' title="bbox 115 1707 1700 1779; baseline 0.006 -21"><span class='ocrx_word' id='word_1_143' title='bbox 115 1719 247 1771; x_wconf 74' lang='lat' dir='ltr'>mm,</span> <span class='ocrx_word' id='word_1_144' title='bbox 281 1707 326 1775; x_wconf 94' lang='lat' dir='ltr'>l)</span> <span class='ocrx_word' id='word_1_145' title='bbox 353 1727 363 1761; x_wconf 75' lang='grc' dir='ltr'>ε</span> <span class='ocrx_word' id='word_1_146' title='bbox 397 1711 572 1762; x_wconf 80' lang='lat' dir='ltr'>Terra</span> <span class='ocrx_word' id='word_1_147' title='bbox 591 1713 888 1764; x_wconf 79' lang='lat' dir='ltr'>scabellum</span> <span class='ocrx_word' id='word_1_148' title='bbox 899 1713 1103 1779; x_wconf 82' lang='lat' dir='ltr'>pedum</span> <span class='ocrx_word' id='word_1_149' title='bbox 1121 1714 1700 1767; x_wconf 82' lang='lat' dir='ltr'>meorum.Fluctuans</span> 
     </span>
    </p>
   </div>
   <div class='ocr_carea' id='block_1_17' title="bbox 1799 734 3392 810">
    <p class='ocr_par' dir='ltr' id='par_1_17' title="bbox 1799 734 3392 810">
     <span class='ocr_line' id='line_1_17' title="bbox 1799 734 3392 810; baseline -0.005 -14"><span class='ocrx_word' id='word_1_150' title='bbox 1799 743 2026 808; x_wconf 88' lang='lat' dir='ltr'>viveret,</span> <span class='ocrx_word' id='word_1_151' title='bbox 2059 759 2188 796; x_wconf 90' lang='lat' dir='ltr'>eum</span> <span class='ocrx_word' id='word_1_152' title='bbox 2216 737 2539 810; x_wconf 89' lang='lat' dir='ltr'>asperserit.</span> <span class='ocrx_word' id='word_1_153' title='bbox 2592 737 2713 791; x_wconf 89' lang='lat' dir='ltr'>Imo</span> <span class='ocrx_word' id='word_1_154' title='bbox 2759 750 2954 789; x_wconf 88' lang='lat' dir='ltr'>revera</span> <span class='ocrx_word' id='word_1_155' title='bbox 2991 734 3048 787; x_wconf 92' lang='lat' dir='ltr'>id</span> <span class='ocrx_word' id='word_1_156' title='bbox 3077 734 3216 788; x_wconf 84' lang='lat' dir='ltr'>dixit</span> <span class='ocrx_word' id='word_1_157' title='bbox 3241 735 3392 804; x_wconf 90' lang='lat' dir='ltr'>quod</span> 
     </span>
    </p>
   </div>
   <div class='ocr_carea' id='block_1_18' title="bbox 1798 822 3391 884">
    <p class='ocr_par' dir='ltr' id='par_1_18' title="bbox 1798 822 3391 884">
     <span class='ocr_line' id='line_1_18' title="bbox 1798 822 3391 884; baseline -0.006 1"><span class='ocrx_word' id='word_1_158' title='bbox 1798 831 2070 884; x_wconf 89' lang='lat' dir='ltr'>catholica</span> <span class='ocrx_word' id='word_1_159' title='bbox 2092 829 2337 884; x_wconf 88' lang='lat' dir='ltr'>Ecclesia</span> <span class='ocrx_word' id='word_1_160' title='bbox 2360 827 2420 880; x_wconf 87' lang='lat' dir='ltr'>in</span> <span class='ocrx_word' id='word_1_161' title='bbox 2448 824 2708 880; x_wconf 91' lang='lat' dir='ltr'>omnibus</span> <span class='ocrx_word' id='word_1_162' title='bbox 2727 823 2993 878; x_wconf 89' lang='lat' dir='ltr'>membris</span> <span class='ocrx_word' id='word_1_163' title='bbox 3013 823 3131 877; x_wconf 91' lang='lat' dir='ltr'>suis</span> <span class='ocrx_word' id='word_1_164' title='bbox 3150 822 3391 876; x_wconf 88' lang='lat' dir='ltr'>ﬁdeliter</span> 
     </span>
    </p>
   </div>
   <div class='ocr_carea' id='block_1_19' title="bbox 1796 910 3386 985">
    <p class='ocr_par' dir='ltr' id='par_1_19' title="bbox 1796 910 3386 985">
     <span class='ocr_line' id='line_1_19' title="bbox 1796 910 3386 985; baseline -0.005 -13"><span class='ocrx_word' id='word_1_165' title='bbox 1796 920 2008 974; x_wconf 86' lang='lat' dir='ltr'>fatetur</span> <span class='ocrx_word' id='word_1_166' title='bbox 2036 924 2092 972; x_wconf 93' lang='lat' dir='ltr'>et</span> <span class='ocrx_word' id='word_1_167' title='bbox 2119 918 2316 981; x_wconf 89' lang='lat' dir='ltr'>credit,</span> <span class='ocrx_word' id='word_1_168' title='bbox 2358 915 2507 985; x_wconf 86' lang='lat' dir='ltr'>quod</span> <span class='ocrx_word' id='word_1_169' title='bbox 2537 929 2639 983; x_wconf 89' lang='lat' dir='ltr'>ego</span> <span class='ocrx_word' id='word_1_170' title='bbox 2686 927 2907 983; x_wconf 92' lang='lat' dir='ltr'>quoque</span> <span class='ocrx_word' id='word_1_171' title='bbox 2953 911 3012 964; x_wconf 89' lang='lat' dir='ltr'>in</span> <span class='ocrx_word' id='word_1_172' title='bbox 3041 910 3386 981; x_wconf 85' lang='lat' dir='ltr'>professione</span> 
     </span>
    </p>
   </div>
   <div class='ocr_carea' id='block_1_20' title="bbox 1797 998 3388 1077">
    <p class='ocr_par' dir='ltr' id='par_1_20' title="bbox 1797 998 3388 1077">
     <span class='ocr_line' id='line_1_20' title="bbox 1797 998 3388 1077; baseline -0.006 -16"><span class='ocrx_word' id='word_1_173' title='bbox 1797 1007 1927 1061; x_wconf 92' lang='lat' dir='ltr'>ﬁdei</span> <span class='ocrx_word' id='word_1_174' title='bbox 1950 1007 2190 1061; x_wconf 84' lang='lat' dir='ltr'>breviter</span> <span class='ocrx_word' id='word_1_175' title='bbox 2216 1005 2396 1077; x_wconf 84' lang='lat' dir='ltr'>posui,</span> <span class='ocrx_word' id='word_1_176' title='bbox 2419 1003 2660 1057; x_wconf 84' lang='lat' dir='ltr'>breviter</span> <span class='ocrx_word' id='word_1_177' title='bbox 2686 999 3106 1070; x_wconf 88' lang='lat' dir='ltr'>comprehendi,</span> <span class='ocrx_word' id='word_1_178' title='bbox 3128 998 3388 1052; x_wconf 88' lang='lat' dir='ltr'>videlicet</span> 
     </span>
    </p>
   </div>
   <div class='ocr_carea' id='block_1_21' title="bbox 1794 1086 3384 1166">
    <p class='ocr_par' dir='ltr' id='par_1_21' title="bbox 1794 1086 3384 1166">
     <span class='ocr_line' id='line_1_21' title="bbox 1794 1086 3384 1166; baseline -0.006 -18"><span class='ocrx_word' id='word_1_179' title='bbox 1794 1096 1976 1166; x_wconf 89' lang='lat' dir='ltr'>ipsum</span> <span class='ocrx_word' id='word_1_180' title='bbox 2027 1112 2148 1150; x_wconf 92' lang='lat' dir='ltr'>esse</span> <span class='ocrx_word' id='word_1_181' title='bbox 2192 1109 2412 1164; x_wconf 91' lang='lat' dir='ltr'>corpus,</span> <span class='ocrx_word' id='word_1_182' title='bbox 2447 1098 2503 1145; x_wconf 92' lang='lat' dir='ltr'>et</span> <span class='ocrx_word' id='word_1_183' title='bbox 2530 1107 2644 1144; x_wconf 92' lang='lat' dir='ltr'>non</span> <span class='ocrx_word' id='word_1_184' title='bbox 2668 1089 2874 1160; x_wconf 88' lang='lat' dir='ltr'>ipsum.</span> <span class='ocrx_word' id='word_1_185' title='bbox 2903 1089 3098 1157; x_wconf 88' lang='lat' dir='ltr'>Neque</span> <span class='ocrx_word' id='word_1_186' title='bbox 3128 1086 3280 1140; x_wconf 89' lang='lat' dir='ltr'>enim</span> <span class='ocrx_word' id='word_1_187' title='bbox 3318 1101 3384 1139; x_wconf 92' lang='lat' dir='ltr'>eo</span> 
     </span>
    </p>
   </div>
   <div class='ocr_carea' id='block_1_22' title="bbox 1795 1173 3388 1255">
    <p class='ocr_par' dir='ltr' id='par_1_22' title="bbox 1795 1173 3388 1255">
     <span class='ocr_line' id='line_1_22' title="bbox 1795 1173 3388 1255; baseline -0.006 -17"><span class='ocrx_word' id='word_1_188' title='bbox 1795 1201 1904 1254; x_wconf 93' lang='lat' dir='ltr'>quo</span> <span class='ocrx_word' id='word_1_189' title='bbox 1959 1184 2066 1255; x_wconf 90' lang='lat' dir='ltr'>ipsi</span> <span class='ocrx_word' id='word_1_190' title='bbox 2116 1182 2390 1254; x_wconf 77' lang='lat' dir='ltr'>putabant</span> <span class='ocrx_word' id='word_1_191' title='bbox 2425 1179 2590 1234; x_wconf 91' lang='lat' dir='ltr'>modo</span> <span class='ocrx_word' id='word_1_192' title='bbox 2642 1177 2921 1231; x_wconf 89' lang='lat' dir='ltr'>credimus</span> <span class='ocrx_word' id='word_1_193' title='bbox 2971 1175 3120 1246; x_wconf 90' lang='lat' dir='ltr'>quod</span> <span class='ocrx_word' id='word_1_194' title='bbox 3167 1173 3388 1228; x_wconf 88' lang='lat' dir='ltr'>visibile</span> 
     </span>
    </p>
   </div>
   <div class='ocr_carea' id='block_1_23' title="bbox 1792 1263 3389 1342">
    <p class='ocr_par' dir='ltr' id='par_1_23' title="bbox 1792 1263 3389 1342">
     <span class='ocr_line' id='line_1_23' title="bbox 1792 1263 3389 1342; baseline -0.008 -15"><span class='ocrx_word' id='word_1_195' title='bbox 1792 1272 1999 1327; x_wconf 84' lang='lat' dir='ltr'>Christi</span> <span class='ocrx_word' id='word_1_196' title='bbox 2046 1288 2245 1342; x_wconf 90' lang='lat' dir='ltr'>corpus</span> <span class='ocrx_word' id='word_1_197' title='bbox 2291 1269 2668 1332; x_wconf 90' lang='lat' dir='ltr'>eomedamus,</span> <span class='ocrx_word' id='word_1_198' title='bbox 2712 1270 2812 1319; x_wconf 91' lang='lat' dir='ltr'>aut</span> <span class='ocrx_word' id='word_1_199' title='bbox 2859 1263 3191 1334; x_wconf 89' lang='lat' dir='ltr'>sanguinem</span> <span class='ocrx_word' id='word_1_200' title='bbox 3220 1278 3389 1332; x_wconf 85' lang='lat' dir='ltr'>quem</span> 
     </span>
    </p>
   </div>
   <div class='ocr_carea' id='block_1_24' title="bbox 1788 1353 3385 1426">
    <p class='ocr_par' dir='ltr' id='par_1_24' title="bbox 1788 1353 3385 1426">
     <span class='ocr_line' id='line_1_24' title="bbox 1788 1353 3385 1426; baseline -0.008 -11"><span class='ocrx_word' id='word_1_201' title='bbox 1788 1361 1969 1414; x_wconf 84' lang='lat' dir='ltr'>fusuri</span> <span class='ocrx_word' id='word_1_202' title='bbox 1995 1365 2052 1414; x_wconf 92' lang='lat' dir='ltr'>et</span> <span class='ocrx_word' id='word_1_203' title='bbox 2079 1360 2251 1414; x_wconf 91' lang='lat' dir='ltr'>oculis</span> <span class='ocrx_word' id='word_1_204' title='bbox 2281 1359 2397 1413; x_wconf 92' lang='lat' dir='ltr'>suis</span> <span class='ocrx_word' id='word_1_205' title='bbox 2426 1353 2778 1426; x_wconf 92' lang='lat' dir='ltr'>conspecturi</span> <span class='ocrx_word' id='word_1_206' title='bbox 2799 1357 2961 1406; x_wconf 90' lang='lat' dir='ltr'>erant</span> <span class='ocrx_word' id='word_1_207' title='bbox 2981 1355 3385 1422; x_wconf 90' lang='lat' dir='ltr'>persequentes</span> 
     </span>
    </p>
   </div>
   <div class='ocr_carea' id='block_1_25' title="bbox 1787 1439 3373 1518">
    <p class='ocr_par' dir='ltr' id='par_1_25' title="bbox 1787 1439 3373 1518">
     <span class='ocr_line' id='line_1_25' title="bbox 1787 1439 3373 1518; baseline -0.007 -16"><span class='ocrx_word' id='word_1_208' title='bbox 1787 1447 2062 1503; x_wconf 88' lang='lat' dir='ltr'>bibamus.</span> <span class='ocrx_word' id='word_1_209' title='bbox 2094 1449 2202 1503; x_wconf 90' lang='lat' dir='ltr'>Sed</span> <span class='ocrx_word' id='word_1_210' title='bbox 2227 1447 2412 1518; x_wconf 89' lang='lat' dir='ltr'>potius</span> <span class='ocrx_word' id='word_1_211' title='bbox 2435 1445 2492 1498; x_wconf 93' lang='lat' dir='ltr'>id</span> <span class='ocrx_word' id='word_1_212' title='bbox 2504 1443 2785 1497; x_wconf 88' lang='lat' dir='ltr'>credimus</span> <span class='ocrx_word' id='word_1_213' title='bbox 2801 1441 2948 1511; x_wconf 89' lang='lat' dir='ltr'>quod</span> <span class='ocrx_word' id='word_1_214' title='bbox 2967 1456 3081 1494; x_wconf 91' lang='lat' dir='ltr'>non</span> <span class='ocrx_word' id='word_1_215' title='bbox 3097 1439 3373 1500; x_wconf 88' lang='lat' dir='ltr'>videmus,</span> 
     </span>
    </p>
   </div>
   <div class='ocr_carea' id='block_1_26' title="bbox 1785 1528 3374 1605">
    <p class='ocr_par' dir='ltr' id='par_1_26' title="bbox 1785 1528 3374 1605">
     <span class='ocr_line' id='line_1_26' title="bbox 1785 1528 3374 1605; baseline -0.006 -15"><span class='ocrx_word' id='word_1_216' title='bbox 1785 1541 1850 1590; x_wconf 91' lang='lat' dir='ltr'>ut</span> <span class='ocrx_word' id='word_1_217' title='bbox 1877 1538 2060 1591; x_wconf 89' lang='lat' dir='ltr'>valeat</span> <span class='ocrx_word' id='word_1_218' title='bbox 2084 1553 2203 1591; x_wconf 89' lang='lat' dir='ltr'>esse</span> <span class='ocrx_word' id='word_1_219' title='bbox 2235 1536 2392 1601; x_wconf 87' lang='lat' dir='ltr'>ﬁdes,</span> <span class='ocrx_word' id='word_1_220' title='bbox 2409 1551 2531 1605; x_wconf 68' lang='lat' dir='ltr'>quae</span> <span class='ocrx_word' id='word_1_221' title='bbox 2559 1548 2673 1586; x_wconf 91' lang='lat' dir='ltr'>non</span> <span class='ocrx_word' id='word_1_222' title='bbox 2702 1534 2888 1601; x_wconf 86' lang='lat' dir='ltr'>potest</span> <span class='ocrx_word' id='word_1_223' title='bbox 2909 1545 3049 1589; x_wconf 81' lang='lat' dir='ltr'>esse.</span> <span class='ocrx_word' id='word_1_224' title='bbox 3074 1528 3122 1582; x_wconf 91' lang='lat' dir='ltr'>si</span> <span class='ocrx_word' id='word_1_225' title='bbox 3145 1544 3235 1581; x_wconf 91' lang='lat' dir='ltr'>res</span> <span class='ocrx_word' id='word_1_226' title='bbox 3251 1543 3374 1597; x_wconf 84' lang='lat' dir='ltr'>quae</span> 
     </span>
    </p>
   </div>
   <div class='ocr_carea' id='block_1_27' title="bbox 1784 1615 3373 1696">
    <p class='ocr_par' dir='ltr' id='par_1_27' title="bbox 1784 1615 3373 1696">
     <span class='ocr_line' id='line_1_27' title="bbox 1784 1615 3373 1696; baseline -0.007 -17"><span class='ocrx_word' id='word_1_227' title='bbox 1784 1626 2091 1680; x_wconf 90' lang='lat' dir='ltr'>creduntur</span> <span class='ocrx_word' id='word_1_228' title='bbox 2117 1623 2498 1696; x_wconf 88' lang='lat' dir='ltr'>corporalibus</span> <span class='ocrx_word' id='word_1_229' title='bbox 2539 1619 2797 1675; x_wconf 90' lang='lat' dir='ltr'>sensibus</span> <span class='ocrx_word' id='word_1_230' title='bbox 2833 1617 3149 1672; x_wconf 90' lang='lat' dir='ltr'>constiterit</span> <span class='ocrx_word' id='word_1_231' title='bbox 3177 1615 3373 1685; x_wconf 88' lang='lat' dir='ltr'>subja-</span> 
     </span>
    </p>
   </div>
   <div class='ocr_carea' id='block_1_28' title="bbox 1782 1701 3376 1784">
    <p class='ocr_par' dir='ltr' id='par_1_28' title="bbox 1782 1701 3376 1784">
     <span class='ocr_line' id='line_1_28' title="bbox 1782 1701 3376 1784; baseline -0.006 -19"><span class='ocrx_word' id='word_1_232' title='bbox 1782 1729 1925 1767; x_wconf 90' lang='lat' dir='ltr'>cere.</span> <span class='ocrx_word' id='word_1_233' title='bbox 1966 1714 2127 1768; x_wconf 92' lang='lat' dir='ltr'>Unde</span> <span class='ocrx_word' id='word_1_234' title='bbox 2155 1728 2435 1784; x_wconf 86' lang='lat' dir='ltr'>exponens</span> <span class='ocrx_word' id='word_1_235' title='bbox 2466 1708 2614 1780; x_wconf 92' lang='lat' dir='ltr'>quod</span> <span class='ocrx_word' id='word_1_236' title='bbox 2647 1706 2881 1761; x_wconf 90' lang='lat' dir='ltr'>obscure</span> <span class='ocrx_word' id='word_1_237' title='bbox 2907 1703 3130 1776; x_wconf 87' lang='lat' dir='ltr'>posuit:</span> <span class='ocrx_word' id='word_1_238' title='bbox 3164 1721 3194 1754; x_wconf 75' lang='grc' dir='ltr'><strong>ί(</strong></span> <span class='ocrx_word' id='word_1_239' title='bbox 3222 1703 3292 1757; x_wconf 89' lang='lat' dir='ltr'>Et</span> <span class='ocrx_word' id='word_1_240' title='bbox 3326 1701 3376 1757; x_wconf 90' lang='lat' dir='ltr'>si</span> 
     </span>
    </p>
   </div>
   <div class='ocr_carea' id='block_1_29' title="bbox 115 1791 3370 1891">
    <p class='ocr_par' dir='ltr' id='par_1_29' title="bbox 115 1791 3370 1882">
     <span class='ocr_line' id='line_1_29' title="bbox 115 1791 3370 1882; baseline -0.001 -34"><span class='ocrx_word' id='word_1_241' title='bbox 115 1803 358 1850; x_wconf 87' lang='lat' dir='ltr'>converto</span> <span class='ocrx_word' id='word_1_242' title='bbox 384 1813 480 1850; x_wconf 90' lang='lat' dir='ltr'>me</span> <span class='ocrx_word' id='word_1_243' title='bbox 509 1797 580 1850; x_wconf 88' lang='lat' dir='ltr'>ad</span> <span class='ocrx_word' id='word_1_244' title='bbox 614 1798 918 1865; x_wconf 90' lang='lat' dir='ltr'>Christum,</span> <span class='ocrx_word' id='word_1_245' title='bbox 945 1800 1075 1870; x_wconf 89' lang='lat' dir='ltr'>quia</span> <span class='ocrx_word' id='word_1_246' title='bbox 1097 1800 1283 1870; x_wconf 90' lang='lat' dir='ltr'>ipsum</span> <span class='ocrx_word' id='word_1_247' title='bbox 1308 1817 1495 1871; x_wconf 77' lang='lat' dir='ltr'>quaero</span> <span class='ocrx_word' id='word_1_248' title='bbox 1523 1801 1614 1854; x_wconf 89' lang='lat' dir='ltr'>hic</span> <span class='ocrx_word' id='word_1_249' title='bbox 1643 1809 1763 1882; x_wconf 83' lang='lat' dir='ltr'>etB</span> <span class='ocrx_word' id='word_1_250' title='bbox 1781 1818 2005 1856; x_wconf 89' lang='lat' dir='ltr'>necesse</span> <span class='ocrx_word' id='word_1_251' title='bbox 2037 1807 2138 1867; x_wconf 92' lang='lat' dir='ltr'>est,</span> <span class='ocrx_word' id='word_1_252' title='bbox 2173 1818 2200 1854; x_wconf 68' lang='grc' dir='ltr'>υ</span> <span class='ocrx_word' id='word_1_253' title='bbox 2243 1801 2445 1870; x_wconf 90' lang='lat' dir='ltr'>inquit,</span> <span class='ocrx_word' id='word_1_254' title='bbox 2483 1816 2510 1849; x_wconf 70' lang='grc' dir='ltr'>α</span> <span class='ocrx_word' id='word_1_255' title='bbox 2562 1796 2702 1850; x_wconf 90' lang='lat' dir='ltr'>illud</span> <span class='ocrx_word' id='word_1_256' title='bbox 2749 1794 3043 1848; x_wconf 90' lang='lat' dir='ltr'>visibiliter</span> <span class='ocrx_word' id='word_1_257' title='bbox 3079 1791 3370 1859; x_wconf 88' lang='lat' dir='ltr'>celebrari,</span> 
     </span>
    </p>
   </div>
   <div class='ocr_carea' id='block_1_30' title="bbox 114 1880 3374 1960">
    <p class='ocr_par' dir='ltr' id='par_1_30' title="bbox 114 1880 3374 1960">
     <span class='ocr_line' id='line_1_30' title="bbox 114 1880 3374 1960; baseline 0 -26"><span class='ocrx_word' id='word_1_258' title='bbox 114 1882 316 1937; x_wconf 84' lang='lat' dir='ltr'>invenio</span> <span class='ocrx_word' id='word_1_259' title='bbox 338 1886 624 1955; x_wconf 90' lang='lat' dir='ltr'>quomodo</span> <span class='ocrx_word' id='word_1_260' title='bbox 652 1887 774 1940; x_wconf 91' lang='lat' dir='ltr'>sine</span> <span class='ocrx_word' id='word_1_261' title='bbox 794 1887 1085 1957; x_wconf 88' lang='lat' dir='ltr'>impietate</span> <span class='ocrx_word' id='word_1_262' title='bbox 1105 1889 1370 1942; x_wconf 88' lang='lat' dir='ltr'>adoretur</span> <span class='ocrx_word' id='word_1_263' title='bbox 1389 1895 1560 1954; x_wconf 89' lang='lat' dir='ltr'>terra,</span> <span class='ocrx_word' id='word_1_264' title='bbox 1578 1889 1697 1944; x_wconf 87' lang='lat' dir='ltr'>sine</span> <span class='ocrx_word' id='word_1_265' title='bbox 1715 1880 1755 1882; x_wconf 67' lang='lat'>_</span> <span class='ocrx_word' id='word_1_266' title='bbox 1780 1895 2000 1960; x_wconf 90' lang='lat' dir='ltr'>oportet</span> <span class='ocrx_word' id='word_1_267' title='bbox 2029 1896 2220 1944; x_wconf 88' lang='lat' dir='ltr'>tamen</span> <span class='ocrx_word' id='word_1_268' title='bbox 2244 1886 2600 1942; x_wconf 90' lang='lat' dir='ltr'>invisibiliter</span> <span class='ocrx_word' id='word_1_269' title='bbox 2628 1882 2885 1952; x_wconf 83' lang='lat' dir='ltr'>intelligi.</span> <span class='ocrx_word' id='word_1_270' title='bbox 2905 1900 2933 1935; x_wconf 72' lang='grc' dir='ltr'>ι)</span> <span class='ocrx_word' id='word_1_271' title='bbox 2966 1880 3374 1935; x_wconf 87' lang='lat' dir='ltr'>Existimabant</span> 
     </span>
    </p>
   </div>
   <div class='ocr_carea' id='block_1_31' title="bbox 115 1970 1698 2049">
    <p class='ocr_par' dir='ltr' id='par_1_31' title="bbox 115 1970 1698 2049">
     <span class='ocr_line' id='line_1_31' title="bbox 115 1970 1698 2049; baseline 0.005 -25"><span class='ocrx_word' id='word_1_272' title='bbox 115 1970 386 2042; x_wconf 88' lang='lat' dir='ltr'>impietate</span> <span class='ocrx_word' id='word_1_273' title='bbox 417 1974 690 2028; x_wconf 89' lang='lat' dir='ltr'>adoretur</span> <span class='ocrx_word' id='word_1_274' title='bbox 717 1975 1021 2029; x_wconf 90' lang='lat' dir='ltr'>scabellum</span> <span class='ocrx_word' id='word_1_275' title='bbox 1051 1977 1256 2046; x_wconf 91' lang='lat' dir='ltr'>pedum</span> <span class='ocrx_word' id='word_1_276' title='bbox 1278 1979 1418 2046; x_wconf 91' lang='lat' dir='ltr'>ejus.</span> <span class='ocrx_word' id='word_1_277' title='bbox 1441 1979 1698 2049; x_wconf 92' lang='lat' dir='ltr'>Suscepit</span> 
     </span>
    </p>
   </div>
   <div class='ocr_carea' id='block_1_32' title="bbox 114 2060 1694 2134">
    <p class='ocr_par' dir='ltr' id='par_1_32' title="bbox 114 2060 1694 2134">
     <span class='ocr_line' id='line_1_32' title="bbox 114 2060 1694 2134; baseline 0.005 -21"><span class='ocrx_word' id='word_1_278' title='bbox 114 2060 248 2114; x_wconf 90' lang='lat' dir='ltr'>enim</span> <span class='ocrx_word' id='word_1_279' title='bbox 276 2062 344 2115; x_wconf 91' lang='lat' dir='ltr'>de</span> <span class='ocrx_word' id='word_1_280' title='bbox 371 2067 533 2116; x_wconf 88' lang='lat' dir='ltr'>terra</span> <span class='ocrx_word' id='word_1_281' title='bbox 567 2068 797 2131; x_wconf 89' lang='lat' dir='ltr'>terram,</span> <span class='ocrx_word' id='word_1_282' title='bbox 829 2065 960 2134; x_wconf 88' lang='lat' dir='ltr'>quia</span> <span class='ocrx_word' id='word_1_283' title='bbox 990 2081 1118 2120; x_wconf 89' lang='lat' dir='ltr'>caro</span> <span class='ocrx_word' id='word_1_284' title='bbox 1147 2067 1216 2120; x_wconf 90' lang='lat' dir='ltr'>de</span> <span class='ocrx_word' id='word_1_285' title='bbox 1245 2072 1400 2120; x_wconf 90' lang='lat' dir='ltr'>terra</span> <span class='ocrx_word' id='word_1_286' title='bbox 1429 2072 1533 2133; x_wconf 91' lang='lat' dir='ltr'>est,</span> <span class='ocrx_word' id='word_1_287' title='bbox 1551 2067 1694 2121; x_wconf 91' lang='lat' dir='ltr'>etde</span> 
     </span>
    </p>
   </div>
   <div class='ocr_carea' id='block_1_33' title="bbox 113 2151 1694 2226">
    <p class='ocr_par' dir='ltr' id='par_1_33' title="bbox 113 2151 1694 2226">
     <span class='ocr_line' id='line_1_33' title="bbox 113 2151 1694 2226; baseline 0.005 -25"><span class='ocrx_word' id='word_1_288' title='bbox 113 2164 262 2202; x_wconf 88' lang='lat' dir='ltr'>carne</span> <span class='ocrx_word' id='word_1_289' title='bbox 286 2151 481 2205; x_wconf 65' lang='lat' dir='ltr'>Maria:</span> <span class='ocrx_word' id='word_1_290' title='bbox 512 2167 740 2206; x_wconf 89' lang='lat' dir='ltr'>carnem</span> <span class='ocrx_word' id='word_1_291' title='bbox 771 2153 1003 2224; x_wconf 89' lang='lat' dir='ltr'>accepit,</span> <span class='ocrx_word' id='word_1_292' title='bbox 1032 2159 1088 2208; x_wconf 91' lang='lat' dir='ltr'>et</span> <span class='ocrx_word' id='word_1_293' title='bbox 1120 2155 1251 2224; x_wconf 88' lang='lat' dir='ltr'>quia</span> <span class='ocrx_word' id='word_1_294' title='bbox 1279 2156 1338 2208; x_wconf 89' lang='lat' dir='ltr'>in</span> <span class='ocrx_word' id='word_1_295' title='bbox 1368 2155 1492 2226; x_wconf 92' lang='lat' dir='ltr'>ipsa</span> <span class='ocrx_word' id='word_1_296' title='bbox 1525 2172 1694 2209; x_wconf 90' lang='lat' dir='ltr'>carne</span> 
     </span>
    </p>
   </div>
   <div class='ocr_carea' id='block_1_34' title="bbox 114 2237 1692 2311">
    <p class='ocr_par' dir='ltr' id='par_1_34' title="bbox 114 2237 1692 2311">
     <span class='ocr_line' id='line_1_34' title="bbox 114 2237 1692 2311; baseline 0.006 -23"><span class='ocrx_word' id='word_1_297' title='bbox 114 2237 188 2289; x_wconf 85' lang='lat' dir='ltr'>hic</span> <span class='ocrx_word' id='word_1_298' title='bbox 220 2238 550 2306; x_wconf 88' lang='lat' dir='ltr'>ambulavit,</span> <span class='ocrx_word' id='word_1_299' title='bbox 588 2246 644 2293; x_wconf 88' lang='lat' dir='ltr'>et</span> <span class='ocrx_word' id='word_1_300' title='bbox 671 2241 850 2311; x_wconf 88' lang='lat' dir='ltr'>ipsam</span> <span class='ocrx_word' id='word_1_301' title='bbox 890 2257 1116 2296; x_wconf 89' lang='lat' dir='ltr'>carnem</span> <span class='ocrx_word' id='word_1_302' title='bbox 1155 2242 1314 2297; x_wconf 89' lang='lat' dir='ltr'>nobis</span> <span class='ocrx_word' id='word_1_303' title='bbox 1343 2244 1413 2296; x_wconf 90' lang='lat' dir='ltr'>ad</span> <span class='ocrx_word' id='word_1_304' title='bbox 1452 2244 1692 2298; x_wconf 89' lang='lat' dir='ltr'>mandu-</span> 
     </span>
    </p>
   </div>
   <div class='ocr_carea' id='block_1_35' title="bbox 114 2325 1692 2385">
    <p class='ocr_par' dir='ltr' id='par_1_35' title="bbox 114 2325 1692 2385">
     <span class='ocr_line' id='line_1_35' title="bbox 114 2325 1692 2385; baseline 0.005 -8"><span class='ocrx_word' id='word_1_305' title='bbox 114 2325 333 2380; x_wconf 86' lang='lat' dir='ltr'>candum</span> <span class='ocrx_word' id='word_1_306' title='bbox 373 2329 447 2381; x_wconf 90' lang='lat' dir='ltr'>ad</span> <span class='ocrx_word' id='word_1_307' title='bbox 489 2329 731 2383; x_wconf 89' lang='lat' dir='ltr'>salutem</span> <span class='ocrx_word' id='word_1_308' title='bbox 762 2330 936 2384; x_wconf 89' lang='lat' dir='ltr'>dedit.</span> <span class='ocrx_word' id='word_1_309' title='bbox 963 2332 1140 2384; x_wconf 89' lang='lat' dir='ltr'>Nemo</span> <span class='ocrx_word' id='word_1_310' title='bbox 1170 2337 1358 2385; x_wconf 88' lang='lat' dir='ltr'>autem</span> <span class='ocrx_word' id='word_1_311' title='bbox 1389 2333 1544 2385; x_wconf 88' lang='lat' dir='ltr'>illam</span> <span class='ocrx_word' id='word_1_312' title='bbox 1569 2349 1692 2385; x_wconf 85' lang='lat' dir='ltr'>ear-</span> 
     </span>
    </p>
   </div>
   <div class='ocr_carea' id='block_1_36' title="bbox 115 2416 1695 2488">
    <p class='ocr_par' dir='ltr' id='par_1_36' title="bbox 115 2416 1695 2488">
     <span class='ocr_line' id='line_1_36' title="bbox 115 2416 1695 2488; baseline 0.006 -22"><span class='ocrx_word' id='word_1_313' title='bbox 115 2429 225 2467; x_wconf 89' lang='lat' dir='ltr'>nem</span> <span class='ocrx_word' id='word_1_314' title='bbox 251 2416 579 2480; x_wconf 88' lang='lat' dir='ltr'>manducat,</span> <span class='ocrx_word' id='word_1_315' title='bbox 609 2417 717 2472; x_wconf 89' lang='lat' dir='ltr'>nisi</span> <span class='ocrx_word' id='word_1_316' title='bbox 746 2418 900 2488; x_wconf 89' lang='lat' dir='ltr'>prius</span> <span class='ocrx_word' id='word_1_317' title='bbox 930 2419 1262 2473; x_wconf 91' lang='lat' dir='ltr'>adoraverit.</span> <span class='ocrx_word' id='word_1_318' title='bbox 1288 2421 1583 2474; x_wconf 90' lang='lat' dir='ltr'>Inventum</span> <span class='ocrx_word' id='word_1_319' title='bbox 1610 2427 1695 2475; x_wconf 89' lang='lat' dir='ltr'>est</span> 
     </span>
    </p>
   </div>
   <div class='ocr_carea' id='block_1_37' title="bbox 115 2505 1693 2578">
    <p class='ocr_par' dir='ltr' id='par_1_37' title="bbox 115 2505 1693 2578">
     <span class='ocr_line' id='line_1_37' title="bbox 115 2505 1693 2578; baseline 0.005 -23"><span class='ocrx_word' id='word_1_320' title='bbox 115 2505 572 2570; x_wconf 89' lang='lat' dir='ltr'>quemadmodum</span> <span class='ocrx_word' id='word_1_321' title='bbox 601 2507 868 2561; x_wconf 88' lang='lat' dir='ltr'>adoretur</span> <span class='ocrx_word' id='word_1_322' title='bbox 893 2507 1006 2561; x_wconf 91' lang='lat' dir='ltr'>tale</span> <span class='ocrx_word' id='word_1_323' title='bbox 1037 2507 1338 2562; x_wconf 90' lang='lat' dir='ltr'>scabellum</span> <span class='ocrx_word' id='word_1_324' title='bbox 1362 2509 1566 2578; x_wconf 88' lang='lat' dir='ltr'>pedum</span> <span class='ocrx_word' id='word_1_325' title='bbox 1588 2509 1693 2562; x_wconf 91' lang='lat' dir='ltr'>Do-</span> 
     </span>
    </p>
   </div>
   <div class='ocr_carea' id='block_1_38' title="bbox 1777 1968 3372 2049">
    <p class='ocr_par' dir='ltr' id='par_1_38' title="bbox 1777 1968 3372 2049">
     <span class='ocr_line' id='line_1_38' title="bbox 1777 1968 3372 2049; baseline -0.008 -16"><span class='ocrx_word' id='word_1_326' title='bbox 1777 1995 2022 2049; x_wconf 89' lang='lat' dir='ltr'>namque</span> <span class='ocrx_word' id='word_1_327' title='bbox 2053 1978 2203 2049; x_wconf 90' lang='lat' dir='ltr'>quod</span> <span class='ocrx_word' id='word_1_328' title='bbox 2233 1976 2565 2048; x_wconf 76' lang='lat' dir='ltr'>praeciperet</span> <span class='ocrx_word' id='word_1_329' title='bbox 2591 1972 2670 2026; x_wconf 91' lang='lat' dir='ltr'>eis</span> <span class='ocrx_word' id='word_1_330' title='bbox 2699 1970 2990 2035; x_wconf 91' lang='lat' dir='ltr'>Dominus,</span> <span class='ocrx_word' id='word_1_331' title='bbox 3023 1973 3126 2023; x_wconf 91' lang='lat' dir='ltr'>aut</span> <span class='ocrx_word' id='word_1_332' title='bbox 3151 1968 3372 2022; x_wconf 89' lang='lat' dir='ltr'>bestiali</span> 
     </span>
    </p>
   </div>
   <div class='ocr_carea' id='block_1_39' title="bbox 1777 2055 3367 2133">
    <p class='ocr_par' dir='ltr' id='par_1_39' title="bbox 1777 2055 3367 2133">
     <span class='ocr_line' id='line_1_39' title="bbox 1777 2055 3367 2133; baseline -0.006 -13"><span class='ocrx_word' id='word_1_333' title='bbox 1777 2083 1952 2132; x_wconf 92' lang='lat' dir='ltr'>more,</span> <span class='ocrx_word' id='word_1_334' title='bbox 1985 2072 2084 2122; x_wconf 88' lang='lat' dir='ltr'>aut</span> <span class='ocrx_word' id='word_1_335' title='bbox 2101 2068 2366 2129; x_wconf 89' lang='lat' dir='ltr'>humano,</span> <span class='ocrx_word' id='word_1_336' title='bbox 2387 2079 2587 2133; x_wconf 92' lang='lat' dir='ltr'>corpus</span> <span class='ocrx_word' id='word_1_337' title='bbox 2598 2059 2890 2114; x_wconf 89' lang='lat' dir='ltr'>comedere</span> <span class='ocrx_word' id='word_1_338' title='bbox 2914 2057 3064 2128; x_wconf 90' lang='lat' dir='ltr'>quod</span> <span class='ocrx_word' id='word_1_339' title='bbox 3081 2055 3367 2122; x_wconf 88' lang='lat' dir='ltr'>videbant,</span> 
     </span>
    </p>
   </div>
   <div class='ocr_carea' id='block_1_40' title="bbox 1775 2145 3371 2223">
    <p class='ocr_par' dir='ltr' id='par_1_40' title="bbox 1775 2145 3371 2223">
     <span class='ocr_line' id='line_1_40' title="bbox 1775 2145 3371 2223; baseline -0.008 -13"><span class='ocrx_word' id='word_1_340' title='bbox 1775 2161 1874 2209; x_wconf 92' lang='lat' dir='ltr'>aut</span> <span class='ocrx_word' id='word_1_341' title='bbox 1883 2155 2072 2209; x_wconf 90' lang='lat' dir='ltr'>bibere</span> <span class='ocrx_word' id='word_1_342' title='bbox 2082 2153 2414 2223; x_wconf 89' lang='lat' dir='ltr'>sanguinem</span> <span class='ocrx_word' id='word_1_343' title='bbox 2428 2167 2594 2222; x_wconf 90' lang='lat' dir='ltr'>quem</span> <span class='ocrx_word' id='word_1_344' title='bbox 2606 2151 3005 2219; x_wconf 88' lang='lat' dir='ltr'>persequentes</span> <span class='ocrx_word' id='word_1_345' title='bbox 3015 2145 3195 2199; x_wconf 84' lang='lat' dir='ltr'>fusuri</span> <span class='ocrx_word' id='word_1_346' title='bbox 3208 2150 3371 2198; x_wconf 87' lang='lat' dir='ltr'>erant</span> 
     </span>
    </p>
   </div>
   <div class='ocr_carea' id='block_1_41' title="bbox 1773 2230 3368 2306">
    <p class='ocr_par' dir='ltr' id='par_1_41' title="bbox 1773 2230 3368 2306">
     <span class='ocr_line' id='line_1_41' title="bbox 1773 2230 3368 2306; baseline -0.008 -9"><span class='ocrx_word' id='word_1_347' title='bbox 1773 2243 1878 2296; x_wconf 93' lang='lat' dir='ltr'>hoc</span> <span class='ocrx_word' id='word_1_348' title='bbox 1907 2248 1992 2296; x_wconf 90' lang='lat' dir='ltr'>est</span> <span class='ocrx_word' id='word_1_349' title='bbox 2011 2247 2110 2296; x_wconf 90' lang='lat' dir='ltr'>aut</span> <span class='ocrx_word' id='word_1_350' title='bbox 2127 2240 2384 2302; x_wconf 89' lang='lat' dir='ltr'>crudum,</span> <span class='ocrx_word' id='word_1_351' title='bbox 2406 2243 2505 2292; x_wconf 88' lang='lat' dir='ltr'>aut</span> <span class='ocrx_word' id='word_1_352' title='bbox 2523 2253 2671 2306; x_wconf 88' lang='lat' dir='ltr'>aqua</span> <span class='ocrx_word' id='word_1_353' title='bbox 2691 2240 2931 2299; x_wconf 91' lang='lat' dir='ltr'>coctum,</span> <span class='ocrx_word' id='word_1_354' title='bbox 2945 2238 3045 2287; x_wconf 88' lang='lat' dir='ltr'>aut</span> <span class='ocrx_word' id='word_1_355' title='bbox 3069 2230 3368 2286; x_wconf 89' lang='lat' dir='ltr'>subtractis</span> 
     </span>
    </p>
   </div>
   <div class='ocr_carea' id='block_1_42' title="bbox 1776 2322 3369 2386">
    <p class='ocr_par' dir='ltr' id='par_1_42' title="bbox 1776 2322 3369 2386">
     <span class='ocr_line' id='line_1_42' title="bbox 1776 2322 3369 2386; baseline -0.008 0"><span class='ocrx_word' id='word_1_356' title='bbox 1776 2331 2109 2386; x_wconf 86' lang='lat' dir='ltr'>carbonibus</span> <span class='ocrx_word' id='word_1_357' title='bbox 2139 2331 2195 2383; x_wconf 90' lang='lat' dir='ltr'>in</span> <span class='ocrx_word' id='word_1_358' title='bbox 2219 2327 2459 2382; x_wconf 89' lang='lat' dir='ltr'>verubus</span> <span class='ocrx_word' id='word_1_359' title='bbox 2479 2325 2852 2380; x_wconf 89' lang='lat' dir='ltr'>assum.Hanc</span> <span class='ocrx_word' id='word_1_360' title='bbox 2871 2322 3154 2375; x_wconf 88' lang='lat' dir='ltr'>carnalem</span> <span class='ocrx_word' id='word_1_361' title='bbox 3173 2336 3369 2374; x_wconf 90' lang='lat' dir='ltr'>eorum</span> 
     </span>
    </p>
   </div>
   <div class='ocr_carea' id='block_1_43' title="bbox 1775 2407 3369 2488">
    <p class='ocr_par' dir='ltr' id='par_1_43' title="bbox 1775 2407 3369 2488">
     <span class='ocr_line' id='line_1_43' title="bbox 1775 2407 3369 2488; baseline -0.008 -15"><span class='ocrx_word' id='word_1_362' title='bbox 1775 2419 2205 2488; x_wconf 88' lang='lat' dir='ltr'>intelligentiam</span> <span class='ocrx_word' id='word_1_363' title='bbox 2249 2417 2592 2484; x_wconf 90' lang='lat' dir='ltr'>redarguens</span> <span class='ocrx_word' id='word_1_364' title='bbox 2630 2411 2920 2477; x_wconf 91' lang='lat' dir='ltr'>Dominus,</span> <span class='ocrx_word' id='word_1_365' title='bbox 2961 2410 3020 2464; x_wconf 94' lang='lat' dir='ltr'>in</span> <span class='ocrx_word' id='word_1_366' title='bbox 3068 2407 3369 2478; x_wconf 89' lang='lat' dir='ltr'>Evangelio</span> 
     </span>
    </p>
   </div>
   <div class='ocr_carea' id='block_1_44' title="bbox 1774 2499 3368 2569">
    <p class='ocr_par' dir='ltr' id='par_1_44' title="bbox 1774 2499 3368 2569">
     <span class='ocr_line' id='line_1_44' title="bbox 1774 2499 3368 2569; baseline -0.007 -9"><span class='ocrx_word' id='word_1_367' title='bbox 1774 2507 2080 2561; x_wconf 89' lang='lat' dir='ltr'>secundum</span> <span class='ocrx_word' id='word_1_368' title='bbox 2102 2502 2542 2569; x_wconf 89' lang='lat' dir='ltr'>Joannem,dixit</span> <span class='ocrx_word' id='word_1_369' title='bbox 2566 2518 2577 2553; x_wconf 94' lang='lat'><strong>:</strong></span> <span class='ocrx_word' id='word_1_370' title='bbox 2606 2501 2852 2568; x_wconf 75' lang='lat' dir='ltr'>Spiritus</span> <span class='ocrx_word' id='word_1_371' title='bbox 2881 2499 3076 2565; x_wconf 72' lang='lat' dir='ltr'>estqui</span> <span class='ocrx_word' id='word_1_372' title='bbox 3103 2499 3368 2564; x_wconf 68' lang='lat' dir='ltr'>vivi/teat;</span> 
     </span>
    </p>
   </div>
   <div class='ocr_carea' id='block_1_45' title="bbox 1773 2582 3359 2660">
    <p class='ocr_par' dir='ltr' id='par_1_45' title="bbox 1773 2582 3359 2660">
     <span class='ocr_line' id='line_1_45' title="bbox 1773 2582 3359 2660; baseline -0.004 -12"><span class='ocrx_word' id='word_1_373' title='bbox 1773 2611 1901 2648; x_wconf 85' lang='lat' dir='ltr'>caro</span> <span class='ocrx_word' id='word_1_374' title='bbox 1931 2600 2116 2648; x_wconf 81' lang='lat' dir='ltr'>autem</span> <span class='ocrx_word' id='word_1_375' title='bbox 2155 2610 2268 2647; x_wconf 82' lang='lat' dir='ltr'>non</span> <span class='ocrx_word' id='word_1_376' title='bbox 2315 2594 2527 2660; x_wconf 81' lang='lat' dir='ltr'>prodest</span> <span class='ocrx_word' id='word_1_377' title='bbox 2564 2591 2869 2658; x_wconf 75' lang='lat' dir='ltr'>quidquam</span> <span class='ocrx_word' id='word_1_378' title='bbox 2909 2585 3092 2654; x_wconf 73' lang='lat' dir='ltr'>(Joan.</span> <span class='ocrx_word' id='word_1_379' title='bbox 3131 2599 3208 2651; x_wconf 84' lang='lat' dir='ltr'>v1,</span> <span class='ocrx_word' id='word_1_380' title='bbox 3242 2582 3359 2655; x_wconf 82' lang='grc'>64).</span> 
     </span>
    </p>
   </div>
   <div class='ocr_carea' id='block_1_46' title="bbox 1771 2673 3368 2753">
    <p class='ocr_par' dir='ltr' id='par_1_46' title="bbox 1771 2673 3368 2753">
     <span class='ocr_line' id='line_1_46' title="bbox 1771 2673 3368 2753; baseline -0.008 -16"><span class='ocrx_word' id='word_1_381' title='bbox 1771 2683 1930 2745; x_wconf 89' lang='lat' dir='ltr'>Quod</span> <span class='ocrx_word' id='word_1_382' title='bbox 1958 2698 2237 2753; x_wconf 85' lang='lat' dir='ltr'>exponens</span> <span class='ocrx_word' id='word_1_383' title='bbox 2265 2680 2463 2734; x_wconf 91' lang='lat' dir='ltr'>beatus</span> <span class='ocrx_word' id='word_1_384' title='bbox 2486 2677 2836 2747; x_wconf 84' lang='lat' dir='ltr'>Augustinus</span> <span class='ocrx_word' id='word_1_385' title='bbox 2863 2675 2922 2728; x_wconf 93' lang='lat' dir='ltr'>in</span> <span class='ocrx_word' id='word_1_386' title='bbox 2952 2673 3216 2727; x_wconf 91' lang='lat' dir='ltr'>vicesima</span> <span class='ocrx_word' id='word_1_387' title='bbox 3243 2689 3368 2743; x_wconf 90' lang='lat' dir='ltr'>sep-</span> 
     </span>
    </p>
   </div>
   <div class='ocr_carea' id='block_1_47' title="bbox 1769 2761 3366 2841">
    <p class='ocr_par' dir='ltr' id='par_1_47' title="bbox 1769 2761 3366 2841">
     <span class='ocr_line' id='line_1_47' title="bbox 1769 2761 3366 2841; baseline -0.008 -15"><span class='ocrx_word' id='word_1_388' title='bbox 1769 2773 1909 2825; x_wconf 90' lang='lat' dir='ltr'>tima</span> <span class='ocrx_word' id='word_1_389' title='bbox 1959 2772 2210 2841; x_wconf 90' lang='lat' dir='ltr'>ejusdem</span> <span class='ocrx_word' id='word_1_390' title='bbox 2263 2767 2547 2838; x_wconf 87' lang='lat' dir='ltr'>Evangelii</span> <span class='ocrx_word' id='word_1_391' title='bbox 2593 2765 2842 2830; x_wconf 89' lang='lat' dir='ltr'>homilia,</span> <span class='ocrx_word' id='word_1_392' title='bbox 2876 2762 2956 2817; x_wconf 90' lang='lat' dir='ltr'>ait</span> <span class='ocrx_word' id='word_1_393' title='bbox 2990 2780 3001 2815; x_wconf 94' lang='lat'>:</span> <span class='ocrx_word' id='word_1_394' title='bbox 3039 2780 3064 2813; x_wconf 89' lang='lat'>«</span> <span class='ocrx_word' id='word_1_395' title='bbox 3095 2761 3242 2826; x_wconf 86' lang='lat' dir='ltr'>Quid</span> <span class='ocrx_word' id='word_1_396' title='bbox 3279 2767 3366 2815; x_wconf 91' lang='lat' dir='ltr'>est</span> 
     </span>
    </p>
   </div>
   <div class='ocr_carea' id='block_1_48' title="bbox 1768 2849 3364 2929">
    <p class='ocr_par' dir='ltr' id='par_1_48' title="bbox 1768 2849 3364 2929">
     <span class='ocr_line' id='line_1_48' title="bbox 1768 2849 3364 2929; baseline -0.008 -15"><span class='ocrx_word' id='word_1_397' title='bbox 1768 2877 1922 2929; x_wconf 90' lang='lat' dir='ltr'>ergo,</span> <span class='ocrx_word' id='word_1_398' title='bbox 1981 2876 2094 2913; x_wconf 93' lang='lat' dir='ltr'>non</span> <span class='ocrx_word' id='word_1_399' title='bbox 2145 2858 2374 2929; x_wconf 84' lang='lat' dir='ltr'>prodest</span> <span class='ocrx_word' id='word_1_400' title='bbox 2420 2856 2726 2926; x_wconf 89' lang='lat' dir='ltr'>quidquam</span> <span class='ocrx_word' id='word_1_401' title='bbox 2765 2852 2933 2906; x_wconf 89' lang='lat' dir='ltr'>caro?</span> <span class='ocrx_word' id='word_1_402' title='bbox 2973 2852 3098 2905; x_wconf 89' lang='lat' dir='ltr'>Non</span> <span class='ocrx_word' id='word_1_403' title='bbox 3135 2849 3364 2920; x_wconf 92' lang='lat' dir='ltr'>prodest</span> 
     </span>
    </p>
   </div>
   <div class='ocr_carea' id='block_1_49' title="bbox 1769 2938 3363 3019">
    <p class='ocr_par' dir='ltr' id='par_1_49' title="bbox 1769 2938 3363 3019">
     <span class='ocr_line' id='line_1_49' title="bbox 1769 2938 3363 3019; baseline -0.008 -17"><span class='ocrx_word' id='word_1_404' title='bbox 1769 2948 2076 3019; x_wconf 84' lang='lat' dir='ltr'>quidquam</span> <span class='ocrx_word' id='word_1_405' title='bbox 2108 2947 2204 3000; x_wconf 91' lang='lat' dir='ltr'>sed</span> <span class='ocrx_word' id='word_1_406' title='bbox 2239 2945 2516 3016; x_wconf 91' lang='lat' dir='ltr'>quomodo</span> <span class='ocrx_word' id='word_1_407' title='bbox 2545 2943 2626 2995; x_wconf 93' lang='lat' dir='ltr'>illi</span> <span class='ocrx_word' id='word_1_408' title='bbox 2654 2941 3050 2995; x_wconf 87' lang='lat' dir='ltr'>intellexerunt</span> <span class='ocrx_word' id='word_1_409' title='bbox 3067 2939 3092 2991; x_wconf 72' lang='grc' dir='ltr'>’ἶ</span> <span class='ocrx_word' id='word_1_410' title='bbox 3119 2938 3363 2991; x_wconf 87' lang='lat' dir='ltr'>Carnem</span> 
     </span>
    </p>
   </div>
   <div class='ocr_carea' id='block_1_50' title="bbox 1769 3025 3362 3106">
    <p class='ocr_par' dir='ltr' id='par_1_50' title="bbox 1769 3025 3362 3106">
     <span class='ocr_line' id='line_1_50' title="bbox 1769 3025 3362 3106; baseline -0.007 -16"><span class='ocrx_word' id='word_1_411' title='bbox 1769 3037 1974 3106; x_wconf 90' lang='lat' dir='ltr'>quippe</span> <span class='ocrx_word' id='word_1_412' title='bbox 2004 3035 2083 3088; x_wconf 89' lang='lat' dir='ltr'>sic</span> <span class='ocrx_word' id='word_1_413' title='bbox 2111 3029 2828 3100; x_wconf 86' lang='lat' dir='ltr'>intellexerunt:quomodo</span> <span class='ocrx_word' id='word_1_414' title='bbox 2857 3028 2916 3080; x_wconf 92' lang='lat' dir='ltr'>in</span> <span class='ocrx_word' id='word_1_415' title='bbox 2929 3027 3196 3079; x_wconf 87' lang='lat' dir='ltr'>cadavere</span> <span class='ocrx_word' id='word_1_416' title='bbox 3216 3025 3362 3079; x_wconf 86' lang='lat' dir='ltr'>dila-</span> 
     </span>
    </p>
   </div>
   <div class='ocr_carea' id='block_1_51' title="bbox 118 2590 1687 2666">
    <p class='ocr_par' dir='ltr' id='par_1_51' title="bbox 118 2590 1687 2666">
     <span class='ocr_line' id='line_1_51' title="bbox 118 2590 1687 2666; baseline 0.004 -23"><span class='ocrx_word' id='word_1_417' title='bbox 118 2590 256 2656; x_wconf 88' lang='lat' dir='ltr'>mini,</span> <span class='ocrx_word' id='word_1_418' title='bbox 296 2598 354 2646; x_wconf 89' lang='lat' dir='ltr'>et</span> <span class='ocrx_word' id='word_1_419' title='bbox 390 2610 508 2647; x_wconf 90' lang='lat' dir='ltr'>non</span> <span class='ocrx_word' id='word_1_420' title='bbox 551 2594 733 2648; x_wconf 89' lang='lat' dir='ltr'>solum</span> <span class='ocrx_word' id='word_1_421' title='bbox 770 2612 883 2650; x_wconf 93' lang='lat' dir='ltr'>non</span> <span class='ocrx_word' id='word_1_422' title='bbox 921 2613 1213 2666; x_wconf 89' lang='lat' dir='ltr'>peccemus</span> <span class='ocrx_word' id='word_1_423' title='bbox 1253 2597 1557 2662; x_wconf 90' lang='lat' dir='ltr'>adorando,</span> <span class='ocrx_word' id='word_1_424' title='bbox 1589 2599 1687 2651; x_wconf 91' lang='lat' dir='ltr'>sed</span> 
     </span>
    </p>
   </div>
   <div class='ocr_carea' id='block_1_52' title="bbox 112 2681 1688 2755">
    <p class='ocr_par' dir='ltr' id='par_1_52' title="bbox 112 2681 1688 2755">
     <span class='ocr_line' id='line_1_52' title="bbox 112 2681 1688 2755; baseline 0.006 -25"><span class='ocrx_word' id='word_1_425' title='bbox 112 2693 380 2746; x_wconf 89' lang='lat' dir='ltr'>peccemus</span> <span class='ocrx_word' id='word_1_426' title='bbox 418 2698 538 2735; x_wconf 90' lang='lat' dir='ltr'>non</span> <span class='ocrx_word' id='word_1_427' title='bbox 575 2681 881 2736; x_wconf 81' lang='lat' dir='ltr'>adoranda.</span> <span class='ocrx_word' id='word_1_428' title='bbox 911 2701 939 2736; x_wconf 68' lang='grc' dir='ltr'><strong><em>ι</em></strong></span> <span class='ocrx_word' id='word_1_429' title='bbox 973 2685 1041 2737; x_wconf 89' lang='lat' dir='ltr'>Et</span> <span class='ocrx_word' id='word_1_430' title='bbox 1067 2685 1234 2754; x_wconf 90' lang='lat' dir='ltr'>paulo</span> <span class='ocrx_word' id='word_1_431' title='bbox 1263 2689 1390 2755; x_wconf 93' lang='lat' dir='ltr'>post</span> <span class='ocrx_word' id='word_1_432' title='bbox 1420 2703 1432 2738; x_wconf 89' lang='lat'><strong>:</strong></span> <span class='ocrx_word' id='word_1_433' title='bbox 1471 2703 1494 2736; x_wconf 83' lang='grc'><strong>«</strong></span> <span class='ocrx_word' id='word_1_434' title='bbox 1534 2685 1688 2740; x_wconf 90' lang='lat' dir='ltr'>Tune</span> 
     </span>
    </p>
   </div>
   <div class='ocr_carea' id='block_1_53' title="bbox 115 2770 1688 2840">
    <p class='ocr_par' dir='ltr' id='par_1_53' title="bbox 115 2770 1688 2840">
     <span class='ocr_line' id='line_1_53' title="bbox 115 2770 1688 2840; baseline 0.006 -21"><span class='ocrx_word' id='word_1_435' title='bbox 115 2774 282 2822; x_wconf 86' lang='lat' dir='ltr'>autem</span> <span class='ocrx_word' id='word_1_436' title='bbox 311 2771 539 2840; x_wconf 86' lang='lat' dir='ltr'>quando</span> <span class='ocrx_word' id='word_1_437' title='bbox 561 2770 665 2824; x_wconf 92' lang='lat' dir='ltr'>hoc</span> <span class='ocrx_word' id='word_1_438' title='bbox 691 2771 964 2826; x_wconf 88' lang='lat' dir='ltr'>Dominus</span> <span class='ocrx_word' id='word_1_439' title='bbox 982 2773 1411 2838; x_wconf 86' lang='lat' dir='ltr'>commendavit,</span> <span class='ocrx_word' id='word_1_440' title='bbox 1436 2773 1505 2826; x_wconf 95' lang='lat' dir='ltr'>de</span> <span class='ocrx_word' id='word_1_441' title='bbox 1519 2790 1688 2828; x_wconf 89' lang='lat' dir='ltr'>carne</span> 
     </span>
    </p>
   </div>
   <div class='ocr_carea' id='block_1_54' title="bbox 112 2857 1686 2932">
    <p class='ocr_par' dir='ltr' id='par_1_54' title="bbox 112 2857 1686 2932">
     <span class='ocr_line' id='line_1_54' title="bbox 112 2857 1686 2932; baseline 0.005 -25"><span class='ocrx_word' id='word_1_442' title='bbox 112 2871 198 2908; x_wconf 88' lang='lat' dir='ltr'>sua</span> <span class='ocrx_word' id='word_1_443' title='bbox 224 2857 439 2912; x_wconf 91' lang='lat' dir='ltr'>locutus</span> <span class='ocrx_word' id='word_1_444' title='bbox 469 2864 613 2926; x_wconf 89' lang='lat' dir='ltr'>erat,</span> <span class='ocrx_word' id='word_1_445' title='bbox 646 2864 703 2912; x_wconf 91' lang='lat' dir='ltr'>et</span> <span class='ocrx_word' id='word_1_446' title='bbox 721 2859 935 2914; x_wconf 86' lang='lat' dir='ltr'>dixerat</span> <span class='ocrx_word' id='word_1_447' title='bbox 957 2879 1010 2914; x_wconf 80' lang='lat' dir='ltr'>:a</span> <span class='ocrx_word' id='word_1_448' title='bbox 1031 2861 1150 2914; x_wconf 90' lang='lat' dir='ltr'>Nisi</span> <span class='ocrx_word' id='word_1_449' title='bbox 1181 2862 1305 2932; x_wconf 89' lang='lat' dir='ltr'>quis</span> <span class='ocrx_word' id='word_1_450' title='bbox 1321 2862 1686 2916; x_wconf 90' lang='lat' dir='ltr'>manducave-</span> 
     </span>
    </p>
   </div>
   <div class='ocr_carea' id='block_1_55' title="bbox 114 2942 1684 3014">
    <p class='ocr_par' dir='ltr' id='par_1_55' title="bbox 114 2942 1684 3014">
     <span class='ocr_line' id='line_1_55' title="bbox 114 2942 1684 3014; baseline 0.006 -19"><span class='ocrx_word' id='word_1_451' title='bbox 114 2942 176 2997; x_wconf 90' lang='lat' dir='ltr'>rit</span> <span class='ocrx_word' id='word_1_452' title='bbox 199 2961 418 3001; x_wconf 88' lang='lat' dir='ltr'>carnem</span> <span class='ocrx_word' id='word_1_453' title='bbox 448 2964 656 3014; x_wconf 90' lang='lat' dir='ltr'>meam,</span> <span class='ocrx_word' id='word_1_454' title='bbox 674 2965 787 3001; x_wconf 91' lang='lat' dir='ltr'>non</span> <span class='ocrx_word' id='word_1_455' title='bbox 806 2948 1032 3002; x_wconf 90' lang='lat' dir='ltr'>habebit</span> <span class='ocrx_word' id='word_1_456' title='bbox 1063 2949 1119 3002; x_wconf 90' lang='lat' dir='ltr'>in</span> <span class='ocrx_word' id='word_1_457' title='bbox 1137 2967 1197 3003; x_wconf 92' lang='lat' dir='ltr'>se</span> <span class='ocrx_word' id='word_1_458' title='bbox 1216 2949 1388 3003; x_wconf 89' lang='lat' dir='ltr'>vitam</span> <span class='ocrx_word' id='word_1_459' title='bbox 1417 2955 1684 3004; x_wconf 69' lang='lat' dir='ltr'>aeternam</span> 
     </span>
    </p>
   </div>
   <div class='ocr_carea' id='block_1_56' title="bbox 115 3033 1684 3109">
    <p class='ocr_par' dir='ltr' id='par_1_56' title="bbox 115 3033 1684 3109">
     <span class='ocr_line' id='line_1_56' title="bbox 115 3033 1684 3109; baseline 0.007 -27"><span class='ocrx_word' id='word_1_460' title='bbox 115 3033 358 3101; x_wconf 82' lang='lat' dir='ltr'>(Joan.v1,</span> <span class='ocrx_word' id='word_1_461' title='bbox 383 3034 494 3105; x_wconf 80' lang='grc'>54).</span> <span class='ocrx_word' id='word_1_462' title='bbox 533 3054 559 3088; x_wconf 81' lang='grc'>))</span> <span class='ocrx_word' id='word_1_463' title='bbox 577 3037 945 3090; x_wconf 88' lang='lat' dir='ltr'>Seandalizati</span> <span class='ocrx_word' id='word_1_464' title='bbox 976 3043 1110 3092; x_wconf 90' lang='lat' dir='ltr'>sunt</span> <span class='ocrx_word' id='word_1_465' title='bbox 1137 3037 1395 3108; x_wconf 90' lang='lat' dir='ltr'>discipuli</span> <span class='ocrx_word' id='word_1_466' title='bbox 1417 3041 1536 3108; x_wconf 89' lang='lat' dir='ltr'>ejus</span> <span class='ocrx_word' id='word_1_467' title='bbox 1559 3040 1684 3109; x_wconf 91' lang='lat' dir='ltr'>qui-</span> 
     </span>
    </p>
   </div>
   <div class='ocr_carea' id='block_1_57' title="bbox 112 3113 3360 3194">
    <p class='ocr_par' dir='ltr' id='par_1_57' title="bbox 112 3113 3360 3194">
     <span class='ocr_line' id='line_1_57' title="bbox 112 3113 3360 3194; baseline -0.003 -19"><span class='ocrx_word' id='word_1_468' title='bbox 112 3117 222 3174; x_wconf 81' lang='lat' dir='ltr'>dam</span> <span class='ocrx_word' id='word_1_469' title='bbox 248 3125 609 3194; x_wconf 87' lang='lat' dir='ltr'>septuaginta</span> <span class='ocrx_word' id='word_1_470' title='bbox 630 3125 823 3190; x_wconf 88' lang='lat' dir='ltr'>ferme,</span> <span class='ocrx_word' id='word_1_471' title='bbox 849 3131 905 3179; x_wconf 92' lang='lat' dir='ltr'>et</span> <span class='ocrx_word' id='word_1_472' title='bbox 925 3127 1188 3181; x_wconf 83' lang='lat' dir='ltr'>dixerunt</span> <span class='ocrx_word' id='word_1_473' title='bbox 1211 3145 1253 3180; x_wconf 71' lang='grc' dir='ltr'>τα</span> <span class='ocrx_word' id='word_1_474' title='bbox 1279 3128 1468 3181; x_wconf 91' lang='lat' dir='ltr'>Durus</span> <span class='ocrx_word' id='word_1_475' title='bbox 1488 3133 1574 3181; x_wconf 91' lang='lat' dir='ltr'>est</span> <span class='ocrx_word' id='word_1_476' title='bbox 1592 3128 1681 3182; x_wconf 92' lang='lat' dir='ltr'>hic</span> <span class='ocrx_word' id='word_1_477' title='bbox 1698 3133 1741 3193; x_wconf 75' lang='grc' dir='ltr'>α</span> <span class='ocrx_word' id='word_1_478' title='bbox 1765 3125 1972 3190; x_wconf 89' lang='lat' dir='ltr'>niatur,</span> <span class='ocrx_word' id='word_1_479' title='bbox 2005 3129 2105 3177; x_wconf 90' lang='lat' dir='ltr'>aut</span> <span class='ocrx_word' id='word_1_480' title='bbox 2128 3123 2188 3177; x_wconf 93' lang='lat' dir='ltr'>in</span> <span class='ocrx_word' id='word_1_481' title='bbox 2232 3122 2466 3176; x_wconf 90' lang='lat' dir='ltr'>macello</span> <span class='ocrx_word' id='word_1_482' title='bbox 2493 3118 2771 3184; x_wconf 90' lang='lat' dir='ltr'>venditur,</span> <span class='ocrx_word' id='word_1_483' title='bbox 2804 3132 2917 3170; x_wconf 89' lang='lat' dir='ltr'>non</span> <span class='ocrx_word' id='word_1_484' title='bbox 2945 3113 3224 3186; x_wconf 89' lang='lat' dir='ltr'>quomodo</span> <span class='ocrx_word' id='word_1_485' title='bbox 3249 3113 3360 3184; x_wconf 89' lang='lat' dir='ltr'>spi-</span> 
     </span>
    </p>
   </div>
   <div class='ocr_carea' id='block_1_58' title="bbox 112 3202 3357 3286">
    <p class='ocr_par' dir='ltr' id='par_1_58' title="bbox 112 3202 3357 3286">
     <span class='ocr_line' id='line_1_58' title="bbox 112 3202 3357 3286; baseline -0.002 -25"><span class='ocrx_word' id='word_1_486' title='bbox 112 3215 422 3283; x_wconf 89' lang='lat' dir='ltr'>sermo,quis</span> <span class='ocrx_word' id='word_1_487' title='bbox 441 3220 631 3286; x_wconf 90' lang='lat' dir='ltr'>potest</span> <span class='ocrx_word' id='word_1_488' title='bbox 649 3231 778 3269; x_wconf 90' lang='lat' dir='ltr'>eum</span> <span class='ocrx_word' id='word_1_489' title='bbox 793 3215 1600 3286; x_wconf 67' lang='lat' dir='ltr'>intelligere?»Etrecesserunt</span> <span class='ocrx_word' id='word_1_490' title='bbox 1615 3218 1684 3273; x_wconf 89' lang='lat' dir='ltr'>ab</span> <span class='ocrx_word' id='word_1_491' title='bbox 1767 3212 1879 3266; x_wconf 91' lang='lat' dir='ltr'>ritu</span> <span class='ocrx_word' id='word_1_492' title='bbox 1907 3216 2219 3282; x_wconf 85' lang='lat' dir='ltr'>vegetatur.</span> <span class='ocrx_word' id='word_1_493' title='bbox 2253 3232 2274 3260; x_wconf 81' lang='grc' dir='ltr'><strong>υ</strong></span> <span class='ocrx_word' id='word_1_494' title='bbox 2319 3211 2406 3264; x_wconf 90' lang='lat' dir='ltr'>De</span> <span class='ocrx_word' id='word_1_495' title='bbox 2443 3208 2531 3262; x_wconf 90' lang='lat' dir='ltr'>his</span> <span class='ocrx_word' id='word_1_496' title='bbox 2553 3208 2858 3261; x_wconf 87' lang='lat' dir='ltr'>hactenus:</span> <span class='ocrx_word' id='word_1_497' title='bbox 2893 3203 2965 3258; x_wconf 91' lang='lat' dir='ltr'>ad</span> <span class='ocrx_word' id='word_1_498' title='bbox 3007 3202 3357 3274; x_wconf 92' lang='lat' dir='ltr'>propositum</span> 
     </span>
    </p>
   </div>
   <div class='ocr_carea' id='block_1_59' title="bbox 112 3303 2131 3374">
    <p class='ocr_par' dir='ltr' id='par_1_59' title="bbox 112 3303 2131 3374">
     <span class='ocr_line' id='line_1_59' title="bbox 112 3303 2131 3374; baseline 0 -19"><span class='ocrx_word' id='word_1_499' title='bbox 112 3313 181 3364; x_wconf 80' lang='lat'>80,</span> <span class='ocrx_word' id='word_1_500' title='bbox 232 3307 284 3355; x_wconf 88' lang='lat' dir='ltr'>et</span> <span class='ocrx_word' id='word_1_501' title='bbox 332 3303 579 3374; x_wconf 90' lang='lat' dir='ltr'>amplius</span> <span class='ocrx_word' id='word_1_502' title='bbox 622 3320 750 3358; x_wconf 91' lang='lat' dir='ltr'>cum</span> <span class='ocrx_word' id='word_1_503' title='bbox 805 3320 870 3358; x_wconf 94' lang='lat' dir='ltr'>eo</span> <span class='ocrx_word' id='word_1_504' title='bbox 908 3321 1022 3359; x_wconf 91' lang='lat' dir='ltr'>non</span> <span class='ocrx_word' id='word_1_505' title='bbox 1059 3304 1487 3359; x_wconf 88' lang='lat' dir='ltr'>ambulaverunt</span> <span class='ocrx_word' id='word_1_506' title='bbox 1525 3309 1678 3371; x_wconf 72' lang='lat' dir='ltr'>(ibid.</span> <span class='ocrx_word' id='word_1_507' title='bbox 1764 3307 2131 3356; x_wconf 86' lang='lat' dir='ltr'>revertamur.</span> 
     </span>
    </p>
   </div>
   <div class='ocr_carea' id='block_1_60' title="bbox 111 3384 2765 3462">
    <p class='ocr_par' dir='ltr' id='par_1_60' title="bbox 111 3384 2765 3462">
     <span class='ocr_line' id='line_1_60' title="bbox 111 3384 2765 3462; baseline 0.001 -27"><span class='ocrx_word' id='word_1_508' title='bbox 111 3385 321 3451; x_wconf 47' lang='lat'>13567).</span> <span class='ocrx_word' id='word_1_509' title='bbox 341 3389 562 3442; x_wconf 89' lang='lat' dir='ltr'>Durum</span> <span class='ocrx_word' id='word_1_510' title='bbox 593 3389 702 3442; x_wconf 89' lang='lat' dir='ltr'>illis</span> <span class='ocrx_word' id='word_1_511' title='bbox 740 3389 924 3443; x_wconf 90' lang='lat' dir='ltr'>visum</span> <span class='ocrx_word' id='word_1_512' title='bbox 953 3395 1040 3444; x_wconf 88' lang='lat' dir='ltr'>est</span> <span class='ocrx_word' id='word_1_513' title='bbox 1070 3391 1218 3460; x_wconf 91' lang='lat' dir='ltr'>quod</span> <span class='ocrx_word' id='word_1_514' title='bbox 1248 3390 1328 3443; x_wconf 91' lang='lat' dir='ltr'>ait</span> <span class='ocrx_word' id='word_1_515' title='bbox 1349 3408 1397 3447; x_wconf 73' lang='grc' dir='ltr'>ες(</span> <span class='ocrx_word' id='word_1_516' title='bbox 1413 3391 1535 3444; x_wconf 86' lang='lat' dir='ltr'>Nisi</span> <span class='ocrx_word' id='word_1_517' title='bbox 1554 3393 1679 3462; x_wconf 90' lang='lat' dir='ltr'>quis</span> <span class='ocrx_word' id='word_1_518' title='bbox 2360 3384 2594 3440; x_wconf 81' lang='lat' dir='ltr'>CAPUT</span> <span class='ocrx_word' id='word_1_519' title='bbox 2616 3384 2765 3438; x_wconf 87' lang='lat' dir='ltr'>XIX.</span> 
     </span>
    </p>
   </div>
   <div class='ocr_carea' id='block_1_61' title="bbox 111 3469 3353 3548">
    <p class='ocr_par' dir='ltr' id='par_1_61' title="bbox 111 3469 3353 3548">
     <span class='ocr_line' id='line_1_61' title="bbox 111 3469 3353 3548; baseline -0.001 -24"><span class='ocrx_word' id='word_1_520' title='bbox 111 3475 504 3531; x_wconf 89' lang='lat' dir='ltr'>manducaverit</span> <span class='ocrx_word' id='word_1_521' title='bbox 555 3494 783 3532; x_wconf 89' lang='lat' dir='ltr'>carnem</span> <span class='ocrx_word' id='word_1_522' title='bbox 821 3494 1024 3544; x_wconf 90' lang='lat' dir='ltr'>meam,</span> <span class='ocrx_word' id='word_1_523' title='bbox 1081 3495 1190 3532; x_wconf 91' lang='lat' dir='ltr'>non</span> <span class='ocrx_word' id='word_1_524' title='bbox 1239 3479 1468 3532; x_wconf 86' lang='lat' dir='ltr'>habebit</span> <span class='ocrx_word' id='word_1_525' title='bbox 1503 3479 1675 3534; x_wconf 87' lang='lat' dir='ltr'>vitam</span> <span class='ocrx_word' id='word_1_526' title='bbox 1828 3477 2177 3548; x_wconf 85' lang='lat' dir='ltr'>Augustinus</span> <span class='ocrx_word' id='word_1_527' title='bbox 2199 3476 2259 3529; x_wconf 91' lang='lat' dir='ltr'>in</span> <span class='ocrx_word' id='word_1_528' title='bbox 2289 3474 2517 3528; x_wconf 87' lang='lat' dir='ltr'>homilia</span> <span class='ocrx_word' id='word_1_529' title='bbox 2541 3471 3020 3540; x_wconf 90' lang='lat' dir='ltr'>undecimasuper</span> <span class='ocrx_word' id='word_1_530' title='bbox 3045 3469 3353 3524; x_wconf 87' lang='lat' dir='ltr'>Joannem:</span> 
     </span>
    </p>
   </div>
   <div class='ocr_carea' id='block_1_62' title="bbox 111 3554 3354 3637">
    <p class='ocr_par' dir='ltr' id='par_1_62' title="bbox 111 3554 3354 3637">
     <span class='ocr_line' id='line_1_62' title="bbox 111 3554 3354 3637; baseline -0.002 -25"><span class='ocrx_word' id='word_1_531' title='bbox 111 3567 367 3619; x_wconf 75' lang='lat' dir='ltr'>:eternam.</span> <span class='ocrx_word' id='word_1_532' title='bbox 397 3586 420 3618; x_wconf 76' lang='grc' dir='ltr'><strong><em>ι</em></strong></span> <span class='ocrx_word' id='word_1_533' title='bbox 455 3567 808 3637; x_wconf 82' lang='lat' dir='ltr'>Acceperunt</span> <span class='ocrx_word' id='word_1_534' title='bbox 836 3567 974 3621; x_wconf 92' lang='lat' dir='ltr'>illud</span> <span class='ocrx_word' id='word_1_535' title='bbox 1005 3567 1519 3621; x_wconf 86' lang='lat' dir='ltr'>stulte.Carnaliter</span> <span class='ocrx_word' id='word_1_536' title='bbox 1537 3568 1677 3622; x_wconf 91' lang='lat' dir='ltr'>illud</span> <span class='ocrx_word' id='word_1_537' title='bbox 1763 3585 1789 3618; x_wconf 86' lang='lat'>«</span> <span class='ocrx_word' id='word_1_538' title='bbox 1821 3567 1888 3621; x_wconf 93' lang='lat' dir='ltr'>In</span> <span class='ocrx_word' id='word_1_539' title='bbox 1921 3565 2125 3636; x_wconf 92' lang='lat' dir='ltr'>populo</span> <span class='ocrx_word' id='word_1_540' title='bbox 2166 3563 2317 3618; x_wconf 90' lang='lat' dir='ltr'>enim</span> <span class='ocrx_word' id='word_1_541' title='bbox 2345 3562 2666 3617; x_wconf 68' lang='lat' dir='ltr'>Judaeorum</span> <span class='ocrx_word' id='word_1_542' title='bbox 2695 3561 2970 3629; x_wconf 86' lang='lat' dir='ltr'>figuratus</span> <span class='ocrx_word' id='word_1_543' title='bbox 2999 3562 3086 3610; x_wconf 89' lang='lat' dir='ltr'>est</span> <span class='ocrx_word' id='word_1_544' title='bbox 3112 3554 3354 3626; x_wconf 88' lang='lat' dir='ltr'>populus</span> 
     </span>
    </p>
   </div>
   <div class='ocr_carea' id='block_1_63' title="bbox 109 3641 3350 3726">
    <p class='ocr_par' dir='ltr' id='par_1_63' title="bbox 109 3641 3350 3726">
     <span class='ocr_line' id='line_1_63' title="bbox 109 3641 3350 3726; baseline -0.002 -25"><span class='ocrx_word' id='word_1_545' title='bbox 109 3651 482 3722; x_wconf 85' lang='lat' dir='ltr'>cogitaverunt,</span> <span class='ocrx_word' id='word_1_546' title='bbox 528 3661 585 3709; x_wconf 93' lang='lat' dir='ltr'>et</span> <span class='ocrx_word' id='word_1_547' title='bbox 611 3662 950 3726; x_wconf 88' lang='lat' dir='ltr'>putaverunt</span> <span class='ocrx_word' id='word_1_548' title='bbox 977 3656 1126 3726; x_wconf 89' lang='lat' dir='ltr'>quod</span> <span class='ocrx_word' id='word_1_549' title='bbox 1159 3655 1492 3726; x_wconf 76' lang='lat' dir='ltr'>praecisurus</span> <span class='ocrx_word' id='word_1_550' title='bbox 1529 3662 1677 3710; x_wconf 87' lang='lat' dir='ltr'>esset</span> <span class='ocrx_word' id='word_1_551' title='bbox 1758 3655 2225 3710; x_wconf 80' lang='lat' dir='ltr'>Christianorum.</span> <span class='ocrx_word' id='word_1_552' title='bbox 2259 3651 2344 3706; x_wconf 92' lang='lat' dir='ltr'>lbi</span> <span class='ocrx_word' id='word_1_553' title='bbox 2391 3652 2590 3720; x_wconf 89' lang='lat' dir='ltr'>ﬁgura,</span> <span class='ocrx_word' id='word_1_554' title='bbox 2629 3647 2718 3701; x_wconf 91' lang='lat' dir='ltr'>hic</span> <span class='ocrx_word' id='word_1_555' title='bbox 2743 3647 2979 3710; x_wconf 91' lang='lat' dir='ltr'>veritas;</span> <span class='ocrx_word' id='word_1_556' title='bbox 3021 3643 3098 3697; x_wconf 91' lang='lat' dir='ltr'>ibi</span> <span class='ocrx_word' id='word_1_557' title='bbox 3127 3641 3350 3709; x_wconf 91' lang='lat' dir='ltr'>umbra,</span> 
     </span>
    </p>
   </div>
   <div class='ocr_carea' id='block_1_64' title="bbox 109 3733 3353 3815">
    <p class='ocr_par' dir='ltr' id='par_1_64' title="bbox 109 3733 3353 3815">
     <span class='ocr_line' id='line_1_64' title="bbox 109 3733 3353 3815; baseline -0.001 -26"><span class='ocrx_word' id='word_1_558' title='bbox 109 3735 347 3796; x_wconf 90' lang='lat' dir='ltr'>Dominus</span> <span class='ocrx_word' id='word_1_559' title='bbox 375 3743 682 3814; x_wconf 89' lang='lat' dir='ltr'>particulas</span> <span class='ocrx_word' id='word_1_560' title='bbox 702 3745 972 3815; x_wconf 90' lang='lat' dir='ltr'>quasdam</span> <span class='ocrx_word' id='word_1_561' title='bbox 995 3745 1063 3798; x_wconf 90' lang='lat' dir='ltr'>de</span> <span class='ocrx_word' id='word_1_562' title='bbox 1092 3761 1325 3815; x_wconf 90' lang='lat' dir='ltr'>corpore</span> <span class='ocrx_word' id='word_1_563' title='bbox 1354 3761 1475 3810; x_wconf 91' lang='lat' dir='ltr'>suo,</span> <span class='ocrx_word' id='word_1_564' title='bbox 1498 3751 1556 3798; x_wconf 90' lang='lat' dir='ltr'>et</span> <span class='ocrx_word' id='word_1_565' title='bbox 1581 3745 1675 3798; x_wconf 90' lang='lat' dir='ltr'>da-</span> <span class='ocrx_word' id='word_1_566' title='bbox 1756 3744 1846 3797; x_wconf 90' lang='lat' dir='ltr'>hic</span> <span class='ocrx_word' id='word_1_567' title='bbox 1875 3759 2139 3813; x_wconf 72' lang='lat' dir='ltr'>corpus.»</span> <span class='ocrx_word' id='word_1_568' title='bbox 2161 3743 2302 3796; x_wconf 91' lang='lat' dir='ltr'>Item</span> <span class='ocrx_word' id='word_1_569' title='bbox 2328 3741 2385 3793; x_wconf 88' lang='lat' dir='ltr'>in</span> <span class='ocrx_word' id='word_1_570' title='bbox 2415 3738 2648 3792; x_wconf 90' lang='lat' dir='ltr'>homilia</span> <span class='ocrx_word' id='word_1_571' title='bbox 2674 3736 2960 3790; x_wconf 88' lang='lat' dir='ltr'>tricesima</span> <span class='ocrx_word' id='word_1_572' title='bbox 2987 3733 3172 3805; x_wconf 90' lang='lat' dir='ltr'>prima</span> <span class='ocrx_word' id='word_1_573' title='bbox 3207 3750 3256 3786; x_wconf 72' lang='grc' dir='ltr'>τα</span> <span class='ocrx_word' id='word_1_574' title='bbox 3277 3735 3353 3786; x_wconf 88' lang='lat' dir='ltr'>At</span> 
     </span>
    </p>
   </div>
   <div class='ocr_carea' id='block_1_65' title="bbox 107 3822 3354 3903">
    <p class='ocr_par' dir='ltr' id='par_1_65' title="bbox 107 3822 3354 3903">
     <span class='ocr_line' id='line_1_65' title="bbox 107 3822 3354 3903; baseline -0.001 -26"><span class='ocrx_word' id='word_1_575' title='bbox 107 3830 244 3882; x_wconf 88' lang='lat' dir='ltr'>turus</span> <span class='ocrx_word' id='word_1_576' title='bbox 265 3830 392 3898; x_wconf 87' lang='lat' dir='ltr'>illis,</span> <span class='ocrx_word' id='word_1_577' title='bbox 418 3838 478 3886; x_wconf 93' lang='lat' dir='ltr'>et</span> <span class='ocrx_word' id='word_1_578' title='bbox 500 3832 766 3886; x_wconf 87' lang='lat' dir='ltr'>dixerunt</span> <span class='ocrx_word' id='word_1_579' title='bbox 790 3851 800 3884; x_wconf 93' lang='lat'><strong>:</strong></span> <span class='ocrx_word' id='word_1_580' title='bbox 828 3832 1055 3886; x_wconf 83' lang='lat' dir='ltr'>«Durus</span> <span class='ocrx_word' id='word_1_581' title='bbox 1078 3839 1161 3886; x_wconf 89' lang='lat' dir='ltr'>est</span> <span class='ocrx_word' id='word_1_582' title='bbox 1183 3833 1274 3886; x_wconf 92' lang='lat' dir='ltr'>hic</span> <span class='ocrx_word' id='word_1_583' title='bbox 1295 3849 1499 3887; x_wconf 89' lang='lat' dir='ltr'>sermo.</span> <span class='ocrx_word' id='word_1_584' title='bbox 1527 3833 1673 3903; x_wconf 86' lang='lat' dir='ltr'>»Ipsi</span> <span class='ocrx_word' id='word_1_585' title='bbox 1755 3832 1836 3886; x_wconf 90' lang='lat' dir='ltr'>illi</span> <span class='ocrx_word' id='word_1_586' title='bbox 1867 3832 2126 3885; x_wconf 88' lang='lat' dir='ltr'>viderunt</span> <span class='ocrx_word' id='word_1_587' title='bbox 2171 3829 2460 3883; x_wconf 89' lang='lat' dir='ltr'>Christum</span> <span class='ocrx_word' id='word_1_588' title='bbox 2496 3843 2598 3880; x_wconf 92' lang='lat' dir='ltr'>suo</span> <span class='ocrx_word' id='word_1_589' title='bbox 2641 3826 2848 3879; x_wconf 90' lang='lat' dir='ltr'>scelere</span> <span class='ocrx_word' id='word_1_590' title='bbox 2901 3822 3254 3887; x_wconf 89' lang='lat' dir='ltr'>morientem,</span> <span class='ocrx_word' id='word_1_591' title='bbox 3295 3823 3354 3874; x_wconf 89' lang='lat' dir='ltr'>et</span> 
     </span>
    </p>
   </div>
   <div class='ocr_carea' id='block_1_66' title="bbox 109 3911 3345 3992">
    <p class='ocr_par' dir='ltr' id='par_1_66' title="bbox 109 3911 3345 3992">
     <span class='ocr_line' id='line_1_66' title="bbox 109 3911 3345 3992; baseline -0.001 -26"><span class='ocrx_word' id='word_1_592' title='bbox 109 3923 243 3970; x_wconf 85' lang='lat' dir='ltr'>erant</span> <span class='ocrx_word' id='word_1_593' title='bbox 282 3919 424 3988; x_wconf 89' lang='lat' dir='ltr'>duri,</span> <span class='ocrx_word' id='word_1_594' title='bbox 468 3937 584 3974; x_wconf 91' lang='lat' dir='ltr'>non</span> <span class='ocrx_word' id='word_1_595' title='bbox 621 3937 827 3974; x_wconf 90' lang='lat' dir='ltr'>sermo.</span> <span class='ocrx_word' id='word_1_596' title='bbox 883 3943 904 3970; x_wconf 78' lang='grc' dir='ltr'>ι</span> <span class='ocrx_word' id='word_1_597' title='bbox 953 3922 1022 3975; x_wconf 92' lang='lat' dir='ltr'>Et</span> <span class='ocrx_word' id='word_1_598' title='bbox 1066 3922 1258 3992; x_wconf 92' lang='lat' dir='ltr'>paucis</span> <span class='ocrx_word' id='word_1_599' title='bbox 1313 3921 1665 3987; x_wconf 86' lang='lat' dir='ltr'>intermissis,</span> <span class='ocrx_word' id='word_1_600' title='bbox 1752 3921 2108 3975; x_wconf 88' lang='lat' dir='ltr'>crediderunt</span> <span class='ocrx_word' id='word_1_601' title='bbox 2129 3919 2188 3972; x_wconf 92' lang='lat' dir='ltr'>in</span> <span class='ocrx_word' id='word_1_602' title='bbox 2204 3911 2928 3972; x_wconf 89' lang='lat' dir='ltr'>Christumsuissceleribus</span> <span class='ocrx_word' id='word_1_603' title='bbox 2943 3911 3345 3980; x_wconf 89' lang='lat' dir='ltr'>ignoscentem.</span> 
     </span>
    </p>
   </div>
   <div class='ocr_carea' id='block_1_67' title="bbox 110 3997 3347 4080">
    <p class='ocr_par' dir='ltr' id='par_1_67' title="bbox 110 3997 3347 4080">
     <span class='ocr_line' id='line_1_67' title="bbox 110 3997 3347 4080; baseline -0.002 -23"><span class='ocrx_word' id='word_1_604' title='bbox 110 4022 128 4050; x_wconf 75' lang='grc' dir='ltr'>ι</span> <span class='ocrx_word' id='word_1_605' title='bbox 168 4005 551 4076; x_wconf 89' lang='lat' dir='ltr'>Spiritualiter,</span> <span class='ocrx_word' id='word_1_606' title='bbox 595 4029 617 4060; x_wconf 72' lang='grc' dir='ltr'><strong><em>ι</em></strong></span> <span class='ocrx_word' id='word_1_607' title='bbox 658 4009 861 4080; x_wconf 91' lang='lat' dir='ltr'>inquit,</span> <span class='ocrx_word' id='word_1_608' title='bbox 899 4027 925 4060; x_wconf 82' lang='lat'>«</span> <span class='ocrx_word' id='word_1_609' title='bbox 956 4010 1253 4079; x_wconf 88' lang='lat' dir='ltr'>intelligite</span> <span class='ocrx_word' id='word_1_610' title='bbox 1275 4010 1424 4080; x_wconf 90' lang='lat' dir='ltr'>quod</span> <span class='ocrx_word' id='word_1_611' title='bbox 1451 4010 1670 4064; x_wconf 89' lang='lat' dir='ltr'>locutus</span> <span class='ocrx_word' id='word_1_612' title='bbox 1752 4009 2054 4079; x_wconf 88' lang='lat' dir='ltr'>Quousque</span> <span class='ocrx_word' id='word_1_613' title='bbox 2102 4006 2360 4060; x_wconf 90' lang='lat' dir='ltr'>biberent</span> <span class='ocrx_word' id='word_1_614' title='bbox 2398 4003 2734 4073; x_wconf 87' lang='lat' dir='ltr'>sanguinem</span> <span class='ocrx_word' id='word_1_615' title='bbox 2765 4016 2931 4070; x_wconf 89' lang='lat' dir='ltr'>quem</span> <span class='ocrx_word' id='word_1_616' title='bbox 2962 3998 3243 4063; x_wconf 73' lang='lat' dir='ltr'>ﬁiderant,</span> <span class='ocrx_word' id='word_1_617' title='bbox 3277 3997 3347 4050; x_wconf 92' lang='lat' dir='ltr'>de</span> 
     </span>
    </p>
   </div>
   <div class='ocr_carea' id='block_1_68' title="bbox 107 4086 3340 4169">
    <p class='ocr_par' dir='ltr' id='par_1_68' title="bbox 107 4086 3340 4169">
     <span class='ocr_line' id='line_1_68' title="bbox 107 4086 3340 4169; baseline -0.001 -25"><span class='ocrx_word' id='word_1_618' title='bbox 107 4104 226 4146; x_wconf 87' lang='lat' dir='ltr'>sum.</span> <span class='ocrx_word' id='word_1_619' title='bbox 243 4094 364 4150; x_wconf 85' lang='lat' dir='ltr'>Non</span> <span class='ocrx_word' id='word_1_620' title='bbox 381 4099 487 4152; x_wconf 92' lang='lat' dir='ltr'>hoc</span> <span class='ocrx_word' id='word_1_621' title='bbox 503 4114 704 4169; x_wconf 89' lang='lat' dir='ltr'>corpus</span> <span class='ocrx_word' id='word_1_622' title='bbox 724 4098 870 4168; x_wconf 89' lang='lat' dir='ltr'>quod</span> <span class='ocrx_word' id='word_1_623' title='bbox 892 4098 1095 4153; x_wconf 90' lang='lat' dir='ltr'>videtis</span> <span class='ocrx_word' id='word_1_624' title='bbox 1119 4098 1512 4152; x_wconf 89' lang='lat' dir='ltr'>manducaturi</span> <span class='ocrx_word' id='word_1_625' title='bbox 1534 4098 1667 4152; x_wconf 87' lang='lat' dir='ltr'>estis</span> <span class='ocrx_word' id='word_1_626' title='bbox 1750 4114 1853 4152; x_wconf 92' lang='lat' dir='ltr'>sua</span> <span class='ocrx_word' id='word_1_627' title='bbox 1881 4098 2060 4151; x_wconf 89' lang='lat' dir='ltr'>salute</span> <span class='ocrx_word' id='word_1_628' title='bbox 2081 4096 2533 4165; x_wconf 87' lang='lat' dir='ltr'>desperaverant.</span> <span class='ocrx_word' id='word_1_629' title='bbox 2565 4089 2761 4152; x_wconf 69' lang='lat' dir='ltr'>)Item,</span> <span class='ocrx_word' id='word_1_630' title='bbox 2787 4089 2847 4142; x_wconf 92' lang='lat' dir='ltr'>in</span> <span class='ocrx_word' id='word_1_631' title='bbox 2877 4086 3340 4158; x_wconf 89' lang='lat' dir='ltr'>quadragesima:</span> 
     </span>
    </p>
   </div>
   <div class='ocr_carea' id='block_1_69' title="bbox 107 4175 3348 4257">
    <p class='ocr_par' dir='ltr' id='par_1_69' title="bbox 107 4175 3348 4257">
     <span class='ocr_line' id='line_1_69' title="bbox 107 4175 3348 4257; baseline -0.001 -27"><span class='ocrx_word' id='word_1_632' title='bbox 107 4183 151 4230; x_wconf 91' lang='lat' dir='ltr'>et</span> <span class='ocrx_word' id='word_1_633' title='bbox 185 4180 392 4239; x_wconf 90' lang='lat' dir='ltr'>bibituri</span> <span class='ocrx_word' id='word_1_634' title='bbox 420 4187 585 4240; x_wconf 90' lang='lat' dir='ltr'>illum</span> <span class='ocrx_word' id='word_1_635' title='bbox 615 4187 946 4257; x_wconf 89' lang='lat' dir='ltr'>sanguinem</span> <span class='ocrx_word' id='word_1_636' title='bbox 985 4203 1152 4257; x_wconf 92' lang='lat' dir='ltr'>quem</span> <span class='ocrx_word' id='word_1_637' title='bbox 1196 4187 1378 4242; x_wconf 89' lang='lat' dir='ltr'>fusuri</span> <span class='ocrx_word' id='word_1_638' title='bbox 1407 4192 1542 4242; x_wconf 92' lang='lat' dir='ltr'>sunt</span> <span class='ocrx_word' id='word_1_639' title='bbox 1572 4186 1668 4257; x_wconf 91' lang='lat' dir='ltr'>qui</span> <span class='ocrx_word' id='word_1_640' title='bbox 1754 4209 1779 4237; x_wconf 77' lang='grc' dir='ltr'><strong><em>α</em></strong></span> <span class='ocrx_word' id='word_1_641' title='bbox 1812 4186 1919 4250; x_wconf 87' lang='lat' dir='ltr'>Qui</span> <span class='ocrx_word' id='word_1_642' title='bbox 1935 4185 2223 4239; x_wconf 79' lang='lat' dir='ltr'>saevientes</span> <span class='ocrx_word' id='word_1_643' title='bbox 2260 4181 2600 4246; x_wconf 88' lang='lat' dir='ltr'>occiderunt,</span> <span class='ocrx_word' id='word_1_644' title='bbox 2640 4177 2848 4231; x_wconf 87' lang='lat' dir='ltr'>imitati</span> <span class='ocrx_word' id='word_1_645' title='bbox 2887 4175 3264 4241; x_wconf 90' lang='lat' dir='ltr'>crediderunt;</span> <span class='ocrx_word' id='word_1_646' title='bbox 3290 4179 3348 4228; x_wconf 90' lang='lat' dir='ltr'>et</span> 
     </span>
    </p>
   </div>
   <div class='ocr_carea' id='block_1_70' title="bbox 106 4262 3346 4346">
    <p class='ocr_par' dir='ltr' id='par_1_70' title="bbox 106 4262 3346 4346">
     <span class='ocr_line' id='line_1_70' title="bbox 106 4262 3346 4346; baseline -0.002 -24"><span class='ocrx_word' id='word_1_647' title='bbox 106 4280 178 4322; x_wconf 86' lang='lat' dir='ltr'>me</span> <span class='ocrx_word' id='word_1_648' title='bbox 195 4273 527 4346; x_wconf 83' lang='lat' dir='ltr'>cruciﬁgent.</span> <span class='ocrx_word' id='word_1_649' title='bbox 555 4295 578 4327; x_wconf 71' lang='grc' dir='ltr'><strong><em>ι</em></strong></span> <span class='ocrx_word' id='word_1_650' title='bbox 1749 4291 1918 4346; x_wconf 90' lang='lat' dir='ltr'>quem</span> <span class='ocrx_word' id='word_1_651' title='bbox 1945 4273 2278 4343; x_wconf 88' lang='lat' dir='ltr'>sanguinem</span> <span class='ocrx_word' id='word_1_652' title='bbox 2308 4268 2581 4323; x_wconf 84' lang='lat' dir='ltr'>saeviendo</span> <span class='ocrx_word' id='word_1_653' title='bbox 2601 4267 2886 4331; x_wconf 88' lang='lat' dir='ltr'>fuderunt,</span> <span class='ocrx_word' id='word_1_654' title='bbox 2903 4263 3180 4318; x_wconf 91' lang='lat' dir='ltr'>credendo</span> <span class='ocrx_word' id='word_1_655' title='bbox 3195 4262 3346 4316; x_wconf 86' lang='lat' dir='ltr'>bibe-</span> 
     </span>
    </p>
   </div>
   <div class='ocr_carea' id='block_1_71' title="bbox 163 4351 3344 4435">
    <p class='ocr_par' dir='ltr' id='par_1_71' title="bbox 163 4351 3344 4435">
     <span class='ocr_line' id='line_1_71' title="bbox 163 4351 3344 4435; baseline -0.002 -25"><span class='ocrx_word' id='word_1_656' title='bbox 163 4358 218 4412; x_wconf 91' lang='lat' dir='ltr'>In</span> <span class='ocrx_word' id='word_1_657' title='bbox 243 4362 324 4416; x_wconf 87' lang='lat' dir='ltr'>his</span> <span class='ocrx_word' id='word_1_658' title='bbox 349 4363 649 4435; x_wconf 88' lang='lat' dir='ltr'>postremis</span> <span class='ocrx_word' id='word_1_659' title='bbox 671 4363 820 4418; x_wconf 89' lang='lat' dir='ltr'>beati</span> <span class='ocrx_word' id='word_1_660' title='bbox 849 4364 1151 4435; x_wconf 88' lang='lat' dir='ltr'>Augustini</span> <span class='ocrx_word' id='word_1_661' title='bbox 1178 4364 1360 4418; x_wconf 91' lang='lat' dir='ltr'>verbis</span> <span class='ocrx_word' id='word_1_662' title='bbox 1398 4364 1662 4419; x_wconf 87' lang='lat' dir='ltr'>exsultas.</span> <span class='ocrx_word' id='word_1_663' title='bbox 1747 4369 1897 4417; x_wconf 88' lang='lat' dir='ltr'>runt.</span> <span class='ocrx_word' id='word_1_664' title='bbox 1927 4382 1950 4414; x_wconf 72' lang='grc' dir='ltr'><strong><em>ι</em></strong></span> <span class='ocrx_word' id='word_1_665' title='bbox 1981 4361 2218 4429; x_wconf 91' lang='lat' dir='ltr'>Item,in</span> <span class='ocrx_word' id='word_1_666' title='bbox 2243 4373 2499 4413; x_wconf 90' lang='lat' dir='ltr'>sermone</span> <span class='ocrx_word' id='word_1_667' title='bbox 2515 4357 2586 4410; x_wconf 93' lang='lat' dir='ltr'>ad</span> <span class='ocrx_word' id='word_1_668' title='bbox 2609 4355 2934 4426; x_wconf 86' lang='lat' dir='ltr'>NeOphytos</span> <span class='ocrx_word' id='word_1_669' title='bbox 2959 4373 2970 4407; x_wconf 89' lang='lat'><strong>:</strong></span> <span class='ocrx_word' id='word_1_670' title='bbox 3001 4370 3027 4404; x_wconf 85' lang='lat'><strong><em>&lt;&lt;</em></strong></span> <span class='ocrx_word' id='word_1_671' title='bbox 3055 4352 3171 4405; x_wconf 90' lang='lat' dir='ltr'>Hoc</span> <span class='ocrx_word' id='word_1_672' title='bbox 3201 4351 3344 4406; x_wconf 87' lang='lat' dir='ltr'>acci-</span> 
     </span>
    </p>
   </div>
   <div class='ocr_carea' id='block_1_72' title="bbox 105 4440 3416 4522">
    <p class='ocr_par' dir='ltr' id='par_1_72' title="bbox 105 4440 3416 4522">
     <span class='ocr_line' id='line_1_72' title="bbox 105 4440 3416 4522; baseline -0 -28"><span class='ocrx_word' id='word_1_673' title='bbox 105 4440 158 4496; x_wconf 89' lang='lat' dir='ltr'>In</span> <span class='ocrx_word' id='word_1_674' title='bbox 186 4447 264 4503; x_wconf 91' lang='lat' dir='ltr'>his</span> <span class='ocrx_word' id='word_1_675' title='bbox 297 4453 492 4508; x_wconf 87' lang='lat' dir='ltr'>vicisse</span> <span class='ocrx_word' id='word_1_676' title='bbox 518 4457 594 4519; x_wconf 87' lang='lat' dir='ltr'>te,</span> <span class='ocrx_word' id='word_1_677' title='bbox 638 4457 694 4505; x_wconf 91' lang='lat' dir='ltr'>et</span> <span class='ocrx_word' id='word_1_678' title='bbox 729 4452 1074 4522; x_wconf 90' lang='lat' dir='ltr'>superiorem</span> <span class='ocrx_word' id='word_1_679' title='bbox 1101 4469 1222 4506; x_wconf 87' lang='lat' dir='ltr'>esse</span> <span class='ocrx_word' id='word_1_680' title='bbox 1248 4452 1525 4522; x_wconf 89' lang='lat' dir='ltr'>gloriaris,</span> <span class='ocrx_word' id='word_1_681' title='bbox 1576 4442 1861 4522; x_wconf 87' lang='lat' dir='ltr'>hichite</span> <span class='ocrx_word' id='word_1_682' title='bbox 1889 4450 1948 4504; x_wconf 92' lang='lat' dir='ltr'>in</span> <span class='ocrx_word' id='word_1_683' title='bbox 1969 4466 2113 4522; x_wconf 86' lang='lat' dir='ltr'>pane</span> <span class='ocrx_word' id='word_1_684' title='bbox 2129 4448 2276 4519; x_wconf 90' lang='lat' dir='ltr'>quod</span> <span class='ocrx_word' id='word_1_685' title='bbox 2293 4445 2556 4518; x_wconf 87' lang='lat' dir='ltr'>pependit</span> <span class='ocrx_word' id='word_1_686' title='bbox 2584 4445 2644 4497; x_wconf 93' lang='lat' dir='ltr'>in</span> <span class='ocrx_word' id='word_1_687' title='bbox 2662 4459 2843 4497; x_wconf 89' lang='lat' dir='ltr'>cruce.</span> <span class='ocrx_word' id='word_1_688' title='bbox 2879 4443 2949 4495; x_wconf 90' lang='lat' dir='ltr'>Et</span> <span class='ocrx_word' id='word_1_689' title='bbox 2977 4442 3082 4495; x_wconf 88' lang='lat' dir='ltr'>hoc</span> <span class='ocrx_word' id='word_1_690' title='bbox 3107 4440 3340 4511; x_wconf 89' lang='lat' dir='ltr'>accipite</span> <span class='ocrx_word' id='word_1_691' title='bbox 3413 4484 3416 4485; x_wconf 41' lang='grc' dir='ltr'><em>ν</em></span> 
     </span>
    </p>
   </div>
   <div class='ocr_carea' id='block_1_73' title="bbox 107 4529 3343 4611">
    <p class='ocr_par' dir='ltr' id='par_1_73' title="bbox 107 4529 3343 4611">
     <span class='ocr_line' id='line_1_73' title="bbox 107 4529 3343 4611; baseline -0.002 -21"><span class='ocrx_word' id='word_1_692' title='bbox 107 4530 489 4596; x_wconf 77' lang='lat' dir='ltr'>ﬁrmamentum</span> <span class='ocrx_word' id='word_1_693' title='bbox 510 4541 1663 4611; x_wconf 82' lang='lat' dir='ltr'>tuaedefensionisteinvenissegratularis.</span> <span class='ocrx_word' id='word_1_694' title='bbox 1745 4541 1804 4593; x_wconf 93' lang='lat' dir='ltr'>in</span> <span class='ocrx_word' id='word_1_695' title='bbox 1833 4540 2002 4593; x_wconf 88' lang='lat' dir='ltr'>calice</span> <span class='ocrx_word' id='word_1_696' title='bbox 2032 4537 2180 4608; x_wconf 88' lang='lat' dir='ltr'>quod</span> <span class='ocrx_word' id='word_1_697' title='bbox 2205 4537 2446 4590; x_wconf 74' lang='lat' dir='ltr'>effusum</span> <span class='ocrx_word' id='word_1_698' title='bbox 2477 4538 2562 4587; x_wconf 91' lang='lat' dir='ltr'>est</span> <span class='ocrx_word' id='word_1_699' title='bbox 2609 4533 2678 4586; x_wconf 91' lang='lat' dir='ltr'>de</span> <span class='ocrx_word' id='word_1_700' title='bbox 2725 4530 2933 4586; x_wconf 90' lang='lat' dir='ltr'>Christi</span> <span class='ocrx_word' id='word_1_701' title='bbox 2976 4529 3172 4583; x_wconf 89' lang='lat' dir='ltr'>latere.</span> <span class='ocrx_word' id='word_1_702' title='bbox 3219 4529 3343 4583; x_wconf 91' lang='lat' dir='ltr'>Erit</span> 
     </span>
    </p>
   </div>
   <div class='ocr_carea' id='block_1_74' title="bbox 108 4618 3342 4700">
    <p class='ocr_par' dir='ltr' id='par_1_74' title="bbox 108 4618 3342 4700">
     <span class='ocr_line' id='line_1_74' title="bbox 108 4618 3342 4700; baseline -0.005 -14"><span class='ocrx_word' id='word_1_703' title='bbox 108 4623 378 4696; x_wconf 82' lang='lat' dir='ltr'>Quomodo,</span> <span class='ocrx_word' id='word_1_704' title='bbox 397 4630 607 4700; x_wconf 88' lang='lat' dir='ltr'>inquis,</span> <span class='ocrx_word' id='word_1_705' title='bbox 629 4630 969 4699; x_wconf 89' lang='lat' dir='ltr'>persuadere</span> <span class='ocrx_word' id='word_1_706' title='bbox 999 4630 1288 4684; x_wconf 91' lang='lat' dir='ltr'>contendis</span> <span class='ocrx_word' id='word_1_707' title='bbox 1310 4630 1457 4700; x_wconf 90' lang='lat' dir='ltr'>quod</span> <span class='ocrx_word' id='word_1_708' title='bbox 1476 4646 1663 4683; x_wconf 90' lang='lat' dir='ltr'>veram</span> <span class='ocrx_word' id='word_1_709' title='bbox 1746 4629 1897 4682; x_wconf 91' lang='lat' dir='ltr'>enim</span> <span class='ocrx_word' id='word_1_710' title='bbox 1941 4627 2024 4680; x_wconf 92' lang='lat' dir='ltr'>illi</span> <span class='ocrx_word' id='word_1_711' title='bbox 2072 4642 2244 4692; x_wconf 91' lang='lat' dir='ltr'>mors,</span> <span class='ocrx_word' id='word_1_712' title='bbox 2276 4641 2388 4677; x_wconf 93' lang='lat' dir='ltr'>non</span> <span class='ocrx_word' id='word_1_713' title='bbox 2417 4623 2549 4689; x_wconf 87' lang='lat' dir='ltr'>vita,</span> <span class='ocrx_word' id='word_1_714' title='bbox 2577 4621 2673 4692; x_wconf 90' lang='lat' dir='ltr'>qui</span> <span class='ocrx_word' id='word_1_715' title='bbox 2703 4619 3030 4673; x_wconf 89' lang='lat' dir='ltr'>mendacem</span> <span class='ocrx_word' id='word_1_716' title='bbox 3061 4618 3342 4689; x_wconf 89' lang='lat' dir='ltr'>putaverit</span> 
     </span>
    </p>
   </div>
   <div class='ocr_carea' id='block_1_75' title="bbox 108 4703 3336 4788">
    <p class='ocr_par' dir='ltr' id='par_1_75' title="bbox 108 4703 3336 4788">
     <span class='ocr_line' id='line_1_75' title="bbox 108 4703 3336 4788; baseline -0.002 -21"><span class='ocrx_word' id='word_1_717' title='bbox 108 4727 299 4771; x_wconf 82' lang='lat' dir='ltr'>carnem</span> <span class='ocrx_word' id='word_1_718' title='bbox 333 4735 646 4788; x_wconf 84' lang='lat' dir='ltr'>verumque</span> <span class='ocrx_word' id='word_1_719' title='bbox 687 4719 1018 4788; x_wconf 89' lang='lat' dir='ltr'>sanguinem</span> <span class='ocrx_word' id='word_1_720' title='bbox 1055 4719 1113 4772; x_wconf 89' lang='lat' dir='ltr'>in</span> <span class='ocrx_word' id='word_1_721' title='bbox 1153 4720 1256 4772; x_wconf 92' lang='lat' dir='ltr'>hoc</span> <span class='ocrx_word' id='word_1_722' title='bbox 1311 4725 1662 4773; x_wconf 85' lang='lat' dir='ltr'>sacramento</span> <span class='ocrx_word' id='word_1_723' title='bbox 1744 4717 1938 4770; x_wconf 87' lang='lat' dir='ltr'>vitam.</span> <span class='ocrx_word' id='word_1_724' title='bbox 1963 4733 1990 4768; x_wconf 73' lang='grc' dir='ltr'><strong>ι</strong></span> <span class='ocrx_word' id='word_1_725' title='bbox 2010 4713 2248 4779; x_wconf 90' lang='lat' dir='ltr'>Item,in</span> <span class='ocrx_word' id='word_1_726' title='bbox 2276 4712 2418 4765; x_wconf 90' lang='lat' dir='ltr'>libro</span> <span class='ocrx_word' id='word_1_727' title='bbox 2449 4715 2650 4782; x_wconf 88' lang='lat' dir='ltr'>quarto</span> <span class='ocrx_word' id='word_1_728' title='bbox 2671 4710 2751 4763; x_wconf 91' lang='lat' dir='ltr'>De</span> <span class='ocrx_word' id='word_1_729' title='bbox 2770 4707 3047 4762; x_wconf 87' lang='lat' dir='ltr'>Trinitate</span> <span class='ocrx_word' id='word_1_730' title='bbox 3071 4703 3336 4777; x_wconf 80' lang='lat' dir='ltr'>(cap.l3):</span> 
     </span>
    </p>
   </div>
   <div class='ocr_carea' id='block_1_76' title="bbox 107 4799 3336 4878">
    <p class='ocr_par' dir='ltr' id='par_1_76' title="bbox 107 4799 3336 4878">
     <span class='ocr_line' id='line_1_76' title="bbox 107 4799 3336 4878; baseline -0.003 -22"><span class='ocrx_word' id='word_1_731' title='bbox 107 4816 379 4872; x_wconf 82' lang='lat' dir='ltr'>sumamus,</span> <span class='ocrx_word' id='word_1_732' title='bbox 399 4823 529 4863; x_wconf 89' lang='lat' dir='ltr'>cum</span> <span class='ocrx_word' id='word_1_733' title='bbox 559 4807 855 4860; x_wconf 87' lang='lat' dir='ltr'>manifeste</span> <span class='ocrx_word' id='word_1_734' title='bbox 876 4808 1072 4861; x_wconf 89' lang='lat' dir='ltr'>audias</span> <span class='ocrx_word' id='word_1_735' title='bbox 1101 4808 1248 4878; x_wconf 90' lang='lat' dir='ltr'>quod</span> <span class='ocrx_word' id='word_1_736' title='bbox 1279 4823 1478 4877; x_wconf 91' lang='lat' dir='ltr'>corpus</span> <span class='ocrx_word' id='word_1_737' title='bbox 1511 4806 1659 4877; x_wconf 90' lang='lat' dir='ltr'>quod</span> <span class='ocrx_word' id='word_1_738' title='bbox 1746 4825 1770 4856; x_wconf 74' lang='grc' dir='ltr'>ι</span> <span class='ocrx_word' id='word_1_739' title='bbox 1819 4805 1982 4875; x_wconf 84' lang='lat' dir='ltr'>Apud</span> <span class='ocrx_word' id='word_1_740' title='bbox 2023 4819 2152 4856; x_wconf 91' lang='lat' dir='ltr'>eum</span> <span class='ocrx_word' id='word_1_741' title='bbox 2196 4799 2518 4872; x_wconf 91' lang='lat' dir='ltr'>paucissimi</span> <span class='ocrx_word' id='word_1_742' title='bbox 2564 4801 2974 4862; x_wconf 90' lang='lat' dir='ltr'>remanserunt,</span> <span class='ocrx_word' id='word_1_743' title='bbox 3028 4810 3336 4865; x_wconf 88' lang='lat' dir='ltr'>agnoscen-</span> 
     </span>
    </p>
   </div>
   <div class='ocr_carea' id='block_1_77' title="bbox 108 4883 3336 4966">
    <p class='ocr_par' dir='ltr' id='par_1_77' title="bbox 108 4883 3336 4966">
     <span class='ocr_line' id='line_1_77' title="bbox 108 4883 3336 4966; baseline -0.002 -23"><span class='ocrx_word' id='word_1_744' title='bbox 108 4889 330 4948; x_wconf 79' lang='lat' dir='ltr'>videbant</span> <span class='ocrx_word' id='word_1_745' title='bbox 348 4912 461 4951; x_wconf 90' lang='lat' dir='ltr'>non</span> <span class='ocrx_word' id='word_1_746' title='bbox 489 4900 676 4950; x_wconf 89' lang='lat' dir='ltr'>essent</span> <span class='ocrx_word' id='word_1_747' title='bbox 694 4895 952 4966; x_wconf 90' lang='lat' dir='ltr'>discipuli</span> <span class='ocrx_word' id='word_1_748' title='bbox 981 4895 1501 4965; x_wconf 89' lang='lat' dir='ltr'>comesturi,neque</span> <span class='ocrx_word' id='word_1_749' title='bbox 1522 4894 1660 4947; x_wconf 88' lang='lat' dir='ltr'>bibi—</span> <span class='ocrx_word' id='word_1_750' title='bbox 1740 4893 1892 4947; x_wconf 93' lang='lat' dir='ltr'>tibus</span> <span class='ocrx_word' id='word_1_751' title='bbox 1928 4892 2208 4962; x_wconf 87' lang='lat' dir='ltr'>gentibus,</span> <span class='ocrx_word' id='word_1_752' title='bbox 2257 4894 2313 4942; x_wconf 91' lang='lat' dir='ltr'>et</span> <span class='ocrx_word' id='word_1_753' title='bbox 2354 4889 2447 4959; x_wconf 92' lang='lat' dir='ltr'>pia</span> <span class='ocrx_word' id='word_1_754' title='bbox 2490 4886 2810 4940; x_wconf 90' lang='lat' dir='ltr'>humilitate</span> <span class='ocrx_word' id='word_1_755' title='bbox 2851 4883 3167 4938; x_wconf 89' lang='lat' dir='ltr'>bibentibus</span> <span class='ocrx_word' id='word_1_756' title='bbox 3206 4899 3336 4953; x_wconf 90' lang='lat' dir='ltr'>pre-</span> 
     </span>
    </p>
   </div>
   <div class='ocr_carea' id='block_1_78' title="bbox 106 4971 3334 5055">
    <p class='ocr_par' dir='ltr' id='par_1_78' title="bbox 106 4971 3334 5055">
     <span class='ocr_line' id='line_1_78' title="bbox 106 4971 3334 5055; baseline -0.001 -29"><span class='ocrx_word' id='word_1_757' title='bbox 106 4980 198 5030; x_wconf 85' lang='lat' dir='ltr'>turi</span> <span class='ocrx_word' id='word_1_758' title='bbox 221 4986 539 5053; x_wconf 87' lang='lat' dir='ltr'>sanguinem</span> <span class='ocrx_word' id='word_1_759' title='bbox 569 5000 736 5054; x_wconf 92' lang='lat' dir='ltr'>quem</span> <span class='ocrx_word' id='word_1_760' title='bbox 765 4985 1154 5055; x_wconf 88' lang='lat' dir='ltr'>cruciﬁgentes</span> <span class='ocrx_word' id='word_1_761' title='bbox 1196 4988 1358 5038; x_wconf 90' lang='lat' dir='ltr'>erant</span> <span class='ocrx_word' id='word_1_762' title='bbox 1385 4983 1658 5037; x_wconf 71' lang='lat' dir='ltr'>eﬁ‘usuri?</span> <span class='ocrx_word' id='word_1_763' title='bbox 1739 4982 1882 5034; x_wconf 89' lang='lat' dir='ltr'>tium</span> <span class='ocrx_word' id='word_1_764' title='bbox 1929 4995 2114 5045; x_wconf 90' lang='lat' dir='ltr'>suum,</span> <span class='ocrx_word' id='word_1_765' title='bbox 2161 4979 2400 5048; x_wconf 87' lang='lat' dir='ltr'>ejusque</span> <span class='ocrx_word' id='word_1_766' title='bbox 2450 4975 2653 5030; x_wconf 84' lang='lat' dir='ltr'>fiducia</span> <span class='ocrx_word' id='word_1_767' title='bbox 2699 4971 3087 5027; x_wconf 90' lang='lat' dir='ltr'>deserentibus</span> <span class='ocrx_word' id='word_1_768' title='bbox 3114 4972 3334 5024; x_wconf 88' lang='lat' dir='ltr'>hostem</span> 
     </span>
    </p>
   </div>
   <div class='ocr_carea' id='block_1_79' title="bbox 108 5055 3335 5144">
    <p class='ocr_par' dir='ltr' id='par_1_79' title="bbox 108 5055 3335 5144">
     <span class='ocr_line' id='line_1_79' title="bbox 108 5055 3335 5144; baseline -0.001 -30"><span class='ocrx_word' id='word_1_769' title='bbox 108 5063 422 5127; x_wconf 86' lang='lat' dir='ltr'>Calumniosa</span> <span class='ocrx_word' id='word_1_770' title='bbox 450 5072 677 5144; x_wconf 89' lang='lat' dir='ltr'>quidem</span> <span class='ocrx_word' id='word_1_771' title='bbox 711 5073 820 5126; x_wconf 90' lang='lat' dir='ltr'>ista</span> <span class='ocrx_word' id='word_1_772' title='bbox 847 5073 1085 5144; x_wconf 90' lang='lat' dir='ltr'>objectio</span> <span class='ocrx_word' id='word_1_773' title='bbox 1112 5079 1213 5128; x_wconf 89' lang='lat' dir='ltr'>est.</span> <span class='ocrx_word' id='word_1_774' title='bbox 1241 5073 1348 5136; x_wconf 88' lang='lat' dir='ltr'>Qui</span> <span class='ocrx_word' id='word_1_775' title='bbox 1379 5073 1528 5126; x_wconf 91' lang='lat' dir='ltr'>enim</span> <span class='ocrx_word' id='word_1_776' title='bbox 1557 5089 1653 5126; x_wconf 89' lang='lat' dir='ltr'>su-</span> <span class='ocrx_word' id='word_1_777' title='bbox 1740 5086 1926 5124; x_wconf 89' lang='lat' dir='ltr'>suum.</span> <span class='ocrx_word' id='word_1_778' title='bbox 1986 5086 2013 5121; x_wconf 80' lang='grc'>»</span> <span class='ocrx_word' id='word_1_779' title='bbox 2073 5067 2140 5120; x_wconf 88' lang='lat' dir='ltr'>Et</span> <span class='ocrx_word' id='word_1_780' title='bbox 2197 5067 2256 5119; x_wconf 91' lang='lat' dir='ltr'>in</span> <span class='ocrx_word' id='word_1_781' title='bbox 2307 5063 2671 5134; x_wconf 91' lang='lat' dir='ltr'>subsequenti</span> <span class='ocrx_word' id='word_1_782' title='bbox 2727 5061 2972 5132; x_wconf 92' lang='lat' dir='ltr'>capitulo</span> <span class='ocrx_word' id='word_1_783' title='bbox 3033 5062 3175 5128; x_wconf 89' lang='lat' dir='ltr'>(cap.</span> <span class='ocrx_word' id='word_1_784' title='bbox 3241 5055 3335 5126; x_wconf 81' lang='grc'>14)</span> 
     </span>
    </p>
   </div>
   <div class='ocr_carea' id='block_1_80' title="bbox 108 5149 3333 5233">
    <p class='ocr_par' dir='ltr' id='par_1_80' title="bbox 108 5149 3333 5233">
     <span class='ocr_line' id='line_1_80' title="bbox 108 5149 3333 5233; baseline -0.002 -29"><span class='ocrx_word' id='word_1_785' title='bbox 108 5155 262 5218; x_wconf 85' lang='lat' dir='ltr'>perius</span> <span class='ocrx_word' id='word_1_786' title='bbox 295 5165 527 5216; x_wconf 89' lang='lat' dir='ltr'>testatus</span> <span class='ocrx_word' id='word_1_787' title='bbox 573 5166 660 5215; x_wconf 89' lang='lat' dir='ltr'>est</span> <span class='ocrx_word' id='word_1_788' title='bbox 694 5163 842 5230; x_wconf 91' lang='lat' dir='ltr'>quod</span> <span class='ocrx_word' id='word_1_789' title='bbox 891 5178 1136 5229; x_wconf 90' lang='lat' dir='ltr'>carnem,</span> <span class='ocrx_word' id='word_1_790' title='bbox 1178 5178 1345 5233; x_wconf 90' lang='lat' dir='ltr'>quam</span> <span class='ocrx_word' id='word_1_791' title='bbox 1377 5162 1445 5214; x_wconf 91' lang='lat' dir='ltr'>de</span> <span class='ocrx_word' id='word_1_792' title='bbox 1474 5168 1654 5215; x_wconf 90' lang='lat' dir='ltr'>matre</span> <span class='ocrx_word' id='word_1_793' title='bbox 1739 5163 1919 5223; x_wconf 60' lang='lat' dir='ltr'>24F:</span> <span class='ocrx_word' id='word_1_794' title='bbox 1952 5160 2078 5226; x_wconf 91' lang='lat' dir='ltr'>post</span> <span class='ocrx_word' id='word_1_795' title='bbox 2105 5155 2329 5224; x_wconf 89' lang='lat' dir='ltr'>aliqua:</span> <span class='ocrx_word' id='word_1_796' title='bbox 2360 5172 2385 5204; x_wconf 91' lang='lat'>«</span> <span class='ocrx_word' id='word_1_797' title='bbox 2417 5152 2563 5216; x_wconf 84' lang='lat' dir='ltr'>Quid</span> <span class='ocrx_word' id='word_1_798' title='bbox 2581 5158 2699 5204; x_wconf 88' lang='lat' dir='ltr'>tam</span> <span class='ocrx_word' id='word_1_799' title='bbox 2738 5149 3010 5203; x_wconf 91' lang='lat' dir='ltr'>mundum</span> <span class='ocrx_word' id='word_1_800' title='bbox 3039 5162 3140 5216; x_wconf 89' lang='lat' dir='ltr'>pro</span> <span class='ocrx_word' id='word_1_801' title='bbox 3169 5161 3333 5198; x_wconf 89' lang='lat' dir='ltr'>mun-</span> 
     </span>
    </p>
   </div>
   <div class='ocr_carea' id='block_1_81' title="bbox 109 5233 3330 5322">
    <p class='ocr_par' dir='ltr' id='par_1_81' title="bbox 109 5233 3330 5322">
     <span class='ocr_line' id='line_1_81' title="bbox 109 5233 3330 5322; baseline -0.005 -21"><span class='ocrx_word' id='word_1_802' title='bbox 109 5237 299 5313; x_wconf 64' lang='lat' dir='ltr'>Virgine</span> <span class='ocrx_word' id='word_1_803' title='bbox 326 5250 580 5322; x_wconf 90' lang='lat' dir='ltr'>sumpsit,</span> <span class='ocrx_word' id='word_1_804' title='bbox 613 5254 669 5302; x_wconf 94' lang='lat' dir='ltr'>et</span> <span class='ocrx_word' id='word_1_805' title='bbox 696 5250 755 5302; x_wconf 93' lang='lat' dir='ltr'>in</span> <span class='ocrx_word' id='word_1_806' title='bbox 780 5267 891 5320; x_wconf 85' lang='lat' dir='ltr'>qua</span> <span class='ocrx_word' id='word_1_807' title='bbox 911 5251 970 5304; x_wconf 92' lang='lat' dir='ltr'>in</span> <span class='ocrx_word' id='word_1_808' title='bbox 1007 5250 1172 5304; x_wconf 85' lang='lat' dir='ltr'>terris</span> <span class='ocrx_word' id='word_1_809' title='bbox 1223 5249 1547 5313; x_wconf 88' lang='lat' dir='ltr'>ambulavit,</span> <span class='ocrx_word' id='word_1_810' title='bbox 1583 5249 1653 5302; x_wconf 90' lang='lat' dir='ltr'>ad</span> <span class='ocrx_word' id='word_1_811' title='bbox 1735 5246 1934 5299; x_wconf 89' lang='lat' dir='ltr'>dandis</span> <span class='ocrx_word' id='word_1_812' title='bbox 1963 5244 2110 5297; x_wconf 90' lang='lat' dir='ltr'>vitiis</span> <span class='ocrx_word' id='word_1_813' title='bbox 2139 5242 2483 5307; x_wconf 87' lang='lat' dir='ltr'>mortalium,</span> <span class='ocrx_word' id='word_1_814' title='bbox 2521 5256 2688 5310; x_wconf 90' lang='lat' dir='ltr'>quam</span> <span class='ocrx_word' id='word_1_815' title='bbox 2710 5238 2828 5292; x_wconf 92' lang='lat' dir='ltr'>sine</span> <span class='ocrx_word' id='word_1_816' title='bbox 2859 5236 2976 5290; x_wconf 89' lang='lat' dir='ltr'>ulla</span> <span class='ocrx_word' id='word_1_817' title='bbox 2997 5233 3330 5302; x_wconf 87' lang='lat' dir='ltr'>contagione</span> 
     </span>
    </p>
   </div>
   <div class='ocr_carea' id='block_1_82' title="bbox 109 5324 3332 5408">
    <p class='ocr_par' dir='ltr' id='par_1_82' title="bbox 109 5324 3332 5408">
     <span class='ocr_line' id='line_1_82' title="bbox 109 5324 3332 5408; baseline -0.002 -31"><span class='ocrx_word' id='word_1_818' title='bbox 109 5334 1512 5408; x_wconf 85' lang='lat' dir='ltr'>manducandumnobissalubritertribuit,quomodo</span> <span class='ocrx_word' id='word_1_819' title='bbox 1528 5338 1656 5390; x_wconf 88' lang='lat' dir='ltr'>huic</span> <span class='ocrx_word' id='word_1_820' title='bbox 1737 5333 1977 5388; x_wconf 89' lang='lat' dir='ltr'>carnalis</span> <span class='ocrx_word' id='word_1_821' title='bbox 2029 5330 2488 5402; x_wconf 68' lang='lat' dir='ltr'>concupiscentiae</span> <span class='ocrx_word' id='word_1_822' title='bbox 2536 5344 2664 5381; x_wconf 88' lang='lat' dir='ltr'>caro</span> <span class='ocrx_word' id='word_1_823' title='bbox 2702 5331 2836 5378; x_wconf 89' lang='lat' dir='ltr'>nata</span> <span class='ocrx_word' id='word_1_824' title='bbox 2863 5324 2921 5376; x_wconf 91' lang='lat' dir='ltr'>in</span> <span class='ocrx_word' id='word_1_825' title='bbox 2963 5327 3146 5386; x_wconf 90' lang='lat' dir='ltr'>utero,</span> <span class='ocrx_word' id='word_1_826' title='bbox 3177 5325 3235 5374; x_wconf 91' lang='lat' dir='ltr'>et</span> <span class='ocrx_word' id='word_1_827' title='bbox 3264 5337 3332 5375; x_wconf 89' lang='lat' dir='ltr'>ex</span> 
     </span>
    </p>
   </div>
   <div class='ocr_carea' id='block_1_83' title="bbox 1735 5410 3329 5492">
    <p class='ocr_par' dir='ltr' id='par_1_83' title="bbox 1735 5410 3329 5492">
     <span class='ocr_line' id='line_1_83' title="bbox 1735 5410 3329 5492; baseline -0.01 -15"><span class='ocrx_word' id='word_1_828' title='bbox 1735 5429 1896 5478; x_wconf 90' lang='lat' dir='ltr'>utero</span> <span class='ocrx_word' id='word_1_829' title='bbox 1917 5421 2212 5492; x_wconf 86' lang='lat' dir='ltr'>virginali?</span> <span class='ocrx_word' id='word_1_830' title='bbox 2246 5421 2311 5473; x_wconf 90' lang='lat' dir='ltr'>Et</span> <span class='ocrx_word' id='word_1_831' title='bbox 2340 5418 2473 5489; x_wconf 89' lang='lat' dir='ltr'>quid</span> <span class='ocrx_word' id='word_1_832' title='bbox 2505 5422 2619 5469; x_wconf 89' lang='lat' dir='ltr'>tam</span> <span class='ocrx_word' id='word_1_833' title='bbox 2643 5420 2804 5482; x_wconf 87' lang='lat' dir='ltr'>grate</span> <span class='ocrx_word' id='word_1_834' title='bbox 2829 5410 3016 5464; x_wconf 72' lang='lat' dir='ltr'>offerri</span> <span class='ocrx_word' id='word_1_835' title='bbox 3043 5415 3101 5463; x_wconf 90' lang='lat' dir='ltr'>et</span> <span class='ocrx_word' id='word_1_836' title='bbox 3123 5410 3329 5481; x_wconf 89' lang='lat' dir='ltr'>suscipi</span> 
     </span>
    </p>
   </div>
   <div class='ocr_carea' id='block_1_84' title="bbox 1735 5498 3330 5584">
    <p class='ocr_par' dir='ltr' id='par_1_84' title="bbox 1735 5498 3330 5584">
     <span class='ocr_line' id='line_1_84' title="bbox 1735 5498 3330 5584; baseline -0.008 -19"><span class='ocrx_word' id='word_1_837' title='bbox 1735 5517 1926 5584; x_wconf 91' lang='lat' dir='ltr'>posset</span> <span class='ocrx_word' id='word_1_838' title='bbox 1953 5527 2122 5580; x_wconf 84' lang='lat' dir='ltr'>quam</span> <span class='ocrx_word' id='word_1_839' title='bbox 2168 5525 2296 5561; x_wconf 90' lang='lat' dir='ltr'>caro</span> <span class='ocrx_word' id='word_1_840' title='bbox 2327 5504 2584 5560; x_wconf 85' lang='lat' dir='ltr'>sacriﬁcii</span> <span class='ocrx_word' id='word_1_841' title='bbox 2613 5501 2791 5554; x_wconf 88' lang='lat' dir='ltr'>nostri</span> <span class='ocrx_word' id='word_1_842' title='bbox 2837 5515 3040 5568; x_wconf 88' lang='lat' dir='ltr'>corpus</span> <span class='ocrx_word' id='word_1_843' title='bbox 3069 5498 3330 5553; x_wconf 71' lang='lat' dir='ltr'>effectum</span> 
     </span>
    </p>
   </div>
   <div class='ocr_carea' id='block_1_85' title="bbox 1735 5586 3327 5662">
    <p class='ocr_par' dir='ltr' id='par_1_85' title="bbox 1735 5586 3327 5662">
     <span class='ocr_line' id='line_1_85' title="bbox 1735 5586 3327 5662; baseline -0.008 -7"><span class='ocrx_word' id='word_1_844' title='bbox 1735 5597 2037 5656; x_wconf 87' lang='lat' dir='ltr'>sacerdotis</span> <span class='ocrx_word' id='word_1_845' title='bbox 2066 5595 2335 5652; x_wconf 73' lang='lat' dir='ltr'>nostri?»</span> <span class='ocrx_word' id='word_1_846' title='bbox 2351 5594 2462 5649; x_wconf 91' lang='lat' dir='ltr'>Leo</span> <span class='ocrx_word' id='word_1_847' title='bbox 2487 5606 2631 5662; x_wconf 87' lang='lat' dir='ltr'>papa</span> <span class='ocrx_word' id='word_1_848' title='bbox 2651 5589 2710 5645; x_wconf 89' lang='lat' dir='ltr'>in</span> <span class='ocrx_word' id='word_1_849' title='bbox 2735 5601 2992 5646; x_wconf 89' lang='lat' dir='ltr'>sermone</span> <span class='ocrx_word' id='word_1_850' title='bbox 3021 5586 3090 5643; x_wconf 91' lang='lat' dir='ltr'>de</span> <span class='ocrx_word' id='word_1_851' title='bbox 3113 5587 3327 5659; x_wconf 88' lang='lat' dir='ltr'>jejunio</span> 
     </span>
    </p>
   </div>
   <div class='ocr_carea' id='block_1_86' title="bbox 111 5422 1656 5498">
    <p class='ocr_par' dir='ltr' id='par_1_86' title="bbox 111 5422 1656 5498">
     <span class='ocr_line' id='line_1_86' title="bbox 111 5422 1656 5498; baseline 0.008 -31"><span class='ocrx_word' id='word_1_852' title='bbox 111 5422 203 5472; x_wconf 78' lang='lat' dir='ltr'>tam</span> <span class='ocrx_word' id='word_1_853' title='bbox 227 5428 485 5492; x_wconf 78' lang='lat' dir='ltr'>praeclarae</span> <span class='ocrx_word' id='word_1_854' title='bbox 514 5430 804 5483; x_wconf 70' lang='lat' dir='ltr'>sententiae</span> <span class='ocrx_word' id='word_1_855' title='bbox 837 5427 1026 5498; x_wconf 88' lang='lat' dir='ltr'>aliqua</span> <span class='ocrx_word' id='word_1_856' title='bbox 1064 5427 1345 5481; x_wconf 86' lang='lat' dir='ltr'>contraria</span> <span class='ocrx_word' id='word_1_857' title='bbox 1375 5426 1656 5480; x_wconf 87' lang='lat' dir='ltr'>sententia</span> 
     </span>
    </p>
   </div>
   <div class='ocr_carea' id='block_1_87' title="bbox 109 5509 1652 5571">
    <p class='ocr_par' dir='ltr' id='par_1_87' title="bbox 109 5509 1652 5571">
     <span class='ocr_line' id='line_1_87' title="bbox 109 5509 1652 5571; baseline 0.006 -14"><span class='ocrx_word' id='word_1_858' title='bbox 109 5509 260 5571; x_wconf 85' lang='lat' dir='ltr'>potuit</span> <span class='ocrx_word' id='word_1_859' title='bbox 285 5514 539 5570; x_wconf 87' lang='lat' dir='ltr'>obviare?</span> <span class='ocrx_word' id='word_1_860' title='bbox 592 5517 754 5571; x_wconf 89' lang='lat' dir='ltr'>Absit</span> <span class='ocrx_word' id='word_1_861' title='bbox 787 5533 821 5570; x_wconf 91' lang='lat' dir='ltr'>a</span> <span class='ocrx_word' id='word_1_862' title='bbox 849 5517 1032 5571; x_wconf 90' lang='lat' dir='ltr'>sobrio</span> <span class='ocrx_word' id='word_1_863' title='bbox 1059 5518 1265 5570; x_wconf 90' lang='lat' dir='ltr'>lectore</span> <span class='ocrx_word' id='word_1_864' title='bbox 1296 5521 1351 5569; x_wconf 87' lang='lat' dir='ltr'>et</span> <span class='ocrx_word' id='word_1_865' title='bbox 1383 5514 1652 5568; x_wconf 87' lang='lat' dir='ltr'>catholico</span> 
     </span>
    </p>
   </div>
   <div class='ocr_carea' id='block_1_88' title="bbox 110 5598 1646 5679">
    <p class='ocr_par' dir='ltr' id='par_1_88' title="bbox 110 5598 1646 5679">
     <span class='ocr_line' id='line_1_88' title="bbox 110 5598 1646 5679; baseline 0.003 -27"><span class='ocrx_word' id='word_1_866' title='bbox 110 5598 378 5669; x_wconf 67' lang='lat' dir='ltr'>exposuere</span> <span class='ocrx_word' id='word_1_867' title='bbox 397 5611 510 5663; x_wconf 88' lang='lat' dir='ltr'>tam</span> <span class='ocrx_word' id='word_1_868' title='bbox 526 5622 784 5679; x_wconf 85' lang='lat' dir='ltr'>perverse</span> <span class='ocrx_word' id='word_1_869' title='bbox 799 5606 940 5664; x_wconf 84' lang='lat' dir='ltr'>senti</span> <span class='ocrx_word' id='word_1_870' title='bbox 947 5623 1006 5662; x_wconf 88' lang='lat' dir='ltr'>re</span> <span class='ocrx_word' id='word_1_871' title='bbox 1018 5607 1086 5664; x_wconf 87' lang='lat' dir='ltr'>de</span> <span class='ocrx_word' id='word_1_872' title='bbox 1100 5604 1354 5663; x_wconf 84' lang='lat' dir='ltr'>Ecclesiae</span> <span class='ocrx_word' id='word_1_873' title='bbox 1365 5605 1646 5672; x_wconf 89' lang='lat' dir='ltr'>columna,</span> 
     </span>
    </p>
   </div>
  </div>
