3878 6352
493 283 603 345 439

1474 293 1537 358 Β,
1578 286 1994 346 LANFRANCI
2028 282 2389 340 CANTUAR.
2431 280 2775 337 ARCHIEP.

3658 278 3760 333 440

487 410 716 465 dicens:
769 410 1100 465 Ambrosius
1152 410 1215 465 in
1266 410 1411 467 libro
1463 412 1546 467 De
1599 410 1965 466 sacramentis
2010 404 2354 477 aitA(Proo.
2374 416 2477 472 xn,
2496 399 2607 471 28).
2638 402 2708 456 Et
2730 400 2929 455 beatus
2956 399 3308 471 Augustinus
3333 400 3393 455 in
3407 400 3594 471 primo
3615 398 3759 455 libro

489 498 609 568 (lib.
634 512 711 566 Iv,
733 515 783 552 c.
806 497 891 569 4):
923 497 1080 553 Sicut
1097 502 1248 553 enim
1266 503 1463 554 mortis
1481 501 1915 554 similitudinem
1933 513 2084 551 sum-

481 588 668 656 psisti,
700 589 784 640 ita
795 588 1641 655 etiamsimititudinempretiosi
1668 588 1967 654 sanguinis
1997 586 2082 638 bi-

495 675 596 731 bis.
631 674 762 728 Haec
778 672 949 729 verba
971 690 1271 745 exponens,
1302 674 1436 747 quid
1455 674 1852 746 comparatius,
1875 674 2081 744 inquis,

489 760 626 831 quid
669 761 944 816 similius?
986 761 1197 833 Negari
1230 781 1344 819 non
1371 769 1557 834 potest
1585 763 1814 817 beatum
1842 762 2084 816 Ambro-

486 850 636 904 sium
658 856 1007 905 sacramento
1026 850 1289 923 baptismi
1308 857 1659 907 sacramenta
1675 850 2081 922 comparavisse

485 938 702 992 altaris.
717 940 845 994 Non
860 945 945 994 est
960 945 1153 994 autem
1170 956 1303 994 vera
1316 940 1525 995 Christi
1540 957 1693 994 mors
1708 940 1768 993 in
1783 939 2082 1010 baptismo.

483 1025 670 1096 Igitur
712 1043 816 1082 nec
860 1044 1024 1082 verus
1067 1029 1190 1098 ejus
1228 1029 1456 1097 sanguis
1486 1029 1540 1082 in
1573 1028 1679 1081 hoc
1706 1032 2076 1083 sacramento.

482 1113 631 1170 Pace
657 1120 758 1170 tua
785 1116 998 1171 dictum
1026 1117 1118 1184 sit,
1150 1117 1393 1171 multum
1427 1116 1637 1170 falleris
1663 1117 1724 1170 in
1752 1117 1856 1169 hac
1883 1115 2081 1169 verbo-

482 1219 617 1258 rum
634 1203 1026 1276 intelligentia,
1047 1221 1230 1275 neque
1251 1205 1400 1259 enim
1417 1204 1798 1259 similitudinis
1818 1202 2081 1258 adverbia

481 1292 861 1359 identitatem,
894 1310 994 1348 seu
1036 1293 1414 1365 aequalitatem
1443 1292 1649 1363 ubique
1683 1292 1866 1364 posita
1903 1292 2077 1362 signi-

483 1381 678 1436 ﬁcant.
711 1383 777 1436 In
805 1382 1103 1452 Evangelio
1131 1398 1377 1452 namque
1406 1382 1660 1436 Salvator
1688 1381 1824 1435 dicit
1848 1399 1860 1434 :
1902 1381 2077 1435 Estote

483 1471 886 1536 misericordes,
929 1472 1074 1523 sicut
1120 1474 1168 1522 et
1212 1469 1386 1526 Pater
1430 1476 1599 1523 vester
1646 1472 1957 1523 misericors
2003 1473 2079 1522 est

488 1556 639 1620 (Luc.
666 1571 744 1624 v1,
777 1555 885 1626 36).
916 1557 1044 1612 Non
1067 1562 1256 1612 tamen
1285 1558 1500 1625 eadem,
1534 1574 1633 1611 seu
1665 1557 1894 1628 aequalis
1917 1557 2082 1611 mise-

2162 494 2245 547 De
2268 506 2525 546 sermone
2549 490 2775 544 Domini
2792 490 2853 544 in
2872 494 3094 543 monte:
3139 509 3164 542 ε
3191 489 3354 554 Quod
3372 505 3525 557 vero,
3547 489 3758 560 inquit,

2163 586 2263 636 aut
2289 579 2588 635 obscurum
2634 584 2735 633 aut
2777 578 3086 633 absurdum
3128 578 3212 633 illi
3250 582 3433 646 sonat,
3478 593 3599 632 non
3632 578 3763 632 inde

2162 669 2405 725 concitet
2449 667 2953 722 contradictionum
2998 667 3331 735 certamina,
3382 667 3480 722 sed
3525 671 3660 721 oret
3704 673 3768 721 ut

2161 757 2459 828 intelligat.
2483 776 2506 809 ι
2541 758 2611 811 Et
2630 756 2692 810 in
2709 755 2852 811 libro
2867 756 3036 811 tertio
3060 755 3148 810 De
3165 755 3441 811 Trinitate
3463 757 3612 827 (cap.
3643 754 3763 825 10):

2168 864 2195 900 α
2225 846 2353 900 Mihi
2398 850 2611 910 autem,
2644 844 2742 911 ait,
2775 844 2913 898 utile
2942 849 3044 911 est,
3079 849 3144 899 ut
3169 844 3525 899 meminerim
3555 843 3767 898 virium

2165 950 2443 999 mearum,
2462 933 2779 1003 fratresque
2798 949 2954 987 meos
2972 934 3308 988 admoneam
3320 937 3386 987 ut
3399 932 3775 987 meminerint

2166 1038 2418 1088 suarum,
2449 1038 2520 1076 ne
2550 1023 2701 1076 ultra
2729 1038 2895 1092 quam
2926 1027 3112 1076 tutum
3142 1027 3229 1076 est
3252 1023 3501 1075 humana
3524 1038 3765 1091 progre-

2163 1111 2353 1165 diatur
2379 1111 2698 1165 inﬁrmitas.
2725 1128 2752 1163 ι
2804 1112 2872 1165 Et
2902 1111 2962 1165 in
2991 1110 3134 1165 libro
3164 1112 3385 1165 Contra'
3411 1110 3762 1164 Felicianum

2160 1199 2486 1254 haereticum
2545 1201 2686 1271 (cap.
2744 1199 2835 1269 2):
2896 1219 2919 1251 ι
2955 1199 3371 1270 Scripturarum
3422 1197 3763 1251 auctoritate

2158 1292 2473 1354 contentus,
2509 1288 2858 1359 simplicitati
2887 1287 3114 1342 obedire
3139 1286 3326 1358 potius
3354 1286 3556 1340 studeo
3587 1301 3760 1356 quam

2157 1376 2386 1433 tumori.
2416 1395 2440 1428 ι
2488 1376 2563 1431 Et
2592 1378 2759 1447 paulo
2787 1382 2913 1448 post
2940 1377 3117 1443 (ibid)
3141 1394 3153 1428 :
3206 1394 3233 1427 (ί
3253 1376 3434 1439 Quam
3475 1375 3760 1428 rationem

2160 1464 2359 1517 afferre
2378 1469 2536 1535 potes
2547 1464 2593 1517 si
2607 1470 2833 1535 partum
2852 1463 3119 1535 praedicas
3138 1463 3413 1532 Virginis;
3442 1462 3491 1515 si
3503 1462 3757 1515 redditos

2161 1552 2349 1607 oculos
2375 1569 2489 1607 non
2519 1569 2692 1623 negas
2719 1553 2896 1619 caecis,
2924 1552 2972 1605 si
2996 1552 3243 1622 sepultos
3267 1550 3532 1604 ostendas
3564 1556 3759 1616 πω

480 1644 730 1701 ricordia
779 1648 966 1715 potest
1010 1644 1194 1699 inesse
1244 1645 1361 1700 Deo
1411 1651 1469 1701 et
1512 1645 1852 1700 hominibus.
1904 1645 1974 1698 Et
2021 1646 2079 1699 in
2093 1680 2142 1741 Β
2160 1641 2372 1694 redisse
2400 1656 2436 1694 a
2462 1642 2743 1695 mortuis?
2775 1641 2835 1695 Si
2859 1657 2991 1710 ergo
3017 1642 3221 1694 horum
3248 1644 3305 1693 et
3331 1639 3759 1741 incomprehen—

485 1731 790 1801 Evangelio
820 1733 1127 1788 secundum
1158 1734 1454 1789 Joannem:
1489 1736 1557 1788 Et
1590 1750 1702 1802 ego,
1735 1733 1938 1804 inquit,
1971 1726 2336 1787 cla-"sibilis
2366 1733 2452 1783 est
2477 1730 2643 1795 ratio,
2696 1735 2753 1783 et
2779 1730 2983 1782 veritas
3008 1733 3267 1799 prompta
3293 1732 3399 1793 est,
3442 1726 3670 1781 facilius
3698 1727 3755 1780 in

483 1822 717 1874 ritatem
744 1836 913 1888 quam
960 1823 1159 1875 dedisti
1203 1823 1348 1877 mihi
1372 1824 1499 1879 dedi
1527 1824 1621 1888 eis,
1662 1827 1727 1875 ut
1753 1824 1870 1875 sint
1896 1836 2079 1875 unum

483 1909 637 1961 sicut
662 1913 713 1961 et
739 1924 836 1962 nos
864 1925 1047 1964 unum
1074 1925 1268 1964 sumus
1295 1910 1478 1980 (Joan.
1507 1924 1643 1974 xvn,
1675 1908 1793 1980 22).
1819 1910 1889 1963 Et
1916 1908 2074 1963 alibi:

484 1996 750 2051 .Dilea'isti
767 2011 874 2064 eos,
904 1999 1048 2052 sicut
1073 2004 1124 2052 et
1147 2015 1233 2052 me
1258 2000 1509 2053 dilexisti
1558 1998 1743 2065 (ibid.,
1769 1996 1879 2067 23).
1919 1997 2079 2052 Unde

487 2088 551 2137 et
571 2082 769 2139 beatus
790 2086 1139 2156 Augustinus
1166 2087 1226 2141 in
1256 2087 1613 2157 Expositione
1636 2086 1887 2156 ejusdem
1908 2087 2082 2140 Evan-

486 2171 625 2242 gelii
652 2172 733 2226 ait
764 2174 963 2243 (Tract.
1001 2172 1120 2245 10):
1164 2176 1351 2243 Neque
1378 2178 1528 2228 enim
1554 2191 1764 2243 semper
1791 2178 2080 2243 aequalita-

489 2265 603 2314 tem
626 2264 906 2329 signiﬁcat
932 2265 1034 2331 qui
1055 2265 1209 2328 dicit,
1237 2266 1379 2318 sicut
1403 2265 1568 2329 illud,
1603 2266 1686 2316 ita
1708 2269 1756 2316 et
1785 2264 1962 2317 illud:
1992 2265 2081 2317 sed

488 2351 797 2418 aliquando
818 2356 1057 2417 tantum,
1071 2354 1206 2420 quia
1224 2356 1299 2405 est
1314 2353 1481 2418 illud,
1498 2356 1573 2406 est
1587 2357 1634 2425 et
1646 2353 1812 2418 illud,
1836 2357 1933 2405 aut
1946 2354 2081 2420 quia

488 2443 567 2494 est
594 2439 742 2505 illud
766 2444 831 2493 ut
859 2442 933 2493 sit
960 2444 1009 2493 et
1036 2441 1203 2495 illud.

1074 2536 1309 2591 CAPUT
1345 2537 1493 2593 XXI.

498 2650 501 2655 ·
560 2623 661 2677 Est
686 2621 839 2678 aliud
876 2623 1025 2693 quod
1054 2622 1314 2694 objicitis,
1351 2625 1500 2694 quod
1529 2639 1794 2678 concessa
1818 2624 2083 2695 loquendi

481 2712 755 2769 facultate
765 2711 959 2765 multis
973 2711 1033 2767 in
1048 2712 1183 2767 locis
1200 2712 1474 2780 clamatis,
1494 2717 1551 2766 et
1561 2712 1772 2767 dicitis:
1802 2730 1827 2763 (‹
1847 2713 1906 2767 Si
1921 2714 2083 2783 panis

482 2799 550 2855 in
592 2815 783 2853 veram
828 2799 1038 2855 Christi
1077 2816 1304 2855 carnem
1354 2800 1732 2867 convertitur;
1781 2805 1897 2854 aut.
1922 2801 2083 2872 panis

2160 1816 2401 1886 negotiis
2427 1816 2560 1870 ﬁdei
2584 1815 2920 1870 testimoniis
2947 1815 3196 1869 creditur
3221 1830 3391 1886 quam
3414 1814 3561 1869 ratio
3592 1815 3759 1869 vesti-

2160 1910 2329 1975 gatur
2357 1904 2480 1974 [at.,
2509 1904 2926 1977 investigatur].
2956 1923 2978 1956 ›

2728 2002 2960 2057 CAPUT
3007 2002 3183 2057 XXII.

2233 2090 2491 2144 Probatis
2520 2106 2642 2161 qua:
2669 2089 2895 2161 probari
2922 2089 3234 2161 oportebat,
3266 2094 3323 2143 et
3350 2088 3594 2143 exclusis
3632 2106 3756 2161 quae

2163 2179 2378 2233 excludi
2405 2178 2549 2232 ratio
2580 2176 2870 2245 suadebat,
2890 2179 3008 2247 jam
3031 2177 3262 2231 tandem
3285 2176 3419 2247 quid
3444 2182 3509 2231 tu
3533 2177 3754 2243 credas,

2163 2270 2220 2320 et
2247 2266 2635 2321 credulitatem
2664 2271 2821 2320 tuam
2848 2266 2982 2337 quid
3010 2270 3296 2336 sequatur,
3327 2264 3645 2320 videamus.
3676 2267 3758 2320 Tu

2162 2353 2342 2408 credis
2383 2370 2587 2425 panem
2634 2355 2938 2427 vinumque
2982 2353 3284 2408 Dominicae
3329 2369 3560 2421 mense,
3609 2353 3759 2408 inter

2164 2443 2622 2509 consecrandum,
2648 2448 2922 2514 quantum
2942 2442 3014 2496 ad
3033 2441 3428 2509 substantiam,
3450 2442 3765 2497 immobilia

2164 2547 2513 2601 permanere,
2540 2532 2646 2586 hoc
2674 2536 2759 2586 est
2785 2547 2990 2602 panem
3016 2535 3073 2585 et
3101 2531 3292 2585 vinum
3318 2531 3601 2585 exstitisse
3631 2536 3763 2585 ante

2165 2621 2660 2686 consecrationem,
2708 2625 2767 2674 et
2792 2635 2995 2691 panem
3023 2619 3325 2690 vinumque
3362 2619 3605 2674 existere
3634 2626 3761 2691 post

2163 2708 2638 2763 consecrationem
2666 2752 2682 2774 ,
2749 2706 2959 2762 Christi
3012 2723 3239 2765 carnem
3298 2723 3364 2761 ac
3419 2708 3759 2779 sanguinem

2161 2802 2460 2868 propterea
2511 2798 2695 2852 vocari
2751 2796 2917 2867 quod,
2977 2796 3039 2849 in
3091 2796 3424 2850 memoriam
3478 2796 3759 2852 cruciﬁxze

481 2886 802 2944 sustollitur
844 2888 906 2942 in
948 2888 1171 2955 caelum,
1220 2895 1286 2943 ut
1329 2888 1443 2943 illic
1490 2888 1550 2942 in
1594 2886 1801 2941 Christi
1853 2903 2081 2942 carnem
2163 2886 2346 2940 carnis
2365 2892 2424 2939 et
2442 2886 2513 2940 de
2534 2887 2709 2940 latere
2739 2884 2901 2938 etfusi
2928 2883 3241 2955 sanguinis,
3262 2884 3321 2938 in
3343 2884 3597 2939 Ecclesia
3622 2886 3761 2940 cele-

481 2976 878 3043 transferatur,
920 2981 1021 3030 aut
1061 2992 1191 3031 caro
1216 2976 1427 3030 Christi
1454 2977 1527 3029 ad
1552 2982 1767 3029 terram
1808 2976 2076 3043 defertur,
2164 2973 2415 3041 brentur,
2440 2980 2506 3028 ut
2528 2973 2876 3028 Dominicam
2900 2974 3217 3044 passionem
3238 2988 3339 3043 per
3352 2973 3459 3025 hoc
3477 2973 3756 3028 admoniti

479 3067 550 3117 ut
575 3063 703 3118 istic
729 3064 791 3118 in
815 3080 942 3118 eam
968 3063 1132 3135 panis
1155 3068 1553 3118 commutatur.
1583 3062 1756 3132 Atqui
1782 3079 1885 3117 nec
1914 3063 2076 3133 panis
2096 3045 2140 3106 (ἶ
2161 3079 2384 3133 semper
2406 3064 2738 3132 recolamus,
2768 3067 2825 3115 et
2852 3061 3180 3127 recolentes,
3226 3076 3453 3115 carnem
3501 3068 3760 3118 nostram

478 3151 820 3218 sustollitur,
870 3167 973 3205 nec
1000 3167 1130 3205 caro
1159 3151 1429 3206 defertur.
1477 3151 1606 3204 Non
1632 3154 1719 3203 est
1745 3149 1920 3219 igitur
1945 3166 2078 3204 vera
2158 3167 2287 3205 cum
2314 3151 2466 3206 vitiis
2495 3156 2551 3205 et
2580 3150 3041 3221 concupiscentiis
3069 3150 3415 3204 incessanter
3453 3150 3754 3221 cruciﬁga-

479 3254 612 3293 caro
640 3238 701 3292 in
727 3256 896 3310 quam
925 3240 1087 3310 panis
1113 3240 1475 3294 convertitur.
1504 3257 1528 3289 ι
1564 3238 1682 3292 Hoc
1700 3254 1797 3292 vos
1816 3239 2077 3309 colligitis
2158 3256 2285 3294 mus
2311 3240 2454 3307 (θαι.
2488 3254 2541 3305 v,
2571 3238 2680 3309 24).
2714 3238 2849 3302 Quae
2876 3238 2923 3292 si
2954 3255 3083 3292 vera
3112 3243 3245 3292 sunt
3274 3239 3677 3309 praestantiora
3703 3244 3759 3292 et

479 3327 795 3381 secundum
838 3328 1147 3381 humanam
1203 3328 1560 3397 sapientiam,
1610 3342 1725 3380 non
1768 3328 2077 3382 secundum
2158 3327 2671 3382 diviniorafuerunt
2684 3332 3035 3381 sacramenta
3050 3327 3371 3381 Judmorum
3387 3328 3757 3382 sacramentis

480 3413 750 3467 divinam.
798 3415 1062 3468 Humana
1090 3420 1277 3471 autem
1308 3415 1585 3486 sapientia
1610 3416 1859 3486 perquiri
1888 3417 2077 3470 divina
2158 3416 2625 3471 Christianorum.
2674 3416 2811 3479 Quis
2850 3416 3000 3469 enim
3026 3415 3240 3469 nesciat
3266 3430 3477 3469 manna
3503 3416 3661 3487 quod
3688 3417 3755 3470 de

479 3518 656 3575 opera
681 3502 942 3574 prohibet
968 3504 1270 3575 Apostolus
1295 3504 1368 3558 ad
1394 3504 1674 3559 Romanos
1698 3505 1917 3559 dicens:
1950 3506 2075 3560 Non
2156 3505 2293 3559 ccelo
2322 3503 2549 3575 pluebat
2575 3503 2866 3569 Dominus,
2920 3520 3021 3557 seu
3064 3503 3341 3557 animatas
3370 3509 3428 3558 et
3454 3503 3751 3559 sensibiles

476 3594 606 3661 plus
629 3606 816 3660 sapere
837 3607 1006 3660 quam
1025 3597 1227 3661 oportet
1243 3608 1447 3661 sapere,
1471 3595 1560 3647 sed
1580 3609 1765 3662 sapere
1785 3595 1859 3647 ad
1877 3595 2076 3647 sobrie-
2154 3598 2441 3647 creaturas
2469 3609 2608 3663 quas
2636 3592 2875 3662 populus
2903 3591 2996 3646 ille
3022 3593 3336 3647 sacrificare
3359 3599 3747 3660 consueverat,

480 3684 649 3733 tatem
677 3679 855 3748 (Rom.
880 3694 983 3747 χιι,
1006 3678 1093 3747 3);
1125 3684 1183 3734 et
1209 3680 1281 3734 ad
1309 3680 1653 3735 Corinthios:
1681 3681 1871 3736 Sermo
1899 3698 2070 3749 meus,
2154 3698 2327 3753 parva
2358 3681 2603 3735 buccella
2628 3683 2809 3751 panis,
2840 3680 3171 3751 modicoque
3195 3680 3309 3735 vini
3332 3682 3754 3752 praestantiores

478 3772 530 3822 et
541 3769 864 3837 pradicatio
882 3784 1003 3822 mea
1021 3784 1135 3823 non
1154 3770 1218 3823 in
1232 3770 1689 3837 persuasibitibus
1710 3770 1969 3823 humana
1991 3786 2075 3824 sa-
2156 3769 2474 3824 exstitisse?
2504 3769 2719 3824 Rursus
2740 3769 2864 3839 quis
2882 3785 2994 3823 non
3014 3769 3295 3839 intelligat
3315 3770 3557 3825 divinius
3581 3770 3751 3824 fuisse

476 3858 699 3925 pientis
722 3858 923 3926 verbis,
941 3858 1033 3911 sed
1051 3858 1117 3910 in
1131 3859 1733 3925 ostensionespirituset
1746 3860 1994 3924 virtutis,
2009 3864 2071 3912 ut
2154 3858 2534 3929 praenuntiare
2579 3858 2771 3912 futura
2817 3873 2987 3928 quam
3016 3874 3247 3912 narrare
3278 3858 3584 3929 praeterita,
3622 3873 3749 3912 curn

473 3946 606 4013 ﬁdes
624 3950 804 4000 vestra
826 3961 941 4000 non
960 3948 1035 4000 sit
1055 3947 1118 3999 in
1140 3947 1413 4013 sapientia
1433 3946 1746 4011 hominum,
1769 3947 1860 3999 sed
1876 3949 1940 4000 in
1959 3950 2074 4000 vir—
2151 3946 2291 4000 illud
2319 3963 2432 4001 non
2459 3946 2635 4017 possit
2660 3946 2843 4000 facere
2871 3945 2979 4000 nisi
3012 3946 3226 4017 Spiritu
3260 3946 3362 4001 Dei
3392 3947 3614 4017 plenus,
3647 3947 3749 4000 hoc

478 4038 593 4087 tute
610 4035 711 4088 Dei
737 4034 785 4105 (1
810 4035 933 4091 Cor.
964 4047 1027 4100 II,
1059 4031 1149 4101 4);
1181 4037 1238 4086 et
1266 4033 1337 4087 ad
1369 4032 1759 4087 Colossenses:
1802 4035 1974 4087 Videte
2002 4050 2071 4089 ne
2151 4040 2342 4088 autem
2370 4051 2515 4104 saepe
2559 4035 2731 4088 faciat
2757 4034 2933 4089 idiota
2979 4034 3151 4088 etiam
3179 4035 3266 4088 vel
3309 4034 3546 4105 quilibet
3575 4036 3749 4106 impe-

475 4123 700 4191 quisvos
710 4122 1762 4190 decipiatperphitosophiametinanem
1777 4122 2067 4189 fallaciam
2150 4122 2292 4176 ritus
2316 4122 2340 4175 ?
2373 4122 2482 4176 Sed
2511 4121 2656 4175 absit
2682 4122 2788 4176 hoc
2810 4139 2845 4176 a
2869 4122 3117 4176 ﬁdelium
3145 4122 3321 4176 corde
3340 4128 3398 4176 et
3425 4122 3745 4177 Christiana

472 4210 779 4262 secundum
794 4211 1150 4263 traditionem
1161 4210 1473 4275 hominum,
1486 4211 1790 4263 secundum
1803 4213 2067 4264 elementa
2148 4209 2547 4280 intelligentia!
2584 4209 2794 4263 Christi
2821 4224 3064 4280 namque
3095 4209 3257 4264 miles
3284 4209 3619 4265 Ambrosius
3648 4210 3743 4263 illa

471 4297 679 4349 mundi
707 4297 838 4366 (Col.
871 4310 931 4364 n,
964 4294 1038 4366 8).
1066 4296 1137 4349 Et
1161 4296 1359 4351 beatus
1388 4297 1711 4368 Gregorius,
1743 4299 1804 4351 in
1832 4298 2064 4352 homilia
2081 4361 2122 4368 _
2147 4298 2434 4363 inferiora,
2468 4298 2585 4352 haec
2612 4299 2832 4368 potiora
2861 4303 2918 4352 et
2960 4297 3219 4368 digniora
3246 4314 3367 4353 esse
3393 4298 3453 4352 in
3480 4298 3626 4353 libro
3664 4298 3742 4353 De

471 4361 731 4439 Paschali
761 4382 848 4453 (26
868 4361 933 4438 in.
957 4361 1196 4453 Epang.)
1219 4402 1230 4437 :
1268 4403 1295 4437 ‹‹
1318 4361 1639 4452 Sciendum,
1670 4361 1875 4457 inquit,
1906 4386 2066 4440 nobis
2081 4361 2130 4418 D
2148 4361 2430 4457 mysteriis
2449 4361 2744 4440 conﬁrmat
2763 4386 2954 4441 dicens
2972 4361 3119 4457 (cap.
3133 4386 3218 4455 8):
3257 4387 3533 4441 «Summo
3555 4387 3740 4442 studio

477 4477 564 4526 est
583 4472 733 4543 quod
748 4471 939 4527 divina
956 4471 1228 4543 operatio,
1251 4473 1299 4526 si
1318 4474 1535 4528 ratione
1553 4474 2066 4546 comprehenditur,
2148 4474 2405 4529 volumus
2430 4474 2792 4545 comprobare
2817 4474 2952 4545 quia
2974 4481 3031 4527 et
3053 4474 3374 4545 antiquiora
3396 4481 3534 4529 sunt
3560 4492 3741 4531 sacra-

472 4575 590 4615 non
611 4566 698 4614 est
733 4560 1102 4615 admirabilis.
1140 4561 1257 4615 Nec
1279 4562 1419 4616 ﬁdes
1448 4562 1619 4617 habet
1660 4564 1945 4630 meritum,
1977 4563 2068 4618 cui

475 4649 729 4703 humana
748 4650 897 4704 ratio
916 4648 1129 4721 praebet
1147 4650 1610 4719 experimentum.
1629 4669 1656 4705 »
1684 4651 1990 4723 Propterea
2008 4651 2068 4705 in

474 4742 637 4793 tanta
679 4753 869 4792 rerum
914 4738 1296 4809 profunditate
1326 4739 1507 4810 magis
1547 4739 1797 4811 oportuit
1821 4746 1879 4794 te
1907 4757 2069 4795 orare

475 4825 678 4892 Deum,
694 4831 868 4881 utaut
876 4827 1218 4897 intelligeres
1235 4845 1357 4899 quae
1375 4844 1477 4899 pro
1494 4828 1744 4882 humana
1762 4830 2070 4900 capacitate

472 4914 717 4985 intelligi
745 4920 1000 4987 possunt,
1032 4923 1132 4971 aut
1154 4916 1451 4988 patienter,
1484 4922 1541 4970 et
1559 4917 1849 4970 humiliter
1870 4918 2065 4985 ferres,

476 5008 535 5057 et
562 5007 759 5058 tamen
784 5004 1042 5059 crederes
1064 5022 1187 5076 quae
1214 5005 1275 5059 in
1298 5009 1458 5059 tanto
1488 5021 1692 5058 arcano
1721 5005 1955 5059 humani
1980 5006 2068 5059 in-

473 5092 628 5163 genii
659 5092 805 5147 vires
834 5094 1127 5160 excedunt,
1161 5098 1221 5148 et
1240 5093 1299 5147 in
1318 5094 1423 5146 hac
1442 5093 1557 5146 vita
1580 5093 1819 5163 intelligi
1838 5093 2070 5149 minime

473 5186 729 5251 possunt,
764 5198 935 5252 quam
958 5184 1118 5239 litem
1138 5198 1382 5247 movere,
1409 5179 1480 5233 ab
1499 5181 1801 5234 universali
1825 5182 2070 5237 Ecclesia

472 5268 792 5338 dissentire,
832 5288 1039 5326 novum
1066 5270 1309 5325 schisma
1332 5267 1515 5322 verbis
1543 5273 1601 5322 et
1628 5269 1846 5338 scriptis
1874 5276 2070 5325 contra

471 5363 795 5412 sanctorum
833 5360 1068 5414 Patrum
1097 5364 1378 5430 praecepta
1403 5357 1630 5411 inferre.
1679 5357 1933 5411 Profecto
1962 5359 2068 5414 hoc

471 5444 639 5498 modo
682 5461 878 5514 ageres
926 5448 1077 5519 quod
1125 5447 1217 5517 agi
1261 5451 1520 5517 oportere
1575 5444 1825 5515 praecipit
1875 5446 2068 5517 Legis-

469 5531 619 5588 lator
647 5532 870 5592 dicens:
920 5538 1001 5594 Ne
1051 5536 1483 5604 transgrediaris
1530 5534 1794 5588 terminos
1834 5541 2068 5603 patrum

2148 4567 2341 4619 menta
2386 4563 2644 4617 Ecclesiae
2691 4580 2862 4633 quam
2892 4564 3222 4634 Synagogae,
3254 4568 3312 4617 et
3347 4566 3741 4635 praestantiora

2152 4668 2325 4722 quam
2346 4667 2557 4705 manna
2580 4656 2683 4705 est.
2713 4673 2738 4700 υ
2770 4652 2840 4705 Et
2863 4652 3028 4721 paulo
3052 4658 3179 4722 post
3203 4653 3351 4722 (cap.
3373 4653 3422 4723 9)
3450 4672 3461 4706 :
3489 4670 3517 4705 α
3539 4654 3743 4707 Proba-

2149 4746 2273 4795 tum
2299 4745 2386 4794 est
2413 4740 2735 4810 antiquiora
2760 4756 2881 4793 esse
2910 4740 3166 4795 Ecclesiae
3195 4747 3569 4809 sacramenta,
3594 4758 3741 4797 nunc

2152 4845 2422 4899 cognosce
2449 4829 2685 4900 potiora.
2712 4847 2738 4881 »
2780 4829 2850 4882 Et
2876 4834 3003 4898 post
3030 4829 3236 4900 aliqua,
3268 4830 3575 4900 cognovisti
3598 4847 3741 4901 prae-

2151 4918 2464 4972 stantiora:
2519 4936 2541 4968 ι
2574 4916 2767 4971 Potior
2812 4921 2899 4971 est
2942 4917 3037 4971 lux
3088 4934 3257 4988 quam
3285 4918 3504 4985 umbra,
3535 4920 3740 4974 veritas

2151 5022 2320 5076 quam
2335 5006 2535 5075 ﬁgura.
2547 5024 2569 5057 ι
2591 5006 2753 5072 Item,
2767 5005 2825 5059 in
2838 5010 3038 5075 quarto
3049 5006 3130 5060 De
3141 5006 3505 5061 sacramentis
3518 5006 3733 5083 (cap.3):

2158 5113 2180 5145 ι
2210 5094 2412 5163 Accipe
2436 5110 2558 5163 quae
2583 5093 2724 5159 dico,
2754 5093 3026 5149 diviniora
3055 5112 3177 5149 esse
3209 5101 3562 5151 sacramenta
3587 5095 3739 5151 Chri-

2151 5183 2461 5236 stianorum
2491 5198 2660 5252 quam
2687 5182 3028 5236 Judaeorum.
3058 5202 3082 5235 ι
3116 5184 3263 5253 Ergo
3290 5184 3432 5238 falsa
3457 5189 3592 5240 sunt
3618 5200 3737 5256 quae

2148 5270 2435 5342 proponis.

2218 5358 2495 5429 Amplius.
2531 5358 2589 5412 Si
2614 5375 2810 5413 verum
2833 5363 2920 5413 est
2942 5360 3090 5430 quod
3109 5361 3178 5415 de
3197 5376 3428 5431 corpore
3449 5360 3657 5415 Christi
3675 5364 3735 5414 tu

2150 5446 2329 5502 credis
2352 5452 2409 5500 et
2430 5447 2657 5514 astruis,
2679 5447 2885 5501 falsum
2911 5453 2997 5501 est
3014 5449 3165 5519 quod
3177 5447 3248 5502 ab
3264 5447 3509 5503 Ecclesia
3531 5447 3734 5519 ubique

2148 5534 2404 5607 gentium
2432 5534 2502 5591 de
2530 5535 2728 5592 eadem
2758 5551 2821 5592 re
2847 5535 3094 5594 creditur
3121 5541 3180 5596 et
3207 5536 3499 5599 astruitur.
3529 5537 3735 5594 Omnes
