  <div class='ocr_page' id='page_1' title='image "/cluster/home/n/w/nwhite01/storage/ocr_20150623/150/umn.31951002477443u/262.png"; bbox 0 0 3878 6366; ppageno 0'>
   <div class='ocr_carea' id='block_1_1' title="bbox 81 313 3296 378">
    <p class='ocr_par' dir='ltr' id='par_1_1' title="bbox 81 313 3296 378">
     <span class='ocr_line' id='line_1_1' title="bbox 81 313 3296 378; baseline -0 -5"><span class='ocrx_word' id='word_1_1' title='bbox 81 315 165 373; x_wconf 62' lang='lat' dir='ltr'>Mi</span> <span class='ocrx_word' id='word_1_2' title='bbox 881 315 1096 372; x_wconf 89' lang='lat' dir='ltr'><strong>LIBER</strong></span> <span class='ocrx_word' id='word_1_3' title='bbox 1131 316 1225 373; x_wconf 91' lang='lat' dir='ltr'>DE</span> <span class='ocrx_word' id='word_1_4' title='bbox 1261 316 1598 375; x_wconf 86' lang='lat' dir='ltr'>GORPORE</span> <span class='ocrx_word' id='word_1_5' title='bbox 1634 318 1723 376; x_wconf 88' lang='lat' dir='ltr'>ET</span> <span class='ocrx_word' id='word_1_6' title='bbox 1763 320 2132 378; x_wconf 83' lang='lat' dir='ltr'>SANGUINE</span> <span class='ocrx_word' id='word_1_7' title='bbox 2168 317 2449 375; x_wconf 90' lang='lat' dir='ltr'>DOMINI.</span> <span class='ocrx_word' id='word_1_8' title='bbox 3189 313 3296 372; x_wconf 72' lang='grc'>442</span> 
     </span>
    </p>
   </div>
   <div class='ocr_carea' id='block_1_2' title="bbox 78 438 3416 527">
    <p class='ocr_par' dir='ltr' id='par_1_2' title="bbox 78 438 3416 527">
     <span class='ocr_line' id='line_1_2' title="bbox 78 438 3416 527; baseline 0 -33"><span class='ocrx_word' id='word_1_9' title='bbox 78 440 205 493; x_wconf 89' lang='lat' dir='ltr'>enim</span> <span class='ocrx_word' id='word_1_10' title='bbox 243 438 334 511; x_wconf 85' lang='lat' dir='ltr'><strong>qui</strong></span> <span class='ocrx_word' id='word_1_11' title='bbox 386 438 731 495; x_wconf 69' lang='lat' dir='ltr'>Christianos</span> <span class='ocrx_word' id='word_1_12' title='bbox 756 456 817 495; x_wconf 88' lang='lat' dir='ltr'>se</span> <span class='ocrx_word' id='word_1_13' title='bbox 854 445 912 496; x_wconf 92' lang='lat' dir='ltr'>et</span> <span class='ocrx_word' id='word_1_14' title='bbox 952 458 1073 527; x_wconf 84' lang='lat' dir='ltr'>esse</span> <span class='ocrx_word' id='word_1_15' title='bbox 1102 446 1159 496; x_wconf 90' lang='lat' dir='ltr'>et</span> <span class='ocrx_word' id='word_1_16' title='bbox 1200 442 1308 497; x_wconf 91' lang='lat' dir='ltr'>dici</span> <span class='ocrx_word' id='word_1_17' title='bbox 1339 443 1622 511; x_wconf 78' lang='lat' dir='ltr'>laetantur,</span> <span class='ocrx_word' id='word_1_18' title='bbox 1640 446 1841 516; x_wconf 82' lang='lat' dir='ltr'>Apere</span> <span class='ocrx_word' id='word_1_19' title='bbox 1868 445 2199 500; x_wconf 87' lang='lat' dir='ltr'>moliuntur.</span> <span class='ocrx_word' id='word_1_20' title='bbox 2240 441 2442 516; x_wconf 82' lang='lat' dir='ltr'>Itaque</span> <span class='ocrx_word' id='word_1_21' title='bbox 2478 439 2662 496; x_wconf 88' lang='lat' dir='ltr'>dicitis</span> <span class='ocrx_word' id='word_1_22' title='bbox 2704 457 2716 493; x_wconf 91' lang='lat'><strong>:</strong></span> <span class='ocrx_word' id='word_1_23' title='bbox 2762 460 2786 491; x_wconf 72' lang='grc' dir='ltr'>«ι</span> <span class='ocrx_word' id='word_1_24' title='bbox 2817 439 3186 495; x_wconf 82' lang='lat' dir='ltr'>Praedicatum</span> <span class='ocrx_word' id='word_1_25' title='bbox 3214 444 3300 495; x_wconf 90' lang='lat' dir='ltr'>est</span> <span class='ocrx_word' id='word_1_26' title='bbox 3410 519 3416 527; x_wconf 32' lang='grc' dir='ltr'><strong>Ι</strong></span> 
     </span>
    </p>
   </div>
   <div class='ocr_carea' id='block_1_3' title="bbox 76 522 3297 604">
    <p class='ocr_par' dir='ltr' id='par_1_3' title="bbox 76 522 3297 604">
     <span class='ocr_line' id='line_1_3' title="bbox 76 522 3297 604; baseline 0 -22"><span class='ocrx_word' id='word_1_27' title='bbox 76 545 241 583; x_wconf 87' lang='lat' dir='ltr'>veram</span> <span class='ocrx_word' id='word_1_28' title='bbox 269 528 474 583; x_wconf 85' lang='lat' dir='ltr'>Christi</span> <span class='ocrx_word' id='word_1_29' title='bbox 519 544 744 583; x_wconf 89' lang='lat' dir='ltr'>carnem</span> <span class='ocrx_word' id='word_1_30' title='bbox 778 522 1085 603; x_wconf 77' lang='lat' dir='ltr'>verumque</span> <span class='ocrx_word' id='word_1_31' title='bbox 1113 532 1235 601; x_wconf 88' lang='lat' dir='ltr'>ejus</span> <span class='ocrx_word' id='word_1_32' title='bbox 1274 533 1626 601; x_wconf 88' lang='lat' dir='ltr'>sanguinem,</span> <span class='ocrx_word' id='word_1_33' title='bbox 1712 533 2076 604; x_wconf 86' lang='lat' dir='ltr'>Evangelium</span> <span class='ocrx_word' id='word_1_34' title='bbox 2094 533 2154 587; x_wconf 92' lang='lat' dir='ltr'>in</span> <span class='ocrx_word' id='word_1_35' title='bbox 2174 531 2434 587; x_wconf 90' lang='lat' dir='ltr'>omnibus</span> <span class='ocrx_word' id='word_1_36' title='bbox 2462 530 2743 601; x_wconf 82' lang='lat' dir='ltr'>gentibus,</span> <span class='ocrx_word' id='word_1_37' title='bbox 2764 528 3003 583; x_wconf 82' lang='lat' dir='ltr'>credidit</span> <span class='ocrx_word' id='word_1_38' title='bbox 3032 529 3297 595; x_wconf 88' lang='lat' dir='ltr'>mundus,</span> 
     </span>
    </p>
   </div>
   <div class='ocr_carea' id='block_1_4' title="bbox 78 615 3304 688">
    <p class='ocr_par' dir='ltr' id='par_1_4' title="bbox 78 615 3304 688">
     <span class='ocr_line' id='line_1_4' title="bbox 78 615 3304 688; baseline 0 -18"><span class='ocrx_word' id='word_1_39' title='bbox 78 622 287 687; x_wconf 85' lang='lat' dir='ltr'>utraque</span> <span class='ocrx_word' id='word_1_40' title='bbox 321 621 543 688; x_wconf 87' lang='lat' dir='ltr'>sumpta</span> <span class='ocrx_word' id='word_1_41' title='bbox 579 617 649 671; x_wconf 92' lang='lat' dir='ltr'>de</span> <span class='ocrx_word' id='word_1_42' title='bbox 677 615 921 688; x_wconf 84' lang='lat' dir='ltr'>Virgine,</span> <span class='ocrx_word' id='word_1_43' title='bbox 952 619 1014 673; x_wconf 91' lang='lat' dir='ltr'>in</span> <span class='ocrx_word' id='word_1_44' title='bbox 1043 619 1149 674; x_wconf 90' lang='lat' dir='ltr'>hoc</span> <span class='ocrx_word' id='word_1_45' title='bbox 1176 625 1526 675; x_wconf 88' lang='lat' dir='ltr'>sacramento</span> <span class='ocrx_word' id='word_1_46' title='bbox 1569 638 1630 675; x_wconf 90' lang='lat' dir='ltr'>se</span> <span class='ocrx_word' id='word_1_47' title='bbox 1710 623 1858 677; x_wconf 88' lang='lat' dir='ltr'>facta</span> <span class='ocrx_word' id='word_1_48' title='bbox 1883 627 1970 676; x_wconf 91' lang='lat' dir='ltr'>est</span> <span class='ocrx_word' id='word_1_49' title='bbox 1995 621 2260 687; x_wconf 84' lang='lat' dir='ltr'>Ecclesia,</span> <span class='ocrx_word' id='word_1_50' title='bbox 2285 620 2478 684; x_wconf 88' lang='lat' dir='ltr'>crevit,</span> <span class='ocrx_word' id='word_1_51' title='bbox 2500 618 2870 683; x_wconf 85' lang='lat' dir='ltr'>fructiﬁcavit,</span> <span class='ocrx_word' id='word_1_52' title='bbox 2898 617 2996 671; x_wconf 93' lang='lat' dir='ltr'>sed</span> <span class='ocrx_word' id='word_1_53' title='bbox 3018 616 3304 688; x_wconf 82' lang='lat' dir='ltr'>imperitia</span> 
     </span>
    </p>
   </div>
   <div class='ocr_carea' id='block_1_5' title="bbox 78 704 3314 781">
    <p class='ocr_par' dir='ltr' id='par_1_5' title="bbox 78 704 3314 781">
     <span class='ocr_line' id='line_1_5' title="bbox 78 704 3314 781; baseline 0.001 -23"><span class='ocrx_word' id='word_1_54' title='bbox 78 705 330 776; x_wconf 87' lang='lat' dir='ltr'>percipere</span> <span class='ocrx_word' id='word_1_55' title='bbox 344 704 674 775; x_wconf 83' lang='lat' dir='ltr'>gloriantur.</span> <span class='ocrx_word' id='word_1_56' title='bbox 691 706 983 778; x_wconf 87' lang='lat' dir='ltr'>Interroga</span> <span class='ocrx_word' id='word_1_57' title='bbox 1001 708 1288 763; x_wconf 90' lang='lat' dir='ltr'>universos</span> <span class='ocrx_word' id='word_1_58' title='bbox 1307 708 1404 780; x_wconf 91' lang='lat' dir='ltr'>qui</span> <span class='ocrx_word' id='word_1_59' title='bbox 1420 708 1629 764; x_wconf 75' lang='lat' dir='ltr'>Latinae</span> <span class='ocrx_word' id='word_1_60' title='bbox 1709 711 1855 765; x_wconf 87' lang='lat' dir='ltr'>male</span> <span class='ocrx_word' id='word_1_61' title='bbox 1870 710 2485 781; x_wconf 65' lang='lat' dir='ltr'>intelligentium25]</span> <span class='ocrx_word' id='word_1_62' title='bbox 2499 714 2694 780; x_wconf 89' lang='lat' dir='ltr'>postea</span> <span class='ocrx_word' id='word_1_63' title='bbox 2702 707 2927 773; x_wconf 88' lang='lat' dir='ltr'>erravit,</span> <span class='ocrx_word' id='word_1_64' title='bbox 2947 710 3003 760; x_wconf 90' lang='lat' dir='ltr'>et</span> <span class='ocrx_word' id='word_1_65' title='bbox 3022 706 3221 777; x_wconf 91' lang='lat' dir='ltr'>periit;</span> <span class='ocrx_word' id='word_1_66' title='bbox 3243 707 3314 761; x_wconf 83' lang='lat' dir='ltr'>in</span> 
     </span>
    </p>
   </div>
   <div class='ocr_carea' id='block_1_6' title="bbox 76 792 3299 869">
    <p class='ocr_par' dir='ltr' id='par_1_6' title="bbox 76 792 3299 869">
     <span class='ocr_line' id='line_1_6' title="bbox 76 792 3299 869; baseline 0.001 -23"><span class='ocrx_word' id='word_1_67' title='bbox 76 792 252 862; x_wconf 73' lang='lat' dir='ltr'>linguae</span> <span class='ocrx_word' id='word_1_68' title='bbox 285 797 668 849; x_wconf 87' lang='lat' dir='ltr'>nostrarumve</span> <span class='ocrx_word' id='word_1_69' title='bbox 703 794 1026 850; x_wconf 88' lang='lat' dir='ltr'>litterarum</span> <span class='ocrx_word' id='word_1_70' title='bbox 1063 797 1322 852; x_wconf 85' lang='lat' dir='ltr'>notitiam</span> <span class='ocrx_word' id='word_1_71' title='bbox 1360 814 1628 868; x_wconf 89' lang='lat' dir='ltr'>percepe-</span> <span class='ocrx_word' id='word_1_72' title='bbox 1708 798 1868 853; x_wconf 90' lang='lat' dir='ltr'>nobis</span> <span class='ocrx_word' id='word_1_73' title='bbox 1880 799 2013 853; x_wconf 89' lang='lat' dir='ltr'>solis</span> <span class='ocrx_word' id='word_1_74' title='bbox 2028 803 2085 852; x_wconf 90' lang='lat' dir='ltr'>et</span> <span class='ocrx_word' id='word_1_75' title='bbox 2100 798 2158 852; x_wconf 90' lang='lat' dir='ltr'>in</span> <span class='ocrx_word' id='word_1_76' title='bbox 2172 799 2261 852; x_wconf 88' lang='lat' dir='ltr'>his</span> <span class='ocrx_word' id='word_1_77' title='bbox 2281 797 2377 869; x_wconf 86' lang='lat' dir='ltr'>qui</span> <span class='ocrx_word' id='word_1_78' title='bbox 2391 813 2494 852; x_wconf 91' lang='lat' dir='ltr'>nos</span> <span class='ocrx_word' id='word_1_79' title='bbox 2508 801 2821 868; x_wconf 87' lang='lat' dir='ltr'>sequuntur</span> <span class='ocrx_word' id='word_1_80' title='bbox 2839 800 3032 850; x_wconf 87' lang='lat' dir='ltr'>sancta</span> <span class='ocrx_word' id='word_1_81' title='bbox 3054 794 3116 848; x_wconf 91' lang='lat' dir='ltr'>in</span> <span class='ocrx_word' id='word_1_82' title='bbox 3131 795 3299 850; x_wconf 85' lang='lat' dir='ltr'>terris</span> 
     </span>
    </p>
   </div>
   <div class='ocr_carea' id='block_1_7' title="bbox 77 881 3304 957">
    <p class='ocr_par' dir='ltr' id='par_1_7' title="bbox 77 881 3304 957">
     <span class='ocr_line' id='line_1_7' title="bbox 77 881 3304 957; baseline 0.001 -23"><span class='ocrx_word' id='word_1_83' title='bbox 77 886 204 936; x_wconf 88' lang='lat' dir='ltr'>runt.</span> <span class='ocrx_word' id='word_1_84' title='bbox 248 881 535 952; x_wconf 86' lang='lat' dir='ltr'>Interroga</span> <span class='ocrx_word' id='word_1_85' title='bbox 588 882 826 950; x_wconf 69' lang='lat' dir='ltr'>Graecos,</span> <span class='ocrx_word' id='word_1_86' title='bbox 857 890 1145 952; x_wconf 87' lang='lat' dir='ltr'>Armenos,</span> <span class='ocrx_word' id='word_1_87' title='bbox 1179 902 1279 940; x_wconf 91' lang='lat' dir='ltr'>seu</span> <span class='ocrx_word' id='word_1_88' title='bbox 1330 884 1631 957; x_wconf 89' lang='lat' dir='ltr'>cujuslibet</span> <span class='ocrx_word' id='word_1_89' title='bbox 1709 887 1950 941; x_wconf 82' lang='lat' dir='ltr'>Ecclesia</span> <span class='ocrx_word' id='word_1_90' title='bbox 1970 885 2761 956; x_wconf 85' lang='lat' dir='ltr'>remansit.Hancsacrilegam</span> <span class='ocrx_word' id='word_1_91' title='bbox 2777 884 3085 938; x_wconf 83' lang='lat' dir='ltr'>vanitatem</span> <span class='ocrx_word' id='word_1_92' title='bbox 3102 883 3304 938; x_wconf 88' lang='lat' dir='ltr'>evertit</span> 
     </span>
    </p>
   </div>
   <div class='ocr_carea' id='block_1_8' title="bbox 75 968 3298 1045">
    <p class='ocr_par' dir='ltr' id='par_1_8' title="bbox 75 968 3298 1045">
     <span class='ocr_line' id='line_1_8' title="bbox 75 968 3298 1045; baseline 0.002 -24"><span class='ocrx_word' id='word_1_93' title='bbox 75 968 285 1023; x_wconf 88' lang='lat' dir='ltr'>nationis</span> <span class='ocrx_word' id='word_1_94' title='bbox 312 986 669 1042; x_wconf 89' lang='lat' dir='ltr'>quoscunque</span> <span class='ocrx_word' id='word_1_95' title='bbox 700 972 1048 1028; x_wconf 89' lang='lat' dir='ltr'>Christianos</span> <span class='ocrx_word' id='word_1_96' title='bbox 1071 975 1356 1042; x_wconf 87' lang='lat' dir='ltr'>homines;</span> <span class='ocrx_word' id='word_1_97' title='bbox 1386 990 1499 1028; x_wconf 91' lang='lat' dir='ltr'>uno</span> <span class='ocrx_word' id='word_1_98' title='bbox 1530 990 1628 1028; x_wconf 90' lang='lat' dir='ltr'>ore</span> <span class='ocrx_word' id='word_1_99' title='bbox 1709 976 2027 1045; x_wconf 86' lang='lat' dir='ltr'>evangelica</span> <span class='ocrx_word' id='word_1_100' title='bbox 2050 976 2269 1039; x_wconf 88' lang='lat' dir='ltr'>veritas,</span> <span class='ocrx_word' id='word_1_101' title='bbox 2294 975 2764 1045; x_wconf 89' lang='lat' dir='ltr'>etprophetarum</span> <span class='ocrx_word' id='word_1_102' title='bbox 2784 978 2954 1043; x_wconf 88' lang='lat' dir='ltr'>atque</span> <span class='ocrx_word' id='word_1_103' title='bbox 2975 978 3298 1027; x_wconf 88' lang='lat' dir='ltr'>sanctorum</span> 
     </span>
    </p>
   </div>
   <div class='ocr_carea' id='block_1_9' title="bbox 74 1056 3297 1117">
    <p class='ocr_par' dir='ltr' id='par_1_9' title="bbox 74 1056 3297 1117">
     <span class='ocr_line' id='line_1_9' title="bbox 74 1056 3297 1117; baseline 0.002 -8"><span class='ocrx_word' id='word_1_104' title='bbox 74 1056 192 1110; x_wconf 87' lang='lat' dir='ltr'>hanc</span> <span class='ocrx_word' id='word_1_105' title='bbox 208 1056 368 1110; x_wconf 87' lang='lat' dir='ltr'>ﬁdem</span> <span class='ocrx_word' id='word_1_106' title='bbox 389 1073 450 1111; x_wconf 92' lang='lat' dir='ltr'>se</span> <span class='ocrx_word' id='word_1_107' title='bbox 468 1062 749 1113; x_wconf 87' lang='lat' dir='ltr'>testantur</span> <span class='ocrx_word' id='word_1_108' title='bbox 774 1060 1001 1115; x_wconf 89' lang='lat' dir='ltr'>habere.</span> <span class='ocrx_word' id='word_1_109' title='bbox 1020 1063 1195 1116; x_wconf 83' lang='lat' dir='ltr'>Porro</span> <span class='ocrx_word' id='word_1_110' title='bbox 1223 1063 1271 1115; x_wconf 91' lang='lat' dir='ltr'>si</span> <span class='ocrx_word' id='word_1_111' title='bbox 1298 1062 1627 1117; x_wconf 82' lang='lat' dir='ltr'>universalis</span> <span class='ocrx_word' id='word_1_112' title='bbox 1707 1062 1941 1117; x_wconf 86' lang='lat' dir='ltr'>Patrum</span> <span class='ocrx_word' id='word_1_113' title='bbox 2003 1080 2116 1117; x_wconf 88' lang='lat' dir='ltr'>non</span> <span class='ocrx_word' id='word_1_114' title='bbox 2158 1063 2415 1117; x_wconf 91' lang='lat' dir='ltr'>violanda</span> <span class='ocrx_word' id='word_1_115' title='bbox 2470 1061 2794 1116; x_wconf 86' lang='lat' dir='ltr'>auctoritas.</span> <span class='ocrx_word' id='word_1_116' title='bbox 2834 1062 2993 1116; x_wconf 91' lang='lat' dir='ltr'>Unde</span> <span class='ocrx_word' id='word_1_117' title='bbox 3040 1060 3297 1116; x_wconf 60' lang='lat' dir='ltr'>Ecclesiae</span> 
     </span>
    </p>
   </div>
   <div class='ocr_carea' id='block_1_10' title="bbox 73 1144 3296 1221">
    <p class='ocr_par' dir='ltr' id='par_1_10' title="bbox 73 1144 3296 1221">
     <span class='ocr_line' id='line_1_10' title="bbox 73 1144 3296 1221; baseline 0.002 -24"><span class='ocrx_word' id='word_1_118' title='bbox 73 1144 292 1198; x_wconf 64' lang='lat' dir='ltr'>Ecclesia:</span> <span class='ocrx_word' id='word_1_119' title='bbox 319 1145 456 1199; x_wconf 88' lang='lat' dir='ltr'>ﬁdes</span> <span class='ocrx_word' id='word_1_120' title='bbox 481 1145 623 1201; x_wconf 85' lang='lat' dir='ltr'>falsa</span> <span class='ocrx_word' id='word_1_121' title='bbox 648 1148 851 1215; x_wconf 85' lang='lat' dir='ltr'>existit,</span> <span class='ocrx_word' id='word_1_122' title='bbox 879 1155 979 1204; x_wconf 86' lang='lat' dir='ltr'>aut</span> <span class='ocrx_word' id='word_1_123' title='bbox 994 1166 1283 1221; x_wconf 89' lang='lat' dir='ltr'>nunquam</span> <span class='ocrx_word' id='word_1_124' title='bbox 1307 1150 1414 1204; x_wconf 87' lang='lat' dir='ltr'>fuit</span> <span class='ocrx_word' id='word_1_125' title='bbox 1441 1150 1628 1204; x_wconf 81' lang='lat' dir='ltr'>catho-</span> <span class='ocrx_word' id='word_1_126' title='bbox 1707 1168 1821 1205; x_wconf 71' lang='lat' dir='ltr'>sua:</span> <span class='ocrx_word' id='word_1_127' title='bbox 1849 1156 2055 1206; x_wconf 63' lang='lat' dir='ltr'>sanctae</span> <span class='ocrx_word' id='word_1_128' title='bbox 2095 1152 2155 1206; x_wconf 90' lang='lat' dir='ltr'>in</span> <span class='ocrx_word' id='word_1_129' title='bbox 2197 1150 2494 1221; x_wconf 87' lang='lat' dir='ltr'>Evangelio</span> <span class='ocrx_word' id='word_1_130' title='bbox 2545 1166 2645 1204; x_wconf 91' lang='lat' dir='ltr'>suo</span> <span class='ocrx_word' id='word_1_131' title='bbox 2692 1150 2963 1204; x_wconf 90' lang='lat' dir='ltr'>Dominus</span> <span class='ocrx_word' id='word_1_132' title='bbox 3001 1149 3296 1220; x_wconf 87' lang='lat' dir='ltr'>pollicetur</span> 
     </span>
    </p>
   </div>
   <div class='ocr_carea' id='block_1_11' title="bbox 74 1230 3295 1310">
    <p class='ocr_par' dir='ltr' id='par_1_11' title="bbox 74 1230 3295 1310">
     <span class='ocr_line' id='line_1_11' title="bbox 74 1230 3295 1310; baseline 0.001 -25"><span class='ocrx_word' id='word_1_133' title='bbox 74 1232 160 1285; x_wconf 88' lang='lat' dir='ltr'>lica</span> <span class='ocrx_word' id='word_1_134' title='bbox 175 1230 431 1299; x_wconf 88' lang='lat' dir='ltr'>Ecclesia,</span> <span class='ocrx_word' id='word_1_135' title='bbox 460 1242 561 1290; x_wconf 87' lang='lat' dir='ltr'>aut</span> <span class='ocrx_word' id='word_1_136' title='bbox 580 1236 766 1308; x_wconf 88' lang='lat' dir='ltr'>periit.</span> <span class='ocrx_word' id='word_1_137' title='bbox 792 1238 949 1292; x_wconf 90' lang='lat' dir='ltr'>Nihil</span> <span class='ocrx_word' id='word_1_138' title='bbox 972 1255 1221 1310; x_wconf 87' lang='lat' dir='ltr'>namque</span> <span class='ocrx_word' id='word_1_139' title='bbox 1246 1239 1525 1294; x_wconf 88' lang='lat' dir='ltr'>efﬁcacius</span> <span class='ocrx_word' id='word_1_140' title='bbox 1553 1238 1625 1292; x_wconf 88' lang='lat' dir='ltr'>ad</span> <span class='ocrx_word' id='word_1_141' title='bbox 1707 1240 1894 1295; x_wconf 90' lang='lat' dir='ltr'>dicens</span> <span class='ocrx_word' id='word_1_142' title='bbox 1945 1261 1960 1294; x_wconf 93' lang='lat'><em>:</em></span> <span class='ocrx_word' id='word_1_143' title='bbox 2004 1242 2132 1295; x_wconf 84' lang='lat' dir='ltr'>Ecce</span> <span class='ocrx_word' id='word_1_144' title='bbox 2181 1257 2272 1308; x_wconf 87' lang='lat' dir='ltr'>ego</span> <span class='ocrx_word' id='word_1_145' title='bbox 2314 1243 2589 1294; x_wconf 76' lang='lat' dir='ltr'>vobiscum</span> <span class='ocrx_word' id='word_1_146' title='bbox 2635 1257 2760 1295; x_wconf 89' lang='lat' dir='ltr'>sum</span> <span class='ocrx_word' id='word_1_147' title='bbox 2807 1240 3062 1293; x_wconf 87' lang='lat' dir='ltr'>omnibus</span> <span class='ocrx_word' id='word_1_148' title='bbox 3106 1239 3295 1292; x_wconf 84' lang='lat' dir='ltr'>diebus</span> 
     </span>
    </p>
   </div>
   <div class='ocr_carea' id='block_1_12' title="bbox 76 1321 3295 1398">
    <p class='ocr_par' dir='ltr' id='par_1_12' title="bbox 76 1321 3295 1398">
     <span class='ocr_line' id='line_1_12' title="bbox 76 1321 3295 1398; baseline 0.002 -24"><span class='ocrx_word' id='word_1_149' title='bbox 76 1321 329 1377; x_wconf 86' lang='lat' dir='ltr'>interitum</span> <span class='ocrx_word' id='word_1_150' title='bbox 357 1324 676 1380; x_wconf 89' lang='lat' dir='ltr'>animarum</span> <span class='ocrx_word' id='word_1_151' title='bbox 718 1342 887 1397; x_wconf 86' lang='lat' dir='ltr'>quam</span> <span class='ocrx_word' id='word_1_152' title='bbox 931 1327 1278 1397; x_wconf 90' lang='lat' dir='ltr'>perniciosus</span> <span class='ocrx_word' id='word_1_153' title='bbox 1305 1344 1480 1382; x_wconf 88' lang='lat' dir='ltr'>error.</span> <span class='ocrx_word' id='word_1_154' title='bbox 1516 1327 1625 1381; x_wconf 92' lang='lat' dir='ltr'>Sed</span> <span class='ocrx_word' id='word_1_155' title='bbox 1706 1345 1875 1397; x_wconf 88' lang='lat' dir='ltr'>usque</span> <span class='ocrx_word' id='word_1_156' title='bbox 1929 1331 2003 1382; x_wconf 85' lang='lat' dir='ltr'>ad</span> <span class='ocrx_word' id='word_1_157' title='bbox 2051 1332 2578 1383; x_wconf 74' lang='lat' dir='ltr'>consummationem</span> <span class='ocrx_word' id='word_1_158' title='bbox 2621 1330 2808 1383; x_wconf 51' lang='lat' dir='ltr'>seculi</span> <span class='ocrx_word' id='word_1_159' title='bbox 2842 1327 3066 1398; x_wconf 83' lang='lat' dir='ltr'>(Matth.</span> <span class='ocrx_word' id='word_1_160' title='bbox 3106 1339 3295 1391; x_wconf 82' lang='lat' dir='ltr'>xxvm,</span> 
     </span>
    </p>
   </div>
   <div class='ocr_carea' id='block_1_13' title="bbox 72 1409 3296 1485">
    <p class='ocr_par' dir='ltr' id='par_1_13' title="bbox 72 1409 3296 1485">
     <span class='ocr_line' id='line_1_13' title="bbox 72 1409 3296 1485; baseline 0.002 -23"><span class='ocrx_word' id='word_1_161' title='bbox 72 1424 162 1463; x_wconf 84' lang='lat' dir='ltr'>non</span> <span class='ocrx_word' id='word_1_162' title='bbox 183 1409 362 1477; x_wconf 86' lang='lat' dir='ltr'>fuisse,</span> <span class='ocrx_word' id='word_1_163' title='bbox 393 1419 495 1469; x_wconf 89' lang='lat' dir='ltr'>aut</span> <span class='ocrx_word' id='word_1_164' title='bbox 517 1415 752 1485; x_wconf 90' lang='lat' dir='ltr'>periisse</span> <span class='ocrx_word' id='word_1_165' title='bbox 780 1415 1102 1482; x_wconf 90' lang='lat' dir='ltr'>Ecclesiam,</span> <span class='ocrx_word' id='word_1_166' title='bbox 1135 1416 1439 1471; x_wconf 88' lang='lat' dir='ltr'>catholicus</span> <span class='ocrx_word' id='word_1_167' title='bbox 1458 1431 1623 1470; x_wconf 90' lang='lat' dir='ltr'>nemo</span> <span class='ocrx_word' id='word_1_168' title='bbox 1705 1414 1818 1479; x_wconf 81' lang='lat'>20).</span> <span class='ocrx_word' id='word_1_169' title='bbox 1866 1436 1893 1471; x_wconf 82' lang='lat'>»</span> <span class='ocrx_word' id='word_1_170' title='bbox 1935 1417 2096 1482; x_wconf 85' lang='lat' dir='ltr'>Quod</span> <span class='ocrx_word' id='word_1_171' title='bbox 2140 1417 2372 1471; x_wconf 88' lang='lat' dir='ltr'>minime</span> <span class='ocrx_word' id='word_1_172' title='bbox 2414 1417 2643 1483; x_wconf 89' lang='lat' dir='ltr'>diceret,</span> <span class='ocrx_word' id='word_1_173' title='bbox 2689 1417 2737 1470; x_wconf 90' lang='lat' dir='ltr'>si</span> <span class='ocrx_word' id='word_1_174' title='bbox 2791 1415 3095 1470; x_wconf 89' lang='lat' dir='ltr'>Ecclesiam</span> <span class='ocrx_word' id='word_1_175' title='bbox 3132 1429 3296 1469; x_wconf 90' lang='lat' dir='ltr'>suam</span> 
     </span>
    </p>
   </div>
   <div class='ocr_carea' id='block_1_14' title="bbox 72 1500 3295 1577">
    <p class='ocr_par' dir='ltr' id='par_1_14' title="bbox 72 1500 3295 1577">
     <span class='ocr_line' id='line_1_14' title="bbox 72 1500 3295 1577; baseline 0.002 -26"><span class='ocrx_word' id='word_1_176' title='bbox 72 1500 397 1557; x_wconf 87' lang='lat' dir='ltr'>consenserit.</span> <span class='ocrx_word' id='word_1_177' title='bbox 440 1503 706 1574; x_wconf 85' lang='lat' dir='ltr'>Alioquin</span> <span class='ocrx_word' id='word_1_178' title='bbox 736 1519 849 1558; x_wconf 90' lang='lat' dir='ltr'>non</span> <span class='ocrx_word' id='word_1_179' title='bbox 877 1508 964 1557; x_wconf 91' lang='lat' dir='ltr'>est</span> <span class='ocrx_word' id='word_1_180' title='bbox 989 1520 1179 1558; x_wconf 89' lang='lat' dir='ltr'>verum</span> <span class='ocrx_word' id='word_1_181' title='bbox 1211 1504 1359 1574; x_wconf 91' lang='lat' dir='ltr'>quod</span> <span class='ocrx_word' id='word_1_182' title='bbox 1386 1503 1624 1559; x_wconf 71' lang='lat' dir='ltr'>Abrahae</span> <span class='ocrx_word' id='word_1_183' title='bbox 1707 1512 1837 1561; x_wconf 89' lang='lat' dir='ltr'>ante</span> <span class='ocrx_word' id='word_1_184' title='bbox 1864 1506 2409 1560; x_wconf 89' lang='lat' dir='ltr'>consummationem</span> <span class='ocrx_word' id='word_1_185' title='bbox 2436 1505 2624 1560; x_wconf 73' lang='lat' dir='ltr'>saeculi</span> <span class='ocrx_word' id='word_1_186' title='bbox 2654 1505 2964 1577; x_wconf 87' lang='lat' dir='ltr'>perituram</span> <span class='ocrx_word' id='word_1_187' title='bbox 3005 1520 3126 1558; x_wconf 90' lang='lat' dir='ltr'>esse</span> <span class='ocrx_word' id='word_1_188' title='bbox 3150 1520 3295 1575; x_wconf 74' lang='lat' dir='ltr'>prae-</span> 
     </span>
    </p>
   </div>
   <div class='ocr_carea' id='block_1_15' title="bbox 71 1584 3293 1663">
    <p class='ocr_par' dir='ltr' id='par_1_15' title="bbox 71 1584 3293 1663">
     <span class='ocr_line' id='line_1_15' title="bbox 71 1584 3293 1663; baseline 0.002 -24"><span class='ocrx_word' id='word_1_189' title='bbox 71 1584 256 1641; x_wconf 83' lang='lat' dir='ltr'>Veritas</span> <span class='ocrx_word' id='word_1_190' title='bbox 280 1590 544 1659; x_wconf 87' lang='lat' dir='ltr'>promisit</span> <span class='ocrx_word' id='word_1_191' title='bbox 568 1591 758 1646; x_wconf 88' lang='lat' dir='ltr'>dicens</span> <span class='ocrx_word' id='word_1_192' title='bbox 780 1609 791 1644; x_wconf 91' lang='lat'><strong>:</strong></span> <span class='ocrx_word' id='word_1_193' title='bbox 813 1594 879 1646; x_wconf 84' lang='lat' dir='ltr'>In</span> <span class='ocrx_word' id='word_1_194' title='bbox 898 1595 1103 1647; x_wconf 87' lang='lat' dir='ltr'>semine</span> <span class='ocrx_word' id='word_1_195' title='bbox 1129 1598 1221 1647; x_wconf 88' lang='lat' dir='ltr'>tuo</span> <span class='ocrx_word' id='word_1_196' title='bbox 1242 1594 1625 1647; x_wconf 80' lang='lat' dir='ltr'>benedicentur</span> <span class='ocrx_word' id='word_1_197' title='bbox 1705 1600 1978 1649; x_wconf 90' lang='lat' dir='ltr'>nosceret.</span> <span class='ocrx_word' id='word_1_198' title='bbox 2027 1595 2100 1649; x_wconf 88' lang='lat' dir='ltr'>Et</span> <span class='ocrx_word' id='word_1_199' title='bbox 2147 1595 2324 1649; x_wconf 90' lang='lat' dir='ltr'>alibi:</span> <span class='ocrx_word' id='word_1_200' title='bbox 2378 1596 2529 1649; x_wconf 89' lang='lat' dir='ltr'>Tunc</span> <span class='ocrx_word' id='word_1_201' title='bbox 2592 1597 2642 1647; x_wconf 88' lang='lat' dir='ltr'>si</span> <span class='ocrx_word' id='word_1_202' title='bbox 2680 1597 2804 1663; x_wconf 89' lang='lat' dir='ltr'>quis</span> <span class='ocrx_word' id='word_1_203' title='bbox 2846 1595 2992 1647; x_wconf 76' lang='lat' dir='ltr'>vobis</span> <span class='ocrx_word' id='word_1_204' title='bbox 3037 1595 3245 1647; x_wconf 72' lang='lat' dir='ltr'>dixerit</span> <span class='ocrx_word' id='word_1_205' title='bbox 3276 1609 3293 1643; x_wconf 90' lang='lat'><strong><em>:</em></strong></span> 
     </span>
    </p>
   </div>
   <div class='ocr_carea' id='block_1_16' title="bbox 72 1669 3298 1750">
    <p class='ocr_par' dir='ltr' id='par_1_16' title="bbox 72 1669 3298 1750">
     <span class='ocr_line' id='line_1_16' title="bbox 72 1669 3298 1750; baseline 0.002 -22"><span class='ocrx_word' id='word_1_206' title='bbox 72 1689 223 1728; x_wconf 85' lang='lat' dir='ltr'>omnes</span> <span class='ocrx_word' id='word_1_207' title='bbox 255 1682 432 1743; x_wconf 84' lang='lat' dir='ltr'>gentes</span> <span class='ocrx_word' id='word_1_208' title='bbox 460 1678 614 1748; x_wconf 82' lang='lat' dir='ltr'>(Gen.</span> <span class='ocrx_word' id='word_1_209' title='bbox 644 1694 778 1747; x_wconf 80' lang='lat' dir='ltr'>xxn,</span> <span class='ocrx_word' id='word_1_210' title='bbox 814 1677 922 1749; x_wconf 90' lang='grc'>18).</span> <span class='ocrx_word' id='word_1_211' title='bbox 952 1682 1096 1736; x_wconf 89' lang='lat' dir='ltr'>Item</span> <span class='ocrx_word' id='word_1_212' title='bbox 1130 1681 1189 1735; x_wconf 90' lang='lat' dir='ltr'>in</span> <span class='ocrx_word' id='word_1_213' title='bbox 1220 1681 1442 1735; x_wconf 90' lang='lat' dir='ltr'>Psalmo</span> <span class='ocrx_word' id='word_1_214' title='bbox 1471 1699 1483 1735; x_wconf 86' lang='lat'><strong>:</strong></span> <span class='ocrx_word' id='word_1_215' title='bbox 1525 1669 1685 1734; x_wconf 82' lang='lat' dir='ltr'>Po-B</span> <span class='ocrx_word' id='word_1_216' title='bbox 1707 1685 1834 1738; x_wconf 87' lang='lat' dir='ltr'>Ecce</span> <span class='ocrx_word' id='word_1_217' title='bbox 1884 1685 1974 1738; x_wconf 88' lang='lat' dir='ltr'>hic</span> <span class='ocrx_word' id='word_1_218' title='bbox 2024 1684 2292 1750; x_wconf 76' lang='lat' dir='ltr'>Christus,</span> <span class='ocrx_word' id='word_1_219' title='bbox 2347 1689 2448 1737; x_wconf 90' lang='lat' dir='ltr'>aut</span> <span class='ocrx_word' id='word_1_220' title='bbox 2497 1699 2606 1737; x_wconf 89' lang='lat' dir='ltr'>ecce</span> <span class='ocrx_word' id='word_1_221' title='bbox 2662 1685 2801 1749; x_wconf 75' lang='lat' dir='ltr'>illic,</span> <span class='ocrx_word' id='word_1_222' title='bbox 2860 1683 3029 1736; x_wconf 85' lang='lat' dir='ltr'>nolite</span> <span class='ocrx_word' id='word_1_223' title='bbox 3082 1682 3298 1735; x_wconf 82' lang='lat' dir='ltr'>credere</span> 
     </span>
    </p>
   </div>
   <div class='ocr_carea' id='block_1_17' title="bbox 70 1765 3299 1842">
    <p class='ocr_par' dir='ltr' id='par_1_17' title="bbox 70 1765 3299 1842">
     <span class='ocr_line' id='line_1_17' title="bbox 70 1765 3299 1842; baseline 0.003 -28"><span class='ocrx_word' id='word_1_224' title='bbox 70 1765 234 1815; x_wconf 83' lang='lat' dir='ltr'>stutaa</span> <span class='ocrx_word' id='word_1_225' title='bbox 251 1771 391 1819; x_wconf 87' lang='lat' dir='ltr'>meet</span> <span class='ocrx_word' id='word_1_226' title='bbox 413 1768 554 1820; x_wconf 88' lang='lat' dir='ltr'>dabo</span> <span class='ocrx_word' id='word_1_227' title='bbox 574 1770 675 1822; x_wconf 88' lang='lat' dir='ltr'>tibi</span> <span class='ocrx_word' id='word_1_228' title='bbox 686 1770 1253 1836; x_wconf 74' lang='lat' dir='ltr'>genteshaereditatem</span> <span class='ocrx_word' id='word_1_229' title='bbox 1276 1776 1431 1824; x_wconf 88' lang='lat' dir='ltr'>tuam</span> <span class='ocrx_word' id='word_1_230' title='bbox 1450 1775 1500 1823; x_wconf 87' lang='lat' dir='ltr'>et</span> <span class='ocrx_word' id='word_1_231' title='bbox 1509 1786 1627 1838; x_wconf 83' lang='lat' dir='ltr'>pos-</span> <span class='ocrx_word' id='word_1_232' title='bbox 1712 1773 1923 1839; x_wconf 79' lang='lat' dir='ltr'>(Matth.</span> <span class='ocrx_word' id='word_1_233' title='bbox 1971 1788 2116 1839; x_wconf 81' lang='lat' dir='ltr'>xx1v,</span> <span class='ocrx_word' id='word_1_234' title='bbox 2172 1770 2286 1841; x_wconf 77' lang='lat'>23).</span> <span class='ocrx_word' id='word_1_235' title='bbox 2347 1771 2715 1842; x_wconf 79' lang='lat' dir='ltr'>Augustinus,</span> <span class='ocrx_word' id='word_1_236' title='bbox 2760 1771 2820 1825; x_wconf 90' lang='lat' dir='ltr'>in</span> <span class='ocrx_word' id='word_1_237' title='bbox 2864 1770 3110 1825; x_wconf 88' lang='lat' dir='ltr'>secunda</span> <span class='ocrx_word' id='word_1_238' title='bbox 3153 1769 3299 1841; x_wconf 90' lang='lat' dir='ltr'>psal-</span> 
     </span>
    </p>
   </div>
   <div class='ocr_carea' id='block_1_18' title="bbox 70 1854 3294 1932">
    <p class='ocr_par' dir='ltr' id='par_1_18' title="bbox 70 1854 3294 1932">
     <span class='ocr_line' id='line_1_18' title="bbox 70 1854 3294 1932; baseline 0.003 -29"><span class='ocrx_word' id='word_1_239' title='bbox 70 1854 321 1906; x_wconf 77' lang='lat' dir='ltr'>sessionem</span> <span class='ocrx_word' id='word_1_240' title='bbox 354 1858 513 1908; x_wconf 87' lang='lat' dir='ltr'>tuam</span> <span class='ocrx_word' id='word_1_241' title='bbox 546 1860 809 1911; x_wconf 87' lang='lat' dir='ltr'>terminos</span> <span class='ocrx_word' id='word_1_242' title='bbox 838 1863 997 1912; x_wconf 64' lang='lat' dir='ltr'>terra</span> <span class='ocrx_word' id='word_1_243' title='bbox 1027 1859 1195 1926; x_wconf 85' lang='lat' dir='ltr'>(Psal.</span> <span class='ocrx_word' id='word_1_244' title='bbox 1232 1873 1293 1925; x_wconf 86' lang='lat' dir='ltr'>Il,</span> <span class='ocrx_word' id='word_1_245' title='bbox 1323 1856 1401 1927; x_wconf 91' lang='lat'>8).</span> <span class='ocrx_word' id='word_1_246' title='bbox 1440 1859 1581 1913; x_wconf 89' lang='lat' dir='ltr'>Item</span> <span class='ocrx_word' id='word_1_247' title='bbox 1611 1877 1622 1911; x_wconf 95' lang='lat'>:</span> <span class='ocrx_word' id='word_1_248' title='bbox 1709 1876 1932 1916; x_wconf 87' lang='lat' dir='ltr'>morum</span> <span class='ocrx_word' id='word_1_249' title='bbox 1977 1860 2334 1932; x_wconf 85' lang='lat' dir='ltr'>expositionis</span> <span class='ocrx_word' id='word_1_250' title='bbox 2379 1865 2541 1931; x_wconf 89' lang='lat' dir='ltr'>parte</span> <span class='ocrx_word' id='word_1_251' title='bbox 2585 1861 2792 1929; x_wconf 85' lang='lat' dir='ltr'>(enarr.</span> <span class='ocrx_word' id='word_1_252' title='bbox 2836 1863 2900 1914; x_wconf 88' lang='lat' dir='ltr'>in</span> <span class='ocrx_word' id='word_1_253' title='bbox 2940 1863 3084 1929; x_wconf 83' lang='lat' dir='ltr'>psat.</span> <span class='ocrx_word' id='word_1_254' title='bbox 3136 1861 3240 1929; x_wconf 83' lang='lat' dir='ltr'>LvI)</span> <span class='ocrx_word' id='word_1_255' title='bbox 3279 1875 3294 1913; x_wconf 88' lang='lat'><strong>:</strong></span> 
     </span>
    </p>
   </div>
   <div class='ocr_carea' id='block_1_19' title="bbox 68 1939 3296 2020">
    <p class='ocr_par' dir='ltr' id='par_1_19' title="bbox 68 1939 3296 2020">
     <span class='ocr_line' id='line_1_19' title="bbox 68 1939 3296 2020; baseline 0.003 -29"><span class='ocrx_word' id='word_1_256' title='bbox 68 1939 499 2009; x_wconf 79' lang='lat' dir='ltr'>Reminiscentur,</span> <span class='ocrx_word' id='word_1_257' title='bbox 515 1949 565 1998; x_wconf 90' lang='lat' dir='ltr'>et</span> <span class='ocrx_word' id='word_1_258' title='bbox 577 1948 1363 2001; x_wconf 81' lang='lat' dir='ltr'>eonvertenturadDominum</span> <span class='ocrx_word' id='word_1_259' title='bbox 1375 1949 1631 2001; x_wconf 82' lang='lat' dir='ltr'>universi</span> <span class='ocrx_word' id='word_1_260' title='bbox 1714 1966 1744 2001; x_wconf 73' lang='grc' dir='ltr'><strong>α</strong></span> <span class='ocrx_word' id='word_1_261' title='bbox 1771 1947 1983 2020; x_wconf 88' lang='lat' dir='ltr'>Corpus</span> <span class='ocrx_word' id='word_1_262' title='bbox 2007 1954 2094 2003; x_wconf 92' lang='lat' dir='ltr'>est</span> <span class='ocrx_word' id='word_1_263' title='bbox 2120 1954 2310 2004; x_wconf 89' lang='lat' dir='ltr'>autem</span> <span class='ocrx_word' id='word_1_264' title='bbox 2338 1948 2599 2015; x_wconf 89' lang='lat' dir='ltr'>Ecclesia,</span> <span class='ocrx_word' id='word_1_265' title='bbox 2630 1964 2744 2002; x_wconf 90' lang='lat' dir='ltr'>non</span> <span class='ocrx_word' id='word_1_266' title='bbox 2764 1947 2896 2018; x_wconf 88' lang='lat' dir='ltr'>ista,</span> <span class='ocrx_word' id='word_1_267' title='bbox 2933 1953 3033 2002; x_wconf 87' lang='lat' dir='ltr'>aut</span> <span class='ocrx_word' id='word_1_268' title='bbox 3059 1948 3175 2016; x_wconf 90' lang='lat' dir='ltr'>illa,</span> <span class='ocrx_word' id='word_1_269' title='bbox 3198 1949 3296 2003; x_wconf 91' lang='lat' dir='ltr'>sed</span> 
     </span>
    </p>
   </div>
   <div class='ocr_carea' id='block_1_20' title="bbox 72 2028 3290 2106">
    <p class='ocr_par' dir='ltr' id='par_1_20' title="bbox 72 2028 3290 2106">
     <span class='ocr_line' id='line_1_20' title="bbox 72 2028 3290 2106; baseline 0.003 -26"><span class='ocrx_word' id='word_1_270' title='bbox 72 2028 177 2093; x_wconf 78' lang='lat' dir='ltr'>ﬁnes</span> <span class='ocrx_word' id='word_1_271' title='bbox 205 2033 354 2085; x_wconf 65' lang='lat' dir='ltr'>terrae</span> <span class='ocrx_word' id='word_1_272' title='bbox 380 2033 553 2102; x_wconf 85' lang='lat' dir='ltr'>(Psat.</span> <span class='ocrx_word' id='word_1_273' title='bbox 599 2047 712 2101; x_wconf 80' lang='lat' dir='ltr'>XXI,</span> <span class='ocrx_word' id='word_1_274' title='bbox 752 2033 865 2103; x_wconf 83' lang='lat'>28).</span> <span class='ocrx_word' id='word_1_275' title='bbox 901 2035 970 2090; x_wconf 89' lang='lat' dir='ltr'>Et</span> <span class='ocrx_word' id='word_1_276' title='bbox 1000 2035 1135 2090; x_wconf 86' lang='lat' dir='ltr'>alibi</span> <span class='ocrx_word' id='word_1_277' title='bbox 1164 2051 1178 2091; x_wconf 88' lang='lat'><strong>:</strong></span> <span class='ocrx_word' id='word_1_278' title='bbox 1214 2036 1351 2102; x_wconf 80' lang='lat' dir='ltr'>Quos</span> <span class='ocrx_word' id='word_1_279' title='bbox 1397 2037 1627 2090; x_wconf 86' lang='lat' dir='ltr'>redemit</span> <span class='ocrx_word' id='word_1_280' title='bbox 1707 2041 1826 2091; x_wconf 89' lang='lat' dir='ltr'>toto</span> <span class='ocrx_word' id='word_1_281' title='bbox 1856 2037 1990 2092; x_wconf 90' lang='lat' dir='ltr'>orbe</span> <span class='ocrx_word' id='word_1_282' title='bbox 2029 2037 2246 2092; x_wconf 81' lang='lat' dir='ltr'>diﬁ&#39;usa.</span> <span class='ocrx_word' id='word_1_283' title='bbox 2283 2057 2306 2088; x_wconf 74' lang='grc' dir='ltr'><strong>ι</strong></span> <span class='ocrx_word' id='word_1_284' title='bbox 2344 2036 2489 2091; x_wconf 85' lang='lat' dir='ltr'>Item</span> <span class='ocrx_word' id='word_1_285' title='bbox 2517 2036 2577 2090; x_wconf 90' lang='lat' dir='ltr'>in</span> <span class='ocrx_word' id='word_1_286' title='bbox 2606 2036 2803 2090; x_wconf 89' lang='lat' dir='ltr'>eadem</span> <span class='ocrx_word' id='word_1_287' title='bbox 2827 2039 2911 2104; x_wconf 90' lang='lat' dir='ltr'>(in</span> <span class='ocrx_word' id='word_1_288' title='bbox 2930 2030 3077 2104; x_wconf 69' lang='lat' dir='ltr'>psal.</span> <span class='ocrx_word' id='word_1_289' title='bbox 3106 2039 3245 2106; x_wconf 76' lang='lat' dir='ltr'><strong>LXIV)</strong></span> <span class='ocrx_word' id='word_1_290' title='bbox 3279 2054 3290 2090; x_wconf 91' lang='lat'>:</span> 
     </span>
    </p>
   </div>
   <div class='ocr_carea' id='block_1_21' title="bbox 69 2116 3294 2196">
    <p class='ocr_par' dir='ltr' id='par_1_21' title="bbox 69 2116 3294 2196">
     <span class='ocr_line' id='line_1_21' title="bbox 69 2116 3294 2196; baseline 0.002 -28"><span class='ocrx_word' id='word_1_291' title='bbox 69 2116 298 2171; x_wconf 83' lang='lat' dir='ltr'>demanu</span> <span class='ocrx_word' id='word_1_292' title='bbox 334 2122 581 2186; x_wconf 87' lang='lat' dir='ltr'>inimici,</span> <span class='ocrx_word' id='word_1_293' title='bbox 613 2123 677 2175; x_wconf 87' lang='lat' dir='ltr'>de</span> <span class='ocrx_word' id='word_1_294' title='bbox 721 2126 1038 2190; x_wconf 84' lang='lat' dir='ltr'>regionibus</span> <span class='ocrx_word' id='word_1_295' title='bbox 1063 2127 1410 2192; x_wconf 84' lang='lat' dir='ltr'>congregavit</span> <span class='ocrx_word' id='word_1_296' title='bbox 1448 2140 1549 2190; x_wconf 86' lang='lat' dir='ltr'>eos,</span> <span class='ocrx_word' id='word_1_297' title='bbox 1591 2140 1626 2179; x_wconf 92' lang='lat' dir='ltr'>a</span> <span class='ocrx_word' id='word_1_298' title='bbox 1713 2142 1735 2174; x_wconf 75' lang='grc' dir='ltr'><strong><em>ι</em></strong></span> <span class='ocrx_word' id='word_1_299' title='bbox 1769 2125 1907 2194; x_wconf 90' lang='lat' dir='ltr'>Spes</span> <span class='ocrx_word' id='word_1_300' title='bbox 1952 2125 2202 2179; x_wconf 90' lang='lat' dir='ltr'>omnium</span> <span class='ocrx_word' id='word_1_301' title='bbox 2240 2125 2485 2180; x_wconf 88' lang='lat' dir='ltr'>ﬁliorum</span> <span class='ocrx_word' id='word_1_302' title='bbox 2512 2122 2721 2178; x_wconf 78' lang='lat' dir='ltr'>&#39;terrae.</span> <span class='ocrx_word' id='word_1_303' title='bbox 2768 2125 2893 2179; x_wconf 77' lang='lat' dir='ltr'>Non</span> <span class='ocrx_word' id='word_1_304' title='bbox 2945 2141 3071 2196; x_wconf 90' lang='lat' dir='ltr'>spes</span> <span class='ocrx_word' id='word_1_305' title='bbox 3127 2123 3294 2178; x_wconf 88' lang='lat' dir='ltr'>unius</span> 
     </span>
    </p>
   </div>
   <div class='ocr_carea' id='block_1_22' title="bbox 69 2203 3294 2286">
    <p class='ocr_par' dir='ltr' id='par_1_22' title="bbox 69 2203 3294 2286">
     <span class='ocr_line' id='line_1_22' title="bbox 69 2203 3294 2286; baseline 0.004 -31"><span class='ocrx_word' id='word_1_306' title='bbox 69 2203 170 2256; x_wconf 84' lang='lat' dir='ltr'>solis</span> <span class='ocrx_word' id='word_1_307' title='bbox 194 2210 311 2259; x_wconf 86' lang='lat' dir='ltr'>ortu</span> <span class='ocrx_word' id='word_1_308' title='bbox 335 2213 385 2261; x_wconf 88' lang='lat' dir='ltr'>et</span> <span class='ocrx_word' id='word_1_309' title='bbox 411 2224 626 2277; x_wconf 85' lang='lat' dir='ltr'>occasu,</span> <span class='ocrx_word' id='word_1_310' title='bbox 658 2212 727 2263; x_wconf 90' lang='lat' dir='ltr'>ab</span> <span class='ocrx_word' id='word_1_311' title='bbox 755 2213 1014 2280; x_wconf 82' lang='lat' dir='ltr'>aquilone</span> <span class='ocrx_word' id='word_1_312' title='bbox 1041 2217 1089 2266; x_wconf 92' lang='lat' dir='ltr'>et</span> <span class='ocrx_word' id='word_1_313' title='bbox 1128 2216 1284 2267; x_wconf 86' lang='lat' dir='ltr'>mari</span> <span class='ocrx_word' id='word_1_314' title='bbox 1313 2214 1481 2281; x_wconf 82' lang='lat' dir='ltr'>(Psat.</span> <span class='ocrx_word' id='word_1_315' title='bbox 1515 2227 1618 2279; x_wconf 74' lang='grc' dir='ltr'>ενι,</span> <span class='ocrx_word' id='word_1_316' title='bbox 1704 2215 1917 2283; x_wconf 86' lang='lat' dir='ltr'>anguli,</span> <span class='ocrx_word' id='word_1_317' title='bbox 1957 2230 2070 2269; x_wconf 89' lang='lat' dir='ltr'>non</span> <span class='ocrx_word' id='word_1_318' title='bbox 2119 2231 2246 2286; x_wconf 91' lang='lat' dir='ltr'>spes</span> <span class='ocrx_word' id='word_1_319' title='bbox 2290 2215 2458 2269; x_wconf 90' lang='lat' dir='ltr'>unius</span> <span class='ocrx_word' id='word_1_320' title='bbox 2512 2214 2721 2280; x_wconf 74' lang='lat' dir='ltr'>Judeae,</span> <span class='ocrx_word' id='word_1_321' title='bbox 2769 2230 2884 2268; x_wconf 90' lang='lat' dir='ltr'>non</span> <span class='ocrx_word' id='word_1_322' title='bbox 2937 2230 3065 2285; x_wconf 90' lang='lat' dir='ltr'>spes</span> <span class='ocrx_word' id='word_1_323' title='bbox 3120 2213 3294 2267; x_wconf 91' lang='lat' dir='ltr'>solius</span> 
     </span>
    </p>
   </div>
   <div class='ocr_carea' id='block_1_23' title="bbox 68 2287 3295 2377">
    <p class='ocr_par' dir='ltr' id='par_1_23' title="bbox 68 2287 3295 2377">
     <span class='ocr_line' id='line_1_23' title="bbox 68 2287 3295 2377; baseline 0.003 -32"><span class='ocrx_word' id='word_1_324' title='bbox 68 2287 109 2356; x_wconf 74' lang='lat'>2,</span> <span class='ocrx_word' id='word_1_325' title='bbox 134 2289 198 2360; x_wconf 91' lang='lat'>3).</span> <span class='ocrx_word' id='word_1_326' title='bbox 225 2293 363 2348; x_wconf 89' lang='lat' dir='ltr'>Item</span> <span class='ocrx_word' id='word_1_327' title='bbox 382 2294 587 2351; x_wconf 88' lang='lat' dir='ltr'>beatus</span> <span class='ocrx_word' id='word_1_328' title='bbox 611 2298 960 2368; x_wconf 89' lang='lat' dir='ltr'>Augustinus</span> <span class='ocrx_word' id='word_1_329' title='bbox 984 2301 1044 2355; x_wconf 91' lang='lat' dir='ltr'>in</span> <span class='ocrx_word' id='word_1_330' title='bbox 1064 2301 1247 2371; x_wconf 89' lang='lat' dir='ltr'>prima</span> <span class='ocrx_word' id='word_1_331' title='bbox 1264 2301 1623 2371; x_wconf 85' lang='lat' dir='ltr'>expositionis</span> <span class='ocrx_word' id='word_1_332' title='bbox 1701 2303 1920 2370; x_wconf 73' lang='lat' dir='ltr'>Africae,</span> <span class='ocrx_word' id='word_1_333' title='bbox 1950 2320 2064 2358; x_wconf 90' lang='lat' dir='ltr'>non</span> <span class='ocrx_word' id='word_1_334' title='bbox 2092 2321 2219 2375; x_wconf 89' lang='lat' dir='ltr'>spes</span> <span class='ocrx_word' id='word_1_335' title='bbox 2255 2302 2575 2370; x_wconf 72' lang='lat' dir='ltr'>Pannoniae,</span> <span class='ocrx_word' id='word_1_336' title='bbox 2609 2319 2723 2357; x_wconf 90' lang='lat' dir='ltr'>non</span> <span class='ocrx_word' id='word_1_337' title='bbox 2750 2319 2877 2377; x_wconf 85' lang='lat' dir='ltr'>spes</span> <span class='ocrx_word' id='word_1_338' title='bbox 2924 2301 3168 2356; x_wconf 89' lang='lat' dir='ltr'>Orientis</span> <span class='ocrx_word' id='word_1_339' title='bbox 3195 2308 3295 2356; x_wconf 91' lang='lat' dir='ltr'>aut</span> 
     </span>
    </p>
   </div>
   <div class='ocr_carea' id='block_1_24' title="bbox 69 2379 3295 2463">
    <p class='ocr_par' dir='ltr' id='par_1_24' title="bbox 69 2379 3295 2463">
     <span class='ocr_line' id='line_1_24' title="bbox 69 2379 3295 2463; baseline 0.003 -30"><span class='ocrx_word' id='word_1_340' title='bbox 69 2379 369 2450; x_wconf 84' lang='lat' dir='ltr'>psalmorum</span> <span class='ocrx_word' id='word_1_341' title='bbox 387 2390 554 2455; x_wconf 86' lang='lat' dir='ltr'>parte</span> <span class='ocrx_word' id='word_1_342' title='bbox 578 2386 658 2454; x_wconf 88' lang='lat' dir='ltr'>(in</span> <span class='ocrx_word' id='word_1_343' title='bbox 680 2390 822 2455; x_wconf 83' lang='lat' dir='ltr'>psat.</span> <span class='ocrx_word' id='word_1_344' title='bbox 844 2404 951 2449; x_wconf 71' lang='lat' dir='ltr'><strong>xxx.</strong></span> <span class='ocrx_word' id='word_1_345' title='bbox 975 2391 1151 2443; x_wconf 86' lang='lat' dir='ltr'>Tract.</span> <span class='ocrx_word' id='word_1_346' title='bbox 1182 2388 1237 2457; x_wconf 83' lang='grc'>2)</span> <span class='ocrx_word' id='word_1_347' title='bbox 1275 2407 1286 2442; x_wconf 90' lang='lat'>:</span> <span class='ocrx_word' id='word_1_348' title='bbox 1324 2408 1347 2439; x_wconf 73' lang='grc' dir='ltr'>ι</span> <span class='ocrx_word' id='word_1_349' title='bbox 1377 2390 1623 2444; x_wconf 90' lang='lat' dir='ltr'>Ecclesia</span> <span class='ocrx_word' id='word_1_350' title='bbox 1704 2392 2039 2459; x_wconf 89' lang='lat' dir='ltr'>Occidentis,</span> <span class='ocrx_word' id='word_1_351' title='bbox 2073 2393 2171 2446; x_wconf 86' lang='lat' dir='ltr'>sed</span> <span class='ocrx_word' id='word_1_352' title='bbox 2213 2408 2340 2463; x_wconf 90' lang='lat' dir='ltr'>spes</span> <span class='ocrx_word' id='word_1_353' title='bbox 2378 2393 2631 2446; x_wconf 91' lang='lat' dir='ltr'>omnium</span> <span class='ocrx_word' id='word_1_354' title='bbox 2677 2391 2876 2445; x_wconf 88' lang='lat' dir='ltr'>ﬁnium</span> <span class='ocrx_word' id='word_1_355' title='bbox 2921 2396 3106 2457; x_wconf 83' lang='lat' dir='ltr'>terrae,</span> <span class='ocrx_word' id='word_1_356' title='bbox 3151 2394 3209 2444; x_wconf 92' lang='lat' dir='ltr'>et</span> <span class='ocrx_word' id='word_1_357' title='bbox 3236 2390 3295 2443; x_wconf 92' lang='lat' dir='ltr'>in</span> 
     </span>
    </p>
   </div>
   <div class='ocr_carea' id='block_1_25' title="bbox 70 2471 3296 2550">
    <p class='ocr_par' dir='ltr' id='par_1_25' title="bbox 70 2471 3296 2550">
     <span class='ocr_line' id='line_1_25' title="bbox 70 2471 3296 2550; baseline 0.003 -29"><span class='ocrx_word' id='word_1_358' title='bbox 70 2482 239 2537; x_wconf 84' lang='lat' dir='ltr'>magna</span> <span class='ocrx_word' id='word_1_359' title='bbox 260 2471 390 2541; x_wconf 91' lang='lat' dir='ltr'>quid</span> <span class='ocrx_word' id='word_1_360' title='bbox 414 2477 523 2539; x_wconf 90' lang='lat' dir='ltr'>est,</span> <span class='ocrx_word' id='word_1_361' title='bbox 545 2473 1070 2548; x_wconf 84' lang='lat' dir='ltr'>fratres?Nunquid</span> <span class='ocrx_word' id='word_1_362' title='bbox 1091 2478 1295 2547; x_wconf 79' lang='lat' dir='ltr'>exigua</span> <span class='ocrx_word' id='word_1_363' title='bbox 1324 2494 1454 2549; x_wconf 87' lang='lat' dir='ltr'>pars</span> <span class='ocrx_word' id='word_1_364' title='bbox 1474 2478 1623 2532; x_wconf 90' lang='lat' dir='ltr'>orbis</span> <span class='ocrx_word' id='word_1_365' title='bbox 1705 2481 1847 2533; x_wconf 88' lang='lat' dir='ltr'>mari</span> <span class='ocrx_word' id='word_1_366' title='bbox 1875 2481 2059 2549; x_wconf 84' lang='lat' dir='ltr'>longe.</span> <span class='ocrx_word' id='word_1_367' title='bbox 2099 2500 2120 2531; x_wconf 67' lang='grc' dir='ltr'><strong><em>ι</em></strong></span> <span class='ocrx_word' id='word_1_368' title='bbox 2154 2480 2222 2534; x_wconf 90' lang='lat' dir='ltr'>In</span> <span class='ocrx_word' id='word_1_369' title='bbox 2247 2480 2446 2534; x_wconf 90' lang='lat' dir='ltr'>eadem</span> <span class='ocrx_word' id='word_1_370' title='bbox 2473 2480 2556 2550; x_wconf 87' lang='lat' dir='ltr'>(in</span> <span class='ocrx_word' id='word_1_371' title='bbox 2566 2483 2707 2548; x_wconf 82' lang='lat' dir='ltr'>psal.</span> <span class='ocrx_word' id='word_1_372' title='bbox 2735 2480 2875 2545; x_wconf 77' lang='lat' dir='ltr'><strong>LXXI)</strong></span> <span class='ocrx_word' id='word_1_373' title='bbox 2916 2495 2928 2530; x_wconf 90' lang='lat'>:</span> <span class='ocrx_word' id='word_1_374' title='bbox 2958 2496 2982 2528; x_wconf 74' lang='grc' dir='ltr'><strong>ε</strong></span> <span class='ocrx_word' id='word_1_375' title='bbox 3017 2478 3146 2531; x_wconf 71' lang='lat' dir='ltr'>Haec</span> <span class='ocrx_word' id='word_1_376' title='bbox 3170 2494 3296 2548; x_wconf 87' lang='lat' dir='ltr'>pro-</span> 
     </span>
    </p>
   </div>
   <div class='ocr_carea' id='block_1_26' title="bbox 68 2558 3296 2640">
    <p class='ocr_par' dir='ltr' id='par_1_26' title="bbox 68 2558 3296 2640">
     <span class='ocr_line' id='line_1_26' title="bbox 68 2558 3296 2640; baseline 0.004 -33"><span class='ocrx_word' id='word_1_377' title='bbox 68 2558 308 2612; x_wconf 82' lang='lat' dir='ltr'>terrarum</span> <span class='ocrx_word' id='word_1_378' title='bbox 334 2560 586 2615; x_wconf 89' lang='lat' dir='ltr'>Ecclesia</span> <span class='ocrx_word' id='word_1_379' title='bbox 608 2578 816 2632; x_wconf 87' lang='lat' dir='ltr'>magna</span> <span class='ocrx_word' id='word_1_380' title='bbox 840 2566 963 2619; x_wconf 86' lang='lat' dir='ltr'>est?</span> <span class='ocrx_word' id='word_1_381' title='bbox 985 2566 1228 2620; x_wconf 87' lang='lat' dir='ltr'>Ecclesia</span> <span class='ocrx_word' id='word_1_382' title='bbox 1247 2582 1452 2636; x_wconf 85' lang='lat' dir='ltr'>magna</span> <span class='ocrx_word' id='word_1_383' title='bbox 1470 2571 1623 2621; x_wconf 91' lang='lat' dir='ltr'>totus</span> <span class='ocrx_word' id='word_1_384' title='bbox 1702 2568 1897 2639; x_wconf 90' lang='lat' dir='ltr'>phetia</span> <span class='ocrx_word' id='word_1_385' title='bbox 1941 2574 2170 2640; x_wconf 86' lang='lat' dir='ltr'>propter</span> <span class='ocrx_word' id='word_1_386' title='bbox 2197 2585 2291 2622; x_wconf 90' lang='lat' dir='ltr'>eos</span> <span class='ocrx_word' id='word_1_387' title='bbox 2322 2569 2609 2639; x_wconf 65' lang='lat' dir='ltr'>praemissa</span> <span class='ocrx_word' id='word_1_388' title='bbox 2645 2572 2749 2634; x_wconf 90' lang='lat' dir='ltr'>est,</span> <span class='ocrx_word' id='word_1_389' title='bbox 2781 2567 2876 2639; x_wconf 90' lang='lat' dir='ltr'>qui</span> <span class='ocrx_word' id='word_1_390' title='bbox 2914 2571 3118 2638; x_wconf 88' lang='lat' dir='ltr'>putant</span> <span class='ocrx_word' id='word_1_391' title='bbox 3162 2565 3296 2619; x_wconf 89' lang='lat' dir='ltr'>reli-</span> 
     </span>
    </p>
   </div>
   <div class='ocr_carea' id='block_1_27' title="bbox 69 2642 3296 2727">
    <p class='ocr_par' dir='ltr' id='par_1_27' title="bbox 69 2642 3296 2727">
     <span class='ocr_line' id='line_1_27' title="bbox 69 2642 3296 2727; baseline 0.004 -32"><span class='ocrx_word' id='word_1_392' title='bbox 69 2642 189 2698; x_wconf 88' lang='lat' dir='ltr'>orbis</span> <span class='ocrx_word' id='word_1_393' title='bbox 228 2652 327 2702; x_wconf 87' lang='lat' dir='ltr'>est.</span> <span class='ocrx_word' id='word_1_394' title='bbox 369 2667 395 2702; x_wconf 73' lang='lat' dir='ltr'>n</span> <span class='ocrx_word' id='word_1_395' title='bbox 430 2650 577 2704; x_wconf 90' lang='lat' dir='ltr'>Item</span> <span class='ocrx_word' id='word_1_396' title='bbox 620 2652 682 2705; x_wconf 91' lang='lat' dir='ltr'>in</span> <span class='ocrx_word' id='word_1_397' title='bbox 730 2653 926 2707; x_wconf 88' lang='lat' dir='ltr'>eadem</span> <span class='ocrx_word' id='word_1_398' title='bbox 959 2655 1152 2723; x_wconf 85' lang='lat' dir='ltr'>(Enar.</span> <span class='ocrx_word' id='word_1_399' title='bbox 1202 2658 1346 2723; x_wconf 83' lang='lat' dir='ltr'>psal.</span> <span class='ocrx_word' id='word_1_400' title='bbox 1390 2665 1567 2720; x_wconf 83' lang='lat' dir='ltr'><strong>xxx1x)</strong></span> <span class='ocrx_word' id='word_1_401' title='bbox 1604 2672 1616 2708; x_wconf 91' lang='lat'><strong>:</strong></span> <span class='ocrx_word' id='word_1_402' title='bbox 1701 2657 1928 2726; x_wconf 89' lang='lat' dir='ltr'>gionem</span> <span class='ocrx_word' id='word_1_403' title='bbox 1949 2657 2193 2711; x_wconf 89' lang='lat' dir='ltr'>nominis</span> <span class='ocrx_word' id='word_1_404' title='bbox 2221 2655 2528 2711; x_wconf 89' lang='lat' dir='ltr'>Christiani</span> <span class='ocrx_word' id='word_1_405' title='bbox 2546 2672 2725 2727; x_wconf 92' lang='lat' dir='ltr'>usque</span> <span class='ocrx_word' id='word_1_406' title='bbox 2744 2656 2816 2709; x_wconf 90' lang='lat' dir='ltr'>ad</span> <span class='ocrx_word' id='word_1_407' title='bbox 2839 2661 3057 2710; x_wconf 92' lang='lat' dir='ltr'>certum</span> <span class='ocrx_word' id='word_1_408' title='bbox 3071 2660 3296 2725; x_wconf 87' lang='lat' dir='ltr'>tempus</span> 
     </span>
    </p>
   </div>
   <div class='ocr_carea' id='block_1_28' title="bbox 70 2732 3291 2815">
    <p class='ocr_par' dir='ltr' id='par_1_28' title="bbox 70 2732 3291 2815">
     <span class='ocr_line' id='line_1_28' title="bbox 70 2732 3291 2815; baseline 0.003 -28"><span class='ocrx_word' id='word_1_409' title='bbox 70 2732 1196 2807; x_wconf 75' lang='lat' dir='ltr'>«AnnuntiavijustitiamtuaminEcclesia</span> <span class='ocrx_word' id='word_1_410' title='bbox 1208 2744 1621 2811; x_wconf 87' lang='lat' dir='ltr'>magna.Quam</span> <span class='ocrx_word' id='word_1_411' title='bbox 1702 2745 1763 2799; x_wconf 92' lang='lat' dir='ltr'>in</span> <span class='ocrx_word' id='word_1_412' title='bbox 1805 2746 1911 2799; x_wconf 88' lang='lat' dir='ltr'>hoc</span> <span class='ocrx_word' id='word_1_413' title='bbox 1950 2746 2151 2799; x_wconf 84' lang='lat' dir='ltr'>saeculo</span> <span class='ocrx_word' id='word_1_414' title='bbox 2199 2745 2488 2809; x_wconf 86' lang='lat' dir='ltr'>victuram,</span> <span class='ocrx_word' id='word_1_415' title='bbox 2533 2749 2591 2798; x_wconf 88' lang='lat' dir='ltr'>et</span> <span class='ocrx_word' id='word_1_416' title='bbox 2630 2750 2829 2815; x_wconf 87' lang='lat' dir='ltr'>postea</span> <span class='ocrx_word' id='word_1_417' title='bbox 2864 2760 2978 2798; x_wconf 89' lang='lat' dir='ltr'>non</span> <span class='ocrx_word' id='word_1_418' title='bbox 3021 2744 3291 2798; x_wconf 87' lang='lat' dir='ltr'>futuram.</span> 
     </span>
    </p>
   </div>
   <div class='ocr_carea' id='block_1_29' title="bbox 68 2823 3297 2903">
    <p class='ocr_par' dir='ltr' id='par_1_29' title="bbox 68 2823 3297 2903">
     <span class='ocr_line' id='line_1_29' title="bbox 68 2823 3297 2903; baseline 0.002 -30"><span class='ocrx_word' id='word_1_419' title='bbox 68 2823 270 2891; x_wconf 82' lang='lat' dir='ltr'>magna?</span> <span class='ocrx_word' id='word_1_420' title='bbox 292 2825 431 2880; x_wconf 88' lang='lat' dir='ltr'>Toto</span> <span class='ocrx_word' id='word_1_421' title='bbox 463 2826 602 2882; x_wconf 88' lang='lat' dir='ltr'>orbe</span> <span class='ocrx_word' id='word_1_422' title='bbox 626 2832 924 2887; x_wconf 84' lang='lat' dir='ltr'>terrarum.</span> <span class='ocrx_word' id='word_1_423' title='bbox 945 2831 1127 2895; x_wconf 90' lang='lat' dir='ltr'>Quam</span> <span class='ocrx_word' id='word_1_424' title='bbox 1155 2833 1401 2903; x_wconf 86' lang='lat' dir='ltr'>magna?</span> <span class='ocrx_word' id='word_1_425' title='bbox 1423 2834 1484 2888; x_wconf 89' lang='lat' dir='ltr'>in</span> <span class='ocrx_word' id='word_1_426' title='bbox 1508 2851 1624 2888; x_wconf 79' lang='lat' dir='ltr'>om-</span> <span class='ocrx_word' id='word_1_427' title='bbox 1702 2828 2062 2883; x_wconf 89' lang='lat' dir='ltr'>Permanebit</span> <span class='ocrx_word' id='word_1_428' title='bbox 2089 2834 2279 2883; x_wconf 90' lang='lat' dir='ltr'>autem</span> <span class='ocrx_word' id='word_1_429' title='bbox 2309 2845 2437 2882; x_wconf 91' lang='lat' dir='ltr'>cum</span> <span class='ocrx_word' id='word_1_430' title='bbox 2462 2829 2597 2892; x_wconf 87' lang='lat' dir='ltr'>sole,</span> <span class='ocrx_word' id='word_1_431' title='bbox 2630 2828 2882 2899; x_wconf 88' lang='lat' dir='ltr'>quandiu</span> <span class='ocrx_word' id='word_1_432' title='bbox 2898 2828 2982 2882; x_wconf 93' lang='lat' dir='ltr'>sol</span> <span class='ocrx_word' id='word_1_433' title='bbox 3010 2828 3209 2894; x_wconf 90' lang='lat' dir='ltr'>oritur,</span> <span class='ocrx_word' id='word_1_434' title='bbox 3239 2833 3297 2881; x_wconf 90' lang='lat' dir='ltr'>et</span> 
     </span>
    </p>
   </div>
   <div class='ocr_carea' id='block_1_30' title="bbox 69 2907 3289 2991">
    <p class='ocr_par' dir='ltr' id='par_1_30' title="bbox 69 2907 3289 2991">
     <span class='ocr_line' id='line_1_30' title="bbox 69 2907 3289 2991; baseline 0.002 -30"><span class='ocrx_word' id='word_1_435' title='bbox 69 2907 200 2964; x_wconf 89' lang='lat' dir='ltr'>nibus</span> <span class='ocrx_word' id='word_1_436' title='bbox 222 2913 501 2982; x_wconf 86' lang='lat' dir='ltr'>gentibus.</span> <span class='ocrx_word' id='word_1_437' title='bbox 535 2915 719 2980; x_wconf 85' lang='lat' dir='ltr'>Quare</span> <span class='ocrx_word' id='word_1_438' title='bbox 751 2918 811 2972; x_wconf 91' lang='lat' dir='ltr'>in</span> <span class='ocrx_word' id='word_1_439' title='bbox 858 2919 1116 2974; x_wconf 87' lang='lat' dir='ltr'>omnibus</span> <span class='ocrx_word' id='word_1_440' title='bbox 1150 2921 1448 2991; x_wconf 80' lang='lat' dir='ltr'>gentibus?</span> <span class='ocrx_word' id='word_1_441' title='bbox 1480 2922 1624 2986; x_wconf 86' lang='lat' dir='ltr'>Quia</span> <span class='ocrx_word' id='word_1_442' title='bbox 1703 2917 1923 2971; x_wconf 89' lang='lat' dir='ltr'>occidit.</span> <span class='ocrx_word' id='word_1_443' title='bbox 1952 2917 2071 2971; x_wconf 91' lang='lat' dir='ltr'>Hoc</span> <span class='ocrx_word' id='word_1_444' title='bbox 2115 2922 2219 2982; x_wconf 86' lang='lat' dir='ltr'>est,</span> <span class='ocrx_word' id='word_1_445' title='bbox 2252 2916 2499 2988; x_wconf 83' lang='lat' dir='ltr'>quandiu</span> <span class='ocrx_word' id='word_1_446' title='bbox 2544 2923 2802 2987; x_wconf 88' lang='lat' dir='ltr'>tempora</span> <span class='ocrx_word' id='word_1_447' title='bbox 2840 2916 2949 2970; x_wconf 86' lang='lat' dir='ltr'>ista</span> <span class='ocrx_word' id='word_1_448' title='bbox 2975 2917 3289 2983; x_wconf 90' lang='lat' dir='ltr'>volvuntur,</span> 
     </span>
    </p>
   </div>
   <div class='ocr_carea' id='block_1_31' title="bbox 68 2998 3289 3078">
    <p class='ocr_par' dir='ltr' id='par_1_31' title="bbox 68 2998 3289 3078">
     <span class='ocr_line' id='line_1_31' title="bbox 68 2998 3289 3078; baseline 0.001 -29"><span class='ocrx_word' id='word_1_449' title='bbox 68 2998 116 3050; x_wconf 84' lang='lat' dir='ltr'>in</span> <span class='ocrx_word' id='word_1_450' title='bbox 128 3014 320 3057; x_wconf 87' lang='lat' dir='ltr'>omnem</span> <span class='ocrx_word' id='word_1_451' title='bbox 339 3008 556 3059; x_wconf 85' lang='lat' dir='ltr'>terram</span> <span class='ocrx_word' id='word_1_452' title='bbox 570 3008 734 3060; x_wconf 61' lang='lat' dir='ltr'>exivit</span> <span class='ocrx_word' id='word_1_453' title='bbox 755 3024 922 3063; x_wconf 87' lang='lat' dir='ltr'>sonus</span> <span class='ocrx_word' id='word_1_454' title='bbox 941 3025 1187 3064; x_wconf 86' lang='lat' dir='ltr'>eorum.»</span> <span class='ocrx_word' id='word_1_455' title='bbox 1201 3007 1438 3078; x_wconf 88' lang='lat' dir='ltr'>Item,in</span> <span class='ocrx_word' id='word_1_456' title='bbox 1454 3011 1623 3067; x_wconf 85' lang='lat' dir='ltr'>tertia</span> <span class='ocrx_word' id='word_1_457' title='bbox 1702 3021 1815 3059; x_wconf 88' lang='lat' dir='ltr'>non</span> <span class='ocrx_word' id='word_1_458' title='bbox 1835 3005 2013 3059; x_wconf 90' lang='lat' dir='ltr'>deerit</span> <span class='ocrx_word' id='word_1_459' title='bbox 2028 3005 2288 3072; x_wconf 86' lang='lat' dir='ltr'>Ecclesia,</span> <span class='ocrx_word' id='word_1_460' title='bbox 2319 3005 2377 3058; x_wconf 92' lang='lat' dir='ltr'>id</span> <span class='ocrx_word' id='word_1_461' title='bbox 2403 3010 2488 3059; x_wconf 90' lang='lat' dir='ltr'>est</span> <span class='ocrx_word' id='word_1_462' title='bbox 2513 3004 2723 3059; x_wconf 87' lang='lat' dir='ltr'>Christi</span> <span class='ocrx_word' id='word_1_463' title='bbox 2751 3020 2952 3075; x_wconf 91' lang='lat' dir='ltr'>corpus</span> <span class='ocrx_word' id='word_1_464' title='bbox 2971 3003 3029 3057; x_wconf 92' lang='lat' dir='ltr'>in</span> <span class='ocrx_word' id='word_1_465' title='bbox 3057 3004 3245 3060; x_wconf 88' lang='lat' dir='ltr'>terris.</span> <span class='ocrx_word' id='word_1_466' title='bbox 3267 3025 3289 3053; x_wconf 73' lang='grc' dir='ltr'><strong>ι</strong></span> 
     </span>
    </p>
   </div>
   <div class='ocr_carea' id='block_1_32' title="bbox 68 3081 3293 3168">
    <p class='ocr_par' dir='ltr' id='par_1_32' title="bbox 68 3081 3293 3168">
     <span class='ocr_line' id='line_1_32' title="bbox 68 3081 3293 3168; baseline 0.002 -30"><span class='ocrx_word' id='word_1_467' title='bbox 68 3086 278 3154; x_wconf 85' lang='lat' dir='ltr'>ejusdem</span> <span class='ocrx_word' id='word_1_468' title='bbox 299 3093 483 3163; x_wconf 91' lang='lat' dir='ltr'>operis</span> <span class='ocrx_word' id='word_1_469' title='bbox 514 3099 674 3164; x_wconf 87' lang='lat' dir='ltr'>parte</span> <span class='ocrx_word' id='word_1_470' title='bbox 707 3114 718 3149; x_wconf 93' lang='lat'><strong>:</strong></span> <span class='ocrx_word' id='word_1_471' title='bbox 765 3114 791 3148; x_wconf 76' lang='grc' dir='ltr'><strong>α</strong></span> <span class='ocrx_word' id='word_1_472' title='bbox 825 3097 1040 3168; x_wconf 89' lang='lat' dir='ltr'>Corpus</span> <span class='ocrx_word' id='word_1_473' title='bbox 1069 3099 1278 3153; x_wconf 83' lang='lat' dir='ltr'>Christi</span> <span class='ocrx_word' id='word_1_474' title='bbox 1306 3106 1525 3155; x_wconf 69' lang='lat' dir='ltr'>constat</span> <span class='ocrx_word' id='word_1_475' title='bbox 1554 3081 1678 3154; x_wconf 59' lang='grc' dir='ltr'>ε)χο</span> <span class='ocrx_word' id='word_1_476' title='bbox 1698 3094 1841 3148; x_wconf 91' lang='lat' dir='ltr'>Item</span> <span class='ocrx_word' id='word_1_477' title='bbox 1868 3094 1929 3148; x_wconf 90' lang='lat' dir='ltr'>in</span> <span class='ocrx_word' id='word_1_478' title='bbox 1949 3095 2143 3148; x_wconf 89' lang='lat' dir='ltr'>eadem</span> <span class='ocrx_word' id='word_1_479' title='bbox 2168 3097 2248 3163; x_wconf 90' lang='lat' dir='ltr'>(in</span> <span class='ocrx_word' id='word_1_480' title='bbox 2283 3097 2426 3149; x_wconf 87' lang='lat' dir='ltr'>Psat.</span> <span class='ocrx_word' id='word_1_481' title='bbox 2450 3098 2578 3163; x_wconf 82' lang='lat' dir='ltr'>xcn)</span> <span class='ocrx_word' id='word_1_482' title='bbox 2611 3113 2625 3147; x_wconf 94' lang='lat'><strong><em>:</em></strong></span> <span class='ocrx_word' id='word_1_483' title='bbox 2653 3112 2679 3145; x_wconf 82' lang='grc' dir='ltr'>α</span> <span class='ocrx_word' id='word_1_484' title='bbox 2708 3095 2945 3147; x_wconf 88' lang='lat' dir='ltr'>Domum</span> <span class='ocrx_word' id='word_1_485' title='bbox 2976 3097 3132 3146; x_wconf 84' lang='lat' dir='ltr'>tuam</span> <span class='ocrx_word' id='word_1_486' title='bbox 3151 3094 3293 3146; x_wconf 80' lang='lat' dir='ltr'>decet</span> 
     </span>
    </p>
   </div>
   <div class='ocr_carea' id='block_1_33' title="bbox 66 3173 3289 3251">
    <p class='ocr_par' dir='ltr' id='par_1_33' title="bbox 66 3173 3289 3251">
     <span class='ocr_line' id='line_1_33' title="bbox 66 3173 3289 3251; baseline 0.002 -23"><span class='ocrx_word' id='word_1_487' title='bbox 66 3173 221 3231; x_wconf 88' lang='lat' dir='ltr'>multis</span> <span class='ocrx_word' id='word_1_488' title='bbox 244 3179 597 3236; x_wconf 83' lang='lat' dir='ltr'>credentibus</span> <span class='ocrx_word' id='word_1_489' title='bbox 625 3183 686 3237; x_wconf 90' lang='lat' dir='ltr'>in</span> <span class='ocrx_word' id='word_1_490' title='bbox 711 3188 830 3238; x_wconf 91' lang='lat' dir='ltr'>toto</span> <span class='ocrx_word' id='word_1_491' title='bbox 858 3184 991 3239; x_wconf 89' lang='lat' dir='ltr'>orbe</span> <span class='ocrx_word' id='word_1_492' title='bbox 1014 3191 1366 3242; x_wconf 84' lang='lat' dir='ltr'>terrarum.»</span> <span class='ocrx_word' id='word_1_493' title='bbox 1400 3189 1544 3242; x_wconf 91' lang='lat' dir='ltr'>Item</span> <span class='ocrx_word' id='word_1_494' title='bbox 1561 3188 1621 3242; x_wconf 88' lang='lat' dir='ltr'>in</span> <span class='ocrx_word' id='word_1_495' title='bbox 1700 3184 2028 3249; x_wconf 84' lang='lat' dir='ltr'>sanctitudo,</span> <span class='ocrx_word' id='word_1_496' title='bbox 2062 3184 2290 3237; x_wconf 88' lang='lat' dir='ltr'>Domine</span> <span class='ocrx_word' id='word_1_497' title='bbox 2320 3186 2483 3251; x_wconf 86' lang='lat' dir='ltr'>(Psat.</span> <span class='ocrx_word' id='word_1_498' title='bbox 2532 3197 2661 3249; x_wconf 83' lang='lat' dir='ltr'>xcu,</span> <span class='ocrx_word' id='word_1_499' title='bbox 2717 3182 2764 3251; x_wconf 85' lang='grc'>5)</span> <span class='ocrx_word' id='word_1_500' title='bbox 2793 3201 2806 3249; x_wconf 88' lang='grc'>;</span> <span class='ocrx_word' id='word_1_501' title='bbox 2853 3182 3082 3236; x_wconf 91' lang='lat' dir='ltr'>domum</span> <span class='ocrx_word' id='word_1_502' title='bbox 3111 3185 3289 3248; x_wconf 89' lang='lat' dir='ltr'>tuam,</span> 
     </span>
    </p>
   </div>
   <div class='ocr_carea' id='block_1_34' title="bbox 68 3263 3293 3339">
    <p class='ocr_par' dir='ltr' id='par_1_34' title="bbox 68 3263 3293 3339">
     <span class='ocr_line' id='line_1_34' title="bbox 68 3263 3293 3339; baseline 0.001 -20"><span class='ocrx_word' id='word_1_503' title='bbox 68 3263 264 3319; x_wconf 74' lang='lat' dir='ltr'>eadem:</span> <span class='ocrx_word' id='word_1_504' title='bbox 313 3285 340 3320; x_wconf 73' lang='grc' dir='ltr'>α</span> <span class='ocrx_word' id='word_1_505' title='bbox 370 3268 821 3326; x_wconf 88' lang='lat' dir='ltr'>Tabernaculum</span> <span class='ocrx_word' id='word_1_506' title='bbox 862 3274 1088 3328; x_wconf 90' lang='lat' dir='ltr'>Domini</span> <span class='ocrx_word' id='word_1_507' title='bbox 1130 3279 1217 3329; x_wconf 89' lang='lat' dir='ltr'>est</span> <span class='ocrx_word' id='word_1_508' title='bbox 1264 3276 1374 3331; x_wconf 85' lang='lat' dir='ltr'>ista</span> <span class='ocrx_word' id='word_1_509' title='bbox 1425 3282 1623 3331; x_wconf 86' lang='lat' dir='ltr'>sancta</span> <span class='ocrx_word' id='word_1_510' title='bbox 1699 3276 1880 3325; x_wconf 84' lang='lat' dir='ltr'>totam</span> <span class='ocrx_word' id='word_1_511' title='bbox 1899 3272 2131 3326; x_wconf 89' lang='lat' dir='ltr'>domum</span> <span class='ocrx_word' id='word_1_512' title='bbox 2161 3276 2334 3326; x_wconf 89' lang='lat' dir='ltr'>tuam.</span> <span class='ocrx_word' id='word_1_513' title='bbox 2376 3273 2503 3326; x_wconf 91' lang='lat' dir='ltr'>Non</span> <span class='ocrx_word' id='word_1_514' title='bbox 2530 3272 2641 3339; x_wconf 87' lang='lat' dir='ltr'>hic,</span> <span class='ocrx_word' id='word_1_515' title='bbox 2673 3276 2773 3325; x_wconf 90' lang='lat' dir='ltr'>aut</span> <span class='ocrx_word' id='word_1_516' title='bbox 2790 3271 2901 3338; x_wconf 91' lang='lat' dir='ltr'>hic,</span> <span class='ocrx_word' id='word_1_517' title='bbox 2934 3275 3033 3324; x_wconf 88' lang='lat' dir='ltr'>aut</span> <span class='ocrx_word' id='word_1_518' title='bbox 3059 3269 3293 3335; x_wconf 70' lang='lat' dir='ltr'>ibigsed</span> 
     </span>
    </p>
   </div>
   <div class='ocr_carea' id='block_1_35' title="bbox 66 3348 3290 3431">
    <p class='ocr_par' dir='ltr' id='par_1_35' title="bbox 66 3348 3290 3431">
     <span class='ocr_line' id='line_1_35' title="bbox 66 3348 3290 3431; baseline 0.002 -26"><span class='ocrx_word' id='word_1_519' title='bbox 66 3348 270 3409; x_wconf 80' lang='lat' dir='ltr'>Ecclesia</span> <span class='ocrx_word' id='word_1_520' title='bbox 295 3356 353 3411; x_wconf 91' lang='lat' dir='ltr'>in</span> <span class='ocrx_word' id='word_1_521' title='bbox 377 3363 503 3413; x_wconf 89' lang='lat' dir='ltr'>toto</span> <span class='ocrx_word' id='word_1_522' title='bbox 546 3359 679 3414; x_wconf 90' lang='lat' dir='ltr'>orbe</span> <span class='ocrx_word' id='word_1_523' title='bbox 706 3365 987 3417; x_wconf 87' lang='lat' dir='ltr'>terrarum</span> <span class='ocrx_word' id='word_1_524' title='bbox 1014 3363 1234 3418; x_wconf 82' lang='lat' dir='ltr'>diffusa.</span> <span class='ocrx_word' id='word_1_525' title='bbox 1268 3361 1306 3419; x_wconf 83' lang='grc'>››’</span> <span class='ocrx_word' id='word_1_526' title='bbox 1343 3366 1413 3420; x_wconf 90' lang='lat' dir='ltr'>Et</span> <span class='ocrx_word' id='word_1_527' title='bbox 1436 3366 1571 3420; x_wconf 89' lang='lat' dir='ltr'>alibi</span> <span class='ocrx_word' id='word_1_528' title='bbox 1603 3382 1615 3418; x_wconf 90' lang='lat'><strong>:</strong></span> <span class='ocrx_word' id='word_1_529' title='bbox 1702 3360 1931 3414; x_wconf 90' lang='lat' dir='ltr'>domum</span> <span class='ocrx_word' id='word_1_530' title='bbox 1960 3365 2120 3415; x_wconf 90' lang='lat' dir='ltr'>tuam</span> <span class='ocrx_word' id='word_1_531' title='bbox 2156 3365 2335 3414; x_wconf 88' lang='lat' dir='ltr'>totam</span> <span class='ocrx_word' id='word_1_532' title='bbox 2389 3377 2491 3431; x_wconf 88' lang='lat' dir='ltr'>per</span> <span class='ocrx_word' id='word_1_533' title='bbox 2522 3365 2706 3414; x_wconf 91' lang='lat' dir='ltr'>totum</span> <span class='ocrx_word' id='word_1_534' title='bbox 2746 3359 2940 3413; x_wconf 90' lang='lat' dir='ltr'>orbem</span> <span class='ocrx_word' id='word_1_535' title='bbox 2989 3364 3290 3413; x_wconf 88' lang='lat' dir='ltr'>terrarum.</span> 
     </span>
    </p>
   </div>
   <div class='ocr_carea' id='block_1_36' title="bbox 68 3440 3295 3519">
    <p class='ocr_par' dir='ltr' id='par_1_36' title="bbox 68 3440 3295 3519">
     <span class='ocr_line' id='line_1_36' title="bbox 68 3440 3295 3519; baseline 0.002 -24"><span class='ocrx_word' id='word_1_536' title='bbox 68 3454 89 3487; x_wconf 66' lang='grc' dir='ltr'><strong>ε</strong></span> <span class='ocrx_word' id='word_1_537' title='bbox 118 3440 307 3498; x_wconf 88' lang='lat' dir='ltr'>Chorus</span> <span class='ocrx_word' id='word_1_538' title='bbox 348 3444 563 3501; x_wconf 88' lang='lat' dir='ltr'>Christi</span> <span class='ocrx_word' id='word_1_539' title='bbox 601 3448 721 3517; x_wconf 86' lang='lat' dir='ltr'>jam</span> <span class='ocrx_word' id='word_1_540' title='bbox 770 3455 923 3505; x_wconf 88' lang='lat' dir='ltr'>totus</span> <span class='ocrx_word' id='word_1_541' title='bbox 960 3453 1204 3508; x_wconf 91' lang='lat' dir='ltr'>mundus</span> <span class='ocrx_word' id='word_1_542' title='bbox 1247 3459 1351 3509; x_wconf 87' lang='lat' dir='ltr'>est.</span> <span class='ocrx_word' id='word_1_543' title='bbox 1405 3453 1621 3509; x_wconf 89' lang='lat' dir='ltr'>Chorus</span> <span class='ocrx_word' id='word_1_544' title='bbox 1703 3448 1888 3512; x_wconf 85' lang='lat' dir='ltr'>Quare</span> <span class='ocrx_word' id='word_1_545' title='bbox 1934 3466 2035 3519; x_wconf 88' lang='lat' dir='ltr'>per</span> <span class='ocrx_word' id='word_1_546' title='bbox 2076 3454 2260 3504; x_wconf 90' lang='lat' dir='ltr'>totum</span> <span class='ocrx_word' id='word_1_547' title='bbox 2289 3449 2481 3503; x_wconf 89' lang='lat' dir='ltr'>orbem</span> <span class='ocrx_word' id='word_1_548' title='bbox 2528 3455 2810 3503; x_wconf 89' lang='lat' dir='ltr'>terrarum</span> <span class='ocrx_word' id='word_1_549' title='bbox 2832 3450 2857 3502; x_wconf 90' lang='lat'><strong>?</strong></span> <span class='ocrx_word' id='word_1_550' title='bbox 2885 3450 3025 3516; x_wconf 83' lang='lat' dir='ltr'>Quia</span> <span class='ocrx_word' id='word_1_551' title='bbox 3056 3450 3295 3501; x_wconf 66' lang='lat' dir='ltr'>correxit</span> 
     </span>
    </p>
   </div>
   <div class='ocr_carea' id='block_1_37' title="bbox 65 3522 3290 3610">
    <p class='ocr_par' dir='ltr' id='par_1_37' title="bbox 65 3522 3290 3610">
     <span class='ocr_line' id='line_1_37' title="bbox 65 3522 3290 3610; baseline 0.002 -29"><span class='ocrx_word' id='word_1_552' title='bbox 65 3522 231 3585; x_wconf 84' lang='lat' dir='ltr'>Christi</span> <span class='ocrx_word' id='word_1_553' title='bbox 256 3532 323 3587; x_wconf 91' lang='lat' dir='ltr'>ab</span> <span class='ocrx_word' id='word_1_554' title='bbox 352 3534 571 3589; x_wconf 87' lang='lat' dir='ltr'>oriente</span> <span class='ocrx_word' id='word_1_555' title='bbox 600 3536 661 3591; x_wconf 89' lang='lat' dir='ltr'>in</span> <span class='ocrx_word' id='word_1_556' title='bbox 689 3538 1029 3596; x_wconf 88' lang='lat' dir='ltr'>occidentem</span> <span class='ocrx_word' id='word_1_557' title='bbox 1066 3548 1355 3596; x_wconf 89' lang='lat' dir='ltr'>consonat.</span> <span class='ocrx_word' id='word_1_558' title='bbox 1394 3562 1416 3594; x_wconf 76' lang='grc' dir='ltr'><strong><em>ι</em></strong></span> <span class='ocrx_word' id='word_1_559' title='bbox 1453 3544 1614 3610; x_wconf 90' lang='lat' dir='ltr'>Item,</span> <span class='ocrx_word' id='word_1_560' title='bbox 1700 3540 1884 3591; x_wconf 86' lang='lat' dir='ltr'>orbem</span> <span class='ocrx_word' id='word_1_561' title='bbox 1913 3544 2072 3592; x_wconf 72' lang='lat' dir='ltr'>terra:</span> <span class='ocrx_word' id='word_1_562' title='bbox 2100 3541 2200 3607; x_wconf 87' lang='lat' dir='ltr'>qui</span> <span class='ocrx_word' id='word_1_563' title='bbox 2229 3554 2339 3591; x_wconf 88' lang='lat' dir='ltr'>non</span> <span class='ocrx_word' id='word_1_564' title='bbox 2368 3540 2794 3592; x_wconf 79' lang='lat' dir='ltr'>commovebitur</span> <span class='ocrx_word' id='word_1_565' title='bbox 2826 3539 2990 3606; x_wconf 86' lang='lat' dir='ltr'>(Psal.</span> <span class='ocrx_word' id='word_1_566' title='bbox 3027 3551 3151 3604; x_wconf 85' lang='lat' dir='ltr'>xcv,</span> <span class='ocrx_word' id='word_1_567' title='bbox 3186 3535 3290 3605; x_wconf 87' lang='lat'>10).</span> 
     </span>
    </p>
   </div>
   <div class='ocr_carea' id='block_1_38' title="bbox 63 3611 3294 3700">
    <p class='ocr_par' dir='ltr' id='par_1_38' title="bbox 63 3611 3294 3700">
     <span class='ocr_line' id='line_1_38' title="bbox 63 3611 3294 3700; baseline 0.003 -31"><span class='ocrx_word' id='word_1_568' title='bbox 63 3611 108 3667; x_wconf 85' lang='lat' dir='ltr'>in</span> <span class='ocrx_word' id='word_1_569' title='bbox 141 3617 267 3674; x_wconf 89' lang='lat' dir='ltr'>libro</span> <span class='ocrx_word' id='word_1_570' title='bbox 295 3620 375 3676; x_wconf 93' lang='lat' dir='ltr'>De</span> <span class='ocrx_word' id='word_1_571' title='bbox 414 3639 600 3693; x_wconf 88' lang='lat' dir='ltr'>agone</span> <span class='ocrx_word' id='word_1_572' title='bbox 644 3623 963 3682; x_wconf 89' lang='lat' dir='ltr'>Christiano</span> <span class='ocrx_word' id='word_1_573' title='bbox 998 3629 1136 3700; x_wconf 88' lang='lat' dir='ltr'>(cap.</span> <span class='ocrx_word' id='word_1_574' title='bbox 1168 3628 1258 3697; x_wconf 82' lang='lat'>29,</span> <span class='ocrx_word' id='word_1_575' title='bbox 1291 3636 1432 3684; x_wconf 90' lang='lat' dir='ltr'>tom.</span> <span class='ocrx_word' id='word_1_576' title='bbox 1463 3630 1575 3695; x_wconf 87' lang='grc' dir='ltr'>ΙΙΙ)</span> <span class='ocrx_word' id='word_1_577' title='bbox 1602 3650 1612 3684; x_wconf 97' lang='lat'>:</span> <span class='ocrx_word' id='word_1_578' title='bbox 1699 3626 1912 3680; x_wconf 89' lang='lat' dir='ltr'>Domus</span> <span class='ocrx_word' id='word_1_579' title='bbox 1933 3627 2159 3680; x_wconf 89' lang='lat' dir='ltr'>Domini</span> <span class='ocrx_word' id='word_1_580' title='bbox 2184 3626 2345 3680; x_wconf 88' lang='lat' dir='ltr'>fortis</span> <span class='ocrx_word' id='word_1_581' title='bbox 2374 3625 2498 3693; x_wconf 88' lang='lat' dir='ltr'>erit,</span> <span class='ocrx_word' id='word_1_582' title='bbox 2531 3643 2633 3697; x_wconf 87' lang='lat' dir='ltr'>per</span> <span class='ocrx_word' id='word_1_583' title='bbox 2664 3632 2848 3681; x_wconf 91' lang='lat' dir='ltr'>totum</span> <span class='ocrx_word' id='word_1_584' title='bbox 2887 3625 3081 3680; x_wconf 91' lang='lat' dir='ltr'>orbem</span> <span class='ocrx_word' id='word_1_585' title='bbox 3111 3630 3294 3679; x_wconf 88' lang='lat' dir='ltr'>terra-</span> 
     </span>
    </p>
   </div>
   <div class='ocr_carea' id='block_1_39' title="bbox 66 3703 3295 3790">
    <p class='ocr_par' dir='ltr' id='par_1_39' title="bbox 66 3703 3295 3790">
     <span class='ocr_line' id='line_1_39' title="bbox 66 3703 3295 3790; baseline 0.003 -35"><span class='ocrx_word' id='word_1_586' title='bbox 66 3720 88 3751; x_wconf 73' lang='grc' dir='ltr'><strong>α</strong></span> <span class='ocrx_word' id='word_1_587' title='bbox 107 3703 203 3760; x_wconf 84' lang='lat' dir='ltr'>Nec</span> <span class='ocrx_word' id='word_1_588' title='bbox 217 3724 305 3763; x_wconf 88' lang='lat' dir='ltr'>eos</span> <span class='ocrx_word' id='word_1_589' title='bbox 318 3711 619 3767; x_wconf 87' lang='lat' dir='ltr'>audiamus</span> <span class='ocrx_word' id='word_1_590' title='bbox 637 3714 734 3784; x_wconf 92' lang='lat' dir='ltr'>qui</span> <span class='ocrx_word' id='word_1_591' title='bbox 752 3721 1003 3770; x_wconf 87' lang='lat' dir='ltr'>sanctam</span> <span class='ocrx_word' id='word_1_592' title='bbox 1028 3718 1351 3786; x_wconf 88' lang='lat' dir='ltr'>Ecclesiam,</span> <span class='ocrx_word' id='word_1_593' title='bbox 1369 3736 1491 3790; x_wconf 82' lang='lat' dir='ltr'>quae</span> <span class='ocrx_word' id='word_1_594' title='bbox 1502 3736 1619 3775; x_wconf 82' lang='lat' dir='ltr'>una</span> <span class='ocrx_word' id='word_1_595' title='bbox 1698 3730 1826 3768; x_wconf 89' lang='lat' dir='ltr'>rum</span> <span class='ocrx_word' id='word_1_596' title='bbox 1857 3714 1982 3770; x_wconf 90' lang='lat' dir='ltr'>erit.</span> <span class='ocrx_word' id='word_1_597' title='bbox 2000 3734 2023 3765; x_wconf 76' lang='grc' dir='ltr'><strong><em>ι</em></strong></span> <span class='ocrx_word' id='word_1_598' title='bbox 2045 3713 2191 3768; x_wconf 90' lang='lat' dir='ltr'>Item</span> <span class='ocrx_word' id='word_1_599' title='bbox 2207 3714 2266 3768; x_wconf 90' lang='lat' dir='ltr'>in</span> <span class='ocrx_word' id='word_1_600' title='bbox 2286 3719 2536 3768; x_wconf 85' lang='lat' dir='ltr'>extrema</span> <span class='ocrx_word' id='word_1_601' title='bbox 2546 3716 2798 3785; x_wconf 89' lang='lat' dir='ltr'>ejusdem</span> <span class='ocrx_word' id='word_1_602' title='bbox 2816 3715 3000 3785; x_wconf 89' lang='lat' dir='ltr'>operis</span> <span class='ocrx_word' id='word_1_603' title='bbox 3018 3719 3178 3784; x_wconf 89' lang='lat' dir='ltr'>parte</span> <span class='ocrx_word' id='word_1_604' title='bbox 3206 3713 3295 3782; x_wconf 89' lang='lat' dir='ltr'>(in</span> 
     </span>
    </p>
   </div>
   <div class='ocr_carea' id='block_1_40' title="bbox 65 3793 3293 3873">
    <p class='ocr_par' dir='ltr' id='par_1_40' title="bbox 65 3793 3293 3873">
     <span class='ocr_line' id='line_1_40' title="bbox 65 3793 3293 3873; baseline 0.003 -28"><span class='ocrx_word' id='word_1_605' title='bbox 65 3793 292 3851; x_wconf 85' lang='lat' dir='ltr'>catholica</span> <span class='ocrx_word' id='word_1_606' title='bbox 331 3804 433 3868; x_wconf 90' lang='lat' dir='ltr'>est,</span> <span class='ocrx_word' id='word_1_607' title='bbox 465 3806 680 3871; x_wconf 84' lang='lat' dir='ltr'>negant</span> <span class='ocrx_word' id='word_1_608' title='bbox 708 3818 809 3872; x_wconf 90' lang='lat' dir='ltr'>per</span> <span class='ocrx_word' id='word_1_609' title='bbox 832 3804 1025 3860; x_wconf 85' lang='lat' dir='ltr'>orbem</span> <span class='ocrx_word' id='word_1_610' title='bbox 1049 3822 1171 3860; x_wconf 85' lang='lat' dir='ltr'>esse</span> <span class='ocrx_word' id='word_1_611' title='bbox 1188 3807 1467 3862; x_wconf 74' lang='lat' dir='ltr'>diffusam.</span> <span class='ocrx_word' id='word_1_612' title='bbox 1493 3828 1516 3860; x_wconf 70' lang='grc' dir='ltr'><strong><em>ι</em></strong></span> <span class='ocrx_word' id='word_1_613' title='bbox 1542 3808 1618 3864; x_wconf 78' lang='lat' dir='ltr'>Et</span> <span class='ocrx_word' id='word_1_614' title='bbox 1690 3806 1835 3871; x_wconf 83' lang='lat' dir='ltr'>psat.</span> <span class='ocrx_word' id='word_1_615' title='bbox 1860 3805 1932 3872; x_wconf 88' lang='lat' dir='ltr'>CI)</span> <span class='ocrx_word' id='word_1_616' title='bbox 1962 3821 1973 3855; x_wconf 90' lang='lat'><strong>:</strong></span> <span class='ocrx_word' id='word_1_617' title='bbox 1997 3823 2020 3854; x_wconf 77' lang='grc' dir='ltr'>ι</span> <span class='ocrx_word' id='word_1_618' title='bbox 2046 3803 2190 3867; x_wconf 90' lang='lat' dir='ltr'>Quid</span> <span class='ocrx_word' id='word_1_619' title='bbox 2212 3809 2298 3857; x_wconf 93' lang='lat' dir='ltr'>est</span> <span class='ocrx_word' id='word_1_620' title='bbox 2311 3804 2460 3873; x_wconf 90' lang='lat' dir='ltr'>quod</span> <span class='ocrx_word' id='word_1_621' title='bbox 2479 3804 2634 3867; x_wconf 89' lang='lat' dir='ltr'>dicis,</span> <span class='ocrx_word' id='word_1_622' title='bbox 2658 3803 2938 3870; x_wconf 71' lang='lat' dir='ltr'>haeretice,</span> <span class='ocrx_word' id='word_1_623' title='bbox 2949 3804 3068 3872; x_wconf 87' lang='lat' dir='ltr'>jam</span> <span class='ocrx_word' id='word_1_624' title='bbox 3083 3801 3293 3872; x_wconf 89' lang='lat' dir='ltr'>perisse</span> 
     </span>
    </p>
   </div>
   <div class='ocr_carea' id='block_1_41' title="bbox 65 3879 3297 3967">
    <p class='ocr_par' dir='ltr' id='par_1_41' title="bbox 65 3879 3297 3967">
     <span class='ocr_line' id='line_1_41' title="bbox 65 3879 3297 3967; baseline 0.003 -36"><span class='ocrx_word' id='word_1_625' title='bbox 65 3879 353 3967; x_wconf 80' lang='lat' dir='ltr'>quibusdam</span> <span class='ocrx_word' id='word_1_626' title='bbox 361 3888 701 3944; x_wconf 85' lang='lat' dir='ltr'>intermissis</span> <span class='ocrx_word' id='word_1_627' title='bbox 717 3891 873 3963; x_wconf 87' lang='lat' dir='ltr'>(ibid)</span> <span class='ocrx_word' id='word_1_628' title='bbox 890 3909 902 3943; x_wconf 88' lang='lat'>:</span> <span class='ocrx_word' id='word_1_629' title='bbox 918 3911 945 3947; x_wconf 72' lang='grc' dir='ltr'><strong><em>ι</em></strong></span> <span class='ocrx_word' id='word_1_630' title='bbox 957 3895 1204 3965; x_wconf 91' lang='lat' dir='ltr'>Populus</span> <span class='ocrx_word' id='word_1_631' title='bbox 1213 3902 1401 3950; x_wconf 90' lang='lat' dir='ltr'>autem</span> <span class='ocrx_word' id='word_1_632' title='bbox 1419 3896 1617 3967; x_wconf 87' lang='lat' dir='ltr'>ipsius,</span> <span class='ocrx_word' id='word_1_633' title='bbox 1701 3891 2003 3946; x_wconf 91' lang='lat' dir='ltr'>Ecclesiam</span> <span class='ocrx_word' id='word_1_634' title='bbox 2020 3892 2089 3945; x_wconf 91' lang='lat' dir='ltr'>de</span> <span class='ocrx_word' id='word_1_635' title='bbox 2102 3892 2360 3945; x_wconf 89' lang='lat' dir='ltr'>omnibus</span> <span class='ocrx_word' id='word_1_636' title='bbox 2368 3892 2648 3962; x_wconf 88' lang='lat' dir='ltr'>gentibus,</span> <span class='ocrx_word' id='word_1_637' title='bbox 2664 3892 2887 3962; x_wconf 90' lang='lat' dir='ltr'>quando</span> <span class='ocrx_word' id='word_1_638' title='bbox 2905 3891 3087 3944; x_wconf 90' lang='lat' dir='ltr'>adhuc</span> <span class='ocrx_word' id='word_1_639' title='bbox 3097 3889 3297 3960; x_wconf 77' lang='lat' dir='ltr'>pracdi-</span> 
     </span>
    </p>
   </div>
   <div class='ocr_carea' id='block_1_42' title="bbox 64 3965 3290 4056">
    <p class='ocr_par' dir='ltr' id='par_1_42' title="bbox 64 3965 3290 4056">
     <span class='ocr_line' id='line_1_42' title="bbox 64 3965 3290 4056; baseline 0 -28"><span class='ocrx_word' id='word_1_640' title='bbox 64 3965 228 4056; x_wconf 51' lang='lat' dir='ltr'>inquit,</span> <span class='ocrx_word' id='word_1_641' title='bbox 249 3976 466 4045; x_wconf 89' lang='lat' dir='ltr'>quando</span> <span class='ocrx_word' id='word_1_642' title='bbox 488 3994 603 4032; x_wconf 89' lang='lat' dir='ltr'>non</span> <span class='ocrx_word' id='word_1_643' title='bbox 623 3979 783 4034; x_wconf 87' lang='lat' dir='ltr'>audit</span> <span class='ocrx_word' id='word_1_644' title='bbox 801 3983 1123 4052; x_wconf 85' lang='lat' dir='ltr'>prophetas,</span> <span class='ocrx_word' id='word_1_645' title='bbox 1153 3990 1211 4038; x_wconf 92' lang='lat' dir='ltr'>et</span> <span class='ocrx_word' id='word_1_646' title='bbox 1232 3965 1617 4056; x_wconf 72' lang='lat' dir='ltr'>Evangelium,</span> <span class='ocrx_word' id='word_1_647' title='bbox 1701 3985 1863 4033; x_wconf 86' lang='lat' dir='ltr'>catur</span> <span class='ocrx_word' id='word_1_648' title='bbox 1874 3980 2254 4050; x_wconf 88' lang='lat' dir='ltr'>Evangelium,</span> <span class='ocrx_word' id='word_1_649' title='bbox 2267 3985 2332 4034; x_wconf 89' lang='lat' dir='ltr'>ut</span> <span class='ocrx_word' id='word_1_650' title='bbox 2342 3980 2520 4050; x_wconf 91' lang='lat' dir='ltr'>possit</span> <span class='ocrx_word' id='word_1_651' title='bbox 2531 3996 2652 4034; x_wconf 90' lang='lat' dir='ltr'>esse</span> <span class='ocrx_word' id='word_1_652' title='bbox 2665 3980 2726 4033; x_wconf 90' lang='lat' dir='ltr'>in</span> <span class='ocrx_word' id='word_1_653' title='bbox 2740 3978 2996 4033; x_wconf 90' lang='lat' dir='ltr'>omnibus</span> <span class='ocrx_word' id='word_1_654' title='bbox 3009 3975 3290 4047; x_wconf 88' lang='lat' dir='ltr'>gentibus.</span> 
     </span>
    </p>
   </div>
   <div class='ocr_carea' id='block_1_43' title="bbox 70 4051 3296 4139">
    <p class='ocr_par' dir='ltr' id='par_1_43' title="bbox 70 4051 3296 4139">
     <span class='ocr_line' id='line_1_43' title="bbox 70 4051 3296 4139; baseline 0.002 -27"><span class='ocrx_word' id='word_1_655' title='bbox 70 4051 114 4107; x_wconf 84' lang='lat' dir='ltr'>in</span> <span class='ocrx_word' id='word_1_656' title='bbox 135 4058 313 4126; x_wconf 86' lang='lat' dir='ltr'>quibus</span> <span class='ocrx_word' id='word_1_657' title='bbox 331 4064 684 4133; x_wconf 87' lang='lat' dir='ltr'>apertissime</span> <span class='ocrx_word' id='word_1_658' title='bbox 698 4051 969 4138; x_wconf 76' lang='lat' dir='ltr'>scriptum</span> <span class='ocrx_word' id='word_1_659' title='bbox 997 4051 1620 4133; x_wconf 43' lang='lat' dir='ltr'>estEcclesiam&#39;Christi</span> <span class='ocrx_word' id='word_1_660' title='bbox 1701 4068 1849 4138; x_wconf 86' lang='lat' dir='ltr'>Ergo</span> <span class='ocrx_word' id='word_1_661' title='bbox 1885 4085 2063 4139; x_wconf 89' lang='lat' dir='ltr'>usque</span> <span class='ocrx_word' id='word_1_662' title='bbox 2111 4069 2169 4122; x_wconf 93' lang='lat' dir='ltr'>in</span> <span class='ocrx_word' id='word_1_663' title='bbox 2215 4069 2384 4123; x_wconf 86' lang='lat' dir='ltr'>ﬁnem</span> <span class='ocrx_word' id='word_1_664' title='bbox 2430 4068 2616 4122; x_wconf 80' lang='lat' dir='ltr'>saeculi</span> <span class='ocrx_word' id='word_1_665' title='bbox 2659 4067 2903 4121; x_wconf 91' lang='lat' dir='ltr'>Ecclesia</span> <span class='ocrx_word' id='word_1_666' title='bbox 2938 4068 2997 4121; x_wconf 90' lang='lat' dir='ltr'>in</span> <span class='ocrx_word' id='word_1_667' title='bbox 3035 4064 3296 4120; x_wconf 91' lang='lat' dir='ltr'>omnibus</span> 
     </span>
    </p>
   </div>
   <div class='ocr_carea' id='block_1_44' title="bbox 71 4154 3292 4228">
    <p class='ocr_par' dir='ltr' id='par_1_44' title="bbox 71 4154 3292 4228">
     <span class='ocr_line' id='line_1_44' title="bbox 71 4154 3292 4228; baseline 0.002 -26"><span class='ocrx_word' id='word_1_668' title='bbox 71 4156 149 4210; x_wconf 80' lang='lat' dir='ltr'>per</span> <span class='ocrx_word' id='word_1_669' title='bbox 170 4162 347 4204; x_wconf 89' lang='lat' dir='ltr'>omnes</span> <span class='ocrx_word' id='word_1_670' title='bbox 372 4158 572 4222; x_wconf 88' lang='lat' dir='ltr'>gentes</span> <span class='ocrx_word' id='word_1_671' title='bbox 602 4169 723 4209; x_wconf 90' lang='lat' dir='ltr'>esse</span> <span class='ocrx_word' id='word_1_672' title='bbox 761 4155 1042 4224; x_wconf 72' lang='lat' dir='ltr'>diffusam,</span> <span class='ocrx_word' id='word_1_673' title='bbox 1074 4164 1132 4213; x_wconf 94' lang='lat' dir='ltr'>et</span> <span class='ocrx_word' id='word_1_674' title='bbox 1158 4160 1319 4214; x_wconf 88' lang='lat' dir='ltr'>audit</span> <span class='ocrx_word' id='word_1_675' title='bbox 1349 4160 1620 4216; x_wconf 87' lang='lat' dir='ltr'>schisma-</span> <span class='ocrx_word' id='word_1_676' title='bbox 1700 4157 1982 4227; x_wconf 90' lang='lat' dir='ltr'>gentibus.</span> <span class='ocrx_word' id='word_1_677' title='bbox 2001 4157 2101 4212; x_wconf 84' lang='lat' dir='ltr'>»In</span> <span class='ocrx_word' id='word_1_678' title='bbox 2120 4158 2317 4211; x_wconf 90' lang='lat' dir='ltr'>eadem</span> <span class='ocrx_word' id='word_1_679' title='bbox 2340 4175 2388 4211; x_wconf 73' lang='grc' dir='ltr'>τα</span> <span class='ocrx_word' id='word_1_680' title='bbox 2405 4156 2512 4211; x_wconf 91' lang='lat' dir='ltr'>Ubi</span> <span class='ocrx_word' id='word_1_681' title='bbox 2532 4162 2665 4211; x_wconf 91' lang='lat' dir='ltr'>sunt</span> <span class='ocrx_word' id='word_1_682' title='bbox 2676 4157 2772 4228; x_wconf 91' lang='lat' dir='ltr'>qui</span> <span class='ocrx_word' id='word_1_683' title='bbox 2792 4157 2988 4211; x_wconf 90' lang='lat' dir='ltr'>dicunt</span> <span class='ocrx_word' id='word_1_684' title='bbox 3000 4155 3211 4227; x_wconf 89' lang='lat' dir='ltr'>perisse</span> <span class='ocrx_word' id='word_1_685' title='bbox 3223 4154 3292 4208; x_wconf 91' lang='lat' dir='ltr'>de</span> 
     </span>
    </p>
   </div>
   <div class='ocr_carea' id='block_1_45' title="bbox 72 4229 3290 4316">
    <p class='ocr_par' dir='ltr' id='par_1_45' title="bbox 72 4229 3290 4316">
     <span class='ocr_line' id='line_1_45' title="bbox 72 4229 3290 4316; baseline 0.003 -31"><span class='ocrx_word' id='word_1_686' title='bbox 72 4229 196 4300; x_wconf 76' lang='lat' dir='ltr'>ﬁcos,</span> <span class='ocrx_word' id='word_1_687' title='bbox 225 4253 330 4292; x_wconf 91' lang='lat' dir='ltr'>non</span> <span class='ocrx_word' id='word_1_688' title='bbox 355 4240 458 4295; x_wconf 89' lang='lat' dir='ltr'>Dei</span> <span class='ocrx_word' id='word_1_689' title='bbox 484 4242 726 4312; x_wconf 86' lang='lat' dir='ltr'>gloriam</span> <span class='ocrx_word' id='word_1_690' title='bbox 764 4252 1096 4315; x_wconf 83' lang='lat' dir='ltr'>quaerentes,</span> <span class='ocrx_word' id='word_1_691' title='bbox 1128 4249 1228 4303; x_wconf 91' lang='lat' dir='ltr'>sed</span> <span class='ocrx_word' id='word_1_692' title='bbox 1270 4265 1450 4312; x_wconf 86' lang='lat' dir='ltr'>suam,</span> <span class='ocrx_word' id='word_1_693' title='bbox 1487 4250 1622 4304; x_wconf 88' lang='lat' dir='ltr'>satis</span> <span class='ocrx_word' id='word_1_694' title='bbox 1704 4246 1913 4300; x_wconf 83' lang='lat' dir='ltr'>mundo</span> <span class='ocrx_word' id='word_1_695' title='bbox 1952 4246 2275 4312; x_wconf 90' lang='lat' dir='ltr'>Ecclesiam,</span> <span class='ocrx_word' id='word_1_696' title='bbox 2316 4245 2540 4316; x_wconf 90' lang='lat' dir='ltr'>quando</span> <span class='ocrx_word' id='word_1_697' title='bbox 2570 4261 2673 4300; x_wconf 90' lang='lat' dir='ltr'>nec</span> <span class='ocrx_word' id='word_1_698' title='bbox 2712 4245 2968 4300; x_wconf 89' lang='lat' dir='ltr'>inclinari</span> <span class='ocrx_word' id='word_1_699' title='bbox 2995 4249 3181 4316; x_wconf 90' lang='lat' dir='ltr'>potest</span> <span class='ocrx_word' id='word_1_700' title='bbox 3203 4243 3231 4297; x_wconf 86' lang='lat'><strong>?</strong></span> <span class='ocrx_word' id='word_1_701' title='bbox 3262 4260 3290 4296; x_wconf 78' lang='grc'><strong>»</strong></span> 
     </span>
    </p>
   </div>
   <div class='ocr_carea' id='block_1_46' title="bbox 73 4318 3295 4411">
    <p class='ocr_par' dir='ltr' id='par_1_46' title="bbox 73 4318 3295 4411">
     <span class='ocr_line' id='line_1_46' title="bbox 73 4318 3295 4411; baseline 0.004 -39"><span class='ocrx_word' id='word_1_702' title='bbox 73 4318 308 4389; x_wconf 83' lang='lat' dir='ltr'>signiﬁcat</span> <span class='ocrx_word' id='word_1_703' title='bbox 332 4346 391 4383; x_wconf 89' lang='lat' dir='ltr'>se</span> <span class='ocrx_word' id='word_1_704' title='bbox 427 4347 654 4385; x_wconf 89' lang='lat' dir='ltr'>servum</span> <span class='ocrx_word' id='word_1_705' title='bbox 678 4348 819 4400; x_wconf 91' lang='lat' dir='ltr'>esse,</span> <span class='ocrx_word' id='word_1_706' title='bbox 844 4350 956 4388; x_wconf 90' lang='lat' dir='ltr'>non</span> <span class='ocrx_word' id='word_1_707' title='bbox 984 4335 1245 4391; x_wconf 91' lang='lat' dir='ltr'>liberum.</span> <span class='ocrx_word' id='word_1_708' title='bbox 1282 4357 1306 4389; x_wconf 76' lang='grc' dir='ltr'><strong><em>ι</em></strong></span> <span class='ocrx_word' id='word_1_709' title='bbox 1341 4339 1411 4393; x_wconf 91' lang='lat' dir='ltr'>Et</span> <span class='ocrx_word' id='word_1_710' title='bbox 1437 4330 1850 4411; x_wconf 81' lang='lat' dir='ltr'>Domi-DItem</span> <span class='ocrx_word' id='word_1_711' title='bbox 1877 4333 1937 4387; x_wconf 91' lang='lat' dir='ltr'>in</span> <span class='ocrx_word' id='word_1_712' title='bbox 1965 4335 2161 4388; x_wconf 90' lang='lat' dir='ltr'>eadem</span> <span class='ocrx_word' id='word_1_713' title='bbox 2203 4337 2283 4403; x_wconf 89' lang='lat' dir='ltr'>(in</span> <span class='ocrx_word' id='word_1_714' title='bbox 2323 4335 2462 4402; x_wconf 85' lang='lat' dir='ltr'>psal,</span> <span class='ocrx_word' id='word_1_715' title='bbox 2495 4339 2580 4403; x_wconf 90' lang='lat' dir='ltr'>cv)</span> <span class='ocrx_word' id='word_1_716' title='bbox 2615 4353 2626 4388; x_wconf 93' lang='lat'>:</span> <span class='ocrx_word' id='word_1_717' title='bbox 2671 4351 2699 4385; x_wconf 71' lang='grc' dir='ltr'>α</span> <span class='ocrx_word' id='word_1_718' title='bbox 2729 4334 2993 4406; x_wconf 90' lang='lat' dir='ltr'>Quisquis</span> <span class='ocrx_word' id='word_1_719' title='bbox 3016 4332 3295 4405; x_wconf 87' lang='lat' dir='ltr'>putaverit</span> 
     </span>
    </p>
   </div>
   <div class='ocr_carea' id='block_1_47' title="bbox 73 4412 3291 4499">
    <p class='ocr_par' dir='ltr' id='par_1_47' title="bbox 73 4412 3291 4499">
     <span class='ocr_line' id='line_1_47' title="bbox 73 4412 3291 4499; baseline 0.001 -26"><span class='ocrx_word' id='word_1_720' title='bbox 73 4420 154 4462; x_wconf 74' lang='lat' dir='ltr'>nus</span> <span class='ocrx_word' id='word_1_721' title='bbox 288 4416 586 4488; x_wconf 79' lang='lat' dir='ltr'>Evangelia</span> <span class='ocrx_word' id='word_1_722' title='bbox 618 4437 630 4473; x_wconf 89' lang='lat'><strong>:</strong></span> <span class='ocrx_word' id='word_1_723' title='bbox 674 4422 825 4492; x_wconf 87' lang='lat' dir='ltr'>Ager</span> <span class='ocrx_word' id='word_1_724' title='bbox 866 4428 952 4476; x_wconf 93' lang='lat' dir='ltr'>est</span> <span class='ocrx_word' id='word_1_725' title='bbox 990 4424 1081 4478; x_wconf 92' lang='lat' dir='ltr'>hic</span> <span class='ocrx_word' id='word_1_726' title='bbox 1117 4426 1360 4481; x_wconf 90' lang='lat' dir='ltr'>mundus</span> <span class='ocrx_word' id='word_1_727' title='bbox 1398 4427 1616 4499; x_wconf 75' lang='lat' dir='ltr'>(Matth.</span> <span class='ocrx_word' id='word_1_728' title='bbox 1703 4421 2008 4475; x_wconf 87' lang='lat' dir='ltr'>Ecclesiam</span> <span class='ocrx_word' id='word_1_729' title='bbox 2036 4423 2094 4477; x_wconf 90' lang='lat' dir='ltr'>in</span> <span class='ocrx_word' id='word_1_730' title='bbox 2121 4439 2235 4477; x_wconf 90' lang='lat' dir='ltr'>una</span> <span class='ocrx_word' id='word_1_731' title='bbox 2261 4428 2420 4494; x_wconf 87' lang='lat' dir='ltr'>parte</span> <span class='ocrx_word' id='word_1_732' title='bbox 2449 4439 2588 4490; x_wconf 90' lang='lat' dir='ltr'>esse,</span> <span class='ocrx_word' id='word_1_733' title='bbox 2622 4431 2678 4478; x_wconf 90' lang='lat' dir='ltr'>et</span> <span class='ocrx_word' id='word_1_734' title='bbox 2705 4441 2819 4478; x_wconf 89' lang='lat' dir='ltr'>non</span> <span class='ocrx_word' id='word_1_735' title='bbox 2857 4440 2983 4478; x_wconf 87' lang='lat' dir='ltr'>eam</span> <span class='ocrx_word' id='word_1_736' title='bbox 3017 4438 3291 4492; x_wconf 85' lang='lat' dir='ltr'>cognove-</span> 
     </span>
    </p>
   </div>
   <div class='ocr_carea' id='block_1_48' title="bbox 73 4497 3294 4582">
    <p class='ocr_par' dir='ltr' id='par_1_48' title="bbox 73 4497 3294 4582">
     <span class='ocr_line' id='line_1_48' title="bbox 73 4497 3294 4582; baseline 0.005 -34"><span class='ocrx_word' id='word_1_737' title='bbox 73 4508 159 4562; x_wconf 68' lang='grc' dir='ltr'>χιιι,</span> <span class='ocrx_word' id='word_1_738' title='bbox 188 4497 287 4571; x_wconf 89' lang='grc'>38).</span> <span class='ocrx_word' id='word_1_739' title='bbox 308 4504 381 4560; x_wconf 90' lang='lat' dir='ltr'>Et</span> <span class='ocrx_word' id='word_1_740' title='bbox 401 4508 572 4577; x_wconf 88' lang='lat' dir='ltr'>paulo</span> <span class='ocrx_word' id='word_1_741' title='bbox 600 4514 760 4579; x_wconf 90' lang='lat' dir='ltr'>post:</span> <span class='ocrx_word' id='word_1_742' title='bbox 783 4511 983 4566; x_wconf 75' lang='lat' dir='ltr'>Simile</span> <span class='ocrx_word' id='word_1_743' title='bbox 1010 4518 1085 4566; x_wconf 88' lang='lat' dir='ltr'>est</span> <span class='ocrx_word' id='word_1_744' title='bbox 1108 4529 1344 4582; x_wconf 83' lang='lat' dir='ltr'>regnum</span> <span class='ocrx_word' id='word_1_745' title='bbox 1362 4497 1620 4572; x_wconf 64' lang='lat' dir='ltr'>editorum</span> <span class='ocrx_word' id='word_1_746' title='bbox 1701 4511 1777 4565; x_wconf 87' lang='lat' dir='ltr'>rit</span> <span class='ocrx_word' id='word_1_747' title='bbox 1801 4511 2062 4566; x_wconf 78' lang='lat' dir='ltr'>diffusam</span> <span class='ocrx_word' id='word_1_748' title='bbox 2097 4518 2217 4566; x_wconf 88' lang='lat' dir='ltr'>toto</span> <span class='ocrx_word' id='word_1_749' title='bbox 2267 4511 2400 4567; x_wconf 87' lang='lat' dir='ltr'>orbe</span> <span class='ocrx_word' id='word_1_750' title='bbox 2428 4518 2726 4581; x_wconf 89' lang='lat' dir='ltr'>terrarum,</span> <span class='ocrx_word' id='word_1_751' title='bbox 2780 4518 2838 4568; x_wconf 91' lang='lat' dir='ltr'>et</span> <span class='ocrx_word' id='word_1_752' title='bbox 2883 4513 3186 4568; x_wconf 86' lang='lat' dir='ltr'>crediderit</span> <span class='ocrx_word' id='word_1_753' title='bbox 3214 4512 3294 4566; x_wconf 91' lang='lat' dir='ltr'>eis</span> 
     </span>
    </p>
   </div>
   <div class='ocr_carea' id='block_1_49' title="bbox 72 4596 3290 4672">
    <p class='ocr_par' dir='ltr' id='par_1_49' title="bbox 72 4596 3290 4672">
     <span class='ocr_line' id='line_1_49' title="bbox 72 4596 3290 4672; baseline 0.004 -30"><span class='ocrx_word' id='word_1_754' title='bbox 72 4596 241 4651; x_wconf 61' lang='lat' dir='ltr'>iugem:</span> <span class='ocrx_word' id='word_1_755' title='bbox 256 4596 427 4649; x_wconf 69' lang='lat' dir='ltr'>missae</span> <span class='ocrx_word' id='word_1_756' title='bbox 439 4598 505 4650; x_wconf 88' lang='lat' dir='ltr'>in</span> <span class='ocrx_word' id='word_1_757' title='bbox 524 4613 699 4664; x_wconf 87' lang='lat' dir='ltr'>mare,</span> <span class='ocrx_word' id='word_1_758' title='bbox 713 4604 763 4652; x_wconf 91' lang='lat' dir='ltr'>et</span> <span class='ocrx_word' id='word_1_759' title='bbox 782 4603 1014 4655; x_wconf 69' lang='lat' dir='ltr'>eet-omni</span> <span class='ocrx_word' id='word_1_760' title='bbox 1029 4617 1222 4669; x_wconf 87' lang='lat' dir='ltr'>genere</span> <span class='ocrx_word' id='word_1_761' title='bbox 1234 4607 1477 4672; x_wconf 84' lang='lat' dir='ltr'>piscium</span> <span class='ocrx_word' id='word_1_762' title='bbox 1496 4622 1620 4660; x_wconf 88' lang='lat' dir='ltr'>con-</span> <span class='ocrx_word' id='word_1_763' title='bbox 1702 4601 1799 4671; x_wconf 88' lang='lat' dir='ltr'>qui</span> <span class='ocrx_word' id='word_1_764' title='bbox 1826 4601 2052 4655; x_wconf 90' lang='lat' dir='ltr'>dicunt:</span> <span class='ocrx_word' id='word_1_765' title='bbox 2084 4602 2212 4656; x_wconf 86' lang='lat' dir='ltr'>Ecce</span> <span class='ocrx_word' id='word_1_766' title='bbox 2231 4603 2319 4655; x_wconf 90' lang='lat' dir='ltr'>hic</span> <span class='ocrx_word' id='word_1_767' title='bbox 2346 4607 2422 4656; x_wconf 88' lang='lat' dir='ltr'>est</span> <span class='ocrx_word' id='word_1_768' title='bbox 2451 4603 2781 4669; x_wconf 83' lang='lat' dir='ltr'>0hristus,et</span> <span class='ocrx_word' id='word_1_769' title='bbox 2802 4620 2913 4658; x_wconf 86' lang='lat' dir='ltr'>ecce</span> <span class='ocrx_word' id='word_1_770' title='bbox 2937 4605 3058 4657; x_wconf 82' lang='lat' dir='ltr'>illic</span> <span class='ocrx_word' id='word_1_771' title='bbox 3072 4604 3290 4669; x_wconf 85' lang='lat' dir='ltr'>(Matth.</span> 
     </span>
    </p>
   </div>
   <div class='ocr_carea' id='block_1_50' title="bbox 72 4680 3290 4761">
    <p class='ocr_par' dir='ltr' id='par_1_50' title="bbox 72 4680 3290 4761">
     <span class='ocr_line' id='line_1_50' title="bbox 72 4680 3290 4761; baseline 0.005 -31"><span class='ocrx_word' id='word_1_772' title='bbox 72 4682 283 4761; x_wconf 69' lang='lat' dir='ltr'>greganti</span> <span class='ocrx_word' id='word_1_773' title='bbox 303 4680 485 4751; x_wconf 70' lang='lat' dir='ltr'>(ibid,</span> <span class='ocrx_word' id='word_1_774' title='bbox 515 4682 626 4754; x_wconf 74' lang='lat'>47).</span> <span class='ocrx_word' id='word_1_775' title='bbox 660 4685 731 4740; x_wconf 91' lang='lat' dir='ltr'>Et</span> <span class='ocrx_word' id='word_1_776' title='bbox 765 4686 837 4740; x_wconf 85' lang='lat' dir='ltr'>ad</span> <span class='ocrx_word' id='word_1_777' title='bbox 865 4687 1205 4759; x_wconf 88' lang='lat' dir='ltr'>discipulos:</span> <span class='ocrx_word' id='word_1_778' title='bbox 1238 4695 1316 4746; x_wconf 88' lang='lat' dir='ltr'>Ite</span> <span class='ocrx_word' id='word_1_779' title='bbox 1344 4696 1408 4746; x_wconf 89' lang='lat' dir='ltr'>in</span> <span class='ocrx_word' id='word_1_780' title='bbox 1437 4696 1619 4748; x_wconf 87' lang='lat' dir='ltr'>orbem</span> <span class='ocrx_word' id='word_1_781' title='bbox 1700 4706 1841 4758; x_wconf 74' lang='lat' dir='ltr'>xxxv,</span> <span class='ocrx_word' id='word_1_782' title='bbox 1900 4688 2012 4758; x_wconf 74' lang='lat'>23),</span> <span class='ocrx_word' id='word_1_783' title='bbox 2055 4690 2200 4743; x_wconf 91' lang='lat' dir='ltr'>sicut</span> <span class='ocrx_word' id='word_1_784' title='bbox 2244 4690 2411 4743; x_wconf 90' lang='lat' dir='ltr'>modo</span> <span class='ocrx_word' id='word_1_785' title='bbox 2473 4691 2709 4745; x_wconf 91' lang='lat' dir='ltr'>audistis</span> <span class='ocrx_word' id='word_1_786' title='bbox 2747 4708 2874 4745; x_wconf 90' lang='lat' dir='ltr'>cum</span> <span class='ocrx_word' id='word_1_787' title='bbox 2929 4691 3290 4761; x_wconf 86' lang='lat' dir='ltr'>Evangelium</span> 
     </span>
    </p>
   </div>
   <div class='ocr_carea' id='block_1_51' title="bbox 75 4760 3292 4851">
    <p class='ocr_par' dir='ltr' id='par_1_51' title="bbox 75 4760 3292 4851">
     <span class='ocr_line' id='line_1_51' title="bbox 75 4760 3292 4851; baseline 0.005 -32"><span class='ocrx_word' id='word_1_788' title='bbox 75 4760 329 4851; x_wconf 33' lang='lat' dir='ltr'>(tuarum,</span> <span class='ocrx_word' id='word_1_789' title='bbox 383 4774 679 4839; x_wconf 68' lang='lat' dir='ltr'>praedicata</span> <span class='ocrx_word' id='word_1_790' title='bbox 733 4776 1095 4845; x_wconf 81' lang='lat' dir='ltr'>Evangetium</span> <span class='ocrx_word' id='word_1_791' title='bbox 1144 4783 1301 4834; x_wconf 88' lang='lat' dir='ltr'>omni</span> <span class='ocrx_word' id='word_1_792' title='bbox 1353 4788 1618 4838; x_wconf 71' lang='lat' dir='ltr'>creatum;</span> <span class='ocrx_word' id='word_1_793' title='bbox 1698 4777 2000 4848; x_wconf 88' lang='lat' dir='ltr'>legeretur,</span> <span class='ocrx_word' id='word_1_794' title='bbox 2015 4795 2144 4832; x_wconf 90' lang='lat' dir='ltr'>cum</span> <span class='ocrx_word' id='word_1_795' title='bbox 2164 4779 2259 4831; x_wconf 91' lang='lat' dir='ltr'>ille</span> <span class='ocrx_word' id='word_1_796' title='bbox 2278 4783 2459 4832; x_wconf 89' lang='lat' dir='ltr'>totum</span> <span class='ocrx_word' id='word_1_797' title='bbox 2480 4779 2673 4834; x_wconf 90' lang='lat' dir='ltr'>orbem</span> <span class='ocrx_word' id='word_1_798' title='bbox 2692 4780 2894 4834; x_wconf 88' lang='lat' dir='ltr'>emerit</span> <span class='ocrx_word' id='word_1_799' title='bbox 2919 4780 3052 4851; x_wconf 88' lang='lat' dir='ltr'>quia</span> <span class='ocrx_word' id='word_1_800' title='bbox 3068 4760 3292 4834; x_wconf 77' lang='lat' dir='ltr'>tantum</span> 
     </span>
    </p>
   </div>
   <div class='ocr_carea' id='block_1_52' title="bbox 75 4846 3291 4940">
    <p class='ocr_par' dir='ltr' id='par_1_52' title="bbox 75 4846 3291 4940">
     <span class='ocr_line' id='line_1_52' title="bbox 75 4846 3291 4940; baseline 0.006 -38"><span class='ocrx_word' id='word_1_801' title='bbox 75 4846 228 4910; x_wconf 72' lang='lat' dir='ltr'>(Marc.</span> <span class='ocrx_word' id='word_1_802' title='bbox 256 4869 358 4924; x_wconf 73' lang='lat' dir='ltr'>xvt,</span> <span class='ocrx_word' id='word_1_803' title='bbox 396 4858 508 4928; x_wconf 85' lang='grc'>15).</span> <span class='ocrx_word' id='word_1_804' title='bbox 1697 4846 1943 4938; x_wconf 77' lang='lat' dir='ltr'>pretium</span> <span class='ocrx_word' id='word_1_805' title='bbox 1970 4867 2142 4934; x_wconf 91' lang='lat' dir='ltr'>dedit,</span> <span class='ocrx_word' id='word_1_806' title='bbox 2173 4867 2269 4921; x_wconf 88' lang='lat' dir='ltr'>ille</span> <span class='ocrx_word' id='word_1_807' title='bbox 2295 4873 2566 4939; x_wconf 90' lang='lat' dir='ltr'>tanquam</span> <span class='ocrx_word' id='word_1_808' title='bbox 2594 4869 2653 4922; x_wconf 90' lang='lat' dir='ltr'>in</span> <span class='ocrx_word' id='word_1_809' title='bbox 2676 4846 3291 4940; x_wconf 55' lang='lat' dir='ltr'>proximo—scandaliza-</span> 
     </span>
    </p>
   </div>
   <div class='ocr_carea' id='block_1_53' title="bbox 590 4950 2329 5022">
    <p class='ocr_par' dir='ltr' id='par_1_53' title="bbox 590 4950 2329 5022">
     <span class='ocr_line' id='line_1_53' title="bbox 590 4950 2329 5022; baseline 0.003 -17"><span class='ocrx_word' id='word_1_810' title='bbox 590 4950 823 5007; x_wconf 90' lang='lat' dir='ltr'>CAPUT</span> <span class='ocrx_word' id='word_1_811' title='bbox 840 4952 1046 5008; x_wconf 86' lang='lat' dir='ltr'>XXIII.</span> <span class='ocrx_word' id='word_1_812' title='bbox 1698 4962 1810 5022; x_wconf 88' lang='lat' dir='ltr'>tur,</span> <span class='ocrx_word' id='word_1_813' title='bbox 1844 4973 1878 5010; x_wconf 91' lang='lat' dir='ltr'>a</span> <span class='ocrx_word' id='word_1_814' title='bbox 1904 4957 2040 5009; x_wconf 90' lang='lat' dir='ltr'>luna</span> <span class='ocrx_word' id='word_1_815' title='bbox 2068 4956 2270 5012; x_wconf 88' lang='lat' dir='ltr'>uritur.</span> <span class='ocrx_word' id='word_1_816' title='bbox 2302 4975 2329 5010; x_wconf 69' lang='grc' dir='ltr'><strong>ι</strong></span> 
     </span>
    </p>
   </div>
   <div class='ocr_carea' id='block_1_54' title="bbox 101 5026 3286 5119">
    <p class='ocr_par' dir='ltr' id='par_1_54' title="bbox 101 5026 3286 5119">
     <span class='ocr_line' id='line_1_54' title="bbox 101 5026 3286 5119; baseline 0.006 -39"><span class='ocrx_word' id='word_1_817' title='bbox 101 5026 374 5119; x_wconf 23' lang='lat' dir='ltr'>.‘Adversus</span> <span class='ocrx_word' id='word_1_818' title='bbox 399 5042 515 5092; x_wconf 89' lang='lat' dir='ltr'>tam</span> <span class='ocrx_word' id='word_1_819' title='bbox 548 5038 701 5094; x_wconf 88' lang='lat' dir='ltr'>clara</span> <span class='ocrx_word' id='word_1_820' title='bbox 734 5041 911 5112; x_wconf 88' lang='lat' dir='ltr'>ipsius</span> <span class='ocrx_word' id='word_1_821' title='bbox 946 5042 1171 5097; x_wconf 92' lang='lat' dir='ltr'>Domini</span> <span class='ocrx_word' id='word_1_822' title='bbox 1197 5050 1255 5099; x_wconf 91' lang='lat' dir='ltr'>et</span> <span class='ocrx_word' id='word_1_823' title='bbox 1289 5046 1468 5101; x_wconf 90' lang='lat' dir='ltr'>sancti</span> <span class='ocrx_word' id='word_1_824' title='bbox 1498 5047 1619 5118; x_wconf 80' lang='lat' dir='ltr'>Spi—</span> <span class='ocrx_word' id='word_1_825' title='bbox 1768 5044 1997 5100; x_wconf 89' lang='lat' dir='ltr'>Falsum</span> <span class='ocrx_word' id='word_1_826' title='bbox 2049 5052 2134 5101; x_wconf 91' lang='lat' dir='ltr'>est</span> <span class='ocrx_word' id='word_1_827' title='bbox 2173 5047 2346 5117; x_wconf 89' lang='lat' dir='ltr'>igitur</span> <span class='ocrx_word' id='word_1_828' title='bbox 2383 5048 2530 5118; x_wconf 91' lang='lat' dir='ltr'>quod</span> <span class='ocrx_word' id='word_1_829' title='bbox 2557 5048 2626 5102; x_wconf 92' lang='lat' dir='ltr'>de</span> <span class='ocrx_word' id='word_1_830' title='bbox 2668 5064 2898 5119; x_wconf 91' lang='lat' dir='ltr'>corpore</span> <span class='ocrx_word' id='word_1_831' title='bbox 2928 5046 3134 5102; x_wconf 87' lang='lat' dir='ltr'>Christi</span> <span class='ocrx_word' id='word_1_832' title='bbox 3163 5061 3198 5098; x_wconf 90' lang='lat' dir='ltr'>a</span> <span class='ocrx_word' id='word_1_833' title='bbox 3229 5050 3286 5098; x_wconf 90' lang='lat' dir='ltr'>te</span> 
     </span>
    </p>
   </div>
   <div class='ocr_carea' id='block_1_55' title="bbox 77 5115 3285 5212">
    <p class='ocr_par' dir='ltr' id='par_1_55' title="bbox 77 5115 3285 5212">
     <span class='ocr_line' id='line_1_55' title="bbox 77 5115 3285 5212; baseline 0.002 -33"><span class='ocrx_word' id='word_1_834' title='bbox 77 5115 310 5212; x_wconf 37' lang='lat' dir='ltr'>Eilis-ejus</span> <span class='ocrx_word' id='word_1_835' title='bbox 326 5124 394 5178; x_wconf 89' lang='lat' dir='ltr'>de</span> <span class='ocrx_word' id='word_1_836' title='bbox 404 5126 650 5182; x_wconf 88' lang='lat' dir='ltr'>Ecclesia</span> <span class='ocrx_word' id='word_1_837' title='bbox 670 5133 727 5183; x_wconf 89' lang='lat' dir='ltr'>et</span> <span class='ocrx_word' id='word_1_838' title='bbox 740 5129 809 5184; x_wconf 88' lang='lat' dir='ltr'>de</span> <span class='ocrx_word' id='word_1_839' title='bbox 819 5136 971 5185; x_wconf 90' lang='lat' dir='ltr'>statu</span> <span class='ocrx_word' id='word_1_840' title='bbox 990 5132 1247 5187; x_wconf 84' lang='lat' dir='ltr'>Ecclesiae</span> <span class='ocrx_word' id='word_1_841' title='bbox 1267 5115 1611 5203; x_wconf 81' lang='lat' dir='ltr'>testimonia,</span> <span class='ocrx_word' id='word_1_842' title='bbox 1697 5133 1945 5190; x_wconf 88' lang='lat' dir='ltr'>creditur</span> <span class='ocrx_word' id='word_1_843' title='bbox 1972 5140 2029 5189; x_wconf 91' lang='lat' dir='ltr'>et</span> <span class='ocrx_word' id='word_1_844' title='bbox 2051 5115 2342 5191; x_wconf 78' lang='lat' dir='ltr'>astruitur.</span> <span class='ocrx_word' id='word_1_845' title='bbox 2370 5115 2514 5207; x_wconf 83' lang='lat' dir='ltr'>Ergo</span> <span class='ocrx_word' id='word_1_846' title='bbox 2543 5154 2675 5192; x_wconf 86' lang='lat' dir='ltr'>vera</span> <span class='ocrx_word' id='word_1_847' title='bbox 2694 5115 2784 5192; x_wconf 75' lang='lat' dir='ltr'>est</span> <span class='ocrx_word' id='word_1_848' title='bbox 2798 5139 2920 5208; x_wconf 86' lang='lat' dir='ltr'>ejus</span> <span class='ocrx_word' id='word_1_849' title='bbox 2948 5153 3097 5202; x_wconf 88' lang='lat' dir='ltr'>caro,</span> <span class='ocrx_word' id='word_1_850' title='bbox 3118 5150 3285 5205; x_wconf 87' lang='lat' dir='ltr'>quam</span> 
     </span>
    </p>
   </div>
   <div class='ocr_carea' id='block_1_56' title="bbox 79 5196 3281 5299">
    <p class='ocr_par' dir='ltr' id='par_1_56' title="bbox 79 5196 3281 5299">
     <span class='ocr_line' id='line_1_56' title="bbox 79 5196 3281 5299; baseline 0.005 -36"><span class='ocrx_word' id='word_1_851' title='bbox 79 5196 235 5270; x_wconf 73' lang='lat' dir='ltr'>ObiiCis</span> <span class='ocrx_word' id='word_1_852' title='bbox 257 5213 335 5278; x_wconf 87' lang='lat' dir='ltr'>tu,</span> <span class='ocrx_word' id='word_1_853' title='bbox 365 5219 422 5268; x_wconf 93' lang='lat' dir='ltr'>et</span> <span class='ocrx_word' id='word_1_854' title='bbox 439 5214 709 5285; x_wconf 87' lang='lat' dir='ltr'>objiciunt</span> <span class='ocrx_word' id='word_1_855' title='bbox 735 5218 849 5289; x_wconf 87' lang='lat' dir='ltr'>qui,</span> <span class='ocrx_word' id='word_1_856' title='bbox 879 5235 915 5274; x_wconf 88' lang='lat' dir='ltr'>a</span> <span class='ocrx_word' id='word_1_857' title='bbox 937 5224 994 5274; x_wconf 86' lang='lat' dir='ltr'>te</span> <span class='ocrx_word' id='word_1_858' title='bbox 1018 5220 1255 5293; x_wconf 87' lang='lat' dir='ltr'>decepti,</span> <span class='ocrx_word' id='word_1_859' title='bbox 1296 5223 1435 5277; x_wconf 86' lang='lat' dir='ltr'>alios</span> <span class='ocrx_word' id='word_1_860' title='bbox 1464 5196 1616 5278; x_wconf 51' lang='lat' dir='ltr'>deci;</span> <span class='ocrx_word' id='word_1_861' title='bbox 1698 5225 2021 5297; x_wconf 87' lang='lat' dir='ltr'>accipimus,</span> <span class='ocrx_word' id='word_1_862' title='bbox 2046 5231 2104 5281; x_wconf 89' lang='lat' dir='ltr'>et</span> <span class='ocrx_word' id='word_1_863' title='bbox 2126 5243 2289 5283; x_wconf 87' lang='lat' dir='ltr'>verus</span> <span class='ocrx_word' id='word_1_864' title='bbox 2313 5233 2399 5282; x_wconf 90' lang='lat' dir='ltr'>est</span> <span class='ocrx_word' id='word_1_865' title='bbox 2427 5196 2550 5299; x_wconf 71' lang='lat' dir='ltr'>ejus</span> <span class='ocrx_word' id='word_1_866' title='bbox 2573 5228 2802 5298; x_wconf 86' lang='lat' dir='ltr'>sanguis</span> <span class='ocrx_word' id='word_1_867' title='bbox 2821 5196 2987 5299; x_wconf 74' lang='lat' dir='ltr'>quem</span> <span class='ocrx_word' id='word_1_868' title='bbox 3003 5196 3281 5297; x_wconf 72' lang='lat' dir='ltr'>potamus.</span> 
     </span>
    </p>
   </div>
   <div class='ocr_carea' id='block_1_57' title="bbox 82 5482 3287 5595">
    <p class='ocr_par' dir='ltr' id='par_1_57' title="bbox 82 5482 3287 5595">
     <span class='ocr_line' id='line_1_57' title="bbox 82 5482 3287 5595; baseline 0.01 -50"><span class='ocrx_word' id='word_1_869' title='bbox 82 5482 276 5557; x_wconf 65' lang='lat' dir='ltr'>Elplicit</span> <span class='ocrx_word' id='word_1_870' title='bbox 302 5498 437 5554; x_wconf 81' lang='lat' dir='ltr'>liber</span> <span class='ocrx_word' id='word_1_871' title='bbox 465 5504 605 5560; x_wconf 86' lang='lat' dir='ltr'>beati</span> <span class='ocrx_word' id='word_1_872' title='bbox 637 5505 942 5574; x_wconf 82' lang='lat' dir='ltr'>Lanfranci</span> <span class='ocrx_word' id='word_1_873' title='bbox 971 5506 1391 5565; x_wconf 75' lang='lat' dir='ltr'>Cantuariensis</span> <span class='ocrx_word' id='word_1_874' title='bbox 1428 5513 1821 5595; x_wconf 76' lang='lat' dir='ltr'>archiepiscopi</span> <span class='ocrx_word' id='word_1_875' title='bbox 1843 5516 1918 5569; x_wconf 89' lang='lat' dir='ltr'>De</span> <span class='ocrx_word' id='word_1_876' title='bbox 1944 5531 2165 5585; x_wconf 85' lang='lat' dir='ltr'>corpore</span> <span class='ocrx_word' id='word_1_877' title='bbox 2192 5521 2241 5571; x_wconf 84' lang='lat' dir='ltr'>et</span> <span class='ocrx_word' id='word_1_878' title='bbox 2282 5519 2554 5583; x_wconf 85' lang='lat' dir='ltr'>sanguine</span> <span class='ocrx_word' id='word_1_879' title='bbox 2603 5517 2830 5571; x_wconf 87' lang='lat' dir='ltr'>Domini</span> <span class='ocrx_word' id='word_1_880' title='bbox 2861 5521 3057 5574; x_wconf 86' lang='lat' dir='ltr'>contra</span> <span class='ocrx_word' id='word_1_881' title='bbox 3084 5520 3287 5576; x_wconf 82' lang='lat' dir='ltr'>Beren-</span> 
     </span>
    </p>
   </div>
   <div class='ocr_carea' id='block_1_58' title="bbox 1589 5598 1834 5651">
    <p class='ocr_par' dir='ltr' id='par_1_58' title="bbox 1589 5598 1834 5651">
     <span class='ocr_line' id='line_1_58' title="bbox 1589 5598 1834 5651; baseline 0.008 -14"><span class='ocrx_word' id='word_1_882' title='bbox 1589 5598 1834 5651; x_wconf 74' lang='lat' dir='ltr'>genum.</span> 
     </span>
    </p>
   </div>
  </div>
