3878 6344
581 310 691 366 447

1563 326 1627 381 B.
1668 318 2085 390 LANFRANCI
2122 336 2480 395 CANTUAR.
2522 314 2895 398 ARCHIEP.‘

3722 339 3805 398 448

583 434 895 494 induantur
924 443 1019 513 qui
1047 443 1382 500 celebraturi
1407 453 1541 503 sunt
1565 451 1815 519 missam,
1835 459 1893 509 et
1922 458 2179 513 servituri
2194 465 2247 523 A
2267 462 2451 517 videre
2480 463 2722 534 qualiter
2749 479 2808 517 se
2835 461 3080 517 habeant
3120 462 3376 533 magistri
3403 468 3462 518 et
3488 463 3735 531 infantes,
3767 471 3810 518 et

586 531 720 581 sunt
746 528 819 582 ad
832 530 1083 586 missam.
1108 533 1323 597 Quarta
1339 542 1397 590 et
1411 543 1568 593 sexta
1589 540 1729 594 feria
1749 542 1796 595 si
1811 550 1940 613 post
1966 553 2177 603 sextam

588 618 645 669 et
664 621 796 670 ante
825 618 1054 674 missam
1080 638 1182 692 per
1199 624 1505 680 claustrum
1547 632 1861 698 processuri
1885 640 2034 702 sunt,
2063 652 2177 691 non

585 703 844 774 pulsetur
858 707 1022 763 skilla
1036 710 1106 764 ad
1128 719 1461 782 apparatum
1478 716 1681 783 missae,
1699 720 1797 773 sed
1815 736 1940 776 cum
1955 728 2177 795 tempus

585 796 957 863 processionis
990 801 1321 855 secretarius
1371 803 1584 858 instare
1612 810 1978 878 prospexerit,
2016 819 2177 867 sonet

584 895 763 936 unum
784 884 852 937 de
867 886 1237 942 mediocribus
1247 891 1441 960 signis;
1457 909 1566 963 quo
1585 895 1993 963 audito,statim
2011 901 2176 955 silen-

581 969 726 1037 tium
742 973 842 1027 ﬁat
856 974 915 1027 in
933 975 1194 1031 claustro.
1209 978 1556 1036 Discalceent
1574 998 1653 1048 se,
1688 1001 1889 1041 manus
1918 987 2168 1055 abluant,

581 1058 643 1111 in
671 1060 959 1116 ecclesiam
983 1065 1204 1135 vadant,
1238 1068 1495 1140 factaque
1548 1074 1818 1137 oratione,
1853 1082 1911 1130 et
1936 1078 2171 1147 pulsatis

581 1146 797 1203 duobus
819 1151 1014 1221 signis,
1036 1154 1199 1208 dictis
1227 1173 1349 1227 quae
1377 1158 1487 1212 dici
1521 1162 1720 1225 solent,
1756 1165 2172 1233 processionem

578 1234 787 1291 faciant
816 1239 964 1294 sicut
991 1241 1050 1295 in
1079 1243 1292 1299 eisdem
1313 1245 1512 1301 diebus
1544 1248 1600 1303 in
1626 1251 2085 1322 Quadragesima,
2118 1259 2177 1308 et

575 1322 636 1377 in
664 1330 876 1392 aestate,
893 1328 961 1382 de
992 1346 1102 1399 qua
1127 1334 1405 1402 posterius
1432 1336 1729 1392 dicendum
1758 1346 1844 1394 est
1862 1361 1874 1408 ;
1893 1347 2023 1411 post
2035 1343 2174 1397 mis-

2259 567 2360 621 per
2379 552 2499 605 loca
2519 552 2632 605 alia
2648 551 2745 605 ubi
2765 552 3143 605 necessarium
3163 568 3284 605 esse
3321 552 3678 623 perspexerit.
3698 554 3809 607 Cum

2258 644 2481 712 tempus
2526 640 2718 706 fuerit,
2748 640 2969 711 pulsato
3012 641 3193 710 signo,
3252 641 3601 696 venientibus
3634 642 3809 712 pueris,

2257 729 2406 783 facta
2432 729 2705 794 oratione,
2733 733 3008 783 canantur
3034 728 3325 782 matutinae
3364 729 3579 795 laudes,
3605 745 3812 784 comme-

2259 817 2495 871 moratio
2522 818 2879 874 Sanctorum.
2916 817 3109 871 Prima
3137 833 3265 873 cum
3286 818 3519 888 psalmis
3565 818 3814 872 familiari-

2257 905 2377 971 bus,
2413 911 2469 958 et
2496 906 2774 976 precibus,
2805 910 2863 960 et
2886 905 3133 959 collectis
3151 905 3270 960 suis
3298 922 3425 960 cum
3455 911 3665 977 septem
3692 908 3813 977 psal-

2256 994 2382 1059 mis,
2412 999 2469 1048 et
2496 995 2711 1048 litania.
2745 995 2880 1049 Post
2904 995 3022 1048 haec
3047 994 3129 1047 ita
3157 994 3348 1048 omnia
3374 995 3594 1064 agenda
3618 1000 3751 1059 sunt,
3766 1001 3812 1047 ut

2254 1098 2425 1153 supra
2435 1083 2647 1136 dictum
2668 1088 2751 1137 est
2775 1083 2835 1136 in
2848 1098 3039 1136 mense
3067 1081 3311 1137 Octobri.
3334 1082 3643 1136 Secretario
3653 1087 3811 1135 autem

2255 1171 2489 1225 sollicite
2537 1171 2943 1241 providendum
2988 1177 3094 1236 est,
3127 1174 3193 1223 ut
3219 1170 3319 1224 tali
3345 1172 3489 1224 hora
3541 1171 3811 1224 matutinas

2254 1260 2448 1314 laudes
2477 1259 2646 1323 faciat
2668 1259 2932 1329 incipere,
2964 1262 3241 1328 quatenus
3270 1258 3462 1312 omnia
3502 1259 3623 1313 lucc
3646 1258 3813 1312 clares-

2256 1352 2415 1403 cente
2437 1348 2726 1402 ﬁniantur.
2751 1347 2811 1401 Si
2866 1354 3056 1401 autem
3095 1346 3380 1401 dubietate
3410 1346 3602 1417 aliqua
3627 1346 3811 1400 deludi-

575 1426 699 1464 sam
727 1415 948 1483 pulsato
978 1418 1136 1488 signo
1186 1427 1389 1491 agatur
1429 1425 1641 1493 oratio;
1691 1433 1821 1497 post
1856 1430 2168 1485 orationem
2248 1443 2362 1503 tur,
2396 1443 2454 1490 et
2479 1436 2691 1507 aliquid
2719 1435 2899 1489 noctis
2920 1440 3048 1506 post
3072 1434 3328 1488 litaniam
3352 1415 3547 1501 fuerit,
3579 1434 3712 1488 sicut
3743 1451 3814 1488 su-

576 1500 853 1556 vadantin
868 1505 1225 1561 refectorium
1238 1511 1488 1582 accipere
1502 1515 1730 1569 mistum
1747 1517 2168 1573 hebdomadarii
2248 1500 2357 1596 pra
2381 1526 2441 1579 in
2470 1500 2651 1595 primo
2680 1500 2971 1578 intervallo
2996 1524 3078 1577 ita
3105 1540 3165 1578 se
3193 1522 3439 1579 habeant
3452 1500 3668 1588 fratres,
3694 1522 3814 1575 vide-

576 1590 848 1658 coquinae,
873 1598 928 1646 et
954 1610 1159 1651 mensae
1188 1598 1379 1652 lector.
1433 1601 1490 1655 Si
1520 1619 1649 1657 vero
1680 1604 1777 1658 alii
1805 1605 1920 1659 sint
1945 1606 2039 1676 qui
2067 1623 2167 1677 pro
2248 1590 2379 1668 licet
2408 1590 2699 1683 utvpraeter
2715 1612 2988 1682 sanguine
3019 1612 3267 1666 minutos
3296 1612 3487 1666 nullus
3509 1615 3738 1666 revertat
3759 1610 3814 1662 ad

576 1675 825 1731 utilitate
843 1682 1086 1737 ecclesia:
1099 1687 1301 1756 majori
1315 1689 1497 1746 missae
1511 1708 1623 1746 non
1639 1694 1854 1763 possint
1870 1675 2166 1762 interesse,
2252 1707 2513 1757 stratum.
2548 1702 2903 1755 Clarescente
2933 1717 3061 1754 vero
3091 1700 3201 1767 die,
3227 1705 3429 1754 exeant
3449 1700 3511 1754 in
3536 1701 3810 1754 claustrum

575 1762 638 1816 in
662 1769 940 1834 ΡοίθείῖέλίῖΘ
968 1769 1185 1827 abbatis
1209 1776 1295 1829 vel
1322 1778 1524 1847 Prioris
1565 1762 1754 1848 $55
1794 1784 1869 1837 Sit
1895 1789 2085 1838 utrum
2115 1789 2173 1838 et
2191 1772 2467 1845 Bsedere.
2498 1790 2585 1844 Ad
2624 1789 3049 1860 completorium
3090 1762 3335 1860 hymnus
3381 1789 3596 1844 Christe
3622 1791 3712 1858 qui
3737 1788 3815 1841 lus

575 1851 685 1946 ipsi
706 1854 932 1910 mistum
957 1859 1225 1931 accipere,
1251 1874 1307 1918 et
1328 1871 1599 1922 statutam
1612 1869 2168 1927 hebdomadariisde-
2250 1897 2321 1946 es,
2353 1885 2403 1932 et
2431 1880 2566 1936 dies.

574 1938 748 2035 beant
765 1946 1133 2014 quantitatem
1155 1951 1335 2022 panis,
1364 1960 1421 2008 et
1449 1962 1614 2027 potus
1656 1958 1881 2014 habere.
1903 1961 2015 2014 Alii
2038 1978 2168 2016 vero
2308 1938 2319 1946 Ι
2358 1968 2558 2022 SEGTIO
2587 1966 2661 2021 II.
2690 1994 2754 2004 —
2781 1968 2862 2021 Ab
2888 1965 3141 2022 Adventu
3160 1968 3234 2020 ad
3258 1965 3735 2035 Septuagesimum.

573 2026 779 2084 fratres
802 2031 1028 2089 interim
1073 2038 1134 2092 in
1162 2040 1330 2096 choro
1370 2026 1620 2110 sedeant,
1650 2052 1707 2101 et
1745 2048 1840 2118 qui
1866 2049 2165 2117 voluerint,
2320 2054 2613 2109 Dominica
2636 2060 2767 2108 ante
2780 2055 3096 2109 Adventum
3111 2055 3334 2109 Domini
3357 2060 3598 2110 canatur
3613 2053 3814 2108 historia

573 2114 783 2215 legant.
800 2121 1247 2183 Servitoribusin
1260 2130 1493 2186 chorum
1513 2114 1894 2198 redeuntibus,
1914 2114 2170 2208 pulsetur
2250 2144 2320 2198 de
2343 2150 2537 2198 sancta
2561 2144 2855 2211 Trinitate,
2870 2144 3113 2215 hymnus
3133 2146 3322 2198 Primo
3349 2145 3595 2206 dierum,
3619 2141 3810 2214 psalmi.

573 2203 820 2276 signum,
845 2217 1103 2268 cantetur
1125 2232 1293 2273 nona.
1317 2220 1554 2275 Cantata
1578 2238 1729 2277 nona
1765 2231 1983 2292 exeant,
2016 2227 2170 2297 prior
2250 2234 2498 2299 Domine,
2548 2235 2612 2286 in
2663 2235 2889 2299 virtute,
2925 2237 2981 2285 et
3009 2232 3233 2302 reliqui.
3263 2233 3329 2287 In
3369 2233 3543 2287 tertio
3572 2236 3812 2285 nocturno

574 2293 646 2346 ad
667 2299 1090 2364 percutiendum
1106 2293 2165 2385 cymbalum,hebdomadariicoquinze,
2251 2293 2649 2392 pronuntietur
2712 2293 3075 2390 Evangelium
3123 2293 3153 2374 τ’
3207 2321 3344 2374 Cum
3405 2323 3735 2383 sublevasset,
3769 2322 3812 2371 et

574 2384 634 2434 et
661 2385 844 2437 caeteri
874 2387 970 2456 qui
1002 2391 1261 2446 servituri
1291 2401 1423 2450 sunt
1453 2397 1523 2450 ad
1554 2398 1805 2468 injuncta
1830 2400 1935 2455 sibi
1964 2384 2164 2459 ofﬁcia.
2250 2384 2399 2462 idem
2448 2409 2671 2479 legatur
2706 2426 2741 2463 a
2777 2384 3066 2463 sacerdote
3113 2409 3376 2463 revestito
3435 2425 3565 2463 cum
3617 2407 3812 2461 collecta

648 2470 913 2529 Kalendae
940 2477 1289 2549 Novembris,
1318 2484 1366 2537 si
1393 2485 1482 2538 die
1539 2486 1829 2542 Dominica
1860 2491 2163 2559 evenerint,
2251 2498 2727 2565 Ercila,Domine.
2750 2498 2836 2550 Ad
2855 2498 3049 2551 laudes
3065 2496 3553 2568 psalmiDominus
3572 2496 3808 2564 regnavit.

573 2556 846 2614 festivitas
874 2566 1128 2620 omnium
1187 2569 1519 2626 Sanctorum
1565 2575 1889 2631 solemniter
1925 2556 2161 2649 agatur;
2248 2556 2587 2657 Antiphonae
2629 2586 2698 2639 de
2743 2586 3038 2651 Trinitate,
3065 2556 3127 2640 et
3177 2585 3441 2639 similiter
3477 2601 3643 2656 super
3674 2584 3811 2637 horas

573 2648 939 2716 sequentibus
959 2670 1086 2709 vero
1113 2658 1344 2734 privatis
1369 2661 1565 2717 diebus
1593 2667 1948 2735 responsoria
1974 2648 2166 2722 dican-
2249 2692 2429 2746 usque
2477 2675 2550 2729 ad
2595 2675 2893 2746 Vesperas,
2934 2691 3062 2729 cum
3087 2673 3365 2745 capitulis,
3395 2680 3458 2728 et
3481 2673 3733 2737 versibus,
3768 2676 3811 2723 et

573 2738 671 2834 Ξιξΐ
702 2737 822 2791 Vidi
838 2741 1161 2812 Dominum,
1187 2752 1245 2801 et
1264 2748 1533 2804 lectiones
1557 2751 1737 2824 longae
1765 2771 1829 2808 ex
1855 2756 2161 2828 praphetis.
2248 2737 2513 2829 collectis,
2546 2764 2617 2817 ad
2655 2737 2990 2817 Benedictus
3031 2737 3362 2834 antiphona,
3416 2769 3479 2818 et
3512 2762 3729 2817 collecta
3757 2759 3811 2811 de

573 2821 633 2875 Si
663 2840 790 2879 vero
819 2828 938 2882 dies
964 2832 1344 2890 Kalendarum
1368 2837 1508 2893 feria
1534 2821 1796 2908 secunda,
1824 2821 1925 2898 aut
1962 2821 2157 2913 tertia,
2244 2821 2537 2905 Trinitate.
2554 2851 2689 2905 Post
2705 2851 2995 2905 collectam
3016 2821 3236 2905 dicatur
3251 2821 3566 2921 antiphona
3587 2866 3650 2903 ex
3667 2848 3811 2903 Evan-

568 2916 670 2965 aut
690 2921 890 2983 quarta
907 2923 1172 2990 evenerit,
1197 2928 1546 2995 praecedente
1566 2930 1856 2985 Dominica
1872 2932 2165 2989 inchoetur
2244 2939 2391 3009 gelio
2418 2939 2555 2994 Cum
2585 2941 2929 3007 sublevasset,
2959 2956 3088 2993 cum
3110 2939 3299 2994 Gloria
3313 2942 3495 3007 Patri,
3526 2953 3708 2992 versus
3728 2937 3807 2989 Do-

565 3000 805 3058 historia
851 3008 974 3061 Vidi
1013 3011 1336 3081 Dominum,
1378 3008 1477 3071 sed
1506 3023 1695 3073 tamen
1725 3021 2019 3076 intervalla
2049 3040 2163 3079 non
2187 3081 2223 3095 η
2245 3031 2436 3082 minus
2464 3031 2735 3095 regnavit,
2769 3029 3002 3082 collecta
3039 3029 3252 3094 Emeita,
3289 3029 3542 3094 Domine,
3567 3041 3735 3082 sermo
3761 3024 3805 3077 in

562 3088 671 3143 nisi
702 3097 829 3162 post
879 3096 1158 3153 Kalendas
1208 3101 1497 3174 incipiant.
1532 3107 1589 3161 Si
1631 3125 1759 3162 vero
1822 3113 2038 3180 quinta,
2077 3081 2225 3166 velC
2245 3116 2509 3187 capitulo,
2530 3121 2587 3169 et
2607 3116 2954 3170 matutinalis
2975 3116 3147 3170 missa
3166 3117 3234 3171 de
3248 3116 3561 3180 Dominica,
3584 3111 3807 3183 majorde

565 3184 722 3231 sexta
748 3180 906 3247 feria,
940 3186 1027 3238 vel
1087 3188 1329 3244 Sabbato
1385 3193 1648 3249 Kalendae
1696 3198 2029 3265 exstiterint,
2073 3217 2162 3254 se-
2246 3180 2440 3258 sancta
2458 3204 2751 3259 Trinitate.
2788 3204 2846 3258 Si
2892 3204 3166 3259 festivitas
3215 3204 3511 3258 duodecim
3539 3180 3806 3257 lectionum

566 3274 777 3336 quente
797 3270 1086 3328 Dominica
1113 3275 1408 3334 inchoetur
1445 3281 1701 3350 historia,
1716 3291 1774 3339 et
1796 3286 2060 3342 lectiones
2091 3305 2161 3342 ex
2243 3292 2509 3360 evenerit,
2535 3310 2647 3347 non
2672 3298 2925 3348 mutetur
2949 3294 3074 3364 ipsa
3100 3293 3392 3348 duodecim
3413 3293 3706 3348 lectionum
3721 3289 3805 3342 fes-

563 3356 880 3425 prophetis;
906 3360 1173 3417 lectiones
1190 3382 1318 3420 vero
1336 3370 1598 3438 grandes,
1636 3378 1693 3426 et
1717 3374 2013 3430 intervalla
2030 3394 2160 3431 mox
2240 3380 2447 3435 tivitas.

474 3450 479 3455 ‘
562 3449 694 3513 post
708 3445 1067 3504 festivitatem
1084 3452 1525 3513 inchoentur.Ab
1536 3460 1641 3513 hac
1660 3462 1962 3518 festivitate
1980 3481 2159 3536 usque
2313 3468 2555 3523 Sabbato
2579 3470 2925 3540 praecedente
2952 3469 3303 3523 Dominicam
3337 3468 3409 3522 de
3437 3469 3686 3523 Adventu
3709 3465 3800 3518 Do-

564 3531 639 3585 ad
669 3534 923 3603 quintam
946 3539 1140 3595 feriam
1161 3547 1293 3597 ante
1320 3545 1555 3617 Pascha,
1577 3550 1686 3604 nisi
1721 3550 1816 3605 ubi
1862 3552 2159 3609 duodecim
2239 3556 2736 3625 mini,dimittatur
2755 3559 2826 3613 ad
2848 3574 3105 3629 vesperas
3126 3557 3305 3611 oratio
3325 3557 3395 3611 de
3445 3573 3622 3623 cruce,
3653 3566 3802 3623 usque

562 3619 851 3718 lectiones,
921 3635 1020 3683 aut
1076 3637 1270 3687 octava
1304 3634 1532 3701 fuerint,
1574 3645 1865 3707 canantur,
1921 3643 2154 3713 privatis
2237 3646 2309 3699 ad
2331 3619 2554 3701 octavas
2582 3619 2963 3718 Epiphaniae.-
2985 3646 3043 3702 Si
3071 3646 3345 3700 festivitas
3397 3645 3576 3700 sancti
3597 3642 3801 3697 Andrea':

563 3706 782 3777 diebus,
824 3720 951 3784 post
1007 3720 1287 3775 orationes
1325 3729 1456 3778 ante
1493 3725 1677 3780 officia
1715 3734 2010 3796 nocturna,
2052 3731 2155 3783 tri-
2236 3734 2295 3788 in
2334 3734 2440 3787 hac
2469 3735 2559 3788 die
2615 3735 2881 3801 evenerit,
2932 3738 3175 3804 agantur
3220 3733 3466 3805 pleniter
3487 3747 3716 3803 vesperae
3746 3727 3800 3780 de

558 3796 721 3866 ginta
732 3802 936 3871 psalmi
956 3807 1027 3860 ab
1041 3809 1127 3862 Ad
1148 3811 1451 3866 Dominum
1478 3831 1604 3868 cum
1632 3818 1960 3885 tribularer,
1980 3835 2158 3889 usque
2238 3822 2508 3892 apostolo.
2541 3821 2739 3877 Finitis
2776 3796 3020 3892 vesperis
3046 3796 3349 3893 incipiatur
3367 3821 3671 3892 antiphona
3694 3818 3798 3871 Ecce

563 3886 756 3942 Omnis
792 3894 1027 3959 spiritus
1064 3899 1250 3952 laudet
1275 3901 1598 3957 Dominum.
1630 3904 1806 3958 Primi
1836 3906 2028 3960 decem
2057 3886 2157 3977 pro
2239 3886 2440 3966 n—omen
2481 3914 2710 3966 Domini
2737 3886 2890 3965 cum-
2909 3913 3103 3967 Gloria
3128 3886 3304 3966 Patri.
3337 3886 3513 3965 Dicta-
3526 3907 3797 3979 antiphona

557 3974 835 4032 defunctis
848 3981 968 4036 sine
991 3984 1180 4040 Gloria
1200 4004 1222 4054 ;
1258 3995 1557 4059 sequentes
1582 3991 1775 4046 decem
1804 4011 1906 4065 pro
1931 4011 2158 4065 congre-
2238 4004 2509 4071 sequatur
2531 4016 2729 4054 versus
2760 4005 2818 4053 et
2845 3992 3075 4053 collecta
3101 3999 3171 4053 de
3199 3999 3444 4053 adventu
3490 3994 3718 4053 Domini.
3746 3992 3798 4089 lu

559 4065 778 4089 ...Αιὲ,...-
810 4066 924 4089 ιέμξ
966 4086 1007 4089 ,i,
1252 4077 1307 4089 η.
1390 4081 1399 4089 .
1558 4085 1564 4089 .
1701 4080 1712 4089 ι
1762 4082 1777 4089 -
2087 4084 2105 4089 Α
2388 4087 2397 4089 μ
2585 4087 2598 4089 _
2651 4087 2658 4089 Α
2745 4087 2753 4089 -
2916 4087 2924 4089 μ
3096 4087 3109 4089 ,
3257 4087 3269 4089 _
3488 4086 3499 4089 _
3606 4083 3638 4089 --
3662 4082 3672 4089 .

555 4065 782 4134 gatione
810 4066 928 4123 bini
954 4086 1081 4125 cum
1102 4090 1217 4128 una
1244 4077 1453 4145 Gloria,
1482 4080 1717 4134 extremi
1745 4082 1936 4136 decem
1957 4100 2058 4153 pro
2076 4084 2156 4138 fa—
2236 4087 2479 4141 crastino
2534 4087 2604 4141 ad
2646 4087 3048 4148 invitatorium,
3080 4087 3192 4141 duo
3244 4087 3451 4140 fratres
3485 4086 3543 4139 in
3573 4082 3719 4145 albis,
3749 4078 3797 4130 in

555 4152 871 4210 miliaribus
919 4163 976 4211 et
1019 4160 1498 4235 benefactoribus;
1542 4173 1599 4222 et
1640 4169 1699 4223 hi
1742 4169 1860 4224 bini
1889 4152 2016 4225 cum
2041 4189 2156 4227 una
2235 4175 2366 4229 sede
2392 4175 2691 4247 episcopali
2720 4176 2778 4229 in
2807 4176 3015 4246 cappis.
3037 4176 3108 4230 Et
3140 4174 3461 4245 ubicunque
3486 4173 3617 4228 ordo
3635 4182 3797 4225 mona-

558 4239 769 4304 Gloria,
803 4244 1011 4315 singuli
1053 4265 1179 4305 cum
1220 4253 1496 4322 precibus,
1529 4262 1586 4310 et
1614 4257 1861 4313 collectis
1907 4260 2042 4314 suis.
2085 4261 2154 4315 Et
2234 4239 2467 4318 chorum
2497 4239 2598 4335 qui
2620 4264 2709 4317 hic
2736 4239 3087 4330 describitur,
3111 4264 3182 4318 ad
3233 4239 3633 4326 invitatorium,
3671 4263 3722 4312 et
3740 4252 3796 4308 ad

556 4334 686 4398 post
708 4338 981 4388 nocturna
1004 4342 1061 4390 et
1101 4339 1405 4397 familiares
1433 4345 1698 4414 psalmos,
1723 4347 1982 4402 Officium
2007 4365 2153 4403 mor—
2169 4398 2220 4441 Π
2236 4334 2587 4418 Benedictus,
2620 4357 2677 4405 et
2707 4352 2777 4405 ad
2806 4352 3127 4422 Magniﬁcat
3156 4350 3480 4422 praecipitur
3506 4364 3625 4441 esse
3650 4347 3703 4400 in
3727 4343 3794 4441 εξΙ·

552 4419 807 4490 tuorum,
839 4427 895 4475 et
922 4427 1210 4483 matutinae
1230 4430 1425 4486 laudes
1454 4433 1523 4487 de
1552 4434 1810 4489 omnibus
1830 4437 2048 4491 Sanctis
2097 4419 2220 4491 et”
2237 4439 2340 4494 bis.
2374 4442 2440 4495 In
2468 4441 2599 4495 sede
2627 4419 2930 4512 episcopali
2957 4419 3278 4494 institutum
3299 4419 3386 4493 est
3405 4439 3599 4493 essein
3614 4431 3793 4505 cappis-

564 4506 729 4560 Verba
744 4525 881 4577 mea,
897 4513 945 4566 si
988 4514 1350 4573 tricenarium
1382 4520 1610 4575 habent.
1639 4522 1901 4578 Posthaec
1915 4525 2148 4580 descen-
2235 4529 2525 4582 Lectiones
2547 4530 2616 4583 de
2645 4506 2794 4582 Isaia
2815 4506 3094 4599 propheta
3138 4543 3317 4598 usque
3365 4528 3437 4617 ad
3476 4524 3793 4617 nativitatem

552 4594 749 4652 dentes
769 4616 799 4652 e
820 4600 1144 4659 dormitorio
1164 4608 1397 4662 sedeant
1414 4609 1474 4663 in
1518 4610 1720 4680 choro;
1756 4612 2001 4668 infantes
2019 4631 2147 4668 cum
2228 4616 2472 4671 Domini.
2506 4618 2571 4671 In
2589 4617 2881 4671 matutinis
2910 4615 3167 4671 laudibus
3195 4615 3397 4686 psalmi
3414 4618 3663 4705 Miserere
3682 4608 3791 4705 me!)

552 4682 759 4705 I-____3d-
807 4689 838 4705 ιι
956 4691 967 4702 α
1143 4695 1175 4705 ..
1226 4696 1240 4705 ς
1313 4697 1393 4705 ....
1802 4701 1812 4705 -
1907 4702 1916 4705 -
3046 4704 3049 4705 ,
3416 4703 3425 4705 _
3523 4703 3531 4705 ξ
3648 4702 3656 4705 -

551 4682 929 4745 luminaribus
952 4691 1012 4746 in
1035 4695 1280 4765 capitulo
1297 4697 1598 4768 diligenter
1614 4716 1647 4753 a
1666 4701 1950 4771 magistris
1967 4708 2151 4757 custo-
2228 4706 2388 4767 Deus,
2419 4711 2477 4758 et
2504 4705 2724 4775 reliqui.
2756 4705 2842 4758 Ad
2870 4682 3216 4758 Benedictus
3238 4703 3500 4758 sacerdos
3519 4703 3575 4755 in
3591 4700 3706 4754 alba
3723 4696 3789 4749 in-

550 4773 796 4844 diantur,
831 4788 1095 4837 canentes
1116 4785 1264 4854 quod
1304 4787 1681 4842 necessarium
1709 4789 1833 4853 erit,
1868 4796 1969 4845 aut
1995 4793 2045 4846 Si
2068 4794 2150 4846 ni-
2232 4799 2423 4847 censet
2448 4793 2669 4847 altaria.
2699 4794 2786 4847 Ad
2828 4797 3022 4858 256
3063 4792 3311 4845 Primam
3365 4791 3681 4862 capitulum,
3709 4786 3789 4838 D0-

548 4863 657 4918 mis
707 4869 985 4936 profunda
1025 4879 1187 4926 nocte
1230 4874 1591 4943 surrexerint,
1623 4884 1863 4948 pausent
1894 4881 2149 4951 jacentes

547 4953 620 5007 ad
645 4955 844 5010 sedilia
862 4974 986 5012 sua.
1019 4960 1131 5014 Isto
1159 4960 1452 5017 intervallo
1482 4964 1648 5019 debet
1675 4967 1828 5036 prior
1855 4985 1981 5022 cum
2014 4970 2144 5024 abs-

549 5058 720 5097 consa
740 5060 974 5100 accensa
1000 5049 1163 5116 (caeca
1201 5049 1443 5120 laterna)
1479 5069 1580 5122 per
1607 5055 1836 5108 chorum
1867 5055 1951 5109 ire
1979 5072 2044 5110 ac
2070 5058 2148 5111 vi-

545 5130 679 5185 dere
710 5150 878 5203 quam
903 5135 1239 5205 regulariter
1260 5137 1492 5194 sedeant
1517 5159 1529 5209 ;
1562 5141 1763 5196 deinde
1792 5160 1894 5213 per
1920 5145 2140 5211 altaria,

545 5224 602 5273 et
620 5221 877 5276 membra
896 5225 1240 5293 monasterii,
1267 5243 1337 5280 ne
1362 5231 1505 5284 forte
1537 5229 1739 5300 aliquis
1767 5231 1844 5285 ibi
1872 5232 2133 5289 dormiat.

544 5307 605 5362 Si
631 5324 762 5363 vero
793 5310 1040 5381 aliquem
1089 5322 1344 5369 orantem
1399 5318 1694 5383 invenerit,
1742 5319 1975 5375 silenter
2009 5339 2137 5393 per-

538 5400 815 5453 transeat.
845 5401 1005 5464 Quod
1037 5402 1083 5456 si
1131 5404 1377 5476 aliquem
1425 5406 1796 5460 dormientem
1840 5412 2130 5479 repererit,
2219 5412 2385 5479 nerit,
2409 5413 2755 5483 praecedente
2768 5411 3013 5465 Sabbato
3030 5410 3251 5465 sicutin
3276 5406 3772 5479 Vigiliajejuneturv

545 5483 805 5555 evigilato
833 5489 891 5542 in
916 5490 1168 5558 chorum,
1207 5493 1366 5562 signo
1395 5495 1559 5561 facto,
1596 5496 1801 5549 reverti
1828 5499 2129 5569 praecipiat.
2217 5506 2274 5555 et
2296 5501 2467 5554 missa
2494 5501 2564 5554 de
2592 5500 2796 5570 Vigilia
2821 5499 3043 5553 dicatur
3074 5495 3559 5586 :commemoratio
3596 5490 3660 5545 ad
3683 5500 3772 5586 υνθ-

540 5574 755 5631 Deinde
784 5576 949 5635 debet
974 5596 1077 5651 per
1094 5581 1407 5640 claustrum
1428 5588 1485 5638 et
1511 5582 1571 5639 in
1599 5584 1908 5656 capitulum
1931 5588 2036 5657 ire,
2068 5605 2133 5645 ac
2214 5606 2425 5663 speras,
2453 5591 2511 5647 et
2536 5588 2597 5647 in
2617 5589 2860 5646 crastino
2881 5588 2953 5645 ad
2978 5587 3290 5644 matutinas
3320 5585 3530 5652 laudes,
3557 5588 3612 5637 et
3626 5576 3772 5635 missoa

2230 4885 2402 4948 mine,
2434 4886 2699 4935 miserere
2715 4884 2910 4948 nostri,
2935 4880 3193 4935 omnibus
3227 4879 3535 4934 Dominicis
3563 4882 3617 4932 et
3655 4869 3786 4928 festis

2229 4969 2426 5024 diebus
2437 4971 2507 5023 ad
2524 4970 2887 5024 Nativitatem
2903 4969 3149 5024 Domini.
3183 4970 3375 5025 Gloria
3388 4972 3453 5023 in
3466 4968 3678 5022 excelsis
3697 4962 3784 5014 Deo

2226 5059 2459 5112 minime
2486 5058 2724 5123 dicatur,
2759 5060 2831 5112 ad
2858 5059 3132 5128 majorem
3184 5058 3414 5112 missam
3457 5050 3783 5142 diaconus}?t

2226 5146 2597 5201 subdiaconus
2625 5147 2831 5201 casulis
2883 5147 3000 5200 sint
3039 5145 3242 5200 induti.
3273 5144 3575 5200 Dominicis
3603 5145 3655 5194 et
3678 5134 3782 5190 aliis

2219 5235 2398 5305 festis,
2431 5235 2635 5306 quibus
2680 5235 2975 5289 duodecim
3008 5235 3276 5288 lectiones
3325 5233 3553 5296 faciunt,
3586 5226 3780 5296 adipem

2220 5325 2533 5379 comedant.
2551 5324 2609 5378 Si
2625 5323 2896 5378 festivitas
2935 5322 3112 5376 sancti
3128 5322 3365 5376 Andreae
3382 5321 3552 5374 inhac
3569 5317 3653 5371 die
3677 5325 3778 5365 eve-
