3878 6402
1122 53 1250 60 __.

79 324 156 381 449

944 312 1279 370 DECRETA
1313 312 1457 368 PRO
1497 266 1772 367 ORDINE
1810 305 1870 363 S.
1908 304 2315 367 BENEDICTI.

3167 319 3276 377 450

76 443 360 503 matutinalis
396 441 461 496 de
486 439 736 512 apostolo
764 442 983 509 agatur.
1031 437 1327 493 Festivitas
1362 452 1494 491 vero
1531 435 1592 489 in
1608 437 1854 496 Annum
1882 428 2124 500 signum,
2147 433 2406 507 factaque
2440 437 2691 494 oratione
2718 456 2890 512 supra
2913 440 3122 499 formas
3140 446 3269 516 pul-

75 534 328 593 crastinum
345 530 641 585 differatur.
682 527 770 581 Ad
798 543 1057 598 vesperas
1088 526 1264 596 ipsius
1294 524 1406 579 diei
1444 523 1597 594 capi-

72 623 231 687 tulum,
258 624 308 673 et
332 623 521 673 caetera
548 632 670 686 quae
695 619 1009 686 sequuntur
1037 614 1106 668 de
1135 614 1388 683 apostolo
1413 612 1600 665 dican-

72 717 166 775 tur;
206 707 382 762 dehinc
422 703 877 760 commemoratio
920 703 989 756 de
1028 702 1324 768 Adventu;
1364 700 1598 771 privatis

70 797 223 852 diebus
244 811 414 867 preces
435 795 660 849 Oremus
685 809 788 861 pro
813 794 967 845 omni
994 792 1175 858 gradu
1207 790 1468 843 Ecclesia}.
1499 789 1600 843 Fe-

72 886 133 939 n'a
162 888 351 955 quarta,
388 886 557 946 sexta,
590 884 649 933 et
695 878 936 933 Sabbato
966 878 1222 941 Quatuor
1255 877 1596 947 Temporum

68 971 437 1043 pronuntientur
472 967 774 1038 Evangelia
814 967 1065 1037 ipsorum
1119 964 1357 1019 dierum.
1392 963 1597 1034 Vigilia

68 1062 243 1115 Thomae
266 1058 510 1130 apostoli,
538 1057 587 1112 si
613 1056 732 1110 dies
759 1055 1083 1109 Dominicus
1126 1070 1240 1108 non
1265 1053 1456 1118 fuerit,
1499 1069 1593 1106 ra-

66 1150 226 1203 dantur
255 1148 461 1213 fratres,
511 1151 569 1200 et
611 1145 691 1198 sic
735 1144 1071 1197 balneentur
1107 1142 1204 1213 qui
1239 1142 1435 1196 volunt
1469 1139 1593 1193 bal-

64 1237 198 1303 neari,
217 1241 275 1290 ut
294 1234 503 1290 duobus
531 1232 727 1287 diebus
754 1236 886 1286 ante
904 1231 1253 1285 Dominicam
1272 1228 1593 1284 Nativitatis

64 1327 146 1381 sint
165 1342 335 1380 omnes
370 1324 630 1379 balneati.
662 1323 720 1378 Si
749 1338 974 1376 necesse
1003 1320 1096 1388 sit,
1127 1320 1249 1390 ipso
1278 1317 1594 1390 apostolicae

62 1413 319 1469 festivitatis
344 1413 431 1467 die
460 1410 712 1466 balneari
740 1414 993 1481 possunt.
1025 1409 1156 1479 Ipsa
1181 1412 1372 1461 autem
1393 1406 1596 1460 balnea

59 1504 135 1558 hoc
177 1503 350 1557 ordine
402 1501 772 1572 disponantur
812 1516 824 1551 :
868 1496 1218 1569 praecedente
1273 1494 1364 1549 die
1426 1494 1594 1549 debet

58 1590 204 1655 abbas,
240 1595 331 1644 aut
370 1589 463 1661 qui
492 1588 745 1642 ordinem
774 1591 948 1652 tenet,
977 1584 1269 1657 providere
1298 1599 1473 1637 unum
1503 1598 1591 1636 se-

58 1679 224 1733 niorem
260 1678 575 1749 religiosum
606 1682 775 1747 atque
800 1675 1155 1747 prudentem,
1187 1672 1275 1727 cui
1306 1671 1594 1743 praecipiat

1677 529 1874 579 sentur
1902 525 2091 579 omnia
2118 524 2315 594 signa;
2366 526 2569 596 quibus
2609 530 2957 585 cessantibus
3000 531 3273 604 incipiant

1677 614 1985 668 matutinas
2004 613 2218 668 laudes.
2250 613 2459 668 Psalmi
2496 617 2766 671 Dominus
2784 621 3035 686 regnarit
3063 625 3120 674 et
3138 622 3272 676 reli-

1679 702 1792 771 qui.
1826 703 2077 756 Primam
2106 701 2472 772 antiphonam
2510 703 2980 762 hebdomadarius
3018 708 3270 780 incipiat.

1679 790 2018 861 Capitulum,
2043 793 2250 845 Paulus
2277 807 2464 845 servus
2494 793 2701 847 Christi
2724 797 2869 848 Jesu.
2893 796 3163 852 Sacerdos
3190 799 3274 853 in-

1679 879 1848 933 dutus
1890 878 2014 933 alba
2046 879 2296 933 incenset
2320 879 2564 937 altaria.
2602 881 2802 936 Preces
2841 884 2952 951 Ego
2994 887 3137 955 disci,
3172 889 3274 942 Do-

1677 971 1848 1021 mine.
1878 968 2164 1021 Psalmum
2194 983 2368 1021 unum
2397 969 2651 1023 Miserere
2680 974 2809 1040 mei,
2834 973 2994 1026 Deus.
3020 975 3277 1031 Comme-

1676 1056 1915 1110 moratio
1950 1060 2291 1119 sanctorum,
2334 1055 2535 1126 prima,
2583 1058 2803 1127 psalmi,
2846 1060 3078 1130 litania;
3124 1063 3276 1118 dicta

1673 1144 1843 1198 tertia
1870 1149 1928 1198 et
1955 1144 2128 1198 missa
2177 1143 2514 1212 matutinali,
2547 1145 2772 1216 signum
2797 1148 3024 1218 capituli
3061 1150 3275 1207 diutius

1674 1232 1838 1286 solito
1892 1238 1978 1286 est
2033 1232 2389 1303 pulsandum,
2430 1239 2495 1287 ut
2546 1235 2759 1289 cunctis
2814 1238 3273 1308 occupationibus

1673 1321 2065 1391 praetermissis
2092 1321 2163 1375 ad
2191 1320 2413 1375 initium
2441 1322 2671 1392 capituli
2698 1340 2892 1378 omnes
2917 1327 3269 1398 conveniant,

1674 1413 1740 1462 ut
1757 1425 1884 1463 cum
1909 1408 2117 1464 Christi
2138 1408 2361 1463 Domini
2382 1410 2557 1464 nostri
2578 1410 2855 1467 Nativitas
2875 1416 3273 1484 pronuntiatur

1673 1501 2035 1566 prosternant
2072 1512 2132 1549 se
2164 1496 2348 1550 cuncti
2380 1496 2440 1551 in
2469 1502 2700 1565 terram,
2740 1499 2916 1554 lector
2942 1502 3113 1557 etiam
3140 1510 3274 1561 ante

1672 1584 2011 1655 analogium,
2036 1585 2248 1655 pariter
2271 1590 2516 1651 orantes,
2544 1602 2721 1657 usque
2741 1587 2876 1642 dum
2907 1590 3000 1659 qui
3018 1592 3275 1649 ordinem

1670 1677 1844 1738 tenet,
1873 1672 2125 1726 oratione
2154 1672 2319 1739 facta,
2344 1673 2525 1744 erigat
2546 1690 2625 1727 se.
2658 1674 3061 1732 Pronuntietur
3090 1680 3274 1735 Evan-

58 1784 204 1821 curam
228 1766 422 1820 habere
451 1765 523 1820 de
547 1764 701 1836 ipsis,
735 1764 832 1835 qui
859 1767 1209 1818 commoneat
1249 1761 1451 1815 fratres
1481 1749 1899 1830 quaBgelium,
1933 1765 1990 1813 et
2018 1777 2084 1813 ex
2126 1777 2190 1814 eo
2219 1777 2403 1814 sermo
2441 1766 2662 1831 agatur.
2694 1762 2828 1817 Post
2856 1771 3094 1833 sextam,
3125 1769 3272 1824 facto

57 1855 159 1908 hora
180 1856 252 1908 ire
289 1854 541 1919 debeant,
577 1858 635 1907 et
674 1852 860 1906 videre
889 1867 1057 1922 quam
1110 1850 1366 1905 ordinate
1415 1848 1493 1902 ibi
1531 1864 1592 1902 se

55 1944 339 1998 contineant.
366 1942 472 2006 Qui
499 1942 690 1996 senior
712 1941 847 1994 illuc
870 1956 1109 2011 pergens
1136 1938 1323 1993 videat
1352 1936 1595 2008 qualiter

55 2031 138 2084 sint
169 2037 464 2102 praeparata
508 2036 566 2085 et
609 2030 802 2100 quales
832 2027 1031 2083 famuli
1063 2026 1142 2080 ibi
1166 2026 1280 2080 sint
1317 2025 1589 2097 deputati,

54 2119 214 2174 scilicet
247 2136 353 2175 non
391 2119 656 2184 infantes,
688 2133 792 2172 nec
830 2118 1085 2188 juvenes,
1120 2114 1218 2169 sed
1254 2118 1418 2169 aetate
1463 2130 1595 2185 pro-

56 2208 284 2263 vectiores.
323 2209 487 2273 Quod
523 2207 572 2262 si
609 2206 822 2277 aliquid
858 2205 1228 2275 incongruum
1268 2203 1470 2257 viderit
1503 2202 1593 2256 in-

53 2295 162 2350 dicet
174 2297 485 2363 camerario,
511 2300 568 2350 et
587 2295 680 2349 ille
697 2293 887 2349 statim
909 2292 1186 2348 emendet.
1206 2292 1594 2361 Reversusque

55 2387 196 2439 senior
219 2387 273 2441 in
313 2387 619 2441 claustrum
662 2386 1015 2438 commoneat
1040 2381 1241 2435 fratres
1270 2379 1418 2450 quod
1454 2395 1594 2450 opus

55 2488 144 2527 esse
165 2474 487 2545 cognoverit.
526 2473 636 2528 Sed
666 2472 773 2527 hoc
810 2475 1006 2525 caveat
1031 2486 1103 2524 ne
1128 2469 1509 2524 adolescentes
1538 2473 1596 2521 et

54 2562 201 2616 novitii
218 2564 375 2618 simul
402 2566 557 2630 eant,
590 2561 690 2616 sed
709 2577 839 2615 cum
866 2558 1200 2614 senioribus.
1220 2557 1310 2612 Illi
1337 2573 1467 2611 vero
1489 2557 1595 2609 fra-

53 2654 137 2704 tres
183 2668 306 2722 quos
355 2649 789 2715 commonuerit,
858 2653 1157 2719 postquam
1207 2646 1322 2699 rasi
1385 2644 1595 2699 fuerint

55 2739 329 2809 accipientes
347 2742 701 2803 vestimenta,
724 2753 848 2808 quae
867 2740 1090 2790 mutare
1110 2733 1331 2799 debent,
1358 2737 1597 2805 pergant

54 2827 103 2879 ad
117 2827 273 2882 locum
291 2829 347 2883 in
368 2846 482 2900 quo
513 2827 716 2881 balnea
740 2829 1146 2897 praeparantur,
1170 2823 1360 2893 ibique
1387 2838 1596 2876 exuen-

53 2919 113 2969 tes
144 2918 453 2972 vestimenta
489 2932 593 2971 sua
632 2915 712 2969 sic
756 2914 1033 2979 ordinate,
1065 2916 1147 2980 (ut
1183 2911 1242 2965 in
1269 2910 1598 2965 dormitorio

1673 1847 1984 1914 intervallo,
2018 1849 2273 1918 pulsetur
2316 1849 2559 1919 signum,
2600 1852 2933 1906 conveniant
2975 1854 3177 1910 fratres
3214 1857 3277 1911 in

1676 1936 1982 2003 ecclesiam,
2035 1936 2346 1991 orationem
2393 1939 2768 1993 communiter
2811 1940 3036 2009 faciant,
3075 1944 3278 1999 litania

1675 2017 1907 2078 minime
1969 2025 2205 2089 dicatur,
2268 2025 2576 2080 induantur
2629 2027 2860 2082 missam
2915 2030 3273 2100 celebraturi,

1676 2116 1935 2169 sacerdos
1977 2116 2302 2181 honorifice,
2343 2117 2510 2171 levita
2539 2117 2857 2184 dalmatica,
2889 2119 2999 2174 duo
3042 2121 3276 2177 subdia-

1676 2202 1800 2257 coni
1829 2203 2048 2268 tunicis,
2096 2220 2242 2257 unus
2277 2195 2349 2273 ad
2377 2204 2747 2275 prophetiam,
2782 2211 2839 2260 et
2879 2208 3023 2261 alter
3050 2209 3119 2263 ad
3148 2210 3276 2282 Epi-

1675 2291 1896 2355 stolam,
1927 2292 2037 2345 duo
2063 2290 2204 2344 albis
2250 2292 2321 2345 ad
2361 2294 2798 2363 responsorium,
2832 2300 3028 2350 cantor
3062 2297 3276 2353 hebdo-

1676 2379 1963 2433 madarius
1991 2396 2167 2451 cappa
2209 2380 2280 2434 ad
2318 2380 2569 2446 chorum,
2607 2388 2724 2437 tres
2753 2384 3002 2438 conversi
3030 2402 3175 2440 unus
3203 2387 3277 2443 ad

1674 2466 2046 2534 thuribulum,
2078 2468 2189 2522 duo
2217 2469 2288 2522 ad
2317 2469 2671 2535 candelabra,
2696 2472 2952 2541 pulsetur
2979 2474 3276 2531 classicum

1676 2555 1748 2609 ad
1794 2572 2065 2610 canonem
2110 2571 2283 2627 supra
2327 2557 2553 2626 formas,
2601 2564 3030 2630 prosternuntur
3066 2562 3277 2619 tubulre

1672 2644 1952 2698 refectorii
1980 2651 2274 2715 coopertae.

1746 2733 1812 2787 In
1841 2737 2004 2787 nocte
2047 2733 2350 2788 Dominicae
2388 2736 2710 2790 Nativitatis
2739 2738 2930 2793 omnia
2957 2739 3117 2811 signa
3143 2740 3278 2811 'pri-

1677 2838 1831 2876 mum
1863 2822 2175 2892 pulsentur,
2205 2823 2276 2876 ad
2311 2823 2694 2878 invitatorium
2720 2832 2965 2896 quatuor
2990 2829 3191 2883 fratres
3219 2830 3282 2884 in

1679 2910 1889 2980 cappis.
1907 2912 1973 2964 In
1994 2926 2331 2980 unoquoque
2354 2916 2628 2966 nocturno
2648 2914 2718 2966 ad
2739 2914 2963 2968 tertiam
2980 2916 3280 2971 lectionem

54 3003 192 3059 facere
232 3008 674 3073 consueverunt,)
724 3003 941 3057 intrent
989 3000 1375 3071 unusquisque
1415 2998 1511 3052 ubi
1548 2998 1600 3051 ei
1681 2998 1792 3052 duo
1822 2998 2139 3053 sacerdotes
2166 2999 2356 3069 cappis
2384 2999 2567 3053 induti
2597 3001 2707 3054 duo
2742 3002 3030 3057 thuribula
3066 3005 3279 3059 circum

53 3092 130 3145 fuit
153 3094 601 3159 demonstratum,
639 3095 714 3157 et,
745 3089 997 3161 deposito
1027 3089 1149 3143 velo
1175 3088 1324 3158 quod
1348 3091 1481 3140 ante
1506 3074 1658 3140 eosC
1679 3084 1864 3138 ferant
2171 3084 2351 3155 primo
2395 3085 2613 3140 duobus
2650 3087 2941 3154 altaribus,
2982 3091 3185 3161 majori
3224 3096 3283 3145 et

53 3180 228 3247 pendet,
257 3183 444 3237 sedeat
470 3197 604 3236 cum
634 3178 877 3234 silentio.
910 3177 970 3232 Si
1011 3176 1146 3247 quid
1166 3192 1298 3230 vero
1332 3174 1383 3229 ei
1411 3191 1602 3229 neces-

53 3268 217 3323 sarium
246 3271 429 3336 fuerit,
462 3269 719 3323 modeste
743 3267 903 3337 signo
936 3265 1124 3336 aliquo
1152 3269 1325 3335 petat,
1359 3262 1601 3317 famulus

53 3355 141 3408 velo
166 3358 360 3413 elevato
387 3358 608 3413 deferat
640 3355 723 3409 illi
754 3355 1011 3410 celeriter
1035 3353 1184 3425 quod
1212 3352 1369 3423 petit,
1402 3356 1460 3406 et
1486 3356 1602 3405 sta-

52 3442 127 3496 tim
158 3452 475 3502 revertatur.
510 3446 818 3516 Posmuam
845 3443 981 3498 satis
1008 3442 1234 3497 ablutus
1266 3440 1455 3505 fuerit,
1489 3456 1603 3494 non

54 3530 308 3589 delectetur
330 3534 408 3589 ibi
453 3533 670 3588 diutius
714 3531 1014 3586 demorari.
1047 3531 1292 3601 Surgens
1319 3545 1450 3583 vero
1488 3528 1603 3582 cal-

53 3626 203 3677 ceatus
221 3629 380 3695 atque
406 3621 666 3688 vestitus,
690 3620 836 3675 sicut
861 3620 922 3674 in
948 3618 1276 3673 dormitorio
1296 3615 1598 3680 consuevit,

54 3705 216 3764 ablutis
238 3710 496 3767 manibus
539 3714 853 3765 revertatur
900 3709 959 3762 in
1004 3709 1330 3762 claustrum.
1369 3706 1607 3760 Adoles-

54 3802 200 3852 centes
229 3800 319 3871 qui
364 3805 504 3855 sunt
558 3799 618 3853 in
654 3797 924 3864 custodia,
966 3813 1093 3851 cum
1122 3793 1445 3850 custodibus
1490 3793 1606 3847 suis

53 3889 167 3951 cant,
195 3891 246 3939 et
270 3890 640 3941 revertantur.
670 3887 720 3939 A
747 3885 932 3955 prima
975 3899 1153 3954 usque
1195 3883 1266 3937 ad
1305 3880 1606 3951 completo-

52 3968 164 4025 rium
187 3974 436 4030 omnibus
475 3974 633 4029 horis
672 3973 889 4045 possint
929 3972 1014 4026 ire
1042 3972 1243 4026 fratres
1268 3970 1341 4024 ad
1377 3969 1598 4033 balnea,

52 4059 123 4111 sed
142 4063 311 4117 nullus
346 4067 655 4135 praesumat
676 4062 760 4115 ire
789 4060 1012 4132 absque]
1034 4060 1258 4115 licentia
1295 4058 1487 4113 fratris
1515 4055 1606 4110 cui

52 4142 130 4199 hoc
149 4153 495 4207 commissum
525 4155 630 4205 est.

103 4236 150 4289 Si
172 4238 349 4309 vigilia
380 4238 694 4294 Dominicae
722 4236 1043 4292 Nativitatis
1081 4237 1140 4290 in
1177 4235 1469 4291 Dominica
1514 4235 1605 4289 die

54 4326 273 4394 evenerit,
303 4328 413 4382 duo
458 4329 666 4382 fratres
689 4325 1077 4380 invitatoriam
1118 4325 1189 4379 de
1218 4323 1509 4378 Dominica
1544 4323 1601 4376 in

1682 3172 2022 3238 matutinali,
2048 3173 2248 3227 dehinc
2277 3174 2543 3228 fratribus
2570 3175 2629 3228 in
2651 3176 2819 3230 choro
2848 3178 3193 3233 sedentibus.
3216 3181 3283 3234 In

1682 3262 1850 3316 tertio
1876 3266 2151 3316 nocturno
2171 3263 2610 3332 pronuntientur
2628 3264 2746 3318 haec
2763 3266 3090 3336 Evangelia:
3127 3269 3285 3322 Liber

1682 3352 2072 3419 generationis,
2100 3351 2253 3404 Eriit
2282 3353 2538 3417 edictum,
2578 3355 2841 3418 Pastores,
2889 3357 2954 3408 In
2980 3357 3282 3425 principio.

1685 3438 1897 3502 Quibus
1924 3438 2158 3509 expletis
2190 3455 2318 3492 cum
2358 3440 2730 3509 responsoriis
2773 3441 2888 3496 suis
2918 3442 3150 3514 incipiat
3184 3445 3286 3500 do-

1684 3527 1872 3581 minus
1901 3526 2072 3581 abbas
2106 3528 2171 3581 Te
2216 3529 2387 3581 Deum
2425 3530 2741 3583 laudamus.
2779 3530 2900 3594 Quo
2936 3531 3103 3600 dicto,
3135 3533 3288 3604 legat

1687 3615 2049 3686 Evangelium
2077 3616 2236 3670 Liber
2251 3619 2640 3684 generationis.
2664 3618 2824 3673 Dicta
2846 3619 3116 3687 oratione,
3150 3622 3288 3677 inci-

1687 3706 1807 3777 piat
1833 3709 2029 3758 cantor
2055 3704 2420 3774 antiphonam
2445 3705 2485 3760 0
2509 3707 2660 3759 beata
2685 3708 2954 3774 infantia.
2987 3708 3169 3772 Quam
3198 3726 3287 3764 ca-

1686 3798 1884 3849 nentes
1913 3798 2047 3847 cant
2087 3793 2159 3846 ad
2202 3793 2378 3847 altare
2410 3794 2626 3848 Sanctae
2667 3795 2873 3861 Mariae,
2921 3800 2978 3849 et
3013 3796 3091 3850 ibi
3120 3797 3285 3852 dictis

1687 3881 1978 3935 matutinis
2007 3882 2076 3935 de
2115 3881 2373 3935 omnibus
2404 3882 2641 3948 Sanctis,
2682 3883 2888 3936 vadant
2929 3883 2989 3937 in
3018 3885 3287 3939 dormito-

1684 3970 1852 4025 rium.
1884 3970 2096 4024 Deinde
2132 3971 2386 4040 pulsetur
2419 3986 2594 4024 unum
2623 3970 2692 4024 de
2738 3970 3042 4041 majoribus
3086 3972 3284 4044 signis,

1686 4059 1831 4113 sicut
1857 4058 2067 4130 pulsari
2114 4059 2252 4112 solet
2301 4058 2465 4112 skilla
2508 4058 2568 4112 in
2611 4059 2905 4113 duodecim
2952 4060 3287 4116 lectionibus

1686 4153 1814 4218 post
1858 4147 2184 4218 capitulum,
2235 4150 2366 4201 ante
2406 4147 2798 4202 matutinalem
2848 4149 3100 4205 missam.
3131 4151 3288 4206 Tunc

1687 4238 1891 4290 fratres
1920 4235 2015 4306 qui
2045 4236 2116 4289 ad
2144 4235 2372 4289 missam
2418 4235 2686 4289 induendi
2715 4242 2848 4290 sunt
2874 4239 3084 4292 vadant
3110 4239 3181 4293 ad
3210 4240 3290 4294 lo-

1687 4341 1815 4379 cum
1843 4324 2230 4391 constitutum,
2262 4322 2358 4377 ubi
2401 4323 2476 4377 sit
2521 4323 2764 4394 optimus
2794 4324 2940 4395 ignis
2987 4342 3022 4380 a
3058 4327 3289 4382 famulis

53 4408 173 4466 Albis
197 4388 396 4483 dicant,
440 4415 692 4488 primum
733 4419 790 4469 et
826 4414 1134 4469 secundum
1162 4417 1500 4467 nocturnum
1537 4388 1670 4465 deD
1689 4412 1982 4467 camerarii
2010 4388 2371 4483 praeparatus,
2402 4388 2638 4467 baccilia
2669 4410 2782 4484 (60)
2808 4388 3048 4485 quoque,
3081 4420 3139 4471 et
3173 4432 3292 4470 ma-

54 4501 445 4567 ipsaDominica
472 4506 634 4568 ant,
661 4502 890 4558 tertium
919 4508 977 4557 et
1003 4501 1292 4556 matutinae
1320 4501 1515 4555 laudes
1539 4499 1610 4554 de

52 4585 220 4655 gilia.
247 4593 379 4647 Post
412 4594 661 4665 primam
707 4591 997 4646 collectam
1041 4589 1500 4645 commemoratio
1542 4588 1613 4643 de

53 4670 328 4748 Dominica;
375 4682 556 4736 missa
597 4679 948 4734 matutinalis
983 4678 1054 4733 de
1081 4678 1390 4744 Dominica,
1430 4678 1612 4747 major

52 4758 103 4814 de
125 4765 312 4836 vigilia.
333 4769 464 4824 Alia
489 4785 622 4823 vero
651 4768 760 4834 die,
785 4766 929 4822 sicut
962 4767 1191 4838 privatis
1210 4765 1425 4833 diebus,
1449 4765 1611 4836 signa

52 4851 304 4915 pulsentur
327 4862 385 4913 et
409 4858 653 4929 triginta
687 4857 889 4928 psalmi
913 4856 1190 4911 dicantur.
1218 4854 1609 4911 Invitatorium

52 4935 141 4993 duo
169 4950 380 5014 canant,
412 4946 517 5001 sed
540 4962 654 5000 non
684 4945 744 4999 in
769 4944 931 4999 albis.
961 4945 1328 5016 Evangelium
1358 4959 1610 5016 pronun-

52 5025 210 5084 tietur.
233 5034 554 5106 Capitulum
579 5034 651 5089 ad
678 5038 1032 5101 nocturnum,
1061 5039 1119 5089 et
1137 5032 1313 5088 oratio
1335 5038 1393 5087 et
1417 5048 1611 5086 versus

53 5111 106 5168 de
147 5118 339 5190 vigilia.
374 5125 596 5179 Caetera
640 5122 785 5178 sicut
826 5121 1118 5177 retroactis
1155 5121 1369 5189 diebus,
1402 5121 1613 5176 scilicet

55 5203 264 5296 officium
293 5217 669 5277 mortuorum,
695 5211 984 5266 matutinae
1008 5211 1078 5265 de
1096 5210 1356 5266 omnibus
1380 5211 1606 5276 sanctis,

53 5291 257 5352 infantee
298 5299 358 5355 in
399 5300 793 5355 dormitorium
832 5300 1056 5364 vadant,
1098 5303 1156 5353 et
1198 5300 1261 5354 in
1305 5299 1613 5370 capitulum

50 5389 385 5448 revertantur.
416 5388 508 5443 Ad
542 5388 736 5444 laudes
761 5389 906 5444 sicut
952 5388 1077 5443 aliis
1101 5386 1319 5454 diebus,
1361 5388 1614 5459 pulsetur

53 5486 523 5627 bamgaccilium
568 5496 712 5552 forte
752 5494 945 5568 pelvis,
976 5494 1273 5551 vernacule
1316 5496 1500 5550 bassin
1525 5495 1613 5550 vel

1691 4501 1969 4572 nutergia,
1995 4506 2053 4555 et
2079 4518 2227 4572 aqua
2250 4500 2432 4556 calida
2467 4501 2538 4555 ad
2581 4501 2890 4556 abluendas
2918 4519 3139 4558 manus.
3172 4506 3292 4560 Hac

1695 4592 1815 4645 sola
1839 4590 1974 4656 vice,
2000 4594 2303 4660 antequam
2323 4590 2527 4656 lavent,
2552 4595 2785 4661 pectunt
2807 4592 2991 4663 capita
3018 4610 3154 4662 sua;
3180 4595 3291 4649 alio

1697 4678 1847 4732 enim
1874 4683 2130 4747 tempore
2166 4676 2323 4748 prius
2350 4676 2556 4744 lavant,
2590 4682 2785 4748 postea
2820 4680 3126 4750 pectinant.
3157 4682 3294 4737 Post

1690 4766 1807 4822 haec
1834 4771 2073 4837 pergant
2098 4765 2158 4819 in
2187 4764 2495 4830 ecclesiam,
2521 4771 2577 4819 et
2598 4766 2746 4820 facta
2776 4768 3030 4824 oratione
3056 4770 3296 4826 induant

1691 4873 1751 4910 se
1795 4856 1866 4910 ad
1913 4854 2305 4909 celebrandam
2350 4854 2602 4908 missam.
2650 4855 2918 4911 Sacerdos
2967 4858 3289 4927 honorice,

1690 4945 1859 4999 levita
1901 4942 2221 5006 dalmatica,
2263 4942 2374 4996 duo
2418 4942 2744 4999 subdiaconi
2789 4945 3016 5016 tunicis,
3047 4964 3193 5003 unus
3221 4949 3294 5003 ad

1692 5033 2064 5105 prophetiam,
2083 5037 2141 5087 et
2159 5032 2300 5086 alter
2321 5031 2394 5085 ad
2414 5031 2741 5103 Epistolam,
2760 5034 2832 5088 ad
2850 5037 3287 5106 responsorium,

1694 5127 1751 5178 et
1781 5122 2025 5189 alleluia,
2059 5126 2195 5193 quot
2226 5126 2423 5174 cantor
2449 5122 2792 5192 praeceperit,
2828 5127 2885 5178 et
2912 5123 2970 5177 hi
2998 5124 3056 5178 in
3081 5125 3289 5196 cappis,

1693 5217 1809 5266 tres
1854 5211 2121 5275 conversi,
2162 5215 2279 5265 tres
2324 5214 2580 5264 cantores
2629 5210 2689 5264 in
2734 5210 2925 5279 choro,
2976 5218 3106 5268 ante
3153 5230 3293 5285 quos

1694 5301 1806 5355 duo
1842 5298 2177 5354 candelabra
2218 5315 2347 5353 cum
2391 5299 2568 5353 cereis
2605 5301 2870 5368 accensis,
2901 5301 3142 5356 infantes
3170 5319 3291 5356 om-

1694 5404 1815 5443 nes.
1874 5388 2138 5442 Pulsetur
2182 5387 2477 5442 classicum
2523 5385 2666 5458 (6|),
2720 5392 2777 5441 et
2822 5394 2952 5459 post
3002 5390 3295 5446 inchoetur

1767 5492 1879 5569 (61)
1911 5492 2216 5569 Classicum
2245 5494 2337 5548 hic
2362 5492 2606 5569 sumitur
2632 5493 2719 5569 vel
2740 5510 2843 5569 pro
2871 5495 3070 5569 ultimo
3103 5496 3293 5569 Asigno,

1695 5564 1785 5621 vel
1800 5582 1901 5636 pro
1921 5566 2124 5636 majori
2142 5580 2432 5637 campana,
2464 5564 2524 5618 in
2553 5564 2696 5619 turri
2723 5564 2968 5621 ecclesia:
2996 5564 3197 5639 posita.
