3878 6348
548 311 654 370 455

1565 309 1628 362 Β.
1661 307 2070 364 LANFRANCI
2099 307 2456 363 CANTUAR.
2488 307 2822 364 ARCHIEP.
3000 333 3029 355 ο

3711 306 3802 364 456

557 441 750 495 lectos.
770 437 904 490 Post
935 434 1194 506 primam,
1231 432 1391 487 dictis
1420 433 1704 487 consuetis
1727 434 1958 504 psalmis
1982 432 2370 493 fami-Aduas
2395 448 2586 486 cruces
2611 451 2624 499 ;
2664 437 2800 486 item
2821 431 2931 485 duo
2961 445 3087 484 cum
3117 428 3335 484 duobus
3365 430 3711 486 candelabris
3731 451 3804 487 ac-

556 526 811 588 liaribus,
858 539 986 576 cum
1036 520 1311 591 capitulis,
1345 524 1401 573 et
1429 520 1673 573 collectis
1719 521 1853 585 suis,
1893 521 2149 574 dicantur

561 619 773 685 septem
793 610 992 682 psalmi
1011 627 1137 664 cum
1158 609 1370 662 litania.
1392 609 1498 661 Per
1517 608 1766 678 singulas
1785 609 1951 661 horas
1972 626 2147 679 usque

565 702 637 756 ad
663 717 942 770 vesperas,
991 715 1026 750 a
1052 699 1232 768 prima
1263 696 1605 766 incipientes,
1656 696 1846 750 dicant
1869 698 2147 767 psalmum

567 793 788 844 Inclina
802 789 1048 850 Domine,
1072 803 1172 856 pro
1192 786 1280 838 his
1294 801 1431 855 quos
1451 785 1714 854 prostrati
1744 785 1947 838 dicturi
1967 791 2147 839 erant.

571 879 705 931 Post
748 875 1052 946 capitulum
1099 873 1329 926 sedeant
1364 873 1422 924 in
1469 873 1710 925 claustro
1752 889 1879 926 cum
1905 873 2146 938 silentio,

572 984 748 1038 usque
779 967 912 1019 dum
940 964 1192 1035 pulsetur
1220 961 1442 1030 signum
1487 961 1557 1014 ad
1594 961 1858 1026 tertium;
1909 961 2152 1014 infantes

571 1072 790 1128 quoque
809 1059 934 1124 post
960 1051 1264 1122 capitulum
1285 1066 1470 1114 suum,
1512 1049 1912 1103 descendentes
1931 1050 2001 1103 de
2029 1050 2153 1102 dor-

569 1144 814 1209 mitorio,
864 1144 968 1195 hoc
1020 1139 1311 1192 intervallo
1355 1138 1414 1190 in
1460 1138 1649 1190 schola
1693 1155 1796 1191 sua
1838 1139 2070 1192 sedeant
2097 1144 2154 1192 et

568 1236 775 1305 legant.
831 1233 1031 1285 Totam
1085 1229 1234 1282 diem
1284 1226 1611 1280 solemniter
1657 1232 1846 1294 agant,
1897 1233 2151 1296 utraeque

567 1324 752 1377 missae
777 1321 848 1374 ad
885 1319 1069 1387 majus
1094 1317 1271 1370 altare
1295 1313 1666 1368 celebrentur.
1697 1315 1779 1367 Ad
1811 1314 2039 1367 missam
2063 1315 2152 1383 je-

561 1412 709 1484 junii
724 1427 827 1465 nec
845 1407 1042 1462 litania
1065 1404 1460 1476 praemittatur,
1479 1419 1581 1455 nec
1606 1403 1675 1456 ad
1689 1419 1959 1456 canonem
1984 1419 2154 1473 supra

566 1503 773 1556 formas
792 1502 1118 1552 curventur.
1155 1492 1241 1545 Ad
1271 1508 1548 1561 vesperas,
1581 1492 1688 1544 nisi
1722 1491 1781 1544 in
1806 1492 2050 1545 crastino
2079 1491 2153 1544 sit

566 1587 838 1643 festivitas
871 1581 1164 1638 duodecim
1213 1579 1536 1639 lectionum,
1568 1579 1715 1631 inter
1759 1579 1919 1647 signa
1963 1579 2154 1632 dicant

2229 521 2408 575 censis
2436 522 2676 591 desuper
2710 520 2905 583 cereis,
2945 518 3041 572 alii
3071 519 3181 574 duo
3227 519 3471 574 ferentes
3499 522 3612 574 duo
3639 521 3805 575 thuri-

2229 609 2360 663 bula
2389 609 2518 680 igne
2543 616 2599 664 et
2626 610 2793 664 thure
2827 609 3051 663 referta.
3099 609 3259 672 Quod
3287 610 3419 663 thus
3448 611 3506 663 in
3537 611 3804 664 thuribulo

2233 697 2398 751 debet
2431 715 2656 767 ponere,
2692 698 2780 751 vel
2823 697 2994 750 abbas
3043 697 3091 750 si
3123 697 3182 750 in
3212 697 3381 751 choro
3410 703 3513 763 est,
3545 699 3807 752 conversis

2233 785 2550 851 thuribulis,
2585 792 2642 840 et
2669 787 2915 839 arculam
2943 783 3049 853 (63)
3081 801 3209 838 cum
3229 787 3395 839 thure
3423 786 3805 852 deferentibus;

2233 874 2319 926 vel
2339 873 2456 943 ipse
2484 879 2698 936 cantor,
2733 874 2779 928 si
2809 873 2979 928 abbas
3007 874 3186 927 deest.
3210 874 3334 943 Ipse
3359 875 3509 927 enim
3537 874 3810 928 distribuit

2238 978 2359 1030 quae
2390 962 2664 1031 portanda
2690 967 2840 1026 sunt,
2874 968 2931 1015 et
2958 962 3366 1032 processionem
3414 962 3662 1028 ordinat,
3708 964 3808 1016 Hos

2236 1056 2545 1120 sequantur
2585 1051 2696 1104 duo
2743 1049 3068 1104 subdiaconi
3115 1055 3406 1120 portantes
3455 1051 3598 1104 duos
3645 1056 3809 1105 textus

2235 1138 2681 1208 Evangeliorum.
2713 1139 2847 1192 Post
2877 1155 3014 1208 quos
3040 1138 3165 1191 laici
3196 1139 3473 1205 monachi,
3507 1139 3708 1193 deinde
3735 1140 3810 1193 in-

2229 1223 2414 1279 fantes
2446 1243 2572 1279 cum
2595 1226 2893 1296 magistris.
2925 1227 3059 1280 Post
3087 1243 3227 1297 quos
3247 1227 3434 1281 caeteri
3457 1227 3663 1282 fratres
3688 1245 3808 1298 prae-

2233 1315 2494 1368 cedentes
2520 1313 2780 1369 abbatem
2815 1315 2910 1385 qui
2929 1315 3160 1369 ultimus
3186 1316 3459 1386 procedit,
3474 1317 3587 1370 duo
3609 1321 3666 1370 et
3691 1317 3805 1374 duo.

2234 1402 2377 1456 sicut
2405 1407 2537 1456 sunt
2561 1403 2795 1472 priores.

2304 1493 2433 1544 Haec
2479 1497 2612 1545 sunt
2657 1508 2778 1562 quae
2811 1492 2879 1545 ad
2930 1493 3075 1546 hanc
3105 1494 3517 1563 processionem
3548 1493 3809 1548 cantanda

2233 1585 2382 1642 sunt,
2411 1580 2496 1633 vel
2525 1581 2731 1644 omnia,
2779 1581 2868 1634 vel
2899 1587 3177 1651 quantum
3217 1582 3540 1652 permiserit
3582 1583 3810 1653 spatium

566 1677 709 1731 Deus
728 1673 960 1726 auribus
987 1670 1206 1731 nostris,
1241 1670 1369 1736 post
1401 1665 1687 1718 collectam
1709 1665 2024 1719 festivitatis
2045 1666 2197 1740 col-_
2233 1667 2338 1720 loci
2370 1683 2479 1738 quo
2502 1667 2636 1721 ituri
2665 1673 2798 1722 sunt
2829 1685 2839 1720 :
2869 1671 3008 1724 Ante
3036 1686 3129 1722 sea:
3153 1671 3265 1723 dies
3282 1689 3299 1733 ;
3345 1673 3484 1726 Cum
3523 1675 3812 1740 appropin-

565 1765 769 1818 lectam
791 1761 858 1815 de
886 1758 1046 1819 feria,
1073 1772 1198 1809 cum
1225 1756 1412 1808 Gloria
1441 1757 1630 1820 Patri;
1651 1760 1776 1824 post
1796 1770 2052 1824 vesperas
2081 1737 2211 1807 deB
2231 1759 2443 1822 quaret,
2493 1757 2686 1808 Prima
2733 1761 2921 1809 autem
2960 1772 3311 1824 azymorum,
3343 1759 3616 1812 Dominus
3651 1762 3808 1823 Jesus,

569 1852 829 1910 omnibus
869 1847 1106 1910 Sanctis,
1151 1859 1410 1913 vesperas
1458 1859 1558 1912 pro
1603 1842 1895 1896 defunctis.
1940 1843 2152 1911 Vigilia

565 1948 918 1999 mortuorum
949 1938 1069 2008 ipsa
1096 1934 1185 1987 die
1204 1931 1432 1985 minime
1462 1932 1828 2000 agatur.Post
1855 1931 2155 2000 completo-

566 2033 714 2087 rium
740 2028 955 2084 cortina
977 2023 1325 2087 extendatur,
1363 2026 1420 2074 et
1447 2019 1638 2073 formae
1665 2019 1723 2072 in
1747 2020 1978 2073 chorum
2009 2019 2152 2073 refe-

560 2125 778 2176 rantur.

681 2213 872 2264 Secrxo
894 2205 988 2260 IV.
1008 2232 1070 2244 -—
1093 2201 1370 2270 Tempore
1398 2197 1688 2252 Passionis
1712 2195 2041 2250 Dominica.

637 2297 878 2353 Sabbato
899 2293 969 2346 ad
993 2307 1251 2361 vesperas
1281 2293 1412 2342 ante
1452 2287 1777 2340 Passionem
1808 2285 2033 2338 Domini
2065 2285 2152 2338 di-

564 2387 825 2442 mittatur
848 2381 1026 2437 oratio
1064 2381 1132 2433 de
1161 2394 1342 2442 cruce,
1390 2392 1493 2429 nec
1536 2375 1606 2428 ad
1648 2374 2018 2444 responsoria,
2052 2389 2152 2427 nec

565 2477 636 2531 ad
647 2472 1097 2535 invitatoria,nec
1116 2468 1185 2521 ad
1206 2466 1405 2518 missas
1420 2464 1639 2517 dicatur
1656 2463 1863 2528 Gloria,
1879 2478 2055 2532 usque
2079 2462 2151 2515 ad

564 2564 798 2625 Pascha,
830 2559 941 2614 nisi
984 2557 1152 2610 missa
1194 2553 1487 2608 familiaris
1533 2551 1606 2605 sit
1651 2551 1710 2604 in
1739 2555 2032 2614 conventu,
2065 2550 2152 2602 vel

566 2658 721 2708 extra
751 2653 1102 2709 conventum,
1127 2649 1182 2698 et
1203 2643 1309 2696 nisi
1339 2641 1695 2694 festivitatem
1715 2639 1954 2707 alicujus
1973 2639 2150 2692 sancti

563 2745 669 2796 hoc
686 2747 938 2810 tempore
968 2733 1236 2790 celebrari
1267 2731 1573 2800 contingat.
1593 2730 1725 2791 Qua:
1747 2728 1792 2781 si
1814 2727 2074 2791 evenerit,
2095 2732 2151 2781 et

563 2832 634 2885 ad
655 2826 1026 2900 responsoria,
1060 2828 1116 2877 et
1144 2822 1215 2876 ad
1245 2820 1473 2873 missam
1506 2818 1723 2871 dicatur
1751 2817 1940 2872 Gloria
1970 2818 2145 2882 Patri,

563 2920 707 2973 sicut
727 2918 837 2971 alio
865 2919 1056 2980 πω
1081 2918 1356 2980 tempore.
1391 2909 1506 2961 lloc
1536 2912 1786 2976 tempore
1820 2906 2040 2973 legatur
2063 2906 2150 2958 Je-

560 3007 766 3062 remias
790 3021 967 3074 usque
997 3002 1067 3054 ad
1095 2999 1329 3054 Pascha.

632 3093 924 3149 Dominica
943 3091 1002 3144 in
1027 3088 1235 3142 Palmis
1255 3086 1325 3139 ad
1355 3081 1883 3147 invitatorium,duo
1903 3081 1960 3134 in
1988 3081 2145 3134 albis.

562 3181 927 3251 Evangelium
954 3175 1349 3248 pronuntietur
1373 3173 1509 3227 Cum
1530 3172 2055 3239 appropinquasset;
2082 3170 2150 3223 de

563 3288 672 3341 quo
714 3274 770 3322 et
792 3267 974 3330 lectio,
1008 3271 1065 3318 et
1091 3279 1273 3317 sermo
1303 3261 1360 3313 in
1389 3258 1651 3328 capitulo.
1685 3259 1749 3311 In
1779 3273 1887 3328 quo
1909 3258 2150 3327 capitulo

563 3357 786 3412 ordinet
847 3353 1040 3420 abbas,
1095 3352 1180 3407 vel
1234 3350 1402 3420 prior,
1455 3345 1861 3416 processionem
1909 3351 1965 3399 et
2017 3345 2151 3415 quid

564 3446 798 3517 quisque
819 3447 1044 3514 portare
1065 3440 1283 3503 debeat,
1308 3443 1365 3491 et
1392 3436 1632 3507 qualiter
1652 3434 1907 3488 ordinate
1936 3439 2068 3487 eant
2086 3451 2149 3486 ac

561 3535 797 3589 redeant
824 3532 1046 3589 fratres.
1071 3527 1396 3583 Sacerdotes
1413 3526 1481 3578 ad
1503 3525 1744 3595 privatas
1759 3523 1958 3576 missas
1978 3538 2149 3576 unam

561 3628 782 3678 tantum
812 3602 1100 3675 collectam
1126 3617 1332 3679 dicant,
1377 3612 1737 3683 Evangelium
1780 3613 1919 3666 Cum
1957 3627 2151 3679 appro-

555 3714 892 3782 pinquasset,
923 3708 1248 3762 Passionem
1275 3704 1461 3758 nullus
1489 3705 1656 3770 legat,
1689 3699 1797 3753 nisi
1823 3700 2026 3753 fratres
2055 3700 2150 3769 qui

559 3801 618 3855 in
639 3800 834 3855 formis
861 3802 1122 3863 cantant;
1164 3793 1338 3846 missa
1366 3788 1714 3844 matutinalis
1747 3803 1872 3840 cum
1902 3803 2015 3840 una
2035 3787 2150 3840 col-

559 3892 720 3944 lecta.
746 3889 879 3942 Post
910 3883 1300 3939 matutinalem
1335 3879 1561 3932 missam
1590 3875 1957 3930 benedicatur
1981 3891 2145 3944 aqua,

558 3979 630 4032 ad
659 3994 828 4048 quam
859 3976 972 4029 sint
1000 3988 1193 4026 omnes
1214 3969 1353 4023 albis
1378 3966 1580 4020 induti.
1599 3965 1725 4018 Fiat
1744 3964 2024 4034 processio
2053 3981 2150 4034 per

558 4069 884 4129 claustrum,
918 4069 981 4117 ut
1010 4079 1130 4116 mos
1161 4066 1262 4126 est,
1290 4057 1546 4112 omnibus
1573 4054 1877 4110 Dominicis
1918 4053 2143 4121 diebus;

559 4154 906 4211 Intrantibus
952 4150 1241 4206 ecclesiam
1294 4147 1585 4218 pulsentur
1641 4144 1822 4213 signa,
1882 4148 1938 4196 et
1988 4143 2146 4197 ﬁnito

558 4241 933 4314 responserio,
987 4245 1045 4292 et
1090 4237 1250 4291 dictis
1290 4252 1411 4306 quae
1466 4233 1574 4286 dici
1614 4233 1796 4286 solent
1838 4231 2144 4285 Dominicis

2234 1844 2638 1909 Gogitaverunt,
2680 1844 2815 1898 Cum
2843 1846 3082 1897 audisset
3103 1849 3360 1913 populus,
3395 1863 3583 1900 omnes
3623 1849 3812 1900 collau-

2235 1931 2388 1984 dant.
2413 1931 2558 2010 Cunr
2581 1935 2770 1985 autem
2799 1937 3126 2002 perventum
3146 1932 3316 1987 fuerit
3330 1933 3400 1987 ad
3418 1934 3606 2005 ipsum
3624 1936 3808 1996 locum,

2236 2019 2335 2072 ﬁat
2352 2019 2520 2073 statio
2539 2037 2571 2072 a
2598 2025 2716 2073 toto
2737 2026 3030 2074 conventu.
3055 2022 3299 2075 Cantore
3318 2027 3510 2076 autem
3529 2023 3812 2093 incipiente

2235 2107 2602 2176 antiphonam
2627 2109 2938 2162 Occurrunt
2957 2110 3146 2175 turbae,
3169 2115 3370 2163 exeant
3381 2110 3490 2164 duo
3508 2112 3811 2165 sacerdotes

2235 2195 2374 2248 albis
2427 2195 2628 2258 induti,
2665 2196 2761 2266 qui
2810 2201 3034 2266 portent
3083 2197 3373 2263 feretrum,
3423 2199 3576 2268 quod
3629 2215 3809 2270 parum

2233 2289 2364 2336 ante
2392 2284 2541 2337 diem
2575 2284 2644 2337 ab
2675 2285 2885 2338 eisdem
2933 2285 3312 2339 sacerdotibus
3337 2286 3471 2340 illuc
3509 2286 3678 2342 debet
3704 2303 3808 2341 esse

2233 2369 2501 2437 delatum,
2559 2371 2620 2424 in
2679 2388 2787 2442 quo
2845 2377 2902 2425 et
2955 2389 3154 2442 corpus
3211 2373 3419 2426 Christi
3471 2390 3598 2429 esse
3661 2374 3810 2428 debet

2232 2459 2601 2512 reconditum.
2643 2460 2728 2512 Ad
2783 2461 2930 2530 quod
2969 2460 3238 2515 feretrum
3279 2463 3601 2532 praecedant
3636 2463 3810 2517 statim

2233 2546 2327 2616 qui
2353 2547 2552 2600 vexilla
2579 2553 2807 2617 portant
2835 2553 2892 2602 et
2908 2565 3098 2603 cruces
3120 2554 3177 2602 et
3199 2555 3400 2603 caetera
3421 2567 3550 2621 quae
3569 2551 3808 2622 superius

2231 2635 2381 2688 dicta
2408 2642 2559 2689 sunt.
2593 2637 2662 2688 Et
2690 2636 2968 2690 stantibus
2999 2637 3066 2690 iis
3105 2637 3201 2707 qui
3250 2638 3524 2693 feretrum
3575 2644 3803 2711 portant,

2231 2723 2460 2778 stabunt
2484 2729 2540 2778 et
2556 2723 2664 2794 ipsi
2692 2741 2727 2778 a
2756 2725 2985 2778 dextera
3011 2731 3068 2778 et
3095 2742 3127 2778 a
3156 2725 3386 2779 sinistra
3413 2727 3596 2797 ipsius
3615 2728 3805 2792 feretri,

2231 2812 2487 2866 ordinate
2543 2813 2689 2866 sicut
2741 2819 3031 2867 venerunt.
3088 2815 3256 2868 Pueri
3303 2831 3433 2868 vero
3493 2817 3806 2871 accedentes

2231 2899 2478 2965 stabunt,
2533 2900 2703 2954 versis
2754 2900 2999 2954 vultibus
3065 2902 3136 2955 ad
3193 2902 3342 2972 ipsos
3379 2902 3650 2974 reliquos,
3699 2921 3810 2958 cum

2166 2987 2513 3066 Cmagistris
2549 2989 2664 3043 suis
2707 2993 2763 3042 et
2810 2989 3145 3060 quibusdam
3185 2991 3504 3046 cantoribus
3537 2993 3636 3063 qui
3675 2993 3811 3047 auxi-

2233 3075 2306 3129 lio
2352 3077 2431 3130 eis
2487 3093 2607 3130 esse
2656 3082 2906 3146 possunt.
2969 3079 3210 3148 Majores
3272 3095 3402 3133 vero
3464 3082 3615 3135 versi
3661 3086 3810 3136 erunt

2234 3164 2304 3216 ad
2331 3164 2588 3231 invicem,
2613 3181 2678 3218 eo
2699 3165 2863 3220 modo
2887 3183 2995 3236 quo
3028 3167 3087 3220 in
3113 3167 3281 3221 choro
3310 3171 3460 3222 stare
3498 3171 3705 3226 solent.
3734 3170 3810 3223 Sic

2233 3257 2420 3306 autem
2442 3253 2731 3308 ordinetur
2745 3255 2860 3308 haec
2879 3256 3065 3320 statio,
3081 3260 3144 3308 ut
3160 3255 3442 3310 modicum
3461 3257 3809 3312 intervallum

2233 3340 2306 3393 sit
2333 3341 2480 3395 inter
2507 3359 2711 3412 pueros
2742 3347 2798 3396 et
2819 3343 3088 3412 majorem
3117 3349 3470 3398 conventum.
3500 3346 3689 3400 Finita
3715 3362 3806 3399 an-

2231 3430 2465 3499 tiphona
2483 3436 2783 3484 occurrunt
2811 3433 2999 3496 turba),
3018 3431 3289 3502 incipiant
3316 3434 3478 3504 pueri
3495 3439 3558 3488 et
3577 3435 3672 3506 qui
3691 3451 3803 3488 cum

2231 3517 2311 3570 eis
2339 3523 2472 3572 sunt
2499 3519 2866 3588 antiphonam
2893 3521 3157 3574 Ilosanna
3185 3523 3300 3588 ﬁlio
3320 3523 3500 3576 David
3527 3524 3803 3578 ﬂectentes

2229 3623 2414 3675 genua
2444 3607 2574 3660 etin
2599 3607 2890 3678 principio,
2923 3613 2977 3661 et
3005 3607 3066 3662 in
3095 3609 3206 3662 ﬁne
3234 3609 3580 3680 antiphonaa,
3605 3613 3732 3683 quia
3752 3611 3802 3664 in

2231 3701 2470 3766 utroque
2492 3697 2750 3750 Ilosanna
2773 3695 2993 3749 dicitur.
3019 3697 3200 3760 Quam
3220 3699 3592 3768 antiphonam
3620 3702 3804 3754 chorus

2229 3789 2467 3854 repetat,
2501 3789 2557 3837 et
2584 3784 2842 3838 similiter
2859 3801 3046 3853 genua
3082 3786 3290 3840 ﬂectat.
3322 3787 3536 3842 Deinde
3567 3805 3602 3842 a
3635 3787 3804 3860 pueris

2231 3878 2487 3926 cantetur
2515 3873 2822 3942 antiphona
2844 3889 2970 3926 cum
2992 3877 3221 3940 angelis,
3255 3875 3315 3927 in
3341 3876 3451 3928 ﬁne
3473 3881 3696 3931 tantum
3722 3891 3805 3929 an-

2230 3959 2474 4030 tiphona:
2492 3978 2675 4031 genua
2701 3961 3071 4015 ﬂectentibus.
3108 3962 3241 4025 Quae
3270 3963 3586 4033 antiphona
3625 3982 3660 4019 a
3695 3980 3806 4018 con-

2229 4054 2399 4102 ventu
2429 4053 2715 4118 repetatur
2739 4053 2796 4102 et
2822 4048 3084 4103 similiter
3111 4050 3273 4104 venia
3292 4051 3623 4122 accipiatur.

2300 4138 2511 4192 Taliter
2537 4138 2623 4191 his
2648 4137 2909 4208 peractis,
2925 4137 3125 4192 abbate
3157 4140 3240 4192 vel
3263 4145 3490 4194 cantore
3518 4140 3803 4212 incipiente

2227 4227 2594 4296 antiphonam
2624 4227 2748 4291 Ave,
2779 4242 2881 4280 rem
2918 4232 3116 4288 noster,
3170 4231 3464 4282 transeant
3521 4229 3804 4300 portitores

557 4332 772 4398 diebus,
792 4333 1052 4384 cantatur
1069 4325 1256 4380 tertia.
1273 4325 1511 4378 Cantata
1536 4322 1706 4375 tertia
1727 4321 1948 4410 legatur
1971 4320 2207 4410 Evan—D
2224 4315 2418 4410 feretri
2441 4332 2542 4386 per
2563 4315 2812 4410 medium
2839 4314 3116 4410 stationis,
3138 4316 3583 4410 praecedentibus
3613 4317 3696 4371 his
3706 4315 3799 4410 Aqui

554 4420 767 4492 gelium
813 4418 995 4472 Turba
1023 4418 1222 4470 multa.
1271 4413 1474 4466 Postea
1502 4410 1768 4463 accedens
1813 4407 2001 4474 abbas,
2046 4413 2144 4462 aut

556 4507 831 4571 sacerdos,
851 4504 1143 4560 benedicat
1169 4501 1402 4573 palmas,
1424 4504 1480 4554 et
1507 4500 1672 4552 ﬂores
1692 4504 1749 4552 et
1770 4498 1995 4551 frondes
2011 4501 2142 4551 ante

555 4597 738 4665 majus
779 4595 954 4649 altare
978 4608 1147 4663 supra
1166 4595 1418 4661 tapetum
1445 4587 1642 4658 posita,
1675 4602 1823 4656 aqua
1847 4585 2142 4639 benedicta

553 4689 834 4755 aspergat,
870 4688 925 4736 et
964 4682 1232 4735 incenset.
1263 4677 1602 4732 Accedentes
1631 4674 1918 4728 secretarii
1949 4674 2142 4728 distri-

556 4773 733 4826 buant
761 4788 844 4836 ea,
876 4770 1090 4841 palmas
1129 4765 1337 4831 abbati,
1385 4770 1443 4818 et
1481 4762 1774 4834 prioribus,
1809 4767 1866 4815 et
1890 4759 2142 4833 personis

555 4859 988 4924 honestioribus,
1038 4858 1202 4910 ﬂores
1251 4860 1308 4908 et
1362 4853 1584 4906 frondes
1641 4851 1874 4905 caeteris.
1907 4850 2142 4904 Interim

554 4956 781 5006 cantore
827 4945 1148 5016 incipiente,
1189 4947 1447 4998 cantatur
1492 4939 1795 5010 antiphona
1840 4941 2008 4993 Pueri
2045 4931 2143 4992 He-

555 5044 848 5102 braeorum,
873 5041 930 5090 et
957 5033 1082 5099 alia,
1099 5034 1266 5087 Pueri
1287 5032 1653 5083 Hebraeorum.
1679 5028 1779 5081 His
1805 5026 1886 5080 ita
1911 5025 2141 5096 expletis

554 5129 940 5201 proficiscatur
977 5119 1280 5194 processio,
1310 5122 1537 5171 cantore
1567 5113 1867 5186 incipiente
1907 5131 2030 5184 quae
2069 5114 2140 5168 ad

552 5219 699 5273 hanc
718 5213 1129 5288 processionem
1167 5207 1382 5262 cantari
1426 5211 1663 5277 oportet.
1715 5205 1838 5266 Qua
1873 5202 1942 5256 de
1972 5202 2138 5257 choro

554 5311 808 5370 exeunte,
839 5303 1134 5374 pulsentur
1160 5296 1347 5350 omnia
1373 5295 1553 5364 signa.
1594 5291 1917 5347 Praecedant
1944 5291 2139 5345 famuli

545 5373 684 5450 cum
707 5393 939 5458 vexillis,
972 5390 1239 5458 sequatur
1274 5399 1573 5438 conversus
1621 5379 1694 5452 [j.
1743 5378 2026 5449 novitius],
2065 5380 2140 5434 fe-

556 5499 688 5539 rens
709 5482 935 5536 situlam
957 5494 1084 5532 cum
1103 5491 1251 5546 aqua
1273 5471 1580 5536 benedicta,
1598 5468 1695 5522 alii
1721 5468 1832 5522 duo
1850 5472 2139 5538 portantes

629 5568 736 5644 (63)
765 5569 1070 5636 Arculam;
1097 5580 1248 5622 nunc
1272 5564 1592 5619 naviculam
1619 5556 1920 5630 appellant.

2223 4404 2425 4458 vexilla
2465 4408 2710 4474 portant,
2753 4407 2811 4456 et
2838 4403 3052 4457 caeteris
3080 4405 3339 4473 superius
3367 4405 3530 4459 dictis
3577 4406 3798 4478 portito-

2225 4492 2399 4558 ribus,
2432 4496 2648 4546 servato
2677 4491 2747 4545 ab
2765 4491 3023 4546 omnibus
3042 4492 3236 4546 ordine
3265 4492 3325 4548 in
3343 4494 3631 4549 redeundo
3645 4508 3796 4566 quem

2224 4580 2545 4635 habuerunt
2571 4579 2629 4634 in
2660 4580 2864 4634 eundo.
2899 4579 3110 4643 Quibus
3135 4582 3562 4637 transeuntibus
3588 4585 3798 4637 ﬂectent

2222 4686 2428 4740 genua,
2460 4685 2574 4722 non
2601 4669 2769 4722 simul
2795 4685 3008 4733 omnes,
3044 4669 3141 4722 sed
3171 4669 3376 4740 singuli
3414 4671 3547 4725 hinc
3578 4676 3635 4726 et
3661 4671 3794 4733 inde,

2224 4757 2370 4812 sicut
2391 4758 2661 4811 feretrum
2710 4756 2975 4810 transibit
3021 4761 3152 4811 ante
3181 4775 3291 4812 eos.
3339 4759 3675 4814 Percantata
3706 4759 3796 4811 hac

2223 4846 2550 4917 antiphona,
2599 4851 2826 4900 cantent
2871 4850 2928 4899 et
2974 4845 3103 4913 alia,
3136 4846 3183 4901 si
3220 4847 3465 4917 spatium
3518 4848 3624 4904 loci
3651 4849 3797 4919 plura

2223 4936 2560 5006 p0poscerit.
2593 4934 2736 4988 Cum
2780 4933 3036 4987 venerint
3086 4935 3158 4988 ad
3203 4942 3394 5005 portas
3433 4936 3670 4990 civitatis
3697 4942 3797 4990 sta-

2221 5022 2435 5077 tionem
2464 5023 2688 5090 taciant,
2741 5023 3014 5093 separatis
3043 5023 3114 5077 ad
3153 5023 3409 5089 invicem,
3449 5031 3617 5094 prout
3655 5025 3794 5078 locus

2221 5110 2487 5182 patietur,
2520 5111 2773 5182 utrisque
2803 5109 3090 5175 lateribus,
3120 5112 3392 5164 feretrum
3418 5127 3549 5165 vero
3569 5117 3696 5165 ante
3722 5110 3795 5162 in-

2223 5200 2456 5254 troitum
2484 5205 2774 5270 portarum
2802 5201 2881 5254 sic
2907 5207 3150 5271 ponatur
3176 5217 3344 5270 super
3364 5215 3618 5254 mensam
3638 5197 3792 5271 pallio

2222 5294 2542 5360 coopertam
2568 5294 2632 5343 ut
2659 5288 2910 5360 praedicti
2936 5289 3254 5359 portitores,
3289 5305 3352 5342 ex
3372 5294 3612 5359 utroque
3632 5290 3793 5341 latere

2221 5383 2454 5445 stantes,
2488 5376 2734 5433 habeant
2765 5378 2836 5432 ad
2872 5377 3141 5432 feretrum
3169 5377 3230 5431 in
3267 5377 3452 5431 medio
3481 5393 3674 5432 eorum
3701 5390 3791 5446 po-

2221 5467 2396 5524 situm
2426 5483 2617 5522 versas
2645 5467 2815 5523 facies
2862 5482 3011 5524 suas.
3040 5467 3218 5525 Locus
3244 5481 3375 5520 vero
3421 5481 3591 5536 super
3634 5465 3791 5519 intro-
