3878 6388
107 347 195 408 457
698 372 709 378 ε
1014 339 1345 397 DECRETA
1386 340 1529 396 PRO
1570 339 1845 395 ORDINE
1882 341 1941 394 s.
1979 335 2382 394 BENEDICTI.
3222 342 3331 402 453

101 475 225 527 itum
249 473 525 542 portarum
552 469 785 522 honeste
812 465 978 521 debet
1004 482 1128 521 esse
1169 471 1400 537 paratus
1444 471 1502 521 et
1527 483 1653 521 cor-
1672 468 1718 524 A
1738 462 2057 530 Defunctis;
2089 460 2334 517 ofﬁcium
2350 461 2718 528 Mortuorum,
2743 461 2893 534 quod
2922 466 3051 535 post
3073 479 3334 522 mensam

103 561 217 616 tinis
245 558 451 632 [aulaeis
469 574 559 611 seu
578 554 880 629 tapetibus]
904 559 963 610 et
988 554 1322 610 dorsalibus.
1737 551 1847 605 dici
1869 552 2012 605 solet
2040 565 2153 605 non
2202 550 2421 605 dicatur
2445 568 2458 617 ;
2503 550 2748 621 hymnus
2793 551 2866 606 ad
2906 554 3334 625 completorium

160 649 350 703 Taliter
377 647 631 702 ordinata
661 645 925 710 statione,
969 649 1174 698 canant
1212 644 1372 717 pueri
1418 645 1487 699 de
1534 645 1654 699 loco
1743 642 1827 706 Te,
1864 643 2002 694 lucis
2022 645 2151 694 ante
2183 642 2510 705 terminum,
2539 639 2635 710 qui
2664 640 2925 695 similiter
2948 636 3218 697 dicendus
3246 649 3334 699 est

102 744 228 810 apto,
242 742 294 792 et
315 736 406 807 qui
435 739 706 806 praecepto
727 733 972 788 cantoris
998 749 1126 787 cum
1146 733 1228 787 eis
1255 738 1441 797 erunt,
1466 735 1654 789 Gloria
1737 728 1996 784 omnibus
2021 727 2216 783 diebus
2243 743 2422 799 usque
2442 728 2514 782 ad
2545 729 2827 783 Kalendas
2846 730 3335 787 Novembris.Post

103 829 222 893 laus,
251 830 305 881 et
342 824 595 879 similiter
622 824 826 878 chorus
860 822 1216 894 respondeat.
1259 821 1446 887 Pueri,
1480 812 1652 876 Israel
1735 818 2161 889 completorium
2186 817 2404 872 cortina
2423 817 2758 888 deponatur.

101 932 143 969 es
168 921 220 968 tu
242 917 359 976 Rex,
385 919 441 967 et
459 913 680 977 chorus,
705 915 811 967 (Jui
831 915 1044 979 puerile
1074 913 1265 974 decus;
1302 910 1436 964 item
1467 910 1647 981 pueri,
1806 907 1971 960 Feria
1991 906 2188 977 quinta
2202 911 2289 960 tot
2309 905 2554 959 candelae
2573 907 3092 964 accendanturante
3110 912 3328 979 Laetare,

100 1005 225 1057 Plebs
256 1004 467 1056 Hebraea
507 1002 624 1065 tibi,
681 1005 739 1053 et
790 1000 1013 1059 chorus,
1069 1000 1181 1053 Cui
1224 1001 1481 1067 puerile;
1516 998 1653 1052 item
1740 1001 1879 1065 quot
1908 995 2247 1065 antiphonas
2279 1000 2336 1047 et
2369 999 2506 1064 quot
2532 996 2891 1065 responsoria
2916 998 3133 1053 cantari
3165 1016 3333 1071 opor-

100 1091 251 1162 pueri,
282 1091 459 1146 Gratus
479 1091 540 1142 in
571 1090 810 1152 excelsis,
844 1092 903 1141 et
924 1088 1147 1153 chorus,
1181 1089 1371 1143 Gloria
1392 1091 1534 1141 laus.
1555 1088 1656 1142 llis
1739 1089 1838 1138 tet.
1874 1083 2074 1138 Finitis
2086 1082 2268 1137 tribus
2297 1082 2644 1137 orationibus
2667 1084 2927 1139 sedentes
2956 1088 3200 1157 psallant
3224 1088 3335 1142 sin-

100 1179 234 1233 dictis
260 1178 477 1232 inchoet
500 1181 695 1231 cantor
724 1176 1142 1247 responsorium
1177 1177 1520 1243 Ingredientc
1550 1179 1655 1230 Do-
1738 1173 1856 1243 guli
1884 1173 2115 1226 silenter
2134 1170 2452 1241 quindecim
2482 1171 2746 1242 psalmos,
2782 1172 2992 1244 absque
3012 1176 3203 1230 Gloria
3223 1179 3332 1230 Pa-

100 1270 260 1333 mino;
311 1270 365 1320 et
403 1264 753 1334 ingrediente
790 1263 1073 1317 civitatem
1116 1262 1496 1334 processione,
1543 1262 1653 1316 duo
1739 1264 1835 1326 tri,
1868 1277 1994 1314 cum
2026 1259 2283 1329 capitulis
2330 1264 2387 1313 et
2424 1260 2668 1314 collectis
2705 1263 3007 1317 consuetis.
3039 1263 3127 1318 Ad
3170 1267 3334 1319 Pater

99 1356 287 1423 majora
310 1354 471 1423 signa
494 1358 670 1419 πθ.
712 1352 1025 1422 pulsentur,
1042 1351 1219 1405 donec
1240 1357 1442 1404 caetera
1469 1350 1650 1420 signa,
1739 1355 1921 1404 noster
1956 1352 2318 1419 prosternant
2348 1364 2408 1402 se
2452 1365 2620 1419 super
2659 1348 2886 1413 formas,
2928 1356 2984 1404 et
3028 1350 3230 1406 abbate
3260 1353 3334 1407 si-

99 1443 414 1514 processione
442 1441 692 1495 intrante
720 1440 779 1494 in
813 1441 1069 1503 chorum,
1098 1440 1392 1510 pulsentur
1421 1440 1491 1493 ad
1526 1439 1656 1492 mis-
1735 1454 1909 1509 gnum
1957 1437 2195 1491 faciente
2233 1442 2487 1507 surgant.
2539 1437 2694 1491 Inter
2727 1438 3079 1508 psallendum
3117 1445 3175 1494 et
3201 1445 3332 1495 ante

98 1548 213 1586 sam.
263 1531 350 1586 Sic
393 1529 652 1585 ordinata
681 1529 983 1599 processio,
1027 1529 1255 1582 veniens
1300 1545 1478 1599 usque
1523 1533 1654 1581 ante
1737 1532 2071 1580 nocturnam
2091 1526 2385 1596 pulsentur
2401 1524 2563 1594 signa
2581 1524 2727 1579 sicut
2745 1525 2803 1579 in
2833 1526 3126 1582 duodecim
3145 1528 3335 1583 lectio-

98 1626 259 1691 portas
302 1619 651 1681 monasterii,
695 1618 867 1672 faciat
919 1617 1239 1681 stationem,
1303 1617 1654 1670 servantibus
1738 1614 1922 1669 nibus.
1956 1614 2202 1668 Pulsatis
2235 1612 2497 1668 omnibus
2517 1612 2692 1683 signis
2708 1614 2934 1670 inchoet
2959 1615 3336 1672 hebdomada-

97 1709 256 1780 pueris
283 1708 539 1763 ordinem
563 1724 729 1762 suum
748 1707 898 1761 inter
924 1711 1229 1776 utrumque
1257 1706 1510 1760 chorum.
1543 1706 1655 1759 De-
1738 1704 1856 1758 rius
1886 1703 2254 1774 antiphonam
2298 1705 2457 1757 Zelus
2495 1705 2690 1757 domus
2732 1710 2855 1758 tua.
2889 1706 3029 1759 Cum
3059 1705 3338 1777 incipiunt

96 1802 308 1868 ponatur
329 1798 537 1851 iterum
556 1796 828 1851 feretrum
854 1811 1025 1865 super
1049 1811 1301 1848 mensam
1333 1795 1504 1865 pallio
1525 1810 1654 1847 coo-
1675 1794 2038 1871 Bpsalmum,
2067 1797 2264 1864 petant
2285 1791 2505 1845 veniam
2530 1808 2700 1863 super
2723 1792 2955 1859 formas,
2978 1798 3036 1848 et
3053 1793 3125 1848 ad
3157 1800 3338 1849 matu-

95 1887 522 1957 pertam.Cantor
547 1902 679 1940 vero
700 1884 781 1939 sic
800 1889 969 1939 antea
987 1883 1292 1953 inemptum
1321 1882 1528 1936 habeat
1545 1899 1659 1936 res-
1742 1882 1892 1936 tinas
1936 1881 2133 1936 laudes
2164 1879 2445 1934 similiter.
2477 1881 2587 1934 Per
2624 1880 2876 1951 singulas
2914 1882 3252 1954 antiphonas
3282 1888 3339 1937 et

94 1975 385 2045 ponsorium
398 1974 493 2029 Gal
500 1977 677 2041 legeru
686 1978 746 2027 nt
755 1975 1035 2041 pontiﬁces
1054 1977 1118 2026 ut
1132 1978 1267 2026 tunc
1281 1988 1452 2042 prope
1467 1976 1656 2025 canta-
1740 1971 1963 2040 singula
1980 1969 2337 2040 responsoria
2358 1968 2789 2038 exstinguantur
2805 1970 3041 2041 singulae
3051 1972 3296 2026 candelae
3322 1990 3335 2038 ;

93 2064 298 2132 tumsit;
317 2080 425 2135 quo
438 2068 666 2117 cantato
679 2067 795 2116 tres
817 2070 918 2116 aut
946 2067 1189 2132 quatuor
1216 2061 1439 2125 fratres,
1472 2060 1657 2114 induti
1738 2058 2006 2113 lectiones
2037 2060 2159 2111 sine
2188 2059 2343 2124 Jube,
2374 2059 2589 2121 domne,
2624 2058 2705 2111 vel
2749 2063 2809 2111 tu
2838 2063 3024 2113 autem
3055 2060 3337 2129 legantur.

96 2152 257 2223 cappis
284 2169 420 2223 quas
457 2150 796 2205 secretarius
829 2149 907 2203 ibi
949 2154 1171 2220 paratas
1204 2149 1426 2213 habeat,
1455 2153 1660 2203 canant
1739 2151 1942 2205 Primae
1970 2157 2085 2205 tres
2110 2150 2180 2204 de
2207 2149 2703 2204 lamentationibus
2731 2150 2988 2206 Jeremize
3018 2151 3141 2206 sine
3169 2157 3358 2231 cantu.

96 2256 286 2295 versum
318 2243 468 2296 Unus
484 2244 670 2294 autem
686 2241 916 2308 eae-ipsis,
945 2243 1158 2292 stantes
1187 2238 1336 2291 inter
1350 2238 1581 2292 chorum
1603 2241 1661 2291 et
1741 2244 1797 2293 et
1817 2238 2129 2310 alphabetis
2157 2238 2526 2309 praescriptis;
2576 2238 2636 2292 in
2673 2239 2916 2293 secundo
2946 2242 3239 2307 noeturno,
3270 2241 3341 2294 de

96 2330 481 2401 reliquias.Quo
500 2328 674 2393 ﬁnito,
690 2344 817 2382 cum
840 2344 1100 2397 regressu
1119 2327 1334 2381 intrent
1347 2326 1653 2388 ecclesiam,
1744 2326 2087 2398 expositione
2111 2326 2311 2396 psalmi
2333 2327 2572 2390 Exaudi,
2602 2327 2762 2391 Deus,
2796 2330 3105 2382 orationem
3132 2344 3335 2394 meam,

98 2423 292 2473 cantore
334 2418 637 2472 inchoante
666 2416 1033 2486 antiphonam
1062 2418 1364 2483 Principes,
1398 2420 1456 2469 et
1489 2415 1659 2468 aliam
1743 2433 1872 2470 cum
1901 2418 2182 2484 deprecor;
2204 2415 2261 2469 in
2279 2415 2449 2469 tertio
2470 2415 2538 2469 de
2557 2415 2806 2485 Epistola
2827 2415 2989 2470 Pauli
3011 2417 3344 2471 Convenien-

98 2504 581 2576 Appropinquabat.
610 2507 680 2560 Et
712 2505 954 2575 ingressi
994 2504 1295 2558 Ecclesiam
1325 2504 1532 2557 faciant
1553 2509 1662 2557 sta-
1745 2506 1890 2558 tibus
1914 2506 2089 2568 vobis;
2141 2503 2465 2574 antiphonae
2503 2520 2696 2557 omnes
2727 2510 2785 2558 et
2831 2504 3087 2560 versiculi
3133 2505 3345 2576 absque

98 2593 278 2649 tionem
311 2612 412 2667 per
458 2594 652 2649 omnia
697 2594 938 2648 similem
977 2598 1107 2647 ante
1138 2592 1475 2647 Cruciﬁxum
1504 2592 1660 2663 prius
1744 2593 1874 2646 ﬁnis
1904 2593 2169 2647 melodia.
2195 2594 2260 2647 In
2287 2592 2580 2647 matutinis
2602 2592 2881 2658 laudibus,
2915 2610 3041 2648 cum
3064 2594 3348 2665 incipiunt

100 2681 369 2738 detectum.
408 2685 600 2754 Atque
627 2682 703 2736 ibi
733 2699 767 2736 a
794 2681 975 2735 tribus
1002 2683 1088 2735 vel
1128 2684 1372 2752 quatuor
1397 2680 1665 2735 fratribus
1749 2680 2029 2751 psalmum
2060 2682 2302 2734 Laudate
2330 2682 2633 2734 Dominum
2661 2682 2725 2734 de
2766 2684 2927 2746 caelis,
2970 2682 3180 2736 vadant
3222 2698 3347 2736 ma-

100 2776 328 2826 cantetur
373 2773 434 2826 in
469 2771 663 2843 cappis
701 2769 1116 2842 responsorium
1150 2771 1662 2825 Gircumdederunt.
1748 2769 1911 2841 gistri
1937 2768 2088 2823 inter
2110 2769 2374 2834 infantes,
2400 2768 2495 2839 qui
2516 2774 2574 2823 et
2599 2769 2744 2823 versi
2775 2769 2890 2823 sint
2917 2770 2988 2824 ad
3013 2770 3246 2841 priores,
3277 2769 3351 2824 si-

100 2858 200 2921 Quo
218 2865 435 2914 cantato
451 2859 689 2930 incipiat
710 2859 882 2913 abbas
896 2858 1317 2929 responsorium
1346 2859 1664 2925 Synagoga’,
1751 2862 1846 2910 cut
1866 2862 1923 2911 et
1947 2857 2058 2927 ipsi
2085 2857 2328 2911 infantes
2353 2875 2364 2923 ;
2393 2858 2628 2927 juvenes
2651 2874 2805 2924 vero,
2852 2858 2949 2928 qui
2994 2858 3053 2912 in
3094 2858 3349 2913 custodia

99 2952 143 3000 et
183 2947 383 3003 intrent
422 2950 664 3003 chorum
709 2947 1038 3003 sonantibus
1082 2947 1154 3001 ad
1189 2947 1420 3001 missam
1473 2945 1665 3017 signis,
1750 2952 1899 3010 sunt,
1925 2945 2135 3000 mistim
2166 2945 2359 3000 sintin
2387 2946 2584 2999 ordine
2628 2946 2934 3000 seniorum.
2970 2947 3227 3002 Candelae
3259 2964 3350 3000 ex-

99 3036 303 3091 missam
347 3038 655 3103 celebrent,
697 3037 915 3108 palmas
945 3041 1004 3090 et
1031 3036 1259 3089 frondes
1303 3035 1363 3089 in
1411 3034 1669 3089 manibus
1687 3085 1728 3108 η
1752 3034 2115 3104 stinguantur
2142 3033 2202 3087 in
2227 3037 2347 3087 toto
2372 3033 2733 3099 monasterio,
2768 3038 2971 3104 praeter
2996 3051 3190 3101 unam,
3223 3052 3350 3107 quae

101 3085 303 3091 τ---ηη
351 3085 655 3103 "ww-nu,
698 3085 911 3108 τ--υ-π-
951 3085 1002 3090 η
1032 3085 1257 3089 ------η
2239 3085 2275 3087 η
2326 3085 2335 3087 α
2394 3085 2425 3086 η
3004 3085 3190 3101 mw“,
3228 3085 3347 3107 ι-ν-

98 3122 330 3191 babeant,
363 3141 574 3197 easque
606 3130 735 3196 post
763 3124 1101 3179 oblationem
1130 3124 1291 3195 panis
1322 3128 1379 3177 et
1415 3123 1547 3189 vini,
1578 3123 1666 3177 in-
1685 3085 1808 3176 Cin
1837 3122 2005 3176 choro
2034 3122 2265 3188 ardeat;
2311 3138 2434 3192 quae
2481 3126 2539 3175 et
2575 3121 2716 3193 ipsa,
2769 3127 2997 3178 cantore
3045 3124 3348 3196 incipiente

97 3211 306 3284 cipiente
333 3215 592 3281 diacono,
613 3212 798 3269 cuncti
818 3230 919 3285 per
946 3212 1201 3268 ordinem
1231 3214 1486 3267 offerant.
1750 3217 2113 3289 antiphonam
2158 3219 2418 3272 Traditor
2454 3223 2661 3280 autem,
2710 3218 3123 3290 exstinguatur.
3154 3220 3345 3275 Finita

155 3303 366 3358 Tabulae
420 3302 707 3358 refectorii
744 3307 1020 3374 cooperta:
1067 3301 1199 3356 sint.
1250 3303 1384 3356 Post
1412 3317 1665 3356 mensam
1748 3304 2059 3376 antiphona
2086 3309 2387 3358 curventur
2425 3320 2595 3375 super
2626 3304 2834 3359 formas
2876 3305 2980 3360 sub
3018 3306 3240 3362 silentio
3268 3308 3350 3362 di-

99 3391 382 3447 meridiana
410 3393 553 3447 hora
580 3391 640 3445 in
668 3391 825 3445 lectis
862 3390 977 3445 suis
1016 3390 1323 3461 quiescant.
1358 3389 1669 3462 Appropin-
1750 3398 1941 3448 centes
1970 3395 2139 3461 Kyrie
2177 3394 2395 3458 eleison,
2423 3394 2586 3446 Pater
2614 3397 2815 3460 noster,
2847 3411 3042 3465 preces
3068 3395 3179 3464 Ego
3200 3397 3344 3463 dixi,

101 3487 282 3550 quante
299 3483 442 3537 hora
465 3498 638 3547 nona,
673 3481 859 3551 pulset
886 3480 1222 3535 secretarius
1236 3480 1460 3550 signum
1481 3479 1668 3534 minus
1750 3484 2000 3545 Domine,
2037 3480 2314 3552 psalmum
2348 3482 2601 3535 Miserere
2634 3484 2763 3547 mei,
2815 3483 2974 3549 Deus,
3017 3483 3198 3538 solum
3228 3484 3351 3539 sine

103 3570 321 3637 modice;
350 3577 491 3625 tunc
528 3575 763 3640 surgant
799 3585 1011 3634 omnes,
1067 3574 1125 3623 et
1171 3569 1359 3623 lavent
1388 3585 1589 3622 manus
1613 3572 1671 3622 et
1752 3572 1942 3627 Gloria
1966 3573 2145 3634 Patri,
2178 3569 2467 3623 collectam
2495 3571 2725 3639 Respice,
2741 3587 3070 3641 quaesumus,
3096 3575 3344 3638 Domine;

101 3656 264 3723 facies,
295 3669 352 3714 et
378 3663 613 3730 pectant
638 3675 718 3721 se,
765 3662 822 3711 et
861 3663 1100 3728 pergant
1143 3656 1201 3711 in
1238 3656 1527 3711 ecclesiam
1575 3673 1670 3710 se-
1751 3659 2024 3730 signoque
2051 3658 2196 3713 facto
2221 3657 2291 3712 ab
2318 3657 2520 3713 abbate
2549 3660 2635 3712 vel
2665 3659 2850 3730 priore
2879 3666 3172 3732 surgentes
3195 3661 3351 3717 incli-

102 3744 356 3819 deantque
382 3747 442 3802 in
472 3747 662 3801 choro.
696 3746 836 3800 Cum
867 3746 1110 3800 infantes
1149 3746 1248 3799 loti
1276 3745 1487 3799 fuerint
1514 3751 1572 3799 et
1600 3745 1670 3798 ad
1753 3753 1911 3813 nent,
1942 3748 2088 3802 sicut
2115 3748 2316 3813 solent,
2349 3752 2480 3801 ante
2502 3752 2559 3801 et
2573 3753 2742 3815 retro,
2760 3753 2817 3802 et
2833 3754 2943 3803 stet
2964 3748 3350 3822 unusquisque

101 3836 313 3890 tersoria
333 3837 418 3891 ire
446 3835 1004 3906 cmperint,pulsante
1031 3834 1213 3904 majus
1243 3835 1465 3904 signum
1494 3850 1671 3888 secre-
1752 3836 1811 3891 in
1855 3839 1975 3891 loco
2029 3854 2130 3891 suo
2164 3853 2457 3907 usquequo
2495 3836 2764 3907 magister
2793 3837 3073 3892 infantum
3104 3840 3351 3893 laternas

99 3923 241 3991 tario,
270 3930 508 3995 surgant
534 3939 729 3977 omnes
757 3923 827 3977 de
851 3922 1117 3977 sedilibus
1136 3922 1269 3989 suis,
1299 3929 1373 3989 et,
1404 3922 1672 3992 ingressis
1753 3942 2013 3980 accensas
2050 3926 2108 3979 in
2141 3925 2373 3979 chorum
2403 3924 2632 3990 deferat,
2670 3929 2726 3978 et
2750 3924 2887 3995 ipsis
2914 3925 3220 3982 infantibus
3247 3928 3353 3982 tri-

100 4010 307 4068 cborum
338 4012 669 4078 infantibus,
688 4011 898 4066 faciant
925 4012 1080 4082 prius
1110 4012 1442 4075 orationem,
1474 4017 1672 4081 postea
1753 4014 1893 4069 buat
1922 4037 1935 4078 ;
1970 4014 2306 4068 secretarius
2345 4029 2566 4084 quoque
2596 4013 2862 4067 accendat
2890 4015 3080 4069 lumen
3107 4021 3239 4070 ante
3262 4017 3346 4070 al-

100 4107 303 4156 cantent
321 4118 530 4157 nonam
548 4102 696 4165 .Qua
714 4106 938 4155 cantata
954 4102 1175 4171 pulsato
1197 4100 1452 4171 cymbalo
1476 4118 1510 4154 a
1530 4101 1674 4171 prio-
1754 4110 1895 4167 tare,
1930 4103 2078 4157 unde
2093 4104 2327 4172 juvenes
2356 4102 2602 4156 laternas
2631 4118 2761 4155 suas
2786 4103 3110 4159 accendant.
3143 4104 3244 4160 His
3269 4105 3352 4161 ita

100 4202 150 4241 re
187 4196 417 4261 pergant
458 4205 653 4244 omnes
695 4189 755 4244 in
797 4189 1172 4243 refectorium.
1233 4188 1383 4242 Talis
1426 4188 1561 4242 ordo
1603 4188 1673 4242 dc
1756 4191 2014 4265 peractiS,
2048 4195 2405 4245 revertantur
2431 4190 2721 4245 omnesad
2750 4190 2925 4245 lectos
2952 4207 3103 4252 suos,

98 4278 383 4333 meridiana
395 4283 652 4333 servetur
675 4282 797 4333 tota
823 4283 1034 4341 aestate,
1060 4277 1302 4347 exceptis
1325 4276 1671 4347 jejuniorum
1822 4282 2160 4335 Lucesccnte
2190 4278 2300 4346 die,
2345 4278 2426 4332 ita
2472 4283 2536 4332 ut
2573 4278 2731 4350 pueri
2775 4283 2833 4334 et
2853 4281 3087 4350 juvenes
3124 4283 3247 4339 sine
3274 4285 3352 4339 la-

100 4363 289 4433 diebus,
325 4385 507 4439 usque
532 4368 601 4421 ad
623 4367 905 4422 Kalendas
940 4365 1212 4422 Octobris:
1684 4369 1926 4459 Dternis
1955 4369 2169 4440 possint
2194 4368 2361 4433 exire,
2376 4367 2630 4438 pulsetur
2658 4384 2693 4421 a
2723 4371 3025 4425 secretario
3056 4374 3346 4443 parvulum

158 4454 310 4511 Feria
337 4457 512 4512 tertia
538 4455 773 4511 radendi
803 4460 936 4511 sunt
961 4455 1187 4516 fratres,
1216 4455 1277 4508 in
1316 4454 1558 4508 claustro
1590 4454 1667 4508 si-
1684 4454 1730 4459 _
1751 4460 1975 4530 signum
2005 4456 2461 4512 modice.Statim
2488 4462 2784 4528 surgentes
2801 4458 3003 4515 fratres
3024 4462 3272 4517 calceent
3290 4481 3349 4519 se

98 4543 201 4597 111111
222 4544 342 4616 ipsa
360 4545 453 4600 die
478 4565 491 4613 ;
517 4545 642 4600 etin
657 4544 902 4599 crastino
918 4544 1124 4599 debent
1145 4547 1294 4597 esset
1308 4542 1512 4596 balnea
1534 4559 1672 4613 ρτεε-
1752 4546 2177 4603 nocturnalibus
2209 4544 2345 4611 suis,
2378 4550 2436 4599 et
2472 4545 2550 4600 sic
2598 4545 2822 4600 veniant
2848 4548 2908 4602 in
2935 4549 3188 4617 chorum,
3222 4569 3350 4607 cur-

101 4639 300 4715 Ρθιζθῐθ-
355 4635 492 4699 Quae
540 4650 648 4705 quo
691 4633 889 4688 ordine
932 4635 1089 4696 ﬁant,
1124 4637 1181 4687 et
1212 4631 1492 4703 quomodo
1538 4631 1672 4685 illuc
1753 4643 1949 4691 vantes
2001 4652 2061 4689 se
2100 4650 2268 4705 super
2311 4634 2518 4688 formas
2565 4635 2621 4688 in
2668 4635 2863 4691 ordine
2894 4654 3014 4705 suo,
3060 4656 3351 4713 quousque

100 4718 280 4776 fratres
303 4722 387 4778 ire
414 4728 473 4778 et
500 4722 742 4793 qualiter
770 4721 849 4776 ibi
887 4739 947 4777 se
985 4721 1192 4776 habere
1215 4721 1473 4786 debeant,
1504 4737 1673 4791 supe-
1757 4730 1946 4791 πυτ
1973 4723 2214 4777 infantes
2247 4722 2488 4776 veniant.
2522 4722 2630 4787 Qui
2658 4723 2792 4779 dum
2821 4726 3094 4794 venerint,
3125 4735 3353 4800 peracta

100 4806 205 4862 rius
222 4811 429 4866 dictum
464 4815 567 4878 est,
611 4827 737 4865 cum
774 4827 959 4865 sermo
989 4815 1137 4865 esset
1174 4810 1243 4863 de
1286 4809 1501 4863 balneis
1542 4814 1674 4863 ante
1754 4813 2028 4879 oratione,
2052 4813 2311 4883 factoque
2329 4811 2489 4882 signo
2516 4812 2585 4867 ab
2605 4812 2828 4884 abbate,
2850 4819 3351 4888 surgentesstatim
3390 4884 3395 4889 _

104 4895 290 4955 Christi
309 4900 674 4955 Nativitatem
704 4900 1102 4972 praeparandis.
1477 4926 1509 4941 ι»
1756 4902 2028 4972 incipient
2044 4902 2318 4973 hymnum
2342 4904 2468 4955 Jam
2497 4903 2635 4967 lucis
2664 4909 2782 4958 orto
2799 4906 2994 4973 sidere,
3018 4906 3227 4978 absque
3245 4910 3350 4963 Deo

167 4985 318 5044 Feria
346 4994 551 5061 quarta
568 5005 682 5044 non
702 4995 906 5059 agatur
931 4988 1246 5061 processio;
1280 4994 1479 5043 cratera
1498 5005 1674 5060 agan-
1756 4994 1917 5046 Patri
1943 4993 2013 5044 sit
2037 4993 2239 5060 gloria.
2267 4990 2333 5045 Et
2355 4989 2617 5045 inchoata
2637 4991 2963 5064 antiphona,
2991 4995 3249 5050 dicantur
3266 5013 3351 5051 re-

106 5076 187 5126 tur
211 5091 359 5132 more
383 5078 550 5132 solito
578 5094 758 5149 usque
788 5078 859 5132 ad
896 5094 1177 5149 vesperas.
1225 5079 1372 5133 Ante
1413 5094 1675 5148 vesperas
1729 5080 1981 5150 ‘gulares
2011 5079 2234 5150 psalmi,
2278 5084 2335 5134 et
2379 5081 2701 5149 Quicunque
2729 5086 2848 5138 vult
2876 5083 2998 5137 sine
3032 5085 3220 5140 Gloria
3249 5087 3349 5139 Pa-

105 5176 203 5217 non
220 5164 477 5222 dicantur
492 5166 694 5239 psalmi
707 5168 1106 5233 Deus,auribus
1127 5170 1349 5233 nostris,
1380 5168 1678 5239 pulsentur
1762 5173 1857 5224 tri.
1890 5168 2077 5223 Finita
2111 5169 2437 5239 antiphona,
2487 5170 2702 5224 curvati
2751 5186 2919 5241 super
2937 5173 3165 5239 formas,
3199 5173 3353 5229 dicat

110 5248 250 5321 signa
276 5255 422 5311 sicut
450 5256 508 5310 in
530 5256 688 5311 festis
727 5255 942 5321 diebus,
971 5257 1387 5327 responsorium
1430 5258 1676 5312 Circum-
1758 5258 2143 5330 unusquisque
2171 5258 2321 5330 apud
2359 5275 2418 5312 se
2444 5258 2502 5312 in
2523 5258 2743 5313 silentio
2773 5262 2943 5327 Kyrie
2966 5264 3351 5324 eleison,Pater

111 5339 357 5399 dederunt
381 5362 489 5400 me.
510 5344 992 5400 Hebdomadarius
1018 5351 1386 5417 canatpreces
1406 5347 1516 5413 Ego
1531 5348 1673 5412 dixi,
1761 5354 1963 5414 noster,
1998 5349 2163 5404 Credo
2203 5351 2267 5402 in
2296 5350 2489 5414 Deum,
2522 5363 2714 5418 preces
2741 5364 2917 5419 usque
2947 5350 3019 5403 ad
3054 5351 3352 5407 confessio-

108 5428 337 5499 Domine,
385 5434 637 5505 psalmus
671 5435 739 5489 ad
791 5451 984 5507 preces
1030 5435 1380 5490 solummodo
1428 5437 1683 5490 Miserere
1763 5453 1911 5504 nem,
1955 5437 2212 5509 factoque
2254 5437 2416 5507 signo
2446 5435 2515 5489 ab
2558 5435 2775 5500 abbate,
2807 5437 3028 5492 dicatur
3055 5441 3349 5498 confessio.

112 5520 224 5583 mei,
254 5520 413 5588 Deus,
458 5522 659 5593 psalmi
686 5522 956 5595 prostrati
984 5537 1098 5577 non
1123 5522 1400 5577 dicantur.
1431 5522 1565 5577 Post
1585 5539 1680 5578 ve-
1762 5524 1974 5580 Deinde
1989 5526 2221 5581 silenter
2239 5542 2362 5597 qua:
2386 5528 2702 5595 sequuntur
2722 5523 2912 5580 dicant
2929 5544 2939 5578 :
2956 5529 3213 5585 Converte
3234 5549 3348 5601 nos,

113 5618 287 5675 speras
314 5609 385 5664 de
425 5610 685 5667 omnibus
730 5611 969 5679 Sanctis,
1003 5611 1261 5666 dicantur
1296 5627 1539 5684 vespera:
1580 5630 1681 5684 pro
1765 5618 1818 5669 et
1833 5620 2073 5682 caetera;
2106 5616 2358 5670 Miserere
2379 5614 2502 5681 mei,
2524 5614 2681 5681 Deus,
2708 5612 2831 5668 sine
2851 5614 3355 5687 Gtoria,collectam

332 5708 600 5773 PATROL.
648 5709 770 5772 CL.

3014 5722 3117 5783 ’15
