3878 6372
117 331 202 401 461

1028 327 1360 392 ΒΕΟΒΕΤΑ
1396 327 1540 391 PRO
1579 323 1853 391 .QRDINE
1891 323 1949 389 ὃ·
1991 324 2395 390 ΒΕΝΕΩΙΩΤΙ.

3240 325 3348 394 462

112 474 220 521 mm
241 457 547 519 osculantes
574 471 768 518 eorum
809 469 1027 518 manus.
1063 453 1219 522 Ipsos
1249 451 1508 514 denarios
1532 447 2114 524 dareAmonastel‘iO.
2157 450 2305 518 quod
2351 454 2482 513 ante
2523 452 2875 522 collationem
2901 454 2961 516 in
2990 455 3348 534 retectqrium

110 545 253 608 debet
263 543 518 607 fratribus
537 541 860 604 cellerarius
881 547 979 604 aut
992 540 1262 604 camerari
1272 537 1671 604 us,secundurn

112 633 238 702 quod
250 633 428 695 abbati
441 632 615 686 visum
631 631 814 686 fuerit.
833 631 1057 683 Fratres
1075 629 1170 698 qui
1189 647 1252 681 eo
1266 645 1412 690 anno
1427 625 1671 688 defuncti

111 726 238 783 sunt,
252 737 375 786 suos
390 737 660 790 pauperes
676 719 744 780 ad
758 719 862 780 hoc
877 718 1198 780 mandatum
1217 717 1420 779 habere
1440 715 1665 784 debent;

110 811 338 872 similiter
349 815 404 871 et
413 809 712 874 familiares
724 807 823 870 illi,
841 823 940 877 pro
955 806 1156 877 quibus
1168 823 1314 865 unus
1330 807 1384 859 in
1401 808 1504 864 hoc
1521 826 1674 867 man-

109 900 220 965 dato
239 914 504 969 pauperes
533 897 736 961 debere
757 896 886 966 poni
917 895 1088 957 abbas
1116 896 1424 957 decreverit
1459 897 1672 959 Quibus

109 987 415 1058 pauperibus
443 976 759 1056 Supradicto
780 985 945 1044 modo
985 984 1230 1041 serviant
1248 984 1450 1040 fratres
1471 986 1672 1056 quibus

109 1078 388 1146 injunctum
413 1076 600 1139 fuerit,
618 1076 759 1136 alter
777 1075 964 1136 nullus
979 1079 1298 1143 praesumat.
1316 1075 1574 1137 Quandiu
1602 1078 1671 1130 ad

111 1171 194 1222 hoc
206 1168 518 1228 mandatum
530 1167 839 1234 cantant,id
851 1167 1096 1230 est,dum
1108 1182 1415 1236 pauperum
1431 1168 1598 1236 pedes
1611 1186 1674 1222 ac

108 1273 282 1316 manus
304 1257 580 1320 lavantur,
613 1255 814 1322 sedere
841 1259 1074 1324 possunt
1102 1253 1197 1323 qui
1246 1255 1456 1320 ,volunt,
1490 1273 1553 1309 eo
1590 1263 1670 1310 ta-

108 1364 215 1401 men
251 1346 410 1400 modo
442 1363 552 1416 quo
590 1346 816 1400 sedetur
854 1345 911 1400 in
963 1345 1152 1416 choro,
1187 1360 1297 1398 uno
1343 1345 1553 1399 scilicet
1585 1362 1676 1399 se-

108 1436 250 1492 dente
269 1435 412 1493 inter
427 1435 569 1489 duos
591 1440 824 1490 stantes.
853 1433 998 1504 Dum
1021 1438 1208 1487 autem
1237 1433 1568 1503 propinatur
1585 1452 1676 1505 po-

107 1532 198 1588 tus,
224 1525 410 1580 sedere
438 1530 675 1594 possunt
703 1540 897 1576 omnes
928 1523 1244 1597 quicunque
1273 1523 1482 1585 volunt,
1531 1526 1676 1577 alter

103 1613 243 1680 juxta
263 1612 520 1675 alterum,
546 1627 656 1670 non
687 1610 976 1664 observato
1000 1609 1094 1667 illo
1124 1609 1308 1662 standi
1342 1610 1423 1664 .vel
1446 1610 1675 1664 sedendi

1755 537 2100 606 deportetur.
2132 538 2438 608 Postquam
2467 539 2668 599 fratres
2692 559 2726 601 ει
2757 559 2954 602 mensa
2979 547 3343 614 surrexerint,

1756 629 1814 679 et
1849 626 1918 688 de
1952 626 2291 689 monasterio
2320 643 2385 680 ac
2413 628 2738 691 dormitorio
2771 631 2932 690 solito
2965 649 3119 692 more
3164 635 3348 696 redie-

1755 713 1889 778 rint,
1919 714 2106 768 lavent
2134 713 2237 768 sibi
2267 716 2457 784 pedes,
2492 722 2553 776 ut
2582 718 2825 777 Sabbato
2854 721 2976 777 fieri
2995 722 3138 780 solet
3212 740 3352 794 prae-

1755 809 2028 870 parentur
2051 817 2250 858 cuncta
2269 821 2391 874 quae
2420 805 2488 864 ad
2511 808 2841 868 mandatum
2861 817 2993 864 sunt
3011 813 3349 872 necessaria.

1757 888 1997 955 Refectis
2022 889 2382 952 servitoribus
2402 899 2459 948 et
2486 894 2719 963 pedibus
2743 895 2967 962 ablutis,
2988 900 3248 969 pulsetur
3270 907 3354 958 ta-

1756 975 1902 1040 bula,
1939 984 1996 1045 et
2031 979 2101 1044 ad
2132 978 2430 1040 bibendum
2463 982 2520 1035 in
2550 984 2907 1047 refectorium
2940 988 3166 1049 vadunt.

1831 1066 1963 1134 Post
2001 1067 2117 1120 haec
2146 1069 2385 1137 egressis
2437 1070 2703 1134 fratribus
2733 1057 2802 1128 de
2845 1075 3159 1142 refectorio,
3199 1078 3355 1148 prior

1758 1154 2005 1218 claustri.
2022 1156 2253 1223 jubente
2282 1158 2502 1224 abbate,
2526 1161 2802 1229 percutiat
2819 1163 3070 1227 tabulam
3095 1166 3168 1228 ad
3196 1183 3354 1240 man-

1758 1242 1972 1296 datum.
2007 1242 2374 1315 Introgressis
2403 1248 2461 1312 in
2497 1248 2804 1318 capitulum
2846 1252 3132 1325 fratribus,
3167 1256 3352 1325 priore

1758 1332 1986 1397 claustri
2016 1333 2246 1397 sedente
2278 1336 2336 1390 in
2363 1337 2483 1396 loco
2513 1337 2752 1403 abbatis,
2785 1341 3128 1412 praecingant
3153 1361 3214 1400 se
3241 1345 3351 1405 lin-

1756 1420 1862 1474 teis
1896 1427 2081 1506 2p4
2111 1423 2281 1484 abbas
2304 1430 2360 1477 et
2386 1425 2556 1495 prior,
2600 1433 2657 1481 et
2681 1427 2980 1492 inchoante
3000 1432 3186 1501 priore
3205 1434 3355 1493 clau-

1757 1509 1858 1573 stri
1871 1510 2234 1580 antiphonam
2254 1516 2701 1592 Dominuslesus,
2719 1519 3011 1581 veniantin
3023 1522 3350 1593 capitulum,

1759 1597 1929 1664 abbas
1959 1599 2027 1656 ad
2052 1601 2336 1664 dexteram
2369 1610 2426 1657 et
2455 1605 2608 1674 prior
2636 1606 2704 1666 ad
2739 1608 3045 1674 sinistram,
3078 1615 3358 1683 sequenti-

107 1701 294 1754 ordine.
328 1699 485 1759 Inter
516 1700 633 1756 hac
661 1698 996 1755 secretarius
1025 1697 1317 1752 observare
1347 1698 1512 1752 debet
1541 1716 1674 1751 con-
1762 1683 1864 1778 Pus
1893 1702 1987 1778 60,8
2015 1687 2283 1778 fratribus
2326 1691 2420 1760 qui
2450 1692 2520 1746 ad
2550 1693 2838 1773 SBl‘VitiuHJ
2871 1713 3067 1759 eorum
3108 1699 3231 1778 ipsa
3268 1702 3358 1760 die

105 1806 227 1858 grua
246 1789 536 1842 intervalla
555 1787 757 1857 quibus
790 1787 1038 1840 tabulam
1070 1788 1140 1840 ad
1169 1804 1426 1857 vesper-as
1455 1788 1677 1856 pulsare
1699 1778 1744 1839 Β
1762 1773 1820 1865 in
1847 1776 2088 1845 οδΡίίυῙί)
2117 1777 2327 1842 fuerint
2340 1781 2600 1846 ordinati,
2627 1787 2685 1844 et
2699 1784 2922 1854 utrique
2945 1787 3100 1850 ﬂexis
3122 1773 3360 1865 genibus

107 1878 298 1933 debeat.
330 1879 514 1932 Semel
542 1877 798 1931 videlicet
821 1877 950 1930 lotis
975 1875 1227 1945 pedibus,
1262 1883 1319 1929 et
1347 1877 1520 1930 semel
1550 1877 1678 1930 lotis
1762 1863 1949 1930 lavent
1977 1866 2146 1934 Pedes
2175 1868 2434 1935 fratrum,
2464 1876 2520 1932 et
2538 1876 2763 1941 tergunt
2790 1879 2848 1933 et
2876 1863 3217 1939 osculentur.
3259 1878 3361 1939 Ca-

109 1967 356 2031 manibus,
384 1967 680 2037 propitiato
706 1965 965 2024 omnibus
993 1970 1147 2035 potu,
1176 1965 1412 2021 reversis
1442 1966 1678 2034 singulis
1765 1953 1991 2006 ωθΐθνίί
2021 1961 2222 2023 P1"?testo
2249 1973 2368 2022 βεδε
2389 1959 2612 2036 debent.
2637 1962 2728 2040 qui
2745 1963 3076 2040 madefactis
3106 1968 3360 2029 tersoriis

111 2055 155 2108 in
180 2057 293 2112 loca
326 2073 445 2121 sua,
491 2055 648 2125 prior
684 2061 772 2114 ter
801 2055 1076 2125 percutiat
1103 2054 1373 2108 tabulam.
1406 2055 1560 2108 Tunc
1587 2055 1682 2108 ab-
1763 2041 1874 2095 alia
1913 2042 2252 2110 minism’nta
2295 2048 2514 2116 quoties
2550 2066 2691 2129 ορυε
2719 2051 2916 2119 fuerit;
2946 2054 3076 2112 lotis
3105 2058 3361 2118 omnium

110 2143 192 2196 bas
235 2146 312 2197 vel
357 2145 618 2220 sacerdos
675 2143 940 2198 mediocri
993 2159 1125 2196 voce
1177 2143 1327 2199 dicat
1372 2143 1679 2212 capitulum
1767 2130 1862 2221 (Illi
1892 2130 1948 2221 in
1979 2133 2224 2202 capitum
2253 2143 2386 2192 sunt
2416 2138 2669 2207 pedibus,
2698 2141 2931 2198 sedeant
2953 2142 3088 2221 foris
3117 2151 3248 2206 ante
3275 2163 3364 2206 ca-

118 2233 313 2296 Ostende
334 2235 507 2297 nobis,
531 2217 779 2297 Domine,
800 2233 1241 2288 nu'scricordiam
1263 2232 1679 2286 tuam.Fratres
1764 2217 2006 2286 Pitulum
2040 2223 2193 2292 Pl‘iQI‘
2221 2230 2277 2278 et
2309 2227 2562 2294 Pl‘iﬁdicti
2591 2231 2891 2291 servitores
2925 2250 3053 2293 cum
3079 2219 3176 2294 eo.
3219 2237 3365 2300 Quo-

113 2337 280 2384 omnes
303 2321 461 2382 ﬂexis
487 2321 560 2382 ad
583 2327 790 2382 terram
813 2319 1050 2389 genibus
1068 2320 1441 2390 respondeant
1457 2322 1683 2376 Etsalu-
1765 2322 1891 2359 rum
1931 2310 2101 2378 Pedes
2127 2313 2456 2380 praecinctus
2487 2317 2723 2374 tersorio
2752 2318 2923 2376 abbas
2951 2323 3110 2380 ﬂexis
3128 2324 3366 2394 genibus

116 2413 212 2464 tare
240 2416 393 2471 tuum
421 2413 494 2469 da
545 2413 718 2486 nobis,
761 2411 963 2468 dehinc
1001 2410 1254 2466 inclinati
1293 2427 1464 2480 super
1498 2428 1684 2480 genua
1767 2394 1975 2486 abluat.
2008 2404 2064 2462 et
2091 2406 2277 2469 tergat
2301 2408 2360 2465 ρι
2388 2405 2690 2472 osculetur,
2723 2409 3090 2470 servientibus
3115 2412 3223 2472 sibi
3249 2414 3367 2486 fra-

113 2502 305 2562 tantum
358 2481 568 2556 dicant,
603 2500 772 2566 Κυνὼ
801 2502 1018 2563 elc-ison,
1063 2501 1225 2554 Pater
1263 2505 1476 2565 noster;
1513 2499 1684 2553 abbas
1768 2482 1948 2571 litibus
1974 2486 2043 2538 ad
2075 2487 2180 2540 hoc
2195 2488 2525 2571 Obsequium
2545 2492 2846 2570 deputat-is.
2871 2498 3004 2560 Post
3027 2501 3145 2559 haec
3170 2484 3367 2562 redeat

115 2587 184 2649 vel
217 2589 468 2650 sacerdos
506 2588 657 2647 dicet
686 2587 955 2660 mediocri
990 2604 1124 2641 voce
1153 2589 1219 2641 Et
1250 2605 1318 2646 ne
1348 2605 1463 2641 nos.
1491 2587 1682 2643 Susce-
1768 2569 1939 2625 abbas
1967 2572 2025 2640 in
2065 2575 2255 2640 ﬁdem
2279 2569 2477 2646 suam;
2509 2581 2581 2639 ad
2612 2569 2786 2652 quem
2815 2585 2986 2655 prior,
3034 2589 3366 2658 praecinctus

109 2678 288 2741 minus,
319 2679 476 2740 Deus,
509 2678 953 2735 misericordiam
978 2682 1153 2732 tuam.
1186 2678 1254 2730 In
1289 2679 1464 2730 medio
1495 2681 1685 2745 templi
1767 2665 2024 2752 ῬθΓδοΓίοι
2084 2667 2309 2731 veniens
2362 2687 2490 2726 cum
2553 2673 2818 2732 fratribus
2882 2677 2988 2734 sibi
3059 2681 3362 2752 deputans,

115 2767 198 2816 tui.
232 2767 304 2818 Tu
332 2767 621 2825 mandasti
659 2765 932 2823 mandata
968 2771 1063 2820 tua
1085 2767 1352 2820 custodiri
1371 2768 1561 2818 nimis.
1587 2768 1684 2819 Do—
1765 2750 1912 2805 lavet
1939 2755 2108 2823 pedes
2145 2759 2286 2826 eius:
2337 2764 2392 2814 et
2427 2766 2612 2830 tergm?
2634 2769 2691 2818 et
2731 2767 3032 2833 OSCUIBtUI‘.
3077 2750 3368 2829 et‘ablutis

116 2856 256 2914 mine,
275 2857 473 2916 curandi
500 2857 804 2909 orationem
834 2870 1028 2910 meam.
1058 2855 1122 2909 Et
1140 2857 1351 2908 clamor
1371 2871 1520 2907 meus
1539 2858 1612 2908 ad
1633 2862 1679 2908 te
1767 2841 2027 2900 manibus
2043 2845 2157 2898 suis
2178 2848 2365 2904 Statim
2389 2849 2602 2904 deferat
2622 2852 2727 2906 Sibi
2750 2871 2952 2924 “quam
2971 2858 3042 2911 ad
3060 2858 3368 2918 δίδωθιιάὃὸ

114 2945 286 2996 veniat.
317 2945 591 3002 Dominus
616 2945 905 2996 vobiscum.
941 2945 1186 2998 Oremus.
1220 2945 1426 3008 Adesto,
1454 2946 1681 2998 Domine
1766 2944 1985 2997 manus:
2004 2949 2115 2992 uno
2139 2951 2332 2997 eorum
2356 2938 2450 3006 qui
2470 2939 2575 2993 Sibi
2594 2943 2909 2999 δθτνίθΐιωι
2927 2952 3367 3007 tenentemanu-

113 3032 214 3082 .lcsu
237 3034 456 3091 Christe.
478 3034 661 3099 ofﬁcio
682 3037 878 3086 nostra:
897 3035 1278 3097 servitutis,et,
1304 3035 1438 3099 quia
1457 3037 1516 3085 tu.
1530 3035 1683 3100 pedes
1707 3091 1744 3111 ﬂ
1771 3019 2033 3111 ίςιίὲίιῆω·
2069 3023 2279 3085 Deinde
2305 3027 2576 3085 redeunte
2606 3031 2791 3100 PI'iore
2835 3035 3066 3091 οιωλείνί
3102 3039 3161 3093 in
3182 3042 3369 3111 locum

117 3117 278 3173 lavare
296 3091 563 3187 dignatus
584 3138 634 3178 es
667 3124 778 3175 tuis
804 3123 1113 3189 discipulis,
1139 3138 1204 3175 ne
1233 3123 1498 3189 despicias
1526 3091 1748 3189 oineraC
1774 3106 2012 3202 f‘bbaﬁs»
2067 3119 2232 3165 exeat
2263 3113 2452 3180 abbas,
2486 3122 2543 3172 et
2587 3119 2924 3189 accipientes
2962 3125 3081 3196 ipse
3119 3135 3175 3183 et
3215 3109 3370 3202 P150?

117 3224 356 3263 manuum
381 3216 774 3277 tuarumque!
789 3211 941 3263 nobis
966 3212 1256 3263 retinenda
1273 3212 1554 3262 mandasti
1572 3212 1692 3272 ;scd
1775 3193 2157 3291 bacciliacum
2189 3217 2356 3271 aqua,
2387 3209 2444 3262 et
2473 3210 2846 3279 manutergiaa
2888 3213 2999 3268 duo
3027 3216 3230 3273 fratres
3271 3222 3369 3291 qui

116 3299 1380 3369 “.qu.semeri0mabluunturinquinamenta
1398 3314 1688 3366 corporum
1772 3283 1842 3338 de
1871 3286 2111 3354 coquina
2138 3288 2258 3360 ipsa
2282 3293 2597 3362 septimana
2627 3300 2896 3366 serviunt,
2914 3304 3010 3374 qui
3029 3305 3178 3374 inter
3202 3311 3368 3364 caete-

117 3388 180 3438 δίο
197 3403 227 3440 a
248 3393 292 3441 te
314 3406 394 3462 om
406 3392 511 3445 nia
527 3393 716 3444 nostra
733 3391 1005 3442 interiora
1028 3390 1284 3442 laventur
1297 3393 1514 3456 peccata
1543 3389 1692 3453 Quod

121 3475 212 3539 ipse
235 3483 490 3543 praestare
517 3479 784 3543 digneris,
809 3480 908 3545 qui
930 3494 1076 3537 cum,
1097 3483 1201 3531 etc.
1221 3477 1307 3531 Ad
1331 3478 1488 3546 cujus
1521 3479 1691 3530 finem

119 3577 286 3618 omnes
315 3565 721 3636 respondentes
741 3569 931 3630 Amen,
949 3572 1004 3619 et
1031 3566 1363 3619 inclinantes
1391 3583 1449 3619 se
1474 3570 1604 3618 ante
1635 3572 1690 3619 et

119 3658 266 3715 retro,
297 3656 505 3711 vadant
531 3655 604 3708 ad
635 3654 922 3709 ecclesiam
963 3655 1234 3708 mediocri
1265 3672 1395 3708 voce
1426 3661 1690 3708 canentes

119 3740 367 3805 Psalmum
398 3743 656 3796 Miserere
686 3745 810 3804 mei,
839 3743 996 3795 licus.
1023 3740 1255 3794 Interim
1280 3741 1613 3795 secretarius
1635 3748 1689 3795 et

120 3827 270 3896 aliqui
313 3830 519 3888 fratres
556 3846 743 3883 secum
783 3830 1101 3899 percutiant
1137 3829 1356 3883 tabulas
1385 3830 1686 3900 gradatim,

120 3930 273 3984 eoque
297 3920 460 3971 modo
503 3926 672 3988 atque
702 3918 895 3973 ordine
934 3935 1043 3988 quo
1083 3922 1244 3987 signa
1270 3919 1480 3988 pulsari
1511 3920 1694 3972 solent

119 4003 166 4056 in
201 4006 400 4061 festivis
439 4007 659 4062 diebus.

178 4091 325 4153 Dicto
354 4097 594 4164 psalmo,
623 4101 678 4150 et
699 4096 963 4152 fratribus
993 4097 1052 4150 in
1080 4096 1274 4151 ordine
1303 4112 1404 4150 suo
1436 4095 1493 4148 in
1524 4097 1692 4149 choro

1773 3391 1865 3462 ros
1895 3375 2181 3444 adjutores
2203 3379 2272 3433 ad
2294 3381 2463 3451 hujus
2495 3387 2745 3441 mandati
2767 3389 3098 3462 obsequium
3121 3396 3370 3452 ordinari

1773 3461 2261 3527 debent,vserviant
2285 3471 2545 3545 omnibus
2565 3475 2636 3529 ad
2665 3461 2970 3535 abluendas
2991 3487 3372 3552 manus,,sicut

1773 3551 2090 3642 servierunt
2129 3555 2199 3614 ad
2228 3556 2538 3633 abluendos
2576 3565 2763 3633 pedes.
2798 3568 2899 3622 His
2947 3572 3182 3642 expletis
3211 3551 3372 3642 exeat

1771 3637 1962 3706 abbas,
1996 3646 2053 3703 et
2081 3643 2234 3712 prior
2258 3652 2320 3720 et
2348 3650 2644 3706 servitores
2665 3669 2878 3721 eorum,
2905 3664 2960 3712 et
2987 3637 3120 3716 ante
3153 3637 3369 3735 capitu-

1772 3726 1886 3794 lum
1908 3731 2157 3797 praebeat
2175 3734 2255 3790 eis
2277 3735 2452 3794 abbas
2477 3755 2682 3808 aquam
2713 3743 2783 3797 ad
2810 3744 3115 3804 abluendas
3144 3726 3368 3822 manus,

1772 3821 1998 3882 tenente
2026 3825 2442 3894 manutergium
2485 3844 2596 3882 uno
2636 3846 2831 3886 eorum
2875 3835 3116 3892 fratrum
3159 3842 3255 3911 qui
3296 3821 3368 3897 ad

1777 3905 1880 3958 hoc
1910 3906 2239 3978 obsequium
2273 3914 2324 3966 ei
2347 3914 2599 3984 deputati
2623 3927 2774 3974 sunt.

1848 3995 1966 4056 Quo
1989 4004 2232 4065 peracto,
2251 4004 2564 4070 praecedens
2585 4006 2758 4061 abbas
2771 4015 2827 4063 et
2845 4015 3048 4079 caeteri,
3070 4025 3369 4089 sequentes

1776 4100 1925 4149 eum,
1958 4087 2242 4144 introeant
2266 4091 2590 4160 capitulum,
2626 4101 2680 4149 et
2713 4097 2918 4154 faciant
2947 4110 3079 4160 ante
3108 4087 3167 4161 et
3192 4115 3366 4175 retro,

121 4183 393 4250 stantibus,
416 4185 617 4246 statim
642 4202 782 4255 puer
805 4185 1037 4256 incipiat
1064 4185 1430 4254 antiphonam
1457 4185 1694 4238 Calicem
1777 4173 1922 4234 sicut
1951 4177 2093 4229 solet
2133 4178 2256 4231 ﬁcri
2299 4180 2387 4234 die
2428 4181 2656 4236 Sabbati
2687 4185 2758 4238 ab
2803 4188 2882 4243 eis
2911 4192 3007 4261 qui
3038 4173 3369 4254 mandatum

121 4273 383 4333 salutaris.
425 4274 513 4330 Ad
551 4275 710 4342 cujus
740 4275 1155 4329 inchoationem
1194 4273 1408 4344 petitur
1435 4273 1593 4326 venia
1625 4271 1694 4325 ab
1778 4263 2046 4334 fecerunt.
2081 4267 2284 4322 Postea
2304 4276 2501 4340 pergat
2520 4271 2691 4328 abbas
2723 4276 2792 4330 ad
2821 4280 3008 4344 sedem
3039 4301 3220 4352 suam,
3254 4306 3373 4344 sur-

123 4361 358 4421 omnibus
381 4380 560 4432 supra
588 4363 816 4436 formas,
849 4364 996 4418 dicto
1027 4364 1242 4433 psalmo
1273 4365 1609 4429 Magni/teat,
1641 4367 1697 4415 et
1775 4362 1948 4425 gente
1992 4363 2268 4415 conventu
2315 4358 2490 4413 donec
2542 4362 2752 4429 sedeat,
2785 4368 2988 4440 reliqui
3017 4374 3277 4432 similiter
3301 4381 3371 4434 ad

123 4451 338 4516 repetita
357 4452 664 4522 antiphona
690 4453 810 4505 sine
833 4453 961 4506 ﬁnis
983 4452 1253 4517 melodia;
1281 4451 1493 4504 curvati
1523 4467 1692 4520 supra
1713 4444 1762 4502 D
1781 4445 1900 4500 loca
1925 4461 2044 4498 sua.
2071 4443 2338 4500 Cessante
2366 4454 2554 4504 autem
2593 4458 2781 4520 cantu,
2820 4463 2878 4510 et
2912 4466 3212 4520 secretario
3243 4485 3374 4538 per-

123 4535 324 4602 tOl‘mas,
359 4541 552 4600 dicant
577 4542 634 4595 in
653 4542 875 4595 silentio
903 4543 1072 4608 Kyrie
1088 4543 1305 4602 clcison,
1325 4543 1484 4594 Pater
1499 4545 1698 4600 noster,

125 4638 296 4690 Pietas
336 4629 444 4696 Ego
484 4632 629 4696 dixi,
681 4631 923 4694 Domine,
967 4631 1248 4700 psalmum
1291 4632 1541 4682 Miserere
1572 4630 1697 4694 mei,

127 4713 266 4780 Deus,
297 4717 530 4786 collecta
561 4721 790 4790 Respice,
815 4735 1142 4787 quasumus.
1177 4719 1236 4772 Si
1266 4718 1489 4787 aliquis,
1519 4717 1589 4770 de
1616 4717 1700 4769 fo-

128 4799 193 4853 ris
220 4804 462 4872 veniens,
498 4807 944 4866 benedictionem
983 4807 1225 4878 petierit,
1259 4805 1518 4860 omnibus
1547 4805 1700 4859 horis

127 4890 343 4960 accipiat
370 4895 492 4965 ipso
523 4896 612 4949 die
642 4914 751 4966 quo
777 4897 1011 4950 venerit.
1046 4896 1145 4949 His
1174 4895 1355 4948 tribus
1387 4893 1582 4948 diebus
1621 4900 1701 4948 ta.

126 4974 252 5036 bulae
273 4985 546 5040 refectorii
572 4992 844 5056 000pertaa
865 4987 996 5040 sint.
1015 4987 1097 5040 Ad
1120 4984 1438 5056 cymbalum
1461 4989 1518 5037 et
1537 5001 1704 5053 super

129 5065 356 5128 tabulam
385 5072 605 5130 abbatis
634 5080 917 5144 ponantur
972 5073 1177 5127 tabula:
1224 5090 1349 5127 cum
1408 5071 1698 5124 malleolis.

132 5152 317 5212 Versus
358 5171 414 5215 et
444 5161 860 5218 benedictiones
898 5163 957 5216 in
1003 5162 1318 5226 refectorio,
1364 5168 1419 5214 et
1449 5163 1704 5214 Miserere

133 5245 243 5307 mei,
270 5247 425 5310 Deus,
442 5255 826 5323 postmensam
841 5249 1041 5318 humili
1066 5266 1198 5302 voce
1221 5249 1508 5315 dicantur;
1533 5249 1708 5302 lector

137 5327 238 5386 sine
258 5335 429 5402 petita
451 5337 836 5395 benedictione
865 5339 1033 5408 legat,
1057 5343 1113 5391 et
1141 5339 1262 5391 sine
1285 5340 1360 5391 Τ-ιι
1381 5343 1585 5401 autem,
1612 5339 1707 5390 Do-

137 5421 268 5474 mine
277 5426 812 5485 ,terminet.1nterim
825 5427 958 5482 dum
969 5428 1173 5481 fratres
1184 5425 1544 5480 inrefectorio
1553 5430 1706 5489 sunt,

138 5513 403 5572 secretam
432 5515 843 5586 discooperiant
862 5517 1051 5572 omnia
1071 5515 1290 5576 altaria,
1308 5521 1576 5586 etparent
1599 5515 1709 5568 duo

1784 4533 2029 4586 cutiente
2058 4533 2305 4589 tabulam
2336 4536 2406 4590 ad
2435 4538 2808 4610 collationem,
2829 4548 2924 4616 qui
2955 4552 3130 4619 petita
3148 4533 3375 4615 licentia

1783 4622 1854 4675 ad
1885 4638 2009 4676 eam
2041 4623 2459 4691 percutiendam
2481 4630 2744 4697 perrexit,
2761 4633 2900 4688 hora
2919 4653 3165 4709 congrua
3185 4645 3374 4716 ingre-

1783 4710 1972 4764 diatur
2009 4710 2276 4766 diaconus
2303 4713 2633 4786 capitulum,
2669 4721 2764 4789 qui
2790 4729 2916 4792 post
2947 4745 3213 4786 manuum
3244 4710 3375 4791 sua-

1781 4816 1906 4853 rum
1947 4799 2288 4856 ablutionem
2320 4804 2390 4856 ad
2419 4821 2479 4858 se
2525 4814 2952 4878 praeparandum
2989 4819 3104 4886 ivit,
3139 4824 3284 4890 alba,
3321 4835 3378 4882 et
3473 4871 3488 4882 ς

1782 4889 1926 4942 stola
1946 4893 2003 4987 et
2014 4889 2582 4987 dalmaticai‘ndutus,
2599 4902 2811 4954 textum
2824 4903 3108 4977 Evangelii
3124 4889 3378 4987 portans,

1785 4978 2227 5047 praecedentibus
2267 4980 2446 5034 tribus
2475 4987 2753 5042 conversis
2789 4978 3145 5060 per-tantibus
3173 4978 3378 5059 cando:-

1786 5067 2058 5165 lautianm
2086 5067 2434 5129 thuribulum
2465 5071 2595 5141 igne
2640 5081 2696 5129 et
2723 5079 2888 5134 thure
2919 5084 3205 5144 refertum.
3251 5093 3377 5165 Ipse

1788 5156 1936 5209 enim
1959 5156 2225 5210 diaconus
2242 5164 2544 5228 antequam
2557 5171 2716 5229 exeat
2727 5167 2796 5220 de
2811 5177 3151 5230 monasterio
3170 5156 3381 5249 ponere

1787 5245 1953 5300 debet
1973 5245 2102 5300 thus
2121 5246 2180 5311 in
2211 5246 2331 5316 ipso
2360 5250 2665 5307 thuribulo.
2701 5256 2912 5317 Qui-bus
2937 5245 3382 5332 ingredientibus

1788 5334 2114 5404 capitulum,
2150 5342 2302 5390 totus
2349 5346 2652 5394 conventus
2701 5354 2956 5416 assurget
3007 5359 3161 5410 stans
3207 5343 3384 5418 donec

1791 5441 1938 5479 unus
1965 5441 2156 5478 versus
2183 5426 2251 5479 de
2282 5427 2578 5496 Evangelio
2598 5433 2874 5500 perlectus
2896 5444 2997 5494 est.
3114 5437 3116 5440 ’

1859 5515 2007 5568 .Cum
2035 5521 2226 5568 autem
2255 5533 2374 5569 esse
2399 5522 2621 5588 tempus
2661 5529 3024 5599 perspexerit,
3057 5533 3260 5598 innuat
3286 5545 3388 5601 ab-

137 5598 395 5671 analogia,
421 5620 602 5679 unum
632 5607 782 5678 quod
801 5607 866 5662 in
894 5606 1139 5678 capitulo
1162 5610 1270 5674 est,
1301 5611 1357 5660 et
1384 5606 1626 5660 alterum
1651 5603 1713 5659 in
1793 5602 1894 5657 bas
1914 5603 2087 5674 priori
2113 5609 2177 5658 ut
2213 5605 2380 5659 vadat
2406 5612 2699 5677 percutere
2728 5598 3100 5680 tabulam.7Et
3124 5645 3253 5688 cum
3283 5598 3385 5694 au-
