3878 6356
540 341 651 397 447
1522 350 1586 405 Β.
1628 338 2045 411 LANFRANCI
2083 356 2140 411 ολ

2225 356 2441 414 TUAR.
2483 354 2819 412 ARCHIEP.
3693 344 3789 404 448

544 465 854 525 induantur
882 471 978 542 qui
1007 471 1343 527 celebraturi
1367 477 1500 528 sunt
1525 476 1775 542 missam,
1795 482 1853 531 et
1881 479 2140 534 servituri
2154 485 2207 542 A
2227 481 2412 535 videre
2441 479 2682 551 qualiter
2709 493 2769 531 se
2795 474 3041 530 habeant
3080 472 3336 543 magistri
3364 476 3422 526 et
3447 471 3707 537 infantes,
3745 475 3796 523 et

547 563 682 613 sunt
708 559 779 613 ad
793 560 1042 615 missam.
1069 561 1283 626 Quarta
1300 568 1357 616 et
1372 568 1529 617 sexta
1549 564 1690 618 feria
1710 565 1757 618 si
1772 572 1901 636 post
1927 573 2140 622 sextam

549 650 607 700 et
627 652 757 701 ante
786 648 1015 704 missam
1041 666 1144 721 per
1160 652 1467 706 claustrum
1508 655 1823 722 processuri
1846 660 1996 723 sunt,
2026 673 2140 711 non

546 735 806 806 pulsetur
820 737 983 791 skilla
998 738 1068 792 ad
1090 745 1423 810 apparatum
1440 740 1643 807 missae,
1662 742 1759 795 sed
1778 758 1903 798 cum
1917 748 2140 815 tempus

547 826 918 894 processionis
951 828 1284 882 sccretarius
1335 829 1547 882 instare
1574 830 1941 901 prospexerit,
1979 838 2141 887 sonet

546 928 726 967 unum
747 914 815 967 de
831 915 1201 970 mediocribus
1212 917 1405 987 signis;
1421 933 1531 987 quo
1549 918 1956 984 audito,statim
1976 920 2140 974 silen-

544 1001 691 1069 tium
706 1003 806 1057 ﬁat
821 1004 878 1056 in
897 1004 1160 1058 claustro.
1174 1005 1521 1060 Discalceent
1540 1022 1618 1071 se,
1653 1023 1854 1062 manus
1883 1008 2133 1074 abluant,

544 1089 608 1143 in
637 1091 923 1145 ecclesiam
948 1093 1170 1161 vadant,
1203 1093 1461 1165 factaque
1514 1096 1784 1158 oratione,
1818 1103 1875 1151 et
1900 1098 2136 1168 pulsatis

545 1177 763 1232 duobus
785 1179 980 1249 signis,
1002 1181 1166 1235 dictis
1193 1199 1315 1252 quze
1344 1183 1453 1236 dici
1487 1185 1686 1249 solent,
1722 1185 2138 1255 processionem

544 1265 755 1320 faciant
784 1267 931 1322 sicut
958 1269 1017 1322 in
1046 1270 1260 1325 eisdem
1280 1270 1478 1326 diebus
1512 1273 1566 1327 in
1593 1273 2052 1344 Quadragesima,
2084 1278 2143 1328 et

542 1352 604 1407 in
632 1356 929 1422 aestate,de
960 1374 1071 1427 qua
1094 1360 1372 1429 posterius
1399 1360 1697 1415 dicendum
1725 1367 1812 1416 est
1829 1381 1841 1429 ;
1861 1368 1990 1432 post
2003 1363 2141 1416 mis-

543 1457 667 1495 sam
696 1444 916 1512 pulsato
947 1446 1104 1516 signo
1155 1453 1358 1517 agatur
1397 1448 1609 1516 oratio;
1659 1455 1788 1521 post
1824 1450 2137 1504 orationem

544 1530 822 1585 vadantin
837 1533 1193 1588 refectorium
1207 1536 1457 1607 accipere
1472 1538 1700 1592 mistum
1716 1538 1856 1592 hebd
1864 1537 2137 1593 omadarii

545 1620 817 1689 coquinae,
841 1628 897 1675 et
924 1638 1128 1678 mensae
1157 1625 1349 1679 lector.
1403 1626 1461 1681 Si
1490 1643 1619 1680 vero
1649 1626 1747 1680 alii
1774 1627 1890 1681 sint
1915 1626 2009 1697 qui
2037 1642 2137 1697 pro

545 1706 795 1761 utilitate
812 1710 1055 1765 ecclesiae
1068 1714 1271 1783 majori
1285 1714 1468 1770 missae
1482 1732 1594 1770 non
1610 1716 1825 1787 possint
1842 1717 2136 1782 interesse,

2220 585 2321 641 per
2340 569 2461 623 loca
2481 568 2593 621 alia
2609 566 2708 620 ubi
2726 563 3104 619 necessarium
3123 578 3244 616 esse
3281 559 3645 632 perspexerit.
3666 560 3794 613 Cum

2219 663 2443 729 tempus
2488 655 2680 721 fuerit,
2710 654 2931 726 pulsato
2974 652 3154 722 signo,
3212 649 3562 704 venientibus
3598 648 3795 719 pueris,

2219 747 2368 801 facta
2395 745 2667 809 oratione,
2695 746 2971 797 canentur
2997 739 3286 793 matutinae
3326 737 3540 803 laudes,
3567 751 3799 790 comme-

2221 834 2459 888 moratio
2485 833 2842 887 Sanctorum.
2880 829 3072 884 Prima
3100 844 3228 883 cum
3249 826 3480 897 psalmis
3526 824 3801 879 familiari-

2222 924 2341 988 bus,
2377 929 2433 975 et
2460 920 2737 992 precibus,
2769 923 2826 973 et
2849 917 3096 972 collectis
3115 915 3234 970 suis
3261 931 3389 969 cum
3418 918 3633 984 septem
3661 913 3801 983 psal-

2220 1012 2347 1076 mis,
2376 1017 2434 1064 et
2461 1010 2676 1064 litania.
2710 1009 2844 1063 Post
2868 1008 2986 1061 haec
3012 1006 3094 1060 ita
3122 1004 3312 1059 omnia
3339 1003 3558 1073 agenda
3583 1005 3728 1065 sunt,
3745 1006 3801 1054 ut

2219 1116 2391 1171 supra
2401 1100 2613 1153 dictum
2633 1102 2717 1151 est
2742 1097 2800 1150 in
2812 1111 3004 1149 mense
3033 1092 3276 1148 Octobri.
3299 1090 3610 1146 Secretario
3621 1094 3799 1143 autem

2220 1189 2455 1243 sollicite
2503 1185 2909 1257 providendum
2954 1188 3060 1248 est,
3093 1185 3159 1235 ut
3185 1180 3286 1234 tali
3311 1181 3451 1233 hora
3504 1177 3800 1232 matutinas

2222 1277 2415 1332 laudes
2444 1275 2613 1339 faciat
2635 1273 2900 1343 incipere,
2930 1274 3207 1341 quatenus
3236 1268 3425 1321 omnia
3465 1267 3589 1321 luce
3614 1266 3802 1319 clares-

2223 1370 2382 1421 cente
2404 1364 2694 1419 finiantur.
2718 1361 2778 1415 Si
2833 1366 3024 1414 autem
3062 1357 3347 1412 dubietate
3376 1355 3568 1425 aliqua
3594 1352 3800 1407 deludi-

2216 1461 2330 1520 tur,
2364 1459 2422 1508 et
2447 1451 2659 1522 aliquid
2688 1449 2868 1503 noctis
2888 1452 3016 1519 post
3041 1445 3295 1500 litaniam
3320 1443 3512 1509 fuerit,
3544 1442 3687 1496 sicut
3721 1457 3803 1495 su-

2217 1560 2321 1615 pra
2349 1543 2409 1596 in
2440 1541 2620 1611 primo
2648 1537 2940 1593 intervallo
2965 1536 3047 1590 ita
3074 1552 3134 1589 se
3162 1533 3405 1588 habeant
3417 1532 3640 1595 fratres,
3667 1529 3805 1582 vide-

2219 1631 2349 1686 licet
2376 1635 2438 1684 ut
2466 1633 2668 1700 praeter
2684 1626 2959 1695 sanguine
2989 1624 3237 1677 minutos
3267 1621 3453 1675 nullus
3475 1622 3717 1673 revertat
3740 1616 3804 1670 ad

2222 1724 2483 1775 stratum.
2518 1718 2873 1771 Clarescente
2902 1729 3032 1767 vero
3061 1711 3172 1777 die,
3197 1714 3398 1765 exeant
3417 1709 3478 1762 in
3503 1709 3799 1762 claustrum

545 1793 608 1848 in
632 1800 911 1866 P0teState
939 1798 1156 1855 abbatis
1181 1802 1266 1855 vel
1293 1803 1497 1872 PI'iOI'iS
1537 1811 1726 1871 $55
1765 1806 1840 1858 Sit
1865 1810 2056 1859 utrum
2087 1791 2438 1863 etBsedere.
2469 1807 2556 1861 Ad
2595 1802 3021 1874 completorium
3060 1801 3306 1872 hymnus
3353 1798 3566 1869 Christe
3592 1798 3689 1865 qui
3717 1795 3806 1853 tua

546 1882 656 1953 ipsi
676 1884 904 1939 mistum
929 1888 1197 1959 accipere,
1223 1902 1279 1944 et
1300 1896 1571 1945 statutam
1584 1892 2036 1947 hebdomadariis
2049 1893 2140 1947 de-

546 1969 720 2025 beant
737 1975 1107 2044 quantitatem
1128 1978 1309 2048 panis,
1337 1985 1394 2033 et
1422 1986 1588 2051 potus
1630 1981 1855 2036 habere.
1877 1982 1988 2036 Alii
2011 1998 2141 2036 vero

547 2058 752 2114 fratres
775 2061 1003 2117 interim
1048 2065 1108 2119 in
1136 2067 1305 2121 choro
1344 2069 1594 2135 sedeant,
1624 2075 1681 2124 et
1718 2070 1813 2140 qui
1840 2070 2139 2136 voluerint,

547 2145 758 2217 legant.
774 2150 1221 2208 Servitoribusin
1234 2155 1468 2210 chorum
1488 2157 1869 2220 redeuntibus,
1888 2159 2144 2230 pulsetur

548 2235 795 2306 signum,
821 2245 1078 2295 cantetur
1100 2258 1268 2298 nona.
1292 2245 1530 2299 Cantata
1554 2262 1705 2300 nona
1740 2252 1958 2313 exeant,
1991 2247 2145 2317 prior

549 2324 621 2378 ad
643 2328 1066 2395 percutiendum
1082 2331 1420 2402 cymbalum,
1438 2333 1857 2389 hebdomadarii
1870 2336 2141 2406 coquinae,

551 2416 609 2466 et
636 2415 821 2467 caeteri
850 2416 946 2486 qui
978 2419 1237 2473 servituri
1266 2428 1399 2475 sunt
1429 2423 1500 2475 ad
1530 2422 1781 2493 injuncta
1806 2422 1911 2476 sibi
1940 2424 2141 2478 ofﬁcia.

622 2502 889 2559 Kalendae
916 2506 1266 2575 Novembris,
1294 2510 1343 2563 si
1369 2511 1460 2564 die
1514 2511 1806 2566 Dominica
1837 2512 2140 2578 evenerint,

550 2588 824 2645 festivitas
851 2594 1105 2648 omnium
1164 2597 1495 2652 Sanctorum
1542 2600 1867 2654 solemniter
1902 2605 2139 2670 agatur;

551 2679 916 2748 sequentibus
936 2700 1062 2737 vero
1091 2685 1323 2762 privatis
1347 2687 1543 2742 diebus
1571 2688 1926 2758 responsoria
1952 2689 2145 2743 dican-

552 2771 649 2819 tur
679 2769 1139 2839 VidiDominum,
1165 2780 1224 2828 et
1241 2775 1511 2830 lectiones
1535 2776 1715 2847 longae
1743 2794 1808 2831 ex
1833 2778 2141 2849 prophetis.

552 2854 611 2908 Si
641 2872 769 2910 vero
799 2858 917 2913 dies
944 2861 1323 2917 Kalendarum
1347 2863 1487 2918 feria
1513 2866 1776 2932 secunda,
1804 2872 1904 2921 aut
1950 2867 2137 2933 tertia,

549 2949 650 2997 aut
671 2951 871 3015 quarta
887 2951 1153 3019 evenerit,
1178 2954 1527 3022 praecedente
1546 2954 1837 3009 Dominica
1853 2955 2145 3009 inchoetur

547 3032 786 3088 historia
834 3037 955 3090 Vidi
996 3040 1317 3108 Dominum,
1359 3043 1458 3096 sed
1487 3048 1677 3097 tamen
1705 3044 2000 3098 intervalla
2030 3061 2145 3099 non

544 3121 654 3175 nisi
684 3128 812 3193 post
862 3125 1141 3181 Kalendas
1191 3129 1479 3200 incipiant.
1513 3131 1570 3186 Si
1612 3148 1741 3186 vero
1804 3136 2020 3203 quinta,
2060 3134 2145 3187 vel

548 3215 705 3262 sexta
731 3211 889 3277 feria,
923 3215 1009 3267 vel
1070 3216 1311 3271 Sabbato
1367 3219 1632 3273 Kalendae
1679 3221 2012 3285 exstiterint,
2056 3237 2144 3275 se-

550 3304 760 3367 quente
779 3300 1070 3357 Dominica
1096 3303 1390 3360 inchoetur
1427 3307 1757 3374 historia,et
1780 3309 2044 3362 lectiones
2075 3325 2143 3362 ex

548 3386 865 3457 prophetis;
889 3389 1156 3445 lectiones
1173 3410 1301 3447 vero
1318 3396 1583 3464 grandes,
1620 3401 1677 3449 et
1702 3396 1997 3450 intervalla
2016 3414 2144 3451 mox

547 3479 679 3545 post
692 3475 1052 3532 festivitatem
1067 3480 1510 3539 inchoentur.Ab
1521 3484 1626 3536 hac
1645 3485 1947 3539 festivitate
1965 3501 2144 3555 usque

550 3562 625 3616 ad
654 3564 907 3633 quintam
930 3568 1124 3622 feriam
1146 3575 1277 3625 ante
1304 3572 1541 3640 Pascha,
1563 3573 1673 3626 nisi
1707 3572 1803 3626 ubi
1848 3573 2144 3628 duodecim

548 3650 836 3723 lectiones,
906 3664 1006 3712 aut
1061 3665 1256 3715 octava
1291 3660 1519 3725 fuerint,
1561 3667 1851 3727 canentur,
1908 3663 2140 3733 privatis

550 3738 769 3809 diebus,
810 3750 938 3814 post
993 3748 1274 3802 orationes
1312 3754 1444 3802 ante
1481 3748 1665 3802 officia
1703 3754 1997 3815 nocturna,
2040 3749 2142 3803 tri-

547 3828 710 3898 ginta
721 3833 923 3902 psalmi
945 3835 1014 3888 ab
1029 3837 1115 3890 Ad
1136 3839 1439 3891 Dominum
1467 3853 1593 3891 cum
1621 3839 1947 3905 tribularer,
1966 3854 2146 3908 usque

552 3917 746 3973 Omnis
781 3925 1015 3989 spiritus
1054 3926 1239 3978 laudet
1266 3926 1587 3979 Dominum.
1620 3925 1795 3979 Primi
1825 3927 2017 3980 decem
2045 3944 2145 3997 pro

547 4006 825 4063 defunctis
838 4010 958 4064 sine
982 4012 1171 4066 Gloria
1190 4030 1212 4081 ;
1248 4018 1547 4083 sequentes
1572 4013 1764 4068 decem
1793 4032 1894 4086 pro
1920 4032 2146 4085 congre-

545 4096 773 4166 gatione
800 4097 918 4152 bini
944 4115 1073 4152 cum
1093 4116 1208 4154 una
1236 4102 1444 4168 Gloria,
1473 4103 1707 4156 extremi
1735 4103 1925 4157 decem
1947 4121 2047 4174 pro
2066 4104 2144 4158 fa-

546 4183 862 4240 miliaribus
909 4192 967 4240 et
1010 4187 1489 4257 benefactoribus;
1534 4195 1590 4244 et
1630 4191 1689 4244 hi
1732 4190 1850 4245 bini
1878 4209 2006 4246 cum
2030 4208 2145 4247 una

549 4270 760 4334 Gloria,
794 4274 1002 4345 singuli
1044 4292 1172 4330 cum
1213 4277 1488 4347 precibus,
1521 4284 1577 4332 et
1605 4280 1851 4335 collectis
1897 4281 2032 4335 suis.
2075 4281 2145 4334 Et

2222 1914 2293 1965 es,
2325 1902 2373 1950 et
2402 1898 2537 1953 dies.

2330 1986 2530 2039 SECTIO
2559 1982 2634 2037 II.
2662 2009 2726 2020 —
2754 1982 2834 2035 Ab
2861 1978 3113 2036 Adventu
3132 1978 3206 2031 ad
3231 1975 3715 2045 Septuagesimum.

2292 2072 2586 2127 Dominica
2608 2075 2741 2124 ante
2754 2069 3071 2123 Adventum
3084 2065 3307 2120 Domini
3331 2068 3569 2118 canatur
3585 2060 3807 2115 historia

2224 2164 2293 2217 de
2317 2166 2511 2216 sancta
2534 2159 2829 2224 Trinitate,
2843 2158 3087 2228 hymnus
3106 2157 3296 2209 Primo
3323 2154 3567 2212 dierum,
3593 2149 3802 2221 psalmi,

2224 2253 2473 2315 Domine,
2522 2252 2586 2302 in
2636 2251 2863 2313 virtute,
2899 2250 2956 2299 et
2983 2243 3208 2313 reliqui.
3238 2243 3304 2297 In
3344 2241 3514 2295 tertio
3544 2243 3804 2293 nocturno

2226 2337 2624 2411 pronuntietur
2687 2333 3051 2404 Evangelium
3098 2350 3111 2385 :
3182 2332 3320 2386 Cum
3380 2330 3717 2391 sublevasset,
3755 2329 3806 2379 et

2225 2428 2377 2481 idem
2424 2427 2646 2496 legatur
2682 2441 2717 2477 a
2753 2423 3042 2477 sacerdote
3089 2418 3353 2474 revestito
3407 2433 3539 2471 cum
3591 2414 3806 2469 collecta

2228 2517 2440 2581 Eacita,
2456 2517 2705 2569 Domine.
2727 2512 2812 2566 Ad
2832 2511 3025 2565 laudes
3043 2507 3527 2580 psalmiDominus
3547 2504 3801 2571 regnavit.

2226 2604 2564 2674 Antiphonae
2606 2602 2675 2655 de
2720 2600 3015 2663 Trinitate,
3048 2603 3105 2651 et
3155 2595 3414 2650 similiter
3449 2608 3621 2664 super
3654 2592 3806 2645 horas

2227 2710 2407 2764 usque
2455 2692 2528 2747 ad
2573 2690 2871 2760 Vesperas,
2912 2703 3040 2743 cum
3066 2683 3343 2757 capitulis,
3374 2688 3431 2737 et
3454 2681 3718 2746 versibus,
3757 2684 3807 2732 et

2226 2780 2492 2845 collectis,
2525 2781 2596 2834 ad
2634 2777 2969 2832 Benedictus
3009 2774 3336 2845 antiphona,
3394 2777 3452 2826 et
3487 2770 3714 2825 collecta
3745 2767 3806 2820 de

2224 2868 2517 2925 Trinitate.
2533 2868 2669 2921 Post
2685 2866 2975 2919 collectam
2995 2862 3215 2916 dicatur
3231 2860 3543 2931 antiphona
3565 2874 3631 2911 ex
3648 2857 3806 2911 Evan-

2224 2958 2372 3029 gelio
2398 2957 2536 3012 Cum
2565 2957 2910 3020 sublevasset,
2939 2968 3069 3006 cum
3091 2950 3279 3005 Gloria
3294 2951 3470 3015 Patri,
3504 2962 3693 3001 versus
3714 2946 3803 2998 Do-

2227 3050 2417 3101 minus
2445 3047 2716 3113 regnavit,
2750 3042 2983 3096 collecta
3020 3041 3233 3105 Eacita,
3269 3040 3520 3103 Domine,
3546 3050 3723 3090 sermo
3752 3032 3801 3085 in

2227 3135 2491 3206 capitulo,
2512 3137 2569 3187 et
2588 3129 2935 3185 matutinalis
2956 3128 3129 3182 missa
3147 3128 3216 3181 de
3229 3124 3541 3188 Dominica,
3565 3120 3804 3191 majorde

2228 3229 2423 3277 sancta
2441 3220 2735 3276 Trinitate.
2770 3219 2829 3273 Si
2875 3216 3148 3272 festivitas
3198 3213 3491 3269 duodecim
3520 3211 3804 3265 lectionum

2226 3310 2492 3377 evenerit,
2518 3325 2631 3363 non
2656 3312 2908 3363 mutetur
2932 3306 3057 3377 ipsa
3082 3303 3375 3359 duodecim
3393 3301 3695 3356 lectionum
3711 3297 3803 3351 fes-

2224 3399 2431 3452 tivitas.

2298 3486 2540 3540 Sabbato
2563 3484 2910 3556 praecedente
2936 3480 3289 3536 Dominicam
3322 3478 3393 3531 de
3419 3476 3675 3531 Adventu
3700 3473 3799 3527 Do-

2225 3574 2384 3641 mini,
2400 3573 2721 3628 dimittatur
2740 3573 2811 3627 ad
2835 3586 3091 3642 vesperas
3111 3568 3290 3623 oratio
3311 3567 3380 3621 de
3427 3581 3609 3630 cruce,
3641 3576 3800 3632 usque

2223 3664 2295 3718 ad
2318 3669 2540 3718 octavas
2568 3660 2914 3733 Epiphaniae.
2970 3658 3028 3713 Si
3057 3657 3331 3712 festivitas
3382 3653 3562 3708 sancti
3583 3651 3801 3705 Andreae

2222 3752 2282 3805 in
2320 3752 2427 3805 hac
2455 3752 2545 3805 die
2601 3749 2869 3813 evenerit,
2919 3750 3161 3817 agantur
3206 3743 3450 3815 pleniter
3469 3756 3708 3811 vesperae
3741 3736 3800 3817 de

2225 3839 2495 3910 apostolo.
2528 3837 2726 3893 Finitis
2763 3807 3008 3906 vesperis
3034 3807 3337 3904 incipiatur
3355 3807 3661 3900 antiphona
3686 3807 3805 3880 Eccl

2228 3946 2428 3984 nomen
2468 3929 2698 3983 Domini
2725 3942 2854 3980 cum
2897 3925 3091 3980 Gloria
3117 3924 3291 3977 Patri.
3324 3920 3484 3974 Dicta
3514 3916 3798 3987 antiphona

2226 4022 2497 4087 sequatur
2520 4031 2717 4069 versus
2748 4018 2806 4068 et
2833 4006 3064 4066 cbllecta
3089 4011 3160 4064 de
3188 4010 3430 4063 adventu
3474 4003 3714 4061 Domini.
3744 4001 3799 4055 In

2224 4105 2468 4158 crastino
2523 4103 2594 4156 ad
2634 4100 3038 4161 invitatorium,
3069 4099 3182 4153 duo
3232 4097 3437 4150 fratres
3470 4093 3532 4147 in
3563 4091 3714 4153 albis,
3748 4087 3799 4140 in

2225 4193 2356 4246 sede
2382 4191 2680 4263 episcopali
2710 4191 2769 4244 in
2797 4189 3006 4259 cappis.
3028 4189 3098 4242 Et
3129 4185 3447 4255 ubicunque
3472 4181 3608 4236 ordo
3627 4191 3800 4263 mona-

2225 4262 2457 4334 chorum
2487 4279 2583 4350 qui
2610 4279 2699 4332 hic
2726 4277 3078 4343 describitur,
3102 4275 3173 4329 ad
3223 4271 3626 4335 invitatorium,
3665 4271 3718 4320 et
3737 4262 3799 4317 ad

548 4365 678 4429 post
699 4367 973 4417 nocturna
996 4369 1053 4418 et
1093 4365 1397 4420 familiares
1426 4368 1689 4438 psalmos,
1714 4369 1973 4423 Officium
1998 4385 2210 4438 mor-ﬂ
2226 4368 2579 4433 Benedictus,
2611 4372 2668 4421 et
2698 4366 2770 4421 ad
2796 4365 3119 4436 Magniﬁcat
3148 4360 3468 4434 praecipitur
3495 4372 3618 4412 esse
3644 4356 3700 4409 in
3724 4352 3798 4405 al-

544 4450 799 4520 tuorum,
831 4456 887 4504 et
915 4453 1203 4519 matutinae
1223 4455 1417 4510 laudes
1446 4457 1515 4511 de
1544 4457 1801 4511 omnibus
1821 4458 2040 4512 Sanctis
2089 4462 2148 4511 et

556 4537 722 4591 Verba
736 4555 874 4605 mea,
889 4541 938 4594 si
981 4542 1344 4599 tricenarium
1374 4544 1602 4599 habent.
1631 4545 1893 4600 Posthaec
1908 4546 2140 4599 descen-

545 4625 742 4682 dentes
763 4644 793 4682 e
813 4629 1139 4685 dormitorio
1159 4633 1390 4687 sedeant
1408 4634 1466 4687 in
1511 4634 1679 4689 choro
1700 4654 1712 4702 ;
1749 4635 1994 4689 infantes
2013 4651 2141 4688 cum

546 4714 923 4773 luminaribus
948 4719 1007 4773 in
1029 4721 1274 4791 capitulo
1291 4723 1591 4793 diligenter
1608 4740 1641 4777 a
1659 4723 1943 4794 magistris
1960 4728 2144 4777 custo-

545 4803 792 4873 diantur,
826 4814 1090 4863 canentes
1111 4812 1258 4880 quod
1296 4812 1675 4866 necessarium
1703 4812 1827 4875 erit,
1862 4816 1963 4865 aut
1990 4812 2039 4865 si
2062 4813 2145 4865 ni-

545 4893 654 4947 mis
704 4897 982 4965 profunda
1021 4906 1182 4952 nocte
1224 4900 1585 4966 surrexerint,
1618 4905 1857 4971 pausent
1889 4902 2143 4970 jacentes

544 4983 618 5037 ad
642 4984 841 5038 sedilia
860 5002 982 5040 sua.
1015 4986 1128 5040 Isto
1155 4987 1447 5042 intervallo
1477 4988 1644 5042 debet
1672 4988 1824 5058 prior
1850 5005 1977 5042 cum
2009 4990 2140 5043 abs-

547 5089 717 5127 consa
738 5089 970 5128 accensa
996 5078 1159 5144 (caeca
1196 5076 1439 5144 laterna)
1475 5093 1576 5146 per
1603 5076 1834 5129 chorum
1864 5075 1947 5129 ire
1975 5092 2040 5130 ac
2067 5077 2144 5130 vi-

543 5160 677 5215 dere
707 5179 875 5233 quam
900 5164 1236 5233 regulariter
1257 5164 1489 5217 sedeant
1513 5182 1526 5231 ;
1559 5163 1761 5218 deinde
1791 5180 1892 5235 per
1917 5164 2137 5231 altaria,

543 5254 601 5304 et
619 5251 874 5305 membra
893 5251 1240 5316 monasterii,
1264 5268 1336 5304 ne
1360 5254 1503 5305 torte
1535 5251 1737 5321 aliquis
1765 5252 1841 5305 ibi
1869 5252 2131 5308 dormiat.

544 5339 604 5393 Si
631 5355 760 5394 vero
790 5340 1040 5410 aliquem
1087 5345 1343 5393 orantem
1397 5339 1693 5403 invenerit,
1741 5340 1973 5395 silenter
2007 5358 2135 5412 per-

538 5431 813 5483 transeat.
844 5429 1004 5492 Quod
1035 5429 1084 5482 si
1131 5429 1377 5499 aliquem
1425 5428 1795 5482 dormientem
1839 5431 2129 5500 repererit,

546 5513 804 5585 evigilata
832 5518 891 5570 in
917 5517 1169 5582 chorum,
1208 5517 1366 5587 signo
1396 5517 1559 5583 facto,
1596 5517 1801 5571 reverti
1827 5519 2129 5589 prmcipiat.

542 5604 756 5662 Deinde
784 5605 950 5663 debet
974 5622 1077 5678 per
1095 5606 1408 5665 claustrum
1428 5611 1486 5661 et
1512 5605 1572 5663 in
1600 5606 1909 5679 capitulum
1931 5608 2037 5678 ire,
2068 5624 2132 5665 ac

2160 4417 2211 4476 D

2227 4457 2332 4511 bis.
2365 4459 2431 4512 In
2460 4456 2591 4510 sede
2619 4454 2920 4526 episcopali
2950 4453 3271 4507 institutum
3291 4454 3377 4503 est
3395 4446 3592 4502 essein
3607 4440 3797 4513 cappis.

2228 4546 2518 4601 Leotiones
2540 4545 2609 4599 de
2637 4543 2787 4598 Isaia
2811 4542 3086 4613 propheta
3131 4553 3308 4609 usque
3357 4536 3427 4591 ad
3466 4532 3797 4589 nativitatem

2221 4633 2466 4690 Domini.
2499 4634 2565 4688 In
2583 4631 2874 4686 matutinis
2903 4627 3160 4683 laudibus
3188 4625 3390 4697 psalmi
3406 4626 3658 4679 Miserere
3678 4618 3795 4683 mei,

2222 4725 2382 4783 Deus,
2413 4727 2471 4775 et
2498 4720 2719 4790 reliqui.
2751 4718 2837 4773 Ad
2864 4716 3201 4771 Benedictus
3232 4713 3491 4768 sacerdos
3512 4712 3571 4764 in
3585 4709 3705 4763 alba
3722 4705 3793 4759 in—

2226 4815 2418 4865 censet
2442 4809 2663 4864 altaria.
2694 4808 2781 4862 Ad
2822 4810 3016 4872 256
3058 4803 3304 4857 Primam
3358 4799 3679 4871 capitulum,
3708 4795 3795 4848 Do-

2224 4902 2397 4966 mine,
2430 4902 2694 4952 miserere
2711 4897 2905 4962 nostri,
2929 4892 3189 4948 omnibus
3222 4888 3529 4945 Dominicis
3557 4890 3613 4940 et
3653 4879 3791 4938 festis

2225 4987 2421 5042 diebus
2432 4987 2503 5040 ad
2519 4985 2883 5040 Nativitatem
2898 4981 3146 5037 Domini.
3179 4981 3370 5036 Gloria
3383 4981 3447 5032 in
3461 4976 3677 5031 excelsis
3697 4972 3790 5024 Deo

2222 5076 2456 5130 minime
2483 5075 2721 5139 dicatur,
2756 5074 2828 5126 ad
2855 5072 3128 5141 majorem
3181 5068 3409 5121 missam
3452 5065 3709 5118 diaconus
3742 5059 3789 5109 et

2222 5163 2594 5219 subdiaconus
2623 5161 2827 5216 casulis
2881 5160 2997 5213 sint
3035 5156 3239 5211 induti.
3269 5152 3572 5209 Dominicis
3601 5154 3655 5203 et
3680 5144 3789 5200 aliis

2216 5253 2396 5322 festis,
2429 5251 2632 5322 quibus
2678 5248 2972 5304 duodecim
3006 5246 3274 5299 lectiones
3320 5242 3550 5306 faciunt,
3584 5236 3788 5305 adipem

2218 5341 2532 5397 comedant.
2549 5339 2609 5394 Si
2623 5337 2895 5392 festivitas
2933 5333 3109 5388 sancti
3127 5332 3363 5386 Andreae
3380 5331 3436 5383 in
3446 5330 3550 5382 hac
3568 5326 3655 5380 die
3680 5334 3786 5375 cve-

2217 5430 2384 5496 nerit,
2408 5428 2755 5499 praecedente
2767 5425 3012 5479 Sabbato
3029 5422 3175 5477 sicut
3190 5421 3249 5474 in
3275 5418 3482 5488 Vigilia
3494 5416 3781 5486 jejunetur,

2216 5525 2274 5574 et
2296 5518 2467 5571 missa
2494 5517 2564 5570 de
2591 5514 2795 5585 Vigilia
2821 5512 3042 5566 dicatur
3074 5503 3559 5563 :commemoratio
3597 5500 3666 5553 ad
3702 5510 3782 5548 Ve-

2214 5623 2426 5682 speras,
2454 5607 2512 5663 et
2537 5605 2598 5663 in
2617 5603 2861 5660 crastino
2881 5602 2953 5658 ad
2978 5598 3289 5655 matutinas
3320 5595 3530 5661 laudes,
3558 5596 3614 5646 et
3629 5585 3783 5644 missa
