3878 6398
76 305 159 363 449

1002 299 1347 359 ΒΕΟΒΕΤΑ
1370 299 1515 356 PRO
1555 255 1831 356 ORDINE
1868 294 1928 351 s.
1966 293 2373 355 BENEDICTI.

3226 308 3334 366 450

75 428 405 486 matutinalis
446 428 516 483 de
543 427 793 500 apostolo
822 429 1041 497 agatur.
1090 425 1385 480 Festivitas
1421 440 1552 479 vero
1588 424 1650 478 in
1666 425 1912 484 Aunum
1940 417 2182 488 signum,
2205 422 2463 496 factaque
2499 426 2748 483 oratione
2775 444 2948 501 supra
2971 429 3179 487 formas
3198 434 3327 505 pul-

74 519 368 579 crastinum.
388 516 698 572 differatur.
740 515 828 569 Ad
855 531 1114 586 vesperas
1146 514 1323 585 ipsius
1352 513 1464 567 diei
1502 511 1654 582 capi-

74 607 257 672 tulum,
289 610 348 659 et
375 609 579 659 ceetera
606 620 728 674 qua;
752 607 1067 674 sequuntur
1095 602 1164 656 de
1193 601 1446 671 apostolo
1471 600 1656 653 dican-

75 702 179 761 tur;
227 693 431 748 dehinc
476 691 934 747 commemoratio
977 691 1046 744 de
1086 690 1382 756 Adventu;
1422 687 1655 759 privatis

72 782 250 837 diebus
274 798 468 853 preces
490 782 718 837 Oremus
742 796 845 849 pro
871 782 1025 833 omni
1052 780 1233 846 gradu
1265 778 1526 831 Ecclesiae.
1556 776 1658 830 Fe-

72 871 142 924 ria
176 874 399 941 quarta,
440 873 614 933 sexta,
649 872 706 921 et
754 865 994 921 Sabbato
1024 866 1279 929 Quatuor
1313 866 1655 935 Temporum

72 958 492 1029 pronuntientur
529 954 831 1025 Evangelia
872 954 1123 1025 ipsorum
1176 952 1415 1007 dierum.
1449 951 1655 1021 Vigilia

72 1047 277 1101 Thomas
304 1045 567 1117 apostoli,
596 1045 644 1099 si
671 1044 790 1097 dies
818 1042 1140 1097 Dominicus
1183 1058 1297 1095 non
1325 1040 1514 1106 fuerit,
1556 1057 1651 1094 ra-

71 1136 259 1190 dantur
293 1134 519 1201 fratres,
569 1138 626 1187 et
669 1132 749 1186 sic
794 1131 1129 1185 balneentur
1164 1129 1262 1201 qui
1297 1130 1492 1183 volunt
1527 1127 1651 1181 bal-

71 1223 227 1290 neari,
250 1228 317 1278 ut
338 1221 561 1278 duobus
589 1219 785 1275 diebus
812 1224 944 1274 ante
962 1218 1310 1273 Dominicam
1329 1215 1650 1272 Nativitatis

70 1314 164 1368 sint
187 1329 385 1368 omnes
422 1311 689 1366 balneati.
720 1311 778 1365 Si
807 1326 1032 1364 necesse
1061 1309 1153 1376 sit,
1185 1308 1307 1377 ipso
1336 1305 1652 1377 apostolicae

68 1401 367 1456 festivitatis
396 1400 491 1454 die
518 1398 770 1453 balneari
798 1401 1050 1468 possunt.
1083 1397 1213 1467 Ipsa
1238 1400 1429 1449 autem
1451 1394 1653 1448 balnea

65 1493 151 1546 hoc
203 1491 404 1545 ordine
460 1489 830 1559 disponantur
870 1504 882 1539 :
925 1484 1276 1556 praecedente
1331 1482 1421 1537 die
1484 1481 1651 1537 debet

64 1579 238 1644 abbas,
282 1582 383 1632 aut
425 1576 523 1647 qui
551 1575 803 1630 ordinem
830 1578 1004 1639 tenet,
1035 1572 1327 1644 providere
1356 1587 1531 1625 unum
1560 1587 1648 1623 se-

64 1668 265 1722 niorem
305 1665 632 1736 religiosum
664 1670 833 1734 atque
858 1662 1212 1734 prudentem,
1244 1660 1332 1715 cui
1364 1658 1651 1730 praecipiat

1735 517 1932 567 sentur
1960 513 2149 567 omnia
2176 513 2372 582 signa;
2424 514 2627 585 quibus
2667 519 3015 574 cessantibus
3058 520 3330 593 incipiant

1735 602 2042 657 matutinas
2063 602 2275 656 laudes.
2308 602 2516 657 Psalmi
2554 605 2823 659 Dominus
2841 610 3093 675 regnarit
3121 614 3177 663 et
3195 611 3330 665 reli-

1737 690 1850 760 qui.
1884 691 2134 744 Primam
2163 691 2529 761 antiphonam
2568 692 3039 751 hebdomadarius
3075 697 3327 769 incipiat.

1737 778 2075 849 Capitulum,
2100 782 2308 833 Paulus
2335 795 2521 834 servus
2551 780 2758 836 Christi
2781 786 2926 837 Jesu.
2951 785 3220 840 Sacerdos
3248 788 3332 842 in-

1736 867 1906 921 dutus
1948 867 2072 921 alba
2102 867 2353 921 incenset
2377 867 2621 926 "altaria.
2660 870 2859 925 Preces
2899 873 3010 939 Ego
3052 876 3193 943 dixi,
3229 878 3331 930 Do-

1734 960 1906 1009 mine.
1935 955 2233 1009 Psalmum‘
2251 971 2425 1009 unum
2455 957 2708 1012 Miserere
2737 962 2865 1029 mei,
2892 961 3052 1015 Deus.
3077 963 3334 1019 Comme-

1733 1044 1972 1097 moratio
2007 1048 2349 1107 sanctorum,
2392 1044 2592 1114 prima,
2640 1047 2860 1116 psalmi,
2902 1048 3135 1118 litania;
3182 1051 3335 1106 dicta

1730 1132 1900 1186 tertia
1927 1137 1985 1186 et
2012 1132 2185 1186 missa
2235 1131 2572 1200 matutinali,
2604 1134 2829 1204 signum
2854 1137 3082 1207 capituli
3118 1139 3332 1196 diutius

1732 1220 1895 1274 solito
1949 1226 2036 1274 est
2091 1220 2446 1290 pulsandum,
2487 1227 2552 1275 ut
2603 1224 2816 1277 cunctis
2872 1226 3330 1296 occupationibus

1730 1309 2122 1379 praetermissis
2150 1309 2220 1362 ad
2249 1308 2470 1363 initium
2499 1310 2729 1380 capituli
2755 1328 2950 1366 omnes
2974 1316 3326 1385 conveniant,

1731 1401 1798 1451 ut
1814 1413 1942 1451 cum
1966 1396 2174 1452 Christi
2195 1397 2418 1451 Domini
2438 1398 2615 1452 nostri
2636 1399 2913 1455 Nativitas
2932 1404 3330 1472 pronuntiatur

1730 1489 2092 1553 prosternant
2130 1501 2190 1537 se
2221 1484 2405 1539 cuncti
2438 1484 2497 1539 in
2526 1490 2756 1553 terram,
2798 1487 2973 1542 lector
2999 1491 3170 1546 etiam
3197 1499 3330 1549 ante

1729 1572 2068 1643 analogium,
2092 1573 2305 1643 pariter
2328 1578 2572 1638 orantes,
2601 1590 2778 1645 usque
2797 1575 2933 1631 dum
2963 1579 3059 1649 qui
3076 1580 3331 1638 ordinem

1727 1665 1902 1725 tenet,
1931 1661 2182 1715 oratione
2212 1660 2377 1728 facta,
2402 1660 2582 1731 erigat
2604 1679 2682 1716 se.
2714 1662 3119 1721 Pronuntietur
3148 1668 3331 1723 Evan-

63 1772 241 1811 curam
271 1753 482 1808 habere
510 1752 581 1807 de
604 1751 759 1823 ipsis,
793 1751 890 1821 qui
917 1755 1267 1805 commoneat
1307 1749 1509 1802 fratres
1539 1737 1956 1818 quaBgelium,
1990 1753 2047 1801 et
2076 1765 2142 1801 ex
2183 1765 2247 1802 eo
2276 1765 2460 1803 sermo
2498 1755 2719 1819 agatur.
2751 1752 2885 1806 Post
2913 1759 3151 1822 sextam,
3182 1758 3329 1812 facto

61 1845 181 1899 hora
210 1845 297 1897 ire
338 1841 599 1906 debeant,
636 1845 693 1894 et
732 1840 918 1893 videre
947 1855 1114 1909 quam
1167 1837 1423 1892 ordinate
1472 1836 1551 1889 ibi
1588 1852 1649 1889 se

59 1933 396 1987 contineant.
424 1929 531 1993 Qui
558 1928 748 1983 senior
771 1928 905 1982 illuc
928 1943 1166 1999 pergens
1193 1926 1381 1980 videat
1409 1924 1652 1996 qualiter

60 2022 158 2075 sint
198 2024 522 2091 preparata
566 2022 624 2072 et
668 2016 859 2088 quales
889 2015 1088 2070 famuli
1121 2013 1199 2068 ibi
1223 2013 1337 2068 sint
1374 2012 1646 2084 deputati,

60 2110 258 2164 scilicet
297 2124 413 2162 non
453 2105 714 2171 infantes,
746 2121 850 2159 nec
888 2105 1142 2175 juvenes,
1177 2102 1275 2156 sed
1311 2106 1475 2156 aetate
1521 2117 1652 2172 pro-

62 2199 338 2253 vectiores.
382 2196 544 2261 Quod
581 2195 630 2249 si
667 2193 880 2265 aliquid
914 2193 1286 2262 incongruum
1325 2190 1526 2244 viderit
1560 2190 1648 2244 in-

60 2288 191 2341 dicet
206 2284 542 2351 camerario,
568 2287 626 2338 et
644 2282 738 2336 ille
755 2281 944 2336 statim
967 2279 1243 2335 emendet.
1264 2280 1650 2349 Reversusque

61 2378 235 2430 senior
264 2375 326 2429 in
372 2374 677 2428 claustrum
721 2374 1072 2425 commoneat
1097 2368 1299 2422 fratres
1327 2367 1475 2438 quod
1511 2383 1651 2437 opus

63 2482 169 2519 esse
196 2461 544 2534 cognoverit.
584 2459 694 2515 Sed
725 2459 830 2514 hoc
867 2462 1063 2512 caveat
1089 2474 1161 2511 ne
1184 2456 1566 2510 adolescentes
1595 2460 1653 2509 et

1730 1835 2041 1901 intervallo,
2075 1837 2331 1907 pulsetur
2373 1836 2616 1907 signum,
2658 1840 2990 1895 conveniant
3032 1843 3234 1898 fratres
3270 1846 3334 1900 in

1733 1924 2040 1991 ecclesiam,
2092 1924 2403 1979 orationem
2451 1927 2824 1981 communiter
2868 1929 3092 1998 faciant,
3132 1933 3335 1989 litania

1732 2006 1965 2066 minime
2025 2012 2262 2077 dicatur,
2325 2013 2633 2069 induantur
2686 2016 2916 2070 missam
2972 2019 3329 2089 celebraturi,

1733 2103 1992 2157 sacerdos
2033 2104 2359 2169 honorifice,
2400 2105 2568 2158 levita
2596 2105 2914 2173 dalmatica,
2946 2108 3056 2162 duo
3099 2110 3333 2167 subdia-

1733 2189 1858 2244 coni
1886 2190 2105 2256 tunicis,
2153 2207 2299 2245 unus
2334 2182 2405 2261 ad
2433 2192 2804 2263 prophetiam,
2839 2199 2896 2248 et
2936 2196 3079 2250 alter
3107 2198 3177 2252 ad
3205 2199 3333 2270 Epi-

1732 2279 1953 2343 stolam,
1983 2280 2094 2333 duo
2121 2278 2260 2333 albis
2308 2281 2378 2334 ad
2418 2282 2854 2351 responsorium,
2889 2289 3085 2338 cantor
3119 2286 3333 2342 hebdo-

1733 2367 2019 2421 madarius
2048 2384 2224 2438 cappa
2266 2368 2337 2422 ad
2375 2368 2626 2433 chorum,
2665 2376 2781 2425 tres
2810 2372 3059 2426 conversi
3087 2390 3233 2429 unus
3259 2376 3334 2432 ad

1731 2454 2102 2521 thuribulum,
2136 2456 2246 2510 duo
2274 2457 2345 2510 ad
2374 2457 2728 2523 candelabra,
2752 2459 3008 2529 pulsetur
3035 2462 3332 2519 classicum

60 2552 243 2608 novitii
264 2551 438 2606 simul
465 2554 614 2617 eant,
648 2548 748 2603 sed
767 2563 896 2602 cum
923 2545 1257 2601 senioribus.
1278 2545 1367 2599 Illi
1394 2560 1524 2598 vero
1546 2543 1652 2597 fra-
1734 2543 1805 2597 ad
1851 2560 2122 2598 canonem
2167 2559 2340 2615 supra
2384 2544 2611 2615 formas,
2657 2553 3088 2618 prosternantur
3114 2551 3334 2617 ,tubulre

62 2649 160 2697 res
218 2657 365 2712 quos
416 2636 846 2702 commonuerit,
915 2640 1214 2707 postquam
1264 2633 1379 2687 rasi
1441 2631 1652 2686 fuerint
1728 2632 2009 2686 refectorii
2037 2638 2330 2703 cooperta.

61 2730 391 2802 accipientes
409 2729 759 2791 vestimenta,
782 2740 906 2796 quae
924 2729 1147 2777 mutare
1167 2721 1388 2787 debent,
1415 2724 1654 2792 pergant
1803 2721 1869 2775 In
1897 2725 2061 2774 nocte
2104 2721 2406 2776 Dominicae
2444 2723 2767 2778 Nativitatis
2795 2726 2987 2781 omnia
3013 2727 3174 2798 signa
3200 2728 3335 2800 'pri-

61 2821 119 2872 ad
138 2821 328 2873 locum
348 2817 409 2871 in
430 2832 539 2886 quo
570 2814 774 2869 balnea
797 2816 1203 2884 praeparantur,
1228 2810 1417 2881 ibique
1444 2826 1653 2863 exuen-
1734 2825 1889 2863 mum
1920 2811 2232 2879 pulsentur,
2262 2811 2333 2864 ad
2367 2810 2751 2866 invitatorium
2777 2819 3021 2884 quatuor
3047 2817 3248 2871 fratres
3276 2817 3338 2873 in

58 2914 133 2962 tes
171 2907 517 2962 vestimenta
545 2920 649 2957 sua
689 2902 770 2956 sic
813 2901 1090 2966 ordinate,
1122 2903 1204 2967 (ut
1240 2898 1299 2952 in
1326 2897 1655 2952 dormitorio
1735 2897 1945 2968 cappis.
1964 2899 2029 2952 In
2051 2914 2387 2968 unoquoque
2411 2905 2684 2954 nocturno
2704 2902 2774 2954 ad
2797 2902 3020 2956 tertiam
3036 2904 3337 2960 lectionem

59 2998 231 3051 facere.
282 2996 710 3055 consueverunt,
716 3005 732 3061 )
782 2991 998 3044 intrent
1046 2987 1433 3058 unusquisque
1472 2986 1569 3040 ubi
1606 2985 1657 3039 ei
1738 2986 1849 3040 duo
1879 2986 2195 3040 sacerdotes
2223 2987 2413 3057 cappis
2441 2987 2623 3041 induti
2653 2988 2764 3042 duo
2800 2990 3087 3044 thuribula
3123 2993 3335 3047 circum

58 3086 155 3139 fuit
183 3085 659 3147 demonstratum,
696 3083 770 3144 et,
803 3076 1055 3149 deposito
1084 3076 1206 3129 velo
1232 3075 1380 3145 quod
1405 3078 1538 3128 ante
1564 3062 1715 3127 eosC
1736 3072 1921 3126 ferant
1966 3077 2173 3138 εὖτ,
2227 3072 2407 3143 primo
2452 3074 2669 3128 duobus
2706 3075 2997 3142 altaribus,
3039 3079 3242 3148 majori
3281 3084 3339 3134 et

59 3173 279 3243 pendet,
312 3170 507 3225 sedeat
531 3184 661 3223 cum
691 3166 934 3221 silentio.
967 3165 1027 3220 Si
1068 3164 1203 3235 quid
1223 3179 1355 3217 vero
1389 3162 1439 3216 ei
1468 3178 1659 3216 neces-

59 3262 266 3315 sarium
301 3258 492 3323 fuerit,
526 3256 775 3311 modeste
800 3255 960 3324 signo
993 3252 1181 3323 aliquo
1209 3256 1383 3322 petat,
1416 3250 1659 3304 famulus

58 3350 170 3403 velo
200 3350 422 3403 elevato
450 3344 665 3400 deferat
697 3342 780 3397 illi
811 3341 1068 3397 celeriter
1092 3341 1241 3412 quod
1269 3339 1426 3410 petit,
1459 3344 1517 3393 et
1542 3344 1659 3392 sta-

59 3438 153 3491 tim
193 3438 536 3491 revertatur.
567 3433 874 3502 Postquam
901 3430 1038 3485 satis
1066 3429 1290 3483 ablutus
1323 3427 1511 3493 fuerit,
1546 3443 1660 3481 non

59 3526 367 3580 delectetur
392 3521 471 3576 ibi
516 3519 727 3574 diutius
771 3518 1070 3574 demorari.
1104 3518 1349 3587 Surgens
1375 3532 1506 3569 vero
1544 3515 1660 3569 cal-

61 3620 249 3669 ceatus
271 3617 443 3683 atque
468 3608 722 3674 vestitus,
747 3607 892 3661 sicut
918 3606 978 3660 in
1005 3605 1333 3660 dormitorio
1353 3603 1655 3667 consuevit,

59 3701 263 3757 ablatis
292 3696 553 3754 manibus
595 3701 910 3751 revertatur
958 3696 1016 3749 in
1061 3695 1387 3749 claustrum.
1427 3692 1664 3747 Adoles-

61 3795 246 3844 centes
280 3787 379 3859 qui
427 3790 561 3841 sunt
614 3785 675 3839 in
711 3784 981 3850 custodia,
1023 3799 1150 3838 cum
1179 3781 1502 3837 custodibus
1547 3781 1663 3834 suis

59 3882 207 3944 eant,
239 3881 301 3930 et
326 3877 697 3929 revertantur.
726 3873 776 3926 A
804 3871 989 3942 prima
1032 3886 1210 3941 usque
1252 3869 1323 3923 ad
1362 3868 1663 3938 completo-

60 3964 205 4019 rium
232 3961 498 4019 omnibus
536 3960 689 4015 horis
729 3960 946 4031 possint
986 3959 1071 4012 ire
1099 3959 1299 4013 fratres
1325 3957 1397 4011 ad
1434 3956 1654 4021 balnea,

59 4053 155 4106 sed
179 4052 371 4107 nullus
408 4054 711 4122 praesumat
732 4049 817 4102 ire
844 4047 1069 4119 absque}
1089 4048 1314 4103 licentia
1352 4045 1544 4100 fratris
1572 4043 1662 4098 cui

59 4141 164 4194 hoc
187 4139 553 4194 commissum
582 4142 686 4192 est.
810 4187 819 4193 .

128 4228 192 4283 Si
217 4227 413 4298 vigilia
444 4225 751 4280 Dominicae
778 4223 1099 4279 Nativitatis
1137 4224 1197 4278 in
1233 4223 1526 4278 Dominica
1570 4222 1661 4276 die

1739 3159 2080 3225 matutinali,
2105 3160 2305 3215 dehinc
2334 3162 2599 3216 fratribus
2627 3162 2686 3216 in
2708 3164 2875 3217 choro
2906 3165 3249 3221 sedentibus.
3272 3169 3339 3222 In

1739 3249 1907 3303 tertio
1933 3254 2208 3303 nocturno
2227 3250 2667 3320 pronuntiantur
2685 3251 2803 3306 haec
2819 3253 3147 3324 Evangelia:
3183 3258 3341 3310 Liber

1739 3340 2128 3405 generationis,
2157 3338 2310 3391 Exiit
2338 3340 2595 3405 edictum,
2636 3343 2897 3406 Pastores,
2945 3345 3010 3396 In
3036 3346 3339 3412 principio.

1741 3426 1954 3490 Quibus
1981 3425 2215 3496 expletis
2247 3442 2375 3480 cum
2414 3428 2786 3497 responsoriis
2829 3429 2945 3483 suis
2974 3430 3207 3502 incipiat
3239 3433 3343 3487 do-

1741 3514 1929 3569 minus
1958 3514 2129 3569 abbas
2162 3515 2227 3568 Te
2272 3516 2444 3569 Deum
2482 3518 2798 3571 laudamus.
2835 3518 2956 3582 Quo
2993 3518 3159 3587 dicto,
3192 3521 3344 3591 legat

1744 3603 2106 3673 Evangelium
2134 3604 2293 3657 Liber
2308 3607 2696 3671 generationis.
2720 3605 2880 3661 Dicta
2902 3608 3172 3674 oratione,
3206 3609 3344 3664 inci-

1743 3692 1864 3763 piat
1890 3696 2086 3746 cantor
2112 3691 2477 3762 antiphonam
2502 3693 2542 3748 0
2565 3694 2716 3747 beata
2741 3696 3011 3761 infantia.
3044 3697 3226 3760 Quam
3254 3714 3344 3752 ca-

1742 3785 1941 3836 nentes
1969 3785 2104 3834 cant
2144 3780 2216 3834 ad
2259 3781 2435 3834 altare
2467 3781 2682 3835 Sancta:
2723 3783 2929 3849 Mariae,
2977 3788 3034 3838 et
3070 3784 3147 3838 ibi
3176 3786 3341 3840 dictis

1744 3868 2035 3923 matutinis
2064 3869 2133 3922 de
2172 3869 2429 3923 omnibus
2461 3870 2697 3937 Sanctis,
2737 3871 2944 3924 vadaut
2984 3871 3045 3924 in
3075 3872 3343 3927 dormito-

1740 3957 1909 4012 rium.
1940 3957 2153 4012 Deinde
2189 3958 2443 4028 pulsetur
2476 3974 2651 4012 unum
2679 3958 2748 4011 de
2793 3958 3098 4028 majoribus
3142 3960 3339 4032 signis,

1742 4046 1888 4100 sicut
1914 4046 2124 4117 pulsari
2171 4047 2309 4100 solet
2358 4046 2521 4100 skilla
2565 4046 2624 4100 in
2668 4046 2961 4101 duodecim
3008 4048 3343 4105 lectionibus

1743 4140 1870 4206 post
1915 4136 2241 4205 capitulum,
2292 4138 2423 4189 ante
2463 4134 2855 4189 matutinalcm
2904 4137 3156 4193 missam.
3186 4139 3344 4194 Tunc

1744 4225 1947 4277 fratres
1977 4224 2073 4294 qui
2101 4223 2172 4277 ad
2201 4223 2428 4277 missam
2475 4223 2742 4276 induendi
2770 4229 2904 4278 sunt
2931 4226 3140 4279 vadant
3166 4228 3237 4281 ad
3266 4228 3345 4282 lo-

61 4316 330 4384 evenerit,
362 4315 475 4369 duo
520 4315 722 4368 fratres
746 4312 1134 4367 invitatorium
1175 4312 1245 4366 de
1274 4310 1565 4365 Dominica
1601 4310 1719 4384 in_
1743 4329 1871 4366 cum
1900 4311 2286 4377 constitutum,
2319 4311 2414 4365 ubi
2457 4310 2533 4364 sit
2577 4311 2820 4382 optimus
2850 4312 2997 4383 ignis
3044 4331 3079 4367 a
3115 4315 3345 4370 famulis

60 4403 220 4459 Albis
248 4375 458 4470 dicant,
501 4402 748 4474 primum
789 4405 847 4455 et
882 4400 1190 4455 secundum
1218 4405 1557 4454 nocturnum
1593 4375 1726 4453 deD
1745 4400 2038 4454 camerarii
2066 4375 2427 4470 praeparatus,
2459 4375 2695 4455 baccilia
2725 4398 2839 4472 (60)
2865 4375 3105 4473 quoque,
3138 4408 3195 4458 et
3230 4421 3349 4458 ma-

62 4492 506 4563 ipsarDominica
532 4492 691 4555 ﬁant,
717 4489 947 4545 tertium
976 4494 1034 4544 et
1059 4488 1349 4543 matutinae
1376 4488 1571 4542 laudes
1595 4486 1666 4541 de

62 4581 274 4651 vigilia.
303 4581 441 4636 Post
475 4580 717 4651 primam
763 4578 1053 4633 collectam
1097 4576 1556 4632 commemoratio
1598 4575 1668 4630 de

62 4668 389 4736 Dominica;
439 4668 612 4722 missa
653 4666 1004 4721 matutinalis
1040 4665 1110 4720 de
1137 4665 1447 4731 Dominica,
1487 4665 1668 4734 major

63 4755 136 4809 de
167 4757 373 4827 vigilia.
395 4756 523 4811 Alia
548 4772 679 4810 vero
706 4755 817 4821 die,
842 4754 985 4809 sicut
1019 4753 1248 4825 privatis
1267 4752 1482 4821 diebus,
1506 4753 1667 4824 signa

62 4845 364 4915 pulsentur
389 4849 447 4900 et
470 4844 709 4916 triginta
743 4843 945 4915 psalmi
969 4843 1246 4898 dicantur.
1274 4841 1664 4898 Invitatorium

64 4933 193 4987 duo
222 4938 441 5001 canant,
474 4933 573 4987 sed
596 4949 711 4987 non
740 4932 800 4986 in
825 4931 987 4986 albis.
1016 4931 1384 5002 Evangelium
1415 4946 1666 5002 pronun-

62 5023 266 5075 tietur.
289 5022 610 5095 Capitulum
635 5021 707 5075 ad
734 5024 1088 5087 nocturnum,
1117 5025 1175 5075 et
1192 5019 1370 5075 oratio
1392 5025 1450 5074 et
1474 5036 1667 5073 versus

66 5109 145 5163 de
200 5110 400 5181 vigilia.
434 5111 652 5165 Caetera
696 5108 841 5164 sicut
882 5108 1174 5164 retroactis
1210 5108 1424 5176 diebus,
1458 5108 1670 5163 scilicet

68 5197 321 5253 ofﬁcium
352 5204 724 5264 mortuorum,
749 5197 1040 5253 matutinae
1064 5197 1134 5252 de
1153 5197 1412 5252 omnibus
1437 5199 1662 5263 sanctis,

66 5285 314 5342 infantes
356 5288 417 5343 in
457 5287 849 5342 dormitorium
887 5287 1112 5351 vadant,
1154 5290 1212 5340 et
1254 5286 1316 5341 in
1361 5285 1669 5357 capitulum

60 5380 442 5435 revertantur.
473 5375 562 5431 Ad
597 5375 792 5431 laudes
817 5376 962 5430 sicut
1008 5375 1133 5430 aliis
1157 5373 1374 5440 diebus,
1416 5375 1670 5445 pulsetur

62 5478 577 5621 baggfaccilium
622 5483 768 5538 forte
808 5481 1001 5554 pelvis,
1032 5481 1329 5538 vernacula
1372 5483 1556 5537 bassin
1582 5482 1670 5537 vel

1746 4488 2026 4559 nutergia,
2052 4493 2109 4541 et
2135 4505 2283 4559 aqua
2307 4487 2488 4542 calida
2523 4489 2595 4542 ad
2637 4489 2947 4545 abluendas
2974 4508 3195 4546 manus.
3228 4494 3349 4548 Hac

1751 4578 1871 4632 sola
1895 4577 2030 4644 vice,
2057 4582 2359 4647 antequam
2380 4578 2583 4643 lavent,
2609 4583 2841 4649 pectunt
2863 4580 3048 4651 capita
3074 4598 3210 4650 sua;
3236 4583 3348 4637 alio

1754 4665 1904 4719 enim
1931 4669 2187 4734 tempore
2222 4663 2378 4735 prius
2406 4664 2613 4731 lavant,
2647 4671 2841 4735 postea
2876 4668 3182 4738 pectinant.
3213 4671 3351 4726 Post

1746 4754 1863 4808 haec
1891 4758 2129 4824 pergant
2155 4752 2214 4805 in
2243 4751 2551 4817 ecclesiam,
2576 4758 2633 4806 et
2654 4754 2801 4807 facta
2831 4756 3085 4812 oratione
3112 4758 3352 4814 induant

1747 4860 1807 4897 se
1851 4843 1922 4897 ad
1969 4840 2360 4896 celebrandam
2406 4840 2657 4894 missam.
2706 4842 2974 4899 Sacerdos
3022 4845 3346 4915 honoriﬁce,

1746 4932 1914 4986 levita
1956 4930 2277 4994 dalmatica,
2319 4929 2430 4983 duo
2473 4928 2799 4984 subdiaconi
2844 4932 3070 5002 tunicis,
3102 4951 3249 4990 unus
3277 4936 3351 4991 ad

1750 5021 2120 5093 prophetiam,
2139 5024 2198 5074 et
2215 5020 2357 5073 alter
2377 5018 2449 5072 ad
2470 5018 2795 5089 Epistolam,
2814 5020 2886 5073 ad
2905 5024 3343 5093 responsorium,

1750 5114 1808 5164 et
1838 5110 2082 5176 alleluia,
2116 5114 2252 5180 quot
2282 5112 2478 5162 cantor
2505 5107 2848 5178 praeceperit,
2883 5113 2940 5163 et
2966 5110 3025 5163 hi
3053 5110 3112 5165 in
3137 5112 3346 5184 cappis,

1749 5204 1865 5253 tres
1910 5199 2177 5261 conversi,
2218 5203 2335 5252 tres
2380 5202 2636 5251 cantores
2684 5196 2744 5250 in
2790 5196 2981 5267 choro,
3031 5205 3162 5255 ante
3209 5218 3350 5273 quos

1751 5288 1862 5342 duo
1898 5286 2234 5342 candelabra
2275 5302 2403 5341 cum
2447 5286 2623 5340 cereis
2662 5288 2927 5355 accensis,
2958 5288 3199 5344 infantes
3226 5307 3349 5344 om-

1750 5391 1871 5430 nes.
1931 5376 2195 5429 Pulsetur
2239 5375 2533 5429 classicum
2578 5373 2722 5445 (6|),
2776 5381 2834 5429 et
2879 5382 3008 5447 post
3057 5378 3351 5435 inchoetur

1824 5479 1934 5564 _(61)
1967 5480 2273 5564 Classicum
2302 5481 2394 5535 hic
2419 5480 2663 5564 sumitur
2687 5480 2774 5563 vel
2797 5498 2899 5564 pro
2928 5483 3127 5564 ultimo
3158 5485 3349 5564 signo,

1750 5552 1839 5607 vel
1857 5569 1957 5624 pro
1977 5553 2180 5623 majori
2198 5567 2488 5624 campana,
2521 5552 2579 5605 in
2610 5552 2752 5607 turri
2779 5553 3025 5610 ecclesiae
3052 5552 3254 5628 posita'.
