3878 6390
504 348 611 406 455

1520 349 1584 403 Β.
1615 348 2027 407 LANFRANCI
2055 350 2411 407 CANTUAR.
2442 351 2777 408 ARCHIEP.
2955 377 2985 401 ο

3674 352 3780 412 456

513 478 707 532 lectos.
724 475 860 528 Post
889 473 1150 545 primam,
1185 472 1348 527 dictis
1376 474 1659 529 consuetis
1681 476 1913 547 psalmis
1936 475 2326 537 fami-Aduas
2349 491 2542 531 cruces
2566 495 2580 543 ;
2618 480 2756 530 item
2776 475 2887 530 duo
2915 490 3043 529 cum
3072 473 3290 531 duobus
3319 477 3674 535 candelabris
3695 497 3782 535 ac-

511 563 765 627 liaribus,
813 577 941 615 cum
990 561 1266 631 capitulis,
1300 564 1357 613 et
1384 561 1628 615 collectis
1672 562 1808 628 suis,
1847 563 2105 618 dicantur

514 657 728 724 septem
747 648 946 721 psalmi
964 666 1091 703 cum
1111 649 1325 703 litania.
1345 649 1453 702 Per
1471 648 1721 719 singulas
1739 651 1907 704 horas
1925 668 2103 722 usque

518 740 591 794 ad
617 754 896 809 vesperae,
945 753 980 791 a
1006 738 1187 808 prima
1216 735 1560 806 incipientes,
1610 737 1801 792 dicant
1823 740 2103 809 psalmum

518 830 741 883 Inclina
753 828 1002 891 Domine,
1025 841 1126 895 pro
1145 824 1234 878 his
1247 841 1386 895 quos
1404 826 1670 894 prostrati
1699 826 1902 880 dicturi
1922 832 2103 881 erant.

522 917 658 970 Post
701 913 1007 985 capitulum
1052 912 1284 965 sedeant
1318 912 1377 965 in
1423 912 1664 966 claustro
1706 929 1834 967 cum
1859 914 2101 981 silentio,

524 1022 703 1077 usque
731 1005 867 1058 dum
892 1002 1147 1074 pulsetur
1173 1000 1397 1070 signum
1441 1000 1512 1054 ad
1548 1001 1812 1068 tertium;
1863 1002 2107 1057 infantes

523 1109 743 1166 quoque
760 1097 888 1163 post
912 1090 1218 1160 capitulum
1238 1105 1425 1154 suum,
1465 1089 1866 1144 descendentes
1885 1091 1955 1145 de
1982 1092 2108 1144 dor-

522 1182 767 1247 mitorio,
816 1181 922 1233 hoc
973 1178 1264 1231 intervallo
1308 1176 1368 1230 in
1413 1177 1603 1231 schola
1646 1195 1750 1232 sua
1791 1179 2024 1233 sedeant
2050 1186 2108 1234 et

520 1273 728 1342 legant.
783 1270 985 1323 Totam
1038 1266 1188 1320 diem
1236 1265 1564 1320 solemniter
1610 1272 1799 1336 agant,
1849 1272 2105 1339 utraeque

519 1360 705 1415 missae
730 1358 801 1413 ad
839 1356 1023 1425 majus
1046 1355 1224 1409 altare
1247 1352 1619 1408 celebrentur.
1648 1355 1731 1408 Ad
1762 1355 1992 1409 missam
2016 1356 2105 1426 je-

513 1449 661 1522 junii
676 1464 779 1503 nec
795 1445 994 1500 litania
1017 1443 1412 1515 praemittatur,
1430 1459 1534 1496 nec
1556 1443 1627 1497 ad
1640 1460 1911 1499 canonem
1936 1460 2107 1515 supra

516 1539 725 1594 formas
743 1538 1070 1591 curventur.
1106 1531 1192 1584 Ad
1220 1547 1500 1601 vesperas,
1532 1532 1641 1586 nisi
1673 1532 1732 1586 in
1757 1533 2002 1587 crastino
2030 1533 2105 1586 sit

517 1625 790 1681 festivitas
821 1619 1115 1677 duodecim
1163 1617 1487 1680 lectionum,
1518 1619 1667 1672 inter
1710 1619 1871 1689 signa
1915 1620 2106 1675 dicant

2183 564 2363 619 censis
2391 565 2631 636 desuper
2665 565 2861 628 cereis,
2900 563 2996 617 alii
3025 564 3136 619 duo
3181 564 3427 622 ferentes
3456 568 3568 623 duo
3594 568 3782 623 thuri-

2183 652 2315 707 bula
2344 653 2472 724 igne
2497 660 2554 709 et
2581 654 2749 708 thure
2780 653 3007 708 referta.
3053 654 3214 718 Quod
3241 656 3373 711 thus
3401 657 3462 711 in
3492 657 3781 712 thuribulo

2187 740 2353 795 debet
2384 757 2611 811 ponere,
2645 742 2736 796 vel
2777 741 2949 796 abbas
2997 742 3046 796 si
3076 743 3137 796 in
3166 744 3335 798 choro
3364 749 3469 810 est,
3500 746 3783 801 conversis

2186 828 2505 895 thuribulis,
2539 836 2597 884 et
2622 830 2870 885 arculam
2896 828 3004 900 (63)
3035 847 3163 885 cum
3182 832 3349 886 thure
3377 833 3781 902 deferentibus;

2187 916 2273 969 vel
2291 916 2410 987 ipse
2438 922 2652 980 cantor,
2687 918 2734 972 si
2763 917 2933 973 abbas
2960 919 3140 973 deest.
3162 920 3288 990 Ipse
3312 921 3463 974 enim
3491 921 3786 977 distribuit

2191 1020 2313 1073 quae
2342 1005 2619 1075 portanda
2644 1011 2794 1073 sunt,
2828 1012 2886 1060 et
2911 1007 3319 1077 processionem
3367 1009 3613 1077 ordinat,
3661 1011 3784 1065 Hos

2188 1099 2499 1163 sequantur
2538 1094 2650 1148 duo
2696 1093 3022 1149 subdiaconi
3068 1101 3359 1166 portantes
3408 1098 3548 1153 duos
3594 1103 3784 1154 textus

2187 1180 2634 1251 Evangeliorum.
2666 1182 2802 1237 Post
2830 1199 2968 1253 quos
2993 1183 3120 1237 laici
3147 1185 3427 1253 monachi,
3459 1186 3661 1241 deinde
3692 1187 3785 1242 in-

2180 1266 2367 1322 fantes
2398 1286 2525 1323 cum
2547 1269 2846 1340 magistris.
2878 1271 3013 1325 Post
3040 1288 3179 1343 quos
3199 1273 3386 1327 caeteri
3410 1273 3613 1329 fratres
3639 1293 3783 1347 prae-

2186 1357 2446 1412 cedentes
2472 1357 2734 1413 abbatem
2768 1359 2864 1430 qui
2881 1359 3113 1415 ultirnus
3137 1361 3412 1432 procedit,
3426 1363 3536 1418 duo
3557 1368 3617 1418 et
3642 1364 3779 1423 duo.

2186 1444 2330 1499 sicut
2356 1450 2490 1500 sunt
2513 1446 2748 1517 priores.

2255 1534 2385 1587 Haec
2431 1540 2564 1589 sunt
2609 1552 2731 1607 quae
2762 1536 2832 1591 ad
2882 1537 3027 1592 hanc
3056 1539 3468 1609 processionem
3496 1541 3783 1597 cantanda

2184 1626 2335 1687 sunt,
2363 1623 2448 1677 vel
2476 1624 2683 1689 omnia,
2730 1625 2820 1678 vel
2850 1632 3128 1696 quantum
3167 1629 3489 1698 permiserit
3528 1631 3783 1701 spatium

516 1714 660 1769 Deus
679 1711 911 1764 auribus
936 1709 1156 1771 nostris,
1190 1710 1319 1775 post
1351 1705 1638 1759 collectam
1658 1706 1976 1760 festivitatis
1996 1708 2158 1788 col-_
2184 1710 2289 1763 loci
2321 1726 2431 1782 quo
2453 1710 2587 1765 ituri
2616 1717 2749 1767 sunt
2779 1729 2791 1764 :
2819 1716 2959 1769 Ante
2986 1731 3080 1768 sea:
3104 1717 3250 1780 dies;
3296 1719 3435 1773 Cum
3472 1722 3784 1788 appropin-

514 1803 719 1857 lectam
741 1799 809 1853 de
836 1797 996 1859 feria,
1023 1810 1149 1849 cum
1175 1794 1363 1848 Gloria
1391 1796 1581 1861 Patri;
1600 1800 1727 1865 post
1745 1811 2003 1865 vesperas
2032 1779 2163 1849 deB
2181 1779 2394 1865 quaret,
2442 1800 2638 1853 Prima
2683 1806 2872 1855 autem
2910 1779 3261 1870 azymorum,
3293 1779 3562 1860 Dominus
3597 1779 3779 1873 Jesus,

519 1890 779 1947 omnibus
819 1885 1057 1951 Sanctis,
1102 1898 1360 1953 vesperas
1407 1898 1508 1952 pro
1552 1882 1847 1937 defunctis.
1891 1884 2103 1954 Vigilia

515 1985 868 2036 mortuorum
898 1976 1020 2046 ipsa
1046 1972 1135 2026 die
1153 1970 1382 2024 minime
1410 1972 1779 2041 agatur.Post
1805 1973 2105 2043 completo-

515 2069 665 2125 rium
690 2065 906 2122 cortina
927 2061 1275 2127 extendatur,
1312 2065 1370 2113 et
1396 2059 1588 2114 formae
1614 2060 1674 2113 in
1696 2061 1930 2115 chorum
1957 2061 2103 2116 refe-

508 2161 729 2214 rantur.

629 2249 822 2302 SECTIO
843 2242 937 2298 IV.
957 2270 1021 2282 -
1042 2239 1319 2309 Tempore
1346 2236 1638 2292 Passionis
1660 2235 1991 2292 Dominica.

585 2334 827 2391 Sabbato
847 2331 919 2385 ad
942 2345 1200 2400 vesperas
1229 2333 1361 2381 ante
1400 2326 1726 2381 Passionem
1757 2326 1982 2380 Domini
2014 2326 2101 2381 di-

512 2424 774 2479 mittatur
797 2419 975 2476 oratio
1012 2419 1081 2473 de
1109 2432 1290 2482 cruce,
1337 2431 1441 2469 nec
1484 2415 1555 2469 ad
1596 2414 1967 2485 responsoria,
2000 2431 2102 2469 nec

512 2514 584 2568 ad
594 2510 1046 2576 invitatoriamec
1063 2507 1134 2560 ad
1154 2505 1353 2559 missas
1368 2503 1588 2558 dicatur
1604 2503 1811 2569 Gloria,
1827 2519 2005 2574 usque
2028 2504 2100 2558 ad

512 2601 746 2664 Pascha,
777 2598 888 2653 nisi
930 2596 1102 2650 missa
1141 2593 1435 2648 familiaris
1480 2592 1554 2646 sit
1599 2591 1658 2645 in
1687 2597 1981 2658 conventu,
2012 2592 2101 2646 vel

513 2695 669 2745 extra
697 2690 1049 2750 conventum,
1074 2688 1130 2738 et
1150 2682 1258 2736 nisi
1284 2681 1643 2735 festivitatem
1663 2680 1902 2749 alicujus
1921 2681 2100 2735 sancti

510 2781 616 2834 hoc
632 2785 886 2849 tempore
915 2772 1183 2829 celebrari
1214 2770 1521 2841 contingat.
1540 2770 1674 2832 Quae
1693 2768 1741 2822 si
1761 2768 2022 2834 evenerit,
2043 2774 2100 2823 et

510 2869 580 2922 ad
602 2863 974 2938 responsoria,
1006 2866 1065 2916 et
1090 2861 1163 2915 ad
1192 2860 1421 2913 missam
1452 2858 1670 2912 dicatur
1698 2858 1889 2913 Gloria
1916 2860 2093 2924 Patri,

510 2956 654 3011 sicut
673 2955 784 3009 alio
811 2956 1003 3019 πω
1027 2956 1304 3020 tempore.
1336 2949 1453 3001 Hoc
1481 2952 1734 3018 tempore
1766 2947 1987 3016 legatur
2010 2947 2098 3001 Je-

506 3044 713 3099 remias
736 3057 914 3112 usque
943 3040 1014 3093 ad
1041 3037 1276 3093 Pascha.

577 3131 871 3187 Dominica
889 3129 948 3182 in
972 3127 1182 3181 Palmis
1201 3125 1271 3179 ad
1300 3122 1831 3188 invitatorium,duo
1849 3122 1907 3176 in
1934 3122 2092 3178 albis.

507 3218 874 3289 Evangelium
900 3213 1295 3287 pronuntietur
1318 3212 1455 3267 Cum
1475 3213 2001 3281 appropinquasset;
2027 3212 2097 3265 de

509 3324 617 3378 quo
658 3311 715 3360 et
737 3304 919 3368 lectio,
952 3308 1011 3356 et
1035 3317 1218 3356 sermo
1246 3299 1306 3353 in
1334 3298 1597 3368 capitulo.
1630 3299 1834 3368 In‘quo
1855 3299 2097 3368 capitulo

507 3394 730 3449 ordinet
791 3391 984 3458 abbas,
1038 3390 1125 3445 vel
1177 3388 1348 3460 prior,
1400 3386 1808 3456 processionem
1854 3390 1911 3440 et
1962 3386 2098 3456 quid

508 3483 743 3554 quisque
762 3484 988 3551 portare
1008 3478 1227 3543 debeat,
1252 3482 1310 3531 et
1337 3476 1577 3547 qualiter
1596 3474 1853 3529 ordinate
1881 3479 2013 3528 eant
2031 3491 2095 3529 ac

504 3572 741 3626 redeant
767 3568 989 3628 fratres.
1015 3566 1342 3622 Sacerdotes
1357 3565 1427 3617 ad
1448 3563 1690 3634 privatas
1705 3562 1904 3616 missas
1923 3578 2095 3617 unam

504 3665 726 3715 tantum
755 3638 1044 3712 collectam
1069 3657 1277 3719 dicant,
1321 3651 1684 3722 Evangelium
1726 3652 1864 3707 Cum
1901 3668 2096 3721 appro-

496 3750 835 3819 pinquasset,
866 3746 1193 3801 Passionem
1220 3741 1407 3797 nullus
1434 3742 1603 3810 legat,
1634 3738 1742 3793 nisi
1768 3739 1971 3794 fratres
1998 3740 2094 3811 qui

502 3837 562 3892 in
581 3836 778 3892 formis
803 3839 1066 3900 cantant;
1108 3830 1283 3884 missa
1310 3827 1659 3882 matutinalis
1691 3843 1816 3880 cum
1845 3843 1959 3881 una
1979 3828 2094 3881 col-

501 3927 663 3982 lecta.
689 3926 824 3980 Post
853 3920 1245 3977 matutinalem
1279 3916 1508 3970 missam
1535 3914 1901 3969 benedicatur
1924 3932 2089 3986 aqua,

500 4015 572 4070 ad
602 4030 773 4086 quam
802 4012 917 4066 sint
944 4024 1138 4064 omnes
1158 4005 1298 4060 albis
1322 4003 1525 4058 induti.
1543 4003 1669 4058 Fiat
1688 4004 1966 4075 processio
1994 4022 2094 4076 per

501 4105 827 4168 claustrum,
861 4105 925 4155 ut
953 4115 1075 4153 mos
1103 4102 1206 4162 est,
1233 4093 1491 4150 omnibus
1517 4093 1820 4149 Dominicis
1860 4094 2086 4164 diebus;

500 4190 850 4248 Intrantibus
894 4186 1184 4243 ecclesiam
1236 4185 1530 4256 pulsentur
1585 4183 1765 4253 signa,
1824 4188 1881 4237 et
1929 4185 2088 4239 ﬁnito

499 4277 876 4351 responserio,
929 4281 988 4329 et
1032 4273 1193 4329 dictis
1232 4289 1354 4344 quae
1409 4272 1519 4326 dici
1557 4272 1739 4326 solent
1780 4271 2086 4327 Dominicis

2184 1886 2588 1953 Gogitaverunt,
2630 1888 2766 1943 Cum
2793 1890 3033 1944 audisset
3053 1894 3311 1960 populus,
3345 1909 3529 1948 omnes
3568 1896 3783 1950 collau-

2184 1974 2339 2026 dant.
2363 1974 2513 2055 Cunq
2531 1979 2721 2030 autem
2748 1982 3078 2047 perventum
3095 1978 3267 2034 fuerit
3280 1981 3352 2034 ad
3367 1981 3551 2053 ipsum
3568 1983 3778 2046 locum,

2187 2061 2285 2114 ﬁat
2302 2062 2470 2117 statio
2488 2080 2521 2116 a
2547 2068 2667 2118 toto
2686 2071 2980 2120 conventu.
3005 2067 3249 2122 Cantore
3267 2073 3458 2124 autem
3473 2070 3783 2141 incipiente

2184 2149 2554 2220 antiphonam
2577 2153 2889 2208 Occurrunt
2906 2155 3095 2222 turba,
3118 2161 3319 2210 exeant
3329 2157 3439 2211 duo
3455 2159 3782 2215 sacerdotes

2183 2236 2325 2291 albis
2376 2238 2579 2304 induti,
2614 2240 2711 2311 qui
2759 2246 2985 2312 portent
3031 2242 3322 2310 feretrum,
3371 2246 3520 2316 quod
3570 2263 3781 2318 parum

2182 2330 2314 2380 ante
2342 2327 2491 2381 diem
2523 2327 2594 2382 ab
2623 2329 2835 2383 eisdem
2881 2331 3261 2386 sacerdotibus
3286 2332 3419 2388 illuc
3455 2333 3624 2390 debet
3652 2353 3779 2392 esse

2181 2412 2451 2481 delatum,
2508 2415 2570 2469 in
2627 2432 2737 2486 quo
2793 2422 2851 2471 et
2903 2434 3102 2489 corpus
3160 2419 3368 2474 Christi
3418 2437 3540 2477 esse
3605 2423 3780 2479 debet

2180 2502 2550 2557 reconditum.
2591 2504 2677 2557 Ad
2731 2506 2880 2575 quod
2916 2505 3187 2561 feretrum
3226 2509 3543 2579 praecedant
3578 2512 3781 2567 statim

2182 2589 2277 2660 qui
2301 2590 2501 2644 vexilla
2527 2597 2756 2661 portant
2783 2598 2841 2647 et
2856 2609 3046 2649 cruces
3067 2600 3125 2649 et
3146 2601 3349 2651 caetera
3369 2614 3491 2668 quae
3511 2600 3778 2671 superius

2179 2678 2330 2732 dicta
2355 2685 2507 2733 sunt.
2540 2680 2611 2733 Et
2637 2681 2916 2736 stantibus
2945 2682 3014 2736 iis
3052 2683 3149 2754 qui
3197 2685 3469 2740 feretrum
3516 2694 3772 2758 portant,

2177 2765 2408 2821 stabunt
2431 2772 2489 2822 et
2504 2767 2612 2838 ipsi
2640 2785 2675 2822 a
2703 2769 2933 2824 dextera
2958 2775 3016 2824 et
3042 2787 3076 2824 a
3103 2771 3333 2827 sinistra
3358 2774 3537 2845 ipsius
3555 2776 3773 2844 feretri,

2178 2854 2435 2910 ordinate
2490 2856 2636 2911 sicut
2686 2864 2979 2913 venerunt.
3035 2860 3204 2914 Pueri
3249 2878 3380 2916 vero
3438 2865 3774 2921 accedentes

2178 2941 2425 3009 stabunt,
2479 2943 2651 2998 versis
2701 2944 2946 3000 vultibus
3011 2947 3084 3001 ad
3138 2948 3290 3019 ipsos
3325 2949 3590 3020 reliquos,
3644 2970 3778 3008 cum

2112 3050 2156 3108 ο
2177 3030 2460 3101 magistris
2495 3032 2611 3087 suis
2653 3037 2710 3087 et
2756 3033 3093 3105 quibusdam
3131 3038 3449 3093 cantoribus
3478 3040 3574 3110 qui
3617 3043 3778 3096 auxi-

2179 3117 2253 3172 lio
2298 3119 2378 3173 eis
2432 3136 2553 3174 esse
2601 3126 2853 3191 possunt.
2914 3123 3157 3193 Majores
3219 3141 3348 3180 vero
3408 3127 3554 3182 versi
3602 3136 3777 3185 erunt

2179 3206 2250 3260 ad
2276 3207 2535 3275 invicem,
2558 3225 2625 3263 eo
2644 3210 2810 3264 modo
2831 3227 2941 3281 quo
2972 3212 3033 3266 in
3059 3212 3227 3267 choro
3255 3218 3405 3269 stare
3441 3217 3650 3274 solent.
3680 3219 3777 3274 Sic

2178 3300 2366 3349 autem
2388 3297 2676 3352 ordinetur
2690 3299 2807 3353 haec
2824 3300 3011 3366 statio,
3026 3305 3091 3354 ut
3105 3301 3386 3357 modicum
3404 3303 3777 3362 intervallum

2177 3382 2252 3436 sit
2278 3382 2426 3438 inter
2453 3402 2656 3455 pueros
2686 3392 2744 3440 et
2763 3387 3034 3458 majorem
3061 3395 3414 3445 conventum.
3443 3392 3631 3448 Finita
3659 3411 3773 3449 an-

2177 3470 2411 3542 tiphona
2428 3480 2727 3528 occurrunt
2755 3478 2944 3543 turbas,
2962 3476 3235 3548 incipiant
3260 3480 3423 3550 pueri
3438 3484 3496 3535 et
3514 3482 3612 3552 qui
3633 3500 3770 3539 cum

2175 3559 2256 3613 eis
2284 3566 2417 3615 sunt
2443 3562 2810 3633 antiphonam
2838 3565 3102 3620 Hosanna
3129 3569 3245 3633 ﬁlio
3263 3569 3444 3623 David
3468 3570 3769 3627 ﬂectentes

2172 3665 2359 3719 genua
2387 3655 2444 3705 et
2458 3650 2519 3704 in
2542 3651 2835 3723 principio,
2866 3657 2922 3707 et
2948 3653 3010 3708 in
3038 3655 3151 3708 ﬁne
3178 3654 3518 3727 antiphonae,
3544 3661 3682 3731 quia
3704 3662 3769 3715 in

2174 3742 2414 3809 utroque
2435 3740 2695 3794 Hosanna
2716 3739 2938 3795 dicitur.
2963 3743 3144 3806 Quam
3163 3745 3531 3816 antiphonam
3558 3749 3770 3804 chorus

2172 3832 2411 3897 repetat,
2444 3831 2501 3881 et
2527 3827 2786 3883 similiter
2802 3846 2990 3899 genua
3024 3831 3233 3886 ﬂectat.
3264 3832 3476 3888 Deinde
3504 3851 3541 3889 a
3572 3837 3771 3907 pueris

2174 3919 2431 3970 cantetur
2458 3916 2765 3987 antiphona
2787 3934 2913 3972 cum
2935 3922 3165 3987 angelis,
3196 3920 3258 3974 in
3282 3922 3393 3976 ﬁne
3414 3927 3641 3978 tantum
3669 3942 3771 3981 an-

2172 4001 2417 4073 tiphonae
2434 4020 2618 4074 genua
2642 4006 3014 4061 ﬂectentibus.
3051 4008 3184 4071 Quae
3212 4008 3524 4081 antiphona
3563 4028 3601 4067 a
3638 4030 3772 4069 con-

2171 4096 2343 4146 ventu
2370 4096 2657 4162 repetatur
2681 4097 2739 4146 et
2764 4092 3026 4149 similiter
3052 4095 3215 4150 venia
3233 4097 3560 4169 accipiatur.

2241 4180 2453 4235 Taliter
2479 4180 2565 4235 his
2590 4182 3067 4252 peractis,abbate
3099 4185 3181 4239 vel
3204 4191 3431 4241 cantore
3456 4187 3768 4258 incipiente

2168 4269 2538 4339 antiphonam
2565 4270 2690 4336 Ave,
2720 4286 2823 4324 rea:
2858 4277 3057 4334 noster,
3110 4277 3405 4328 transeant
3459 4275 3769 4346 portitores

498 4368 714 4435 diebus,
733 4369 993 4420 cantatur
1010 4362 1197 4417 tertia.
1214 4363 1454 4416 Cantata
1478 4360 1649 4414 tertia
1668 4361 1891 4431 legatur
1913 4360 2148 4452 Evan-D
2164 4356 2360 4452 feretri
2381 4374 2484 4428 per
2505 4358 2753 4413 medium
2780 4359 3058 4452 stationis,
3078 4362 3520 4452 praecedentibus
3548 4364 3640 4419 his
3662 4367 3763 4438 qui

494 4456 709 4527 gelium
754 4455 937 4509 Turba
964 4455 1163 4508 multa.
1212 4452 1416 4505 Postea
1443 4449 1710 4503 accedens
1754 4447 1943 4515 abbas,
1987 4454 2086 4503 aut

496 4544 773 4608 sacerdos,
792 4541 1084 4597 benedicat
1109 4540 1342 4611 palmas,
1364 4543 1421 4593 et
1446 4539 1613 4592 ﬂores
1633 4542 1691 4592 et
1711 4537 1937 4591 frondes
1952 4541 2083 4591 ante

494 4633 678 4703 majus
719 4631 895 4686 altare
918 4646 1088 4701 supra
1104 4633 1358 4700 tapetum
1385 4626 1584 4698 posita,
1616 4641 1764 4696 aqua
1789 4624 2084 4680 benedicta

492 4725 775 4792 aspergat,
809 4725 866 4775 et
902 4718 1172 4774 incenset.
1202 4715 1543 4771 Accedentes
1572 4712 1860 4768 secretarii
1889 4713 2084 4768 distri-

495 4809 673 4864 buant
699 4825 784 4875 ea,
814 4808 1029 4879 palmas
1068 4804 1277 4871 abbati,
1325 4808 1384 4857 et
1419 4801 1714 4874 prioribus,
1748 4806 1806 4855 et
1829 4800 2082 4873 personis

492 4896 925 4963 honestioribus,
975 4896 1141 4949 ﬂores
1190 4898 1248 4947 et
1301 4892 1525 4946 frondes
1581 4890 1814 4945 caeteris.
1847 4890 2082 4945 Interim

492 4994 719 5044 cantare
764 4983 1086 5055 incipiente,
1126 4985 1387 5035 cantatur
1431 4978 1734 5050 antiphona
1778 4980 1948 5033 Pueri
1984 4972 2083 5033 He-

492 5080 786 5141 braeorum,
810 5079 868 5128 et
893 5071 1021 5137 alia,
1036 5071 1205 5125 Pueri
1225 5070 1593 5123 Hebraeorum.
1617 5067 1719 5120 His
1742 5064 1825 5120 ita
1850 5065 2081 5137 expletis

491 5166 878 5238 proﬁciscatur
914 5156 1218 5232 processio,
1248 5160 1476 5211 cantore
1504 5152 1807 5226 incipiente
1845 5172 1970 5225 quae
2008 5155 2079 5210 ad

489 5256 637 5310 hanc
655 5249 1068 5325 processionem
1104 5246 1321 5301 cantari
1364 5249 1602 5317 Oportet.
1652 5244 1777 5307 Qua
1811 5242 1882 5297 de
1910 5243 2078 5299 choro

492 5347 745 5407 exeunte,
776 5339 1071 5411 pulsentur
1097 5334 1286 5389 omnia
1312 5333 1491 5404 signa.
1531 5330 1856 5387 Praecedant
1880 5331 2078 5387 famuli

481 5408 621 5488 ‘cum
643 5408 876 5495 vexillis,
908 5428 1177 5497 sequatur
1211 5437 1511 5478 conversus
1558 5418 1631 5492 [j.
1679 5419 1964 5491 novitius],
2002 5421 2079 5475 fe-

491 5536 624 5576 rens
645 5518 872 5573 situlam
892 5531 1021 5570 cum
1040 5529 1188 5585 aqua
1209 5509 1518 5576 benedicta,
1535 5507 1632 5562 alii
1658 5507 1769 5563 duo
1786 5513 2077 5580 portantes

564 5604 672 5681 (63)
700 5605 1007 5675 Arculam;
1034 5618 1185 5661 nunc
1207 5602 1529 5658 naviculam
1555 5597 1857 5671 appellant.

2164 4445 2366 4500 vexilla
2406 4451 2652 4517 portant,
2694 4451 2752 4501 et
2778 4448 2993 4502 caeteris
3020 4450 3279 4519 superius
3307 4451 3469 4506 dictis
3513 4455 3761 4524 portito-

2165 4533 2340 4601 ribus,
2372 4539 2590 4590 servato
2618 4534 2688 4589 ab
2705 4535 2964 4591 omnibus
2982 4537 3177 4592 ordine
3205 4538 3266 4593 in
3283 4540 3569 4596 redeundo
3583 4560 3757 4614 quem

2164 4622 2486 4677 habuerunt
2510 4622 2571 4678 in
2600 4624 2805 4678 eundo.
2839 4624 3051 4688 Quibus
3074 4628 3499 4684 transeuntibus
3525 4630 3759 4686 ﬂectant

2162 4728 2368 4782 genua,
2399 4728 2514 4766 non
2540 4712 2710 4766 simul
2735 4729 2948 4779 omnes,
2983 4714 3082 4769 sed
3110 4715 3316 4786 singuli
3353 4717 3485 4771 hinc
3515 4723 3573 4773 et
3598 4720 3754 4785 inde,

2164 4797 2310 4854 sicut
2330 4801 2601 4855 feretrum
2649 4800 2915 4855 transibit
2960 4807 3091 4857 ante
3119 4819 3231 4858 eos.
3278 4805 3615 4862 Percantata
3649 4808 3759 4864 hac

2163 4888 2489 4959 antiphona,
2538 4894 2767 4944 cantent
2810 4894 2868 4944 et
2913 4890 3042 4958 alia,
3074 4891 3122 4947 si
3158 4892 3404 4963 spatium
3455 4894 3563 4951 loci
3587 4897 3758 4968 plura

2162 4979 2498 5049 peposcerit.
2532 4978 2674 5032 Cum
2719 4977 2976 5033 venerint
3024 4979 3097 5034 ad
3141 4986 3332 5051 portas
3371 4982 3610 5039 civitatis
3638 4991 3757 5041 sta-

2159 5063 2374 5120 tionem
2402 5066 2627 5134 faciant,
2679 5066 2953 5137 separatis
2981 5067 3053 5122 ad
3090 5067 3348 5136 invicem,
3386 5077 3556 5141 prout
3593 5073 3753 5129 locus

2159 5152 2425 5224 patietur,
2457 5154 2711 5225 utrisque
2739 5153 3029 5221 lateribus,
3058 5156 3329 5211 feretrum
3356 5173 3487 5212 vero
3506 5164 3638 5213 ante
3664 5159 3755 5214 in-

2160 5241 2394 5298 troitum
2420 5247 2712 5314 portarum
2739 5245 2819 5299 sic
2844 5250 3088 5316 ponatur
3113 5261 3283 5316 super
3301 5261 3557 5300 mensam
3575 5248 3752 5319 pallio

2160 5336 2480 5402 coopertam
2505 5336 2570 5387 ut
2594 5332 2847 5403 praedicti
2872 5334 3191 5404 portitores,
3225 5351 3290 5388 ex
3310 5338 3550 5406 utroque
3570 5336 3752 5391 latere

2158 5424 2391 5488 stantes,
2424 5419 2672 5477 habeant
2701 5422 2774 5477 ad
2809 5421 3078 5477 feretrum
3104 5422 3167 5477 in
3204 5423 3389 5478 medio
3417 5440 3614 5480 eorum
3641 5441 3751 5497 po-

2159 5508 2333 5567 situm
2363 5526 2553 5566 versas
2580 5510 2752 5567 facies
2798 5526 2949 5569 suas.
2977 5511 3155 5570 Locus
3180 5527 3311 5568 vero
3357 5527 3529 5584 super
3571 5514 3748 5569 intro-
