3878 6404
168 336 269 396 457

1122 332 1453 390 DECRETA
1494 334 1637 389 PRO
1677 331 1952 389 0RDINE
1990 334 2048 387 S.
2087 329 2490 387 BENEDICTI.

3330 336 3439 395 458

164 464 305 517 itum
332 465 630 533 portarum
660 461 892 515 honeste
919 457 1086 514 debet
1113 475 1235 513 esse
1277 464 1508 530 paratus
1552 464 1609 514 et
1634 476 1761 514 cor-
1780 461 1825 518 A
1846 456 2164 523 Defunctis;
2197 454 2441 510 ofﬁcium
2457 454 2826 522 Mortuorum,
2851 453 3001 527 quod
3030 460 3158 528 post
3180 472 3442 516 mensam

167 551 299 606 tinis
330 549 553 624 [aulaeis
573 566 667 604 seu
685 546 988 621 tapetibus]
1012 552 1070 602 et
1097 547 1430 603 dorsalibus.

233 640 448 694 Taliter
477 639 740 694 ordinata
769 638 1033 702 statione,
1076 642 1282 691 canant
1319 637 1481 709 pueri
1525 638 1595 691 de
1640 638 1762 692 loco

168 734 315 801 apto,
330 733 389 783 et
412 728 509 799 qui
538 732 814 799 praecepto
834 726 1080 780 cantoris
1106 742 1233 780 cum
1254 726 1335 780 eis
1363 731 1548 791 erunt,
1574 727 1761 782 Gloria

170 820 309 885 laus,
342 822 401 873 et
442 817 703 872 similiter
730 817 933 870 chorus
968 815 1323 886 respondeat.
1367 814 1554 880 Pueri,
1587 804 1759 869 Israel

169 924 219 961 es
248 913 307 961 tu
334 909 461 969 Rex,
488 911 547 959 et
565 906 788 970 chorus,
813 907 918 961 Gui
939 908 1151 972 puerile
1182 906 1373 967 decus;
1408 903 1545 957 item
1574 903 1755 974 pueri,

170 997 316 1050 Plebs
351 996 574 1048 Hebra’a
615 995 733 1057 tibi,
789 997 847 1046 et
897 993 1120 1051 chorus,
1177 993 1288 1045 Cui
1332 994 1589 1059 puerile;
1624 991 1760 1045 item

169 1083 346 1155 pueri,
381 1084 566 1139 (Icelus
587 1084 649 1135 in
679 1083 918 1146 excelsis,
952 1085 1010 1134 et
1031 1081 1256 1147 chorus,
1289 1082 1478 1136 Gloria
1500 1085 1642 1134 laus.
1663 1081 1763 1135 llis

170 1171 329 1226 dictis
358 1171 585 1225 inchoet
608 1175 803 1224 cantor
831 1169 1250 1240 responsorium
1286 1170 1628 1237 Ingrediente
1658 1171 1763 1223 Do-

172 1263 358 1326 mino;
414 1263 470 1312 et
510 1257 861 1327 ingrediente
898 1256 1180 1310 civitatem
1225 1255 1603 1327 processione,
1651 1255 1761 1309 duo

173 1350 389 1418 majora
414 1346 578 1417 signa
602 1351 777 1412 πθ.
820 1345 1132 1415 pulsentur,
1150 1344 1327 1398 donec
1349 1350 1550 1397 czetera
1577 1343 1757 1413 signa,

169 1436 522 1508 processione
550 1434 800 1488 intrante
828 1433 887 1487 in
921 1434 1176 1496 chorum,
1206 1433 1500 1503 pulsentur
1529 1432 1598 1486 ad
1633 1433 1763 1486 mis-

170 1542 309 1580 sam.
365 1524 457 1579 Sic
501 1523 760 1578 ordinata
790 1522 1090 1593 processio,
1134 1522 1362 1575 veniens
1407 1537 1586 1592 usque
1631 1526 1762 1574 ante

1845 545 1954 599 dici
1977 545 2119 598 solet
2147 559 2260 598 non
2310 543 2564 610 dicatur;
2610 543 2855 614 hymnus
2901 544 2972 600 ad
3013 547 3441 618 completorium

1851 635 1934 699 Te,
1971 636 2110 688 lucis
2129 639 2259 687 ante
2291 635 2618 698 terminum,
2646 632 2742 703 qui
2772 633 3033 688 similiter
3055 632 3325 691 dicendus
3354 642 3441 692 est

1844 721 2103 777 omnibus
2128 721 2325 775 diebus
2350 737 2530 791 usque
2550 721 2622 775 ad
2652 721 2934 777 Kalendas
2954 724 3442 781 Novembris.Post

1842 811 2269 881 completorium
2293 810 2511 865 cortina
2531 810 2865 881 deponatur.

1914 900 2078 954 Feria
2098 900 2296 970 quinta
2310 904 2396 953 tot
2416 899 2661 953 candela
2681 900 3199 958 accendanturante
3218 906 3436 972 Laetare,

1847 993 1987 1058 quot
2015 988 2354 1058 antiphonas
2386 993 2444 1041 et
2476 993 2613 1057 quot
2640 990 2999 1058 responsoria
3023 992 3241 1046 cantari
3273 1010 3440 1064 opor-

1847 1082 1946 1131 tet.
1982 1076 2182 1131 Finitis
2193 1076 2375 1130 tribus
2404 1075 2751 1130 orationibus
2775 1078 3035 1133 sedentes
3064 1081 3308 1150 psallant
3331 1081 3443 1136 sin-

1845 1165 1964 1236 guli
1991 1166 2223 1219 silenter
2242 1164 2561 1234 quindecim
2590 1164 2855 1235 psalmos,
2889 1165 3100 1237 absque
3120 1169 3311 1223 Gloria
3331 1172 3440 1223 Pa-

1847 1258 1943 1319 tri,
1976 1270 2102 1308 cum
2133 1253 2391 1323 capitulis
2437 1257 2494 1306 et
2531 1253 2776 1307 collectis
2813 1256 3115 1310 consuetis.
3148 1257 3234 1311 Ad
3278 1260 3441 1312 Pater

1846 1348 2029 1397 noster
2064 1346 2425 1413 prosternant
2456 1357 2516 1395 se
2560 1358 2728 1412 super
2767 1342 2993 1407 formas,
3035 1348 3092 1398 et
3137 1343 3338 1400 abbate
3368 1347 3441 1400 si-

1842 1447 2018 1502 gnum
2064 1430 2302 1484 faciente
2341 1434 2595 1500 surgant.
2647 1431 2802 1484 Inter
2834 1432 3187 1501 psallendum
3224 1439 3283 1488 et
3309 1438 3440 1489 ante

1844 1525 2179 1573 nocturnam
2198 1519 2492 1589 pulsentur
2509 1518 2671 1588 signa
2689 1518 2835 1573 sicut
2853 1519 2911 1572 in
2941 1520 3234 1575 duodecim
3253 1522 3443 1577 lectio-

169 1619 361 1687 portas
408 1611 759 1673 monasterii,
804 1610 975 1665 faciat
1026 1610 1374 1675 stationem,
1411 1609 1762 1663 servantibus
1845 1607 2030 1662 nibus.
2063 1608 2309 1661 Pulsatis
2342 1605 2605 1661 omnibus
2624 1606 2799 1677 signis
2816 1607 3041 1663 inchoet
3067 1609 3444 1665 hebdomada-

168 1703 359 1774 pueris
389 1701 646 1756 ordinem
670 1717 836 1755 suum
856 1700 1006 1754 inter
1032 1704 1336 1769 utrumque
1364 1699 1617 1753 chorum.
1652 1700 1762 1752 De-
1846 1697 1964 1751 rius
1994 1697 2362 1768 antiphonam
2405 1699 2565 1751 Zelus
2603 1699 2798 1750 domus
2840 1703 2962 1752 tua.
2996 1699 3138 1753 Cum
3166 1699 3446 1770 incipiunt

168 1796 415 1863 ponatur
437 1788 643 1845 iterum
664 1790 935 1843 feretrum
962 1804 1133 1858 super
1158 1804 1409 1841 mensam
1440 1787 1611 1858 pallio
1633 1803 1762 1840 coo-
1783 1787 2146 1865 Bpsalmum,
2175 1789 2372 1857 petant
2392 1784 2612 1839 veniam
2638 1801 2807 1856 super
2830 1785 3062 1853 formas,
3085 1791 3144 1841 et
3161 1787 3233 1841 ad
3264 1793 3446 1843 matu-

168 1880 629 1952 pertam.Cantor
655 1895 787 1933 vero
807 1877 888 1932 sic
908 1882 1076 1931 antea
1094 1876 1399 1947 inemptum
1428 1875 1635 1929 habeat
1652 1892 1766 1929 res-

167 1969 496 2040 ponsorium
508 1968 853 2034 Collegerunt
863 1968 1142 2035 pontiﬁces
1162 1971 1226 2019 ut
1241 1971 1374 2019 tunc
1389 1981 1560 2036 prope
1575 1970 1764 2019 canta-

167 2057 407 2125 tumsit;
425 2073 535 2127 quo
548 2060 773 2110 cantato
786 2060 902 2109 tres
924 2062 1025 2109 aut
1053 2059 1296 2125 quatuor
1324 2055 1547 2119 fratres,
1579 2053 1765 2107 induti

172 2145 361 2217 cappis
391 2162 531 2216 quas
567 2143 904 2198 secretarius
936 2143 1015 2196 ibi
1056 2147 1279 2213 paratas
1311 2142 1534 2206 habeat,
1562 2136 1767 2196 eanant

172 2251 392 2289 versum
427 2236 577 2289 Unus
592 2237 777 2287 autem
794 2249 860 2285 cae
870 2234 1023 2301 ipsis,
1053 2236 1265 2286 stantes
1295 2231 1443 2285 inter
1457 2232 1689 2286 chorum
1711 2235 1768 2284 et

173 2323 590 2395 reliquias.Quo
606 2321 781 2385 ﬁnito,
798 2337 924 2375 cum
948 2337 1207 2391 regressu
1227 2320 1442 2374 intrent
1453 2319 1761 2382 ecclesiam,

174 2417 399 2467 cantore
442 2410 744 2465 inchoante
773 2409 1140 2479 antiphonam
1171 2412 1471 2477 Principes,
1506 2414 1563 2462 et
1596 2408 1767 2462 aliam

1850 1875 1999 1929 tinas
2044 1875 2241 1929 laudes
2271 1872 2552 1928 similiter.
2584 1874 2694 1928 Per
2732 1873 2983 1944 singulas
3021 1875 3359 1947 antiphonas
3389 1881 3446 1930 et

1847 1964 2071 2033 singula
2089 1963 2444 2033 responsoria
2465 1962 2897 2032 exstinguantur
2913 1963 3149 2034 singqu
3159 1965 3403 2019 candelae
3428 1984 3442 2032 ;

1847 2051 2114 2107 lectiones
2144 2053 2266 2104 sine
2295 2053 2450 2117 Jube,
2481 2052 2697 2114 domne,
2730 2052 2812 2103 vel
2857 2056 2916 2105 tu
2945 2056 3132 2106 autem
3163 2053 3445 2123 legantur.

1847 2145 2050 2198 Primae
2078 2150 2193 2198 tres
2218 2143 2288 2197 de
2315 2142 2810 2197 lamentationibus
2838 2144 3096 2199 Jeremiae
3125 2144 3249 2199 sine
3277 2150 3448 2200 cantu

1849 2238 1905 2286 et
1925 2231 2236 2303 alphabetis
2264 2231 2634 2302 praescriptis;
2683 2231 2743 2285 in
2780 2232 3023 2286 secundo
3053 2236 3347 2300 noeturno,
3378 2212 3467 2287 de.

1851 2320 2194 2391 expositione
2217 2319 2418 2390 psalmi
2440 2320 2680 2384 Exaudi,
2710 2321 2870 2385 Deus,
2904 2323 3212 2375 orationem
3239 2337 3442 2388 meam,

1851 2426 1979 2464 cum
2008 2411 2263 2478 deprecor
2272 2427 2289 2472 ;
2311 2408 2368 2462 in
2387 2409 2556 2462 tertio
2577 2408 2646 2462 de
2665 2408 2914 2479 Epistola
2935 2408 3096 2463 Pauli
3118 2410 3450 2465 Convenien-

173 2500 687 2570 Appropinquabat.
718 2499 788 2553 Et
820 2498 1061 2568 ingressi
1101 2498 1402 2552 Ecclesiam
1432 2497 1640 2551 faciant
1661 2503 1769 2551 sta-

176 2590 384 2644 tionem
419 2604 524 2660 per
570 2587 759 2642 omnia
806 2587 1046 2641 similem
1084 2591 1215 2640 ante
1246 2586 1582 2641 Cruciﬁxum
1612 2586 1767 2657 prius

1853 2500 1997 2551 libus
2021 2500 2196 2561 vobis;
2249 2496 2573 2567 antiphonas
2610 2513 2802 2551 omnes
2833 2503 2892 2552 et
2938 2498 3194 2553 versiculi
3240 2498 3453 2570 absque

1852 2586 1982 2640 ﬁnis
2012 2586 2276 2640 melodia.
2302 2587 2368 2640 In
2394 2586 2687 2640 matutinis
2710 2586 2989 2652 laudibus,
3023 2604 3149 2642 cum
3171 2587 3456 2659 incipiunt

178 2678 480 2732 detectum.
521 2678 708 2747 Atque
734 2675 811 2729 ibi
840 2692 874 2730 a
901 2674 1082 2729 tribus
1110 2676 1196 2728 vel
1236 2676 1479 2745 quatuor
1504 2674 1773 2729 fratribus
1855 2674 2136 2745 psalmum
2167 2675 2410 2727 Laudate
2438 2675 2739 2727 Dominum
2768 2676 2832 2728 de
2873 2677 3034 2741 ccelis,
3078 2675 3287 2729 vadant
3329 2691 3453 2729 ma-

176 2770 438 2821 cantetur
486 2765 546 2819 in
581 2765 770 2836 cappis
808 2762 1223 2835 responsorium
1257 2764 1769 2818 Circumdederunt.
1855 2762 2020 2834 gistri
2045 2762 2194 2816 inter
2217 2762 2482 2826 infantes,
2507 2762 2602 2832 qui
2622 2767 2681 2816 et
2706 2762 2852 2816 versi
2881 2762 2997 2817 sint
3023 2764 3095 2818 ad
3120 2764 3354 2835 priores,
3385 2763 3457 2817 si-

178 2856 301 2918 Quo
321 2857 549 2908 cantato
564 2852 796 2923 incipiat
817 2852 990 2907 abbas
1004 2852 1424 2923 responsorium
1454 2852 1771 2919 Synagoga’,
1858 2855 1953 2904 cut
1973 2855 2030 2904 et
2053 2850 2165 2921 ipsi
2192 2850 2435 2903 infantes
2459 2869 2472 2917 ;
2500 2851 2735 2920 juvenes
2759 2867 2912 2918 vero,
2959 2851 3056 2921 qui
3101 2851 3160 2905 in
3201 2851 3456 2907 custodia

176 2949 230 2997 et
279 2942 496 2997 intrent
536 2942 772 2996 chorum
817 2941 1146 2996 sonantibus
1190 2941 1261 2994 ad
1297 2940 1526 2994 missam
1580 2939 1772 3010 signis,
1857 2945 2006 3004 sunt,
2031 2938 2242 2993 mistim
2273 2939 2465 2993 sintin
2494 2939 2691 2992 ordine
2736 2939 3041 2993 seniorum.
3076 2940 3333 2995 Candelai
3366 2957 3457 2994 ex-

177 3031 412 3086 missam
458 3030 763 3097 celebrent,
804 3030 1023 3101 palmas
1053 3034 1111 3083 et
1139 3029 1366 3083 frondes
1411 3029 1470 3082 in
1518 3028 1776 3082 manibus
1794 3078 1835 3101 n
1859 3027 2222 3097 stinguantur
2249 3026 2309 3079 in
2334 3030 2454 3079 toto
2479 3026 2840 3091 monasterio,
2875 3032 3078 3097 praeter
3103 3044 3297 3095 unam,
3330 3045 3457 3100 quae

176 3119 441 3184 habeant,
475 3134 683 3190 easque
713 3123 842 3189 post
870 3118 1208 3172 oblationem
1237 3117 1399 3188 panis
1430 3122 1487 3170 et
1522 3117 1654 3182 vini,
1685 3116 1774 3170 in-

172 3209 415 3281 cipiente
444 3208 699 3275 diacono,
720 3205 906 3262 cuncti
926 3223 1027 3278 per
1054 3205 1308 3261 ordinem
1338 3207 1593 3260 offerant.

246 3297 478 3352 Tabulae
534 3296 815 3351 refectorii
852 3300 1127 3368 cooperta:
1175 3295 1306 3349 sint.
1357 3296 1492 3349 Post
1519 3310 1772 3350 mensam

176 3386 494 3441 meridiana
523 3386 661 3440 hora
689 3384 748 3438 in
775 3384 933 3438 lectis
969 3383 1084 3438 suis
1123 3383 1430 3455 quiescant.
1466 3382 1776 3455 Appropin-

180 3481 390 3548 quante
410 3476 554 3530 hora
576 3490 744 3540 nona,
780 3474 967 3545 pulset
994 3473 1329 3528 secretarius
1343 3473 1567 3544 signum
1588 3472 1775 3527 minus

180 3565 430 3631 modice;
463 3569 601 3619 tunc
635 3568 871 3634 surgant
907 3579 1118 3627 omnes,
1175 3567 1232 3616 et
1278 3562 1466 3616 lavent
1494 3578 1695 3615 manus
1720 3565 1777 3615 et

178 3654 371 3718 facies,
404 3660 463 3707 et
490 3656 720 3723 pectant
745 3668 825 3714 se,
872 3656 929 3705 et
970 3656 1208 3721 pergant
1250 3650 1309 3704 in
1345 3649 1633 3704 ecclesiam
1681 3666 1777 3704 se-

178 3743 467 3813 deantque
494 3740 553 3794 in
581 3740 769 3794 choro.
803 3739 944 3794 Cum
973 3740 1217 3793 infantes
1256 3739 1355 3792 loti
1384 3738 1594 3793 fuerint
1621 3744 1679 3792 et
1707 3738 1777 3791 ad

175 3831 422 3885 tersoria
444 3829 529 3884 ire
557 3828 1111 3899 coeperint,pulsante
1138 3828 1321 3897 majus
1349 3827 1573 3897 signum
1602 3843 1778 3881 secre-

175 3920 344 3987 tario,
377 3923 616 3987 surgant
642 3932 836 3971 omnes
865 3916 934 3970 de
959 3915 1223 3970 sedilibus
1242 3916 1376 3981 suis,
1406 3921 1480 3981 et,
1511 3915 1779 3985 ingressis

177 4008 417 4063 chorum
447 4005 776 4071 infantibus,
795 4005 1005 4060 faciant
1032 4005 1187 4076 prius
1217 4004 1549 4067 orationem,
1582 4010 1779 4075 postea

179 4102 412 4152 cantent
430 4111 637 4150 nonam
655 4095 802 4159 .Qua
821 4099 1045 4148 cantata
1060 4095 1281 4165 pulsato
1305 4093 1560 4164 cymbalo
1582 4111 1617 4148 a
1636 4094 1782 4165 prio-

178 4201 240 4239 re
284 4188 529 4256 pergant
567 4198 760 4236 omnes
803 4183 862 4236 in
904 4182 1280 4237 refectorium.
1340 4182 1490 4236 Talis
1533 4182 1668 4235 ordo
1711 4182 1780 4235 dc

179 4273 493 4327 meridiana
506 4276 760 4326 servetur
781 4275 903 4325 tota
929 4276 1142 4335 aestate,
1167 4270 1408 4341 exceptis
1432 4269 1778 4340 jejuniorum

183 4361 396 4427 diebus,
433 4377 615 4432 usque
640 4361 709 4414 ad
732 4361 1012 4414 Kalendas
1047 4358 1318 4415 Octobris:

251 4450 418 4507 Feria
446 4450 620 4505 tertia
645 4449 880 4504 radendi
910 4454 1043 4504 sunt
1069 4448 1293 4510 fratres,
1324 4448 1383 4501 in
1423 4446 1665 4501 claustro
1697 4447 1774 4501 si-

178 4541 299 4595 mul
322 4540 451 4612 ipsa
469 4538 563 4593 die
587 4556 600 4606 ;
625 4537 751 4593 etin
765 4538 1009 4592 crastino
1026 4537 1231 4592 debent
1252 4540 1401 4590 esset
1416 4535 1619 4590 balnea
1641 4552 1779 4606 prae-

181 4634 406 4700 parata.
464 4628 600 4692 Quae
647 4643 756 4698 quo
798 4626 996 4681 ordine
1039 4628 1196 4689 fiant,
1231 4630 1288 4681 et
1318 4624 1600 4695 quomodo
1646 4624 1779 4678 illuc

181 4706 385 4773 fratres
411 4717 496 4771 ire
523 4721 581 4771 et
608 4715 849 4787 qualiter
877 4714 955 4769 ibi
994 4732 1054 4769 se
1092 4713 1299 4769 habere
1322 4714 1580 4779 debeant,
1612 4730 1780 4784 supe-

181 4805 302 4860 rius
322 4807 538 4861 dictum
572 4809 674 4871 est,
718 4821 844 4859 cum
881 4819 1066 4858 sermo
1096 4808 1244 4858 esset
1281 4803 1349 4857 de
1393 4802 1607 4857 balneis
1649 4809 1781 4857 ante

188 4894 395 4951 Christi
416 4894 782 4949 Nativitatem
810 4892 1209 4965 praeparandis.
1584 4920 1615 4933 -

262 4983 423 5039 Feria
453 4987 658 5055 quarta
675 4998 789 5037 non
809 4988 1012 5052 agatur
1037 4981 1318 5054 processio
1341 5001 1353 5049 ;
1386 4988 1585 5037 caetera
1605 4998 1781 5053 agan-

188 5075 286 5124 tur
311 5087 465 5127 more
490 5071 657 5126 solito
686 5086 864 5142 usque
894 5071 965 5124 ad
1003 5087 1284 5141 vesperas.
1332 5072 1479 5126 Ante
1520 5087 1782 5142 vesperas

187 5174 304 5214 non
322 5161 582 5216 dicantur
600 5160 800 5232 psalmi
813 5162 1113 5227 Deus,auri
1117 5162 1212 5214 bus
1234 5163 1456 5228 nostris,
1487 5162 1785 5232 pulsentur

193 5246 355 5319 signa
381 5251 528 5305 sicut
554 5250 615 5304 in
637 5249 794 5304 festis
833 5248 1049 5315 diebus,
1077 5249 1494 5321 responsorium
1538 5251 1784 5305 Circum-

194 5337 463 5394 dederunt
488 5356 594 5394 me.
615 5337 1099 5394 Hebdomadarius
1124 5345 1289 5393 canat
1302 5356 1493 5410 preces
1514 5341 1623 5407 Ego
1639 5342 1780 5405 dixi,

189 5427 443 5495 Domine,
491 5428 742 5500 psalmus
777 5428 844 5483 ad
898 5445 1091 5500 preces
1137 5429 1488 5483 solummodo
1536 5430 1789 5483 Miserere

192 5516 333 5579 mei,
361 5517 517 5584 Deus,
561 5515 766 5587 psalmi
792 5516 1063 5589 prostrati
1091 5531 1204 5570 non
1230 5515 1507 5571 dicantur.
1537 5516 1673 5570 Post
1692 5533 1787 5570 ve-

193 5617 395 5672 sperae
421 5604 490 5659 de
529 5603 792 5660 omnibus
837 5605 1075 5673 Sanctis,
1109 5604 1369 5659 dicantur
1403 5620 1646 5678 vesperae
1686 5622 1789 5678 pro

439 5703 706 5767 Parma.
755 5703 877 5766 CL.

1854 3115 1915 3169 in
1944 3115 2112 3169 choro
2141 3115 2372 3182 ardeat;
2418 3130 2541 3185 quae
2588 3120 2646 3168 et
2683 3114 2823 3186 ipsa,
2875 3120 3104 3171 cantore
3151 3117 3454 3189 incipiente

1856 3211 2220 3282 antiphonam
2265 3212 2524 3265 Traditor
2561 3216 2768 3274 autem,
2818 3212 3230 3283 exstinguatur.
3262 3213 3452 3269 Finita

1855 3298 2166 3369 antiphona
2193 3302 2495 3351 curventur
2532 3313 2702 3368 super
2733 3297 2941 3352 formas
2983 3299 3087 3353 sub
3124 3299 3347 3355 silentio
3375 3301 3457 3355 di-

1856 3391 2048 3440 centes
2077 3388 2246 3454 Kyrie
2284 3387 2502 3451 eleison,
2530 3387 2693 3440 Pater
2722 3391 2922 3453 noster,
2954 3404 3148 3458 preces
3175 3389 3286 3458 Ego
3307 3390 3452 3455 dixi,

1857 3477 2106 3538 Domine,
2143 3474 2421 3545 psalmum
2455 3476 2708 3528 Miserere
2742 3477 2869 3540 mei,
2922 3476 3080 3542 Deus,
3123 3477 3305 3532 solum
3334 3477 3458 3532 sine

1859 3564 2049 3620 Gloria
2072 3566 2252 3629 Patri,
2285 3563 2574 3617 collectam
2603 3565 2831 3632 Respice,
2847 3581 3177 3634 quasumus,
3202 3568 3451 3632 Domine;

1858 3651 2131 3724 signoque
2159 3652 2303 3706 facto
2328 3651 2398 3705 ab
2425 3651 2627 3706 abbate
2656 3653 2742 3706 vel
2770 3652 2957 3723 priore
2985 3659 3278 3726 surgentes
3301 3654 3458 3710 incli-

1860 3746 2018 3806 nent,
2049 3741 2195 3795 sicut
2222 3741 2423 3806 solent,
2456 3745 2587 3794 ante
2609 3746 2665 3795 et
2680 3746 2848 3807 retro,
2867 3747 2923 3796 et
2940 3747 3050 3797 stet
3070 3742 3457 3815 unusquisque

1858 3829 1918 3884 in
1961 3832 2082 3885 loco
2135 3847 2236 3885 suo
2270 3846 2564 3900 usquequo
2602 3830 2871 3900 magister
2900 3831 3180 3886 infantum
3209 3833 3458 3887 lateruas

1860 3935 2120 3974 accensas
2156 3919 2215 3973 in
2248 3919 2480 3973 chorum
2509 3918 2739 3984 deferat,
2776 3923 2833 3972 et
2858 3918 2992 3989 ipsis
3020 3919 3326 3975 infantibus
3354 3922 3460 3976 tri-

1861 4007 2000 4062 buat
2029 4031 2043 4072 ;
2077 4007 2413 4061 secretarius
2452 4022 2673 4077 quoque
2702 4007 2969 4061 accendat
2996 4008 3185 4063 lumen
3213 4014 3345 4064 ante
3368 4011 3453 4064 al-

1861 4103 2002 4161 tare,
2037 4097 2185 4151 unde
2201 4097 2434 4166 juvenes
2463 4096 2709 4149 laternas
2737 4112 2868 4149 suas
2893 4097 3217 4152 accendant.
3250 4098 3351 4154 His
3375 4099 3459 4155 ita

1863 4185 2122 4258 peractis,
2157 4189 2512 4239 revertantur
2538 4200 2733 4239 omnes
2756 4184 2828 4238 ad
2856 4184 3032 4240 lectos
3059 4201 3210 4246 suos.

1930 4276 2267 4329 Lucescente
2297 4273 2407 4339 die,
2452 4272 2532 4326 ita
2578 4277 2643 4326 ut
2679 4273 2838 4344 pueri
2882 4278 2939 4329 et
2959 4274 3193 4344 juvenes
3230 4277 3353 4333 sine
3380 4278 3459 4334 lae

1791 4363 2033 4453 Dternis
2062 4362 2277 4433 possint
2301 4362 2737 4433 exire,pulsetur
2764 4379 2799 4416 a
2830 4365 3132 4420 secretario
3162 4368 3453 4437 parvulum

1859 4453 2082 4523 signum
2112 4450 2325 4504 modice
2340 4495 2351 4507 .
2366 4451 2568 4504 Statim
2596 4457 2891 4523 surgentes
2908 4453 3109 4509 fratres
3131 4456 3379 4512 calceent
3397 4475 3456 4513 se

1859 4539 2283 4596 nocturnalibus
2316 4539 2452 4604 suis,
2485 4544 2543 4594 et
2579 4540 2657 4594 sic
2705 4540 2929 4595 veniant
2955 4543 3015 4596 in
3042 4544 3295 4612 chorum,
3329 4563 3457 4601 cur-

1860 4636 2056 4684 vantes
2108 4644 2167 4682 se
2206 4644 2375 4698 super
2419 4628 2625 4682 formas
2672 4630 2728 4682 in
2774 4630 2970 4686 ordine
3000 4649 3122 4699 suo,
3167 4650 3458 4707 quousque

1863 4723 2053 4784 ηοω
2080 4716 2321 4770 infantes
2353 4715 2594 4769 veniant.
2628 4716 2736 4780 Qui
2765 4718 2899 4773 dum
2927 4722 3200 4789 venerint,
3232 4729 3459 4793 peracta

1862 4806 2135 4872 oratione,
2159 4805 2418 4875 factoque
2437 4804 2595 4873 signo
2622 4805 2691 4859 ab
2710 4805 2934 4877 abbate,
2956 4817 3252 4881 surgentes
3265 4814 3457 4867 statim
3497 4876 3502 4883 ,

1863 4895 2134 4966 incipient
2151 4895 2424 4966 hymnum
2449 4896 2574 4948 Jam
2603 4895 2741 4959 lucis
2770 4902 2887 4949 orto
2904 4899 3100 4965 sidere,
3124 4899 3334 4971 absque
3353 4903 3457 4956 Deo

1863 4987 2024 5039 Patri
2051 4987 2121 5038 sit
2145 4986 2345 5052 gloria.
2374 4982 2439 5037 Et
2463 4982 2723 5037 inchoata
2742 4983 3069 5055 antiphona,
3097 4987 3356 5043 dicantur
3372 5007 3458 5044 re-

1836 5074 2089 5144 ‘gulares
2118 5072 2341 5144 psalmi,
2385 5078 2442 5126 et
2487 5073 2806 5142 Quicunque
2835 5077 2953 5128 vult
2982 5075 3104 5130 sine
3137 5077 3327 5132 Gloria
3357 5081 3457 5133 Pa-

1869 5167 1964 5218 tri.
1998 5162 2184 5217 Finita
2218 5161 2544 5232 antiphona,
2594 5162 2809 5216 curvati
2857 5179 3025 5235 super
3042 5165 3272 5233 formas,
3307 5167 3461 5224 dicat

1866 5252 2251 5324 unusquisque
2279 5251 2428 5323 apud
2466 5268 2525 5305 se
2551 5251 2609 5305 in
2629 5250 2851 5306 silentio
2881 5254 3049 5321 Kyrie
3072 5258 3459 5319 eleison,Pater

1868 5347 2070 5407 noster,
2105 5343 2271 5398 Credo
2310 5344 2374 5395 in
2403 5343 2596 5407 Deum,
2629 5357 2821 5411 preces
2848 5358 3025 5414 usque
3054 5344 3126 5398 ad
3162 5346 3461 5403 confessio-

1869 5446 2018 5497 nem,
2063 5430 2320 5502 factoque
2360 5429 2523 5501 signo
2553 5428 2623 5483 ab
2665 5429 2883 5496 abbate,
2915 5432 3135 5487 dicatur
3163 5436 3456 5493 confessio.

1869 5518 2081 5573 Deinde
2096 5519 2329 5574 silenter
2346 5535 2469 5590 quae
2494 5523 2810 5590 sequuntur
2830 5519 3047 5577 dicant:
3064 5524 3321 5581 Converte
3342 5544 3456 5596 nos,

1873 5612 1925 5662 et
1940 5612 2143 5662 caetera
2167 5624 2181 5675 ;
2213 5609 2465 5663 Miserere
2487 5609 2611 5675 mei,
2632 5609 2789 5677 Deus,
2816 5607 2939 5665 sine
2958 5611 3463 5683 Gloria,collectam

3122 5716 3227 5779 ’15
