3878 6390
167 334 266 404 461

1119 333 1452 398 DECBETA
1487 333 1630 396 PBQ
1671 329 1944 396 QRDINE
1982 329 2040 394 .S-
2082 329 2485 396 BENEDIC’I‘I.

3331 331 3439 401 462

162 477 287 525 rum
311 462 638 525 osculantes
665 476 859 524 eorum
901 474 1119 524 manus.
1155 459 1310 527 Ipsos
1339 457 1598 520 denarios
1623 453 2204 530 dareAmonastsrio.
2248 456 2396 524 quod
2442 460 2572 518 ante
2613 458 2966 529 collationem
2993 461 3051 522 in
3081 462 3439 541 retettqrinm

162 548 327 612 debet
339 549 607 612 fratribus
627 546 951 608 cellerarius
972 553 1070 610 aut
1083 543 1760 610 camerarius,secundum

165 637 310 707 quod
323 637 706 699 abbativisum
721 636 905 695 fuerit.
923 637 1148 688 Fratres
1167 635 1343 704 quieo
1357 650 1503 694 anno
1518 631 1761 694 defuncti

166 731 311 789 sunt,
328 743 461 791 suos
476 742 751 796 pauperes
767 725 953 786 adhoc
968 723 1289 785 mandatum
1307 722 1511 781 habere
1531 721 1756 790 debent;

165 815 422 870 similiter
434 820 490 876 et
501 814 803 880 familiares
815 813 914 877 illi,
932 829 1032 882 pro
1046 811 1246 882 quibus
1258 829 1404 868 unus
1421 812 1475 865 in
1492 813 1595 872 hoc
1611 831 1764 873 man-

167 905 294 969 dato
316 920 592 974 pauperes
623 903 827 962 debere
849 901 977 972 poni
1007 900 1179 954 abbas
1207 901 1515 956 decreverit
1549 903 1762 965 Quibus

168 992 504 1063 pauperibus
533 981 849 1062 Supradicto
871 991 1036 1052 modo
1075 989 1320 1047 serviant
1339 989 1540 1050 fratres
1561 991 1762 1060 quibus

170 1083 478 1150 injunctum
502 1081 690 1144 fuerit,
708 1081 849 1140 alter
868 1080 1055 1142 nullus
1070 1085 1389 1149 praesumat.
1407 1080 1665 1142 Quandiu
1692 1083 1762 1136 ad

171 1177 269 1228 hoc
281 1174 607 1232 mandatum
620 1171 931 1238 cantant,id
943 1172 1186 1235 est,dum
1199 1187 1504 1242 pauperum
1521 1174 1688 1242 pedes
1701 1191 1765 1228 ac

168 1279 366 1318 manus
391 1263 670 1326 lavantur,
703 1261 898 1319 sedere
930 1264 1164 1329 possunt
1193 1259 1287 1328 qui
1337 1261 1546 1332 volunt,
1579 1278 1644 1314 eo
1681 1268 1761 1315 ta-

168 1369 294 1408 men
334 1352 501 1406 modo
533 1368 642 1421 quo
680 1351 908 1407 sedetur
945 1351 1002 1404 in
1055 1350 1243 1414 choro,
1277 1365 1388 1402 uno
1433 1350 1643 1404 scilicet
1675 1367 1766 1404 se-

169 1442 333 1499 dente
354 1441 504 1497 inter
518 1441 658 1494 duos
681 1445 914 1494 stantes.
944 1439 1088 1510 Dum
1111 1445 1299 1492 autem
1327 1439 1658 1508 propinatur
1674 1458 1766 1510 po-

169 1539 276 1593 tus,
304 1530 502 1586 sedere
530 1534 766 1599 possunt
793 1545 987 1585 omnes
1018 1527 1334 1602 quicunque
1364 1529 1572 1590 volunt,
1622 1531 1766 1583 alter

163 1619 324 1687 juxta
348 1618 610 1680 alterum,
636 1632 747 1674 non
777 1615 1066 1668 observato
1090 1615 1184 1668 illo
1214 1614 1398 1668 standi
1432 1615 1513 1669 vel
1536 1615 1764 1670 sedendi

1845 543 2190 612 deportetur.
2224 544 2528 614 Postquam
2558 545 2759 605 fratres
2783 565 2818 607 a
2849 565 3044 608 mensa
3071 553 3434 620 surrexerint,

1847 635 1904 684 et
1939 631 2008 695 de
2041 631 2382 695 monasterio
2411 649 2475 686 ac
2503 633 2829 697 dormitorio
2861 637 3022 696 solito
3055 655 3210 699 more
3255 641 3440 702 redie-

1845 719 1979 783 rint,
2009 720 2196 776 lavent
2225 719 2328 774 sibi
2357 721 2547 790 pedes,
2582 729 2644 782 ut
2673 723 2916 784 Sabbato
2945 727 3067 784 fieri
3085 729 3228 787 solet
3303 746 3443 800 prae-

1846 814 2118 875 parentur
2141 823 2340 864 cuncta
2359 827 2482 879 quae
2510 811 2579 870 ad
2602 814 2931 874 mandatum
2951 823 3084 870 sunt
3103 819 3439 878 necessaria.

1847 893 2088 960 Refectis
2113 895 2472 960 servitoribus
2492 904 2549 954 et
2577 900 2809 969 pedibus
2833 901 3057 968 ablatis,
3079 906 3339 975 pulsetur
3361 913 3444 966 ta-

1845 981 1992 1046 bula,
2030 989 2086 1037 et
2122 985 2192 1050 ad
2220 984 2521 1049 bibendum
2553 988 2610 1040 in
2640 990 2999 1054 refectorium
3031 995 3257 1056 vadunt.

1920 1072 2053 1139 Post
2092 1073 2207 1126 haec
2236 1075 2475 1143 egressis
2528 1065 2794 1141 fratribus
2823 1080 2893 1141 de
2935 1081 3250 1148 refectorio,
3289 1085 3446 1154 prior

1849 1159 2095 1223 claustri,
2113 1161 2344 1229 jubente
2372 1164 2592 1229 abbate,
2617 1167 2894 1235 percutiat
2910 1170 3160 1234 tabulam
3186 1173 3258 1235 ad
3287 1190 3445 1234 man-

1848 1247 2062 1314 datum.
2098 1249 2464 1320 Introgressis
2494 1254 2552 1316 in
2587 1255 2894 1323 capitulum
2937 1259 3223 1333 fratribus,
3257 1241 3443 1332 priore

1848 1338 2077 1400 claustri
2106 1339 2337 1404 sedente
2369 1342 2427 1394 in
2455 1343 2573 1396 loco
2603 1343 2842 1409 abbatis,
2875 1348 3219 1418 praecingant
3243 1367 3304 1406 se
3331 1351 3442 1412 lin-

1847 1426 1952 1479 teis
1986 1433 2172 1511 2‘34
2201 1429 2372 1491 abbas
2394 1436 2450 1483 et
2476 1431 2646 1500 prior,
2690 1439 2747 1488 et
2771 1433 3070 1499 inchoante
3090 1438 3276 1507 priore
3295 1441 3445 1500 clau-

1847 1514 1949 1579 stri
1961 1515 2078 1579 anti
2082 1517 2191 1586 pho
2196 1535 2324 1582 nam
2343 1522 2504 1582 Domi
2508 1538 2612 1582 nus
2621 1525 2791 1598 Jesus,
2809 1525 3033 1600 veniant
3043 1527 3101 1582 in
3113 1528 3416 1599 capitulum
3427 1573 3440 1597 ,

1849 1602 2018 1668 abbas
2049 1605 2117 1658 ad
2143 1606 2427 1671 dexteram
2459 1615 2515 1664 et
2545 1610 2698 1680 prior
2727 1612 2794 1674 ad
2829 1614 3136 1680 sinistram,
3168 1621 3448 1689 sequenti-

168 1706 383 1760 ordine.
419 1704 576 1764 Inter
607 1705 723 1760 hec
751 1704 1086 1761 secretarius
1115 1702 1408 1757 observare
1436 1704 1602 1757 debet
1631 1721 1764 1757 con-
1852 1688 1954 1779 bus
1983 1707 2077 1746 eos
2105 1692 2373 1759 fratribus
2416 1697 2510 1766 qui
2540 1698 2609 1754 ad
2639 1700 2928 1779 servulum
2961 1719 3157 1766 eorum
3198 1688 3321 1776 ipsa
3357 1709 3448 1767 die

165 1812 308 1864 grua
328 1795 626 1847 intervalla
646 1792 847 1862 quibus
881 1792 1128 1845 tabulam
1160 1793 1230 1845 ad
1259 1809 1516 1862 vesperas
1545 1793 1767 1862 pulsare
1789 1783 1834 1847 Β
1853 1778 1911 1832 in
1938 1781 2179 1850 οδΡίωῙο
2206 1782 2417 1848 fuerint
2430 1787 2690 1853 ordinati.
2717 1795 2774 1851 et
2790 1778 3012 1860 αιτὶεμιθ
3034 1793 3190 1856 ﬂexis
3211 1779 3449 1864 genibus

168 1884 387 1939 debeat.
420 1883 606 1938 Semel
633 1882 890 1936 videlicet
911 1881 1040 1937 lotis
1065 1880 1316 1950 pedibus,
1352 1887 1410 1934 et
1438 1882 1610 1934 semel
1640 1882 1768 1935 lotis

169 1972 448 2036 manibus,
476 1971 770 2042 propinate
796 1970 1054 2029 omnibus
1083 1976 1238 2040 potu,
1266 1970 1502 2024 reversis
1532 1970 1768 2039 singulis

172 2063 226 2114 in
255 2063 382 2121 loca
417 2078 540 2125 sua,
583 2060 738 2130 prior
773 2065 862 2119 ter
891 2059 1167 2129 percutiat
1195 2059 1462 2114 tabulam.
1495 2060 1650 2113 Tunc
1677 2061 1772 2114 ab-

172 2150 270 2213 bas
318 2151 404 2211 vel
449 2149 708 2224 sacerdos
765 2148 1031 2209 mediocri
1083 2163 1215 2202 voce
1267 2148 1416 2204 dicat
1462 2147 1769 2218 capitulum

179 2240 403 2302 Ostende
426 2239 599 2302 nobis,
622 2239 870 2302 Domine,
890 2238 1332 2293 misericordiam
1353 2242 1526 2290 tuam.
1543 2237 1770 2291 Fratres

174 2344 368 2391 omnes
393 2325 555 2387 ﬂexis
581 2326 650 2380 ad
672 2332 879 2387 terram
903 2325 1140 2394 genibus
1157 2325 1531 2395 respondeant
1545 2327 1609 2380 Et
1623 2330 1773 2380 satu-

177 2421 292 2472 lare
324 2422 487 2476 tuum
515 2417 587 2473 da
636 2418 808 2490 nobis,
850 2415 1052 2472 dehinc
1090 2415 1344 2472 inclinati
1383 2432 1554 2484 super
1587 2432 1774 2485 genua

173 2510 394 2568 tantum
449 2503 642 2567 dicant
693 2505 860 2570 Kyrie
891 2506 1107 2567 eleison,
1152 2507 1314 2558 Pater
1354 2510 1566 2570 noster;
1603 2504 1774 2558 abbas

175 2595 260 2656 vel
299 2593 560 2655 sacerdos
599 2593 747 2651 dicet
776 2592 1044 2666 mediocri
1079 2609 1213 2646 voce
1242 2594 1310 2646 Et
1340 2610 1408 2651 ne
1437 2610 1552 2646 nos.
1581 2593 1772 2648 Susce-

169 2685 378 2751 pimus,
409 2683 572 2745 Deus,
599 2683 1042 2738 misericordiam
1067 2687 1242 2736 tuam.
1277 2683 1344 2735 In
1378 2684 1554 2735 medio
1584 2686 1775 2750 templi

177 2775 281 2824 lui.
316 2773 396 2825 Tu
426 2771 711 2829 mandasti
747 2770 1022 2827 mandata
1057 2776 1153 2826 tua
1174 2773 1442 2825 custodiri
1459 2773 1651 2823 nimis.
1676 2773 1774 2825 Do-

178 2863 344 2922 mine,
365 2861 569 2922 est-“audi
588 2863 893 2914 orationem
924 2876 1118 2914 meam.
1148 2861 1213 2915 Et
1230 2863 1441 2920 cla-mor
1461 2877 1610 2913 meus
1629 2863 1702 2914 ad
1722 2867 1768 2914 te

174 2951 377 3002 veniat.
409 2951 680 3008 Dominus
705 2951 994 3002 vobiscum.
1030 2949 1275 3003 Oremus.
1309 2951 1515 3013 Adesto,
1543 2951 1770 3004 Domine

174 3041 298 3090 Jesu
323 3039 552 3096 Christe,
574 3039 750 3102 ofﬁcio
770 3042 968 3091 nostra:
986 3040 1285 3102 servitutis,
1301 3043 1367 3101 et,
1393 3040 1527 3104 quia
1547 3043 1606 3090 tu
1618 3040 1774 3106 pedes

179 3126 368 3179 lactare
387 3128 651 3202 dignatus
673 3143 724 3183 es
756 3129 868 3179 tuis
893 3127 1202 3194 discipulis,
1227 3143 1293 3180 ne
1323 3128 1586 3194 despicias
1616 3143 1777 3194 opera
1795 3096 1837 3156 Ο

179 3231 450 3270 manuum
475 3220 726 3279 tuarum,
743 3232 863 3282 quae
878 3216 1031 3268 nobis
1055 3217 1346 3268 retinenda
1359 3217 1643 3267 mandasti
1661 3234 1674 3277 ;
1691 3217 1782 3268 sed

177 3305 360 3363 sicut}:
369 3307 413 3356 is
423 3306 698 3363 eateriora
709 3304 1026 3358 abluuntur
1039 3305 1470 3372 inquinamenta
1488 3319 1777 3370 corporum

178 3398 257 3445 sic
278 3410 312 3446 a
334 3399 382 3448 te
405 3396 600 3468 omnia
616 3398 805 3448 nostra
822 3396 1095 3446 interiora
1117 3394 1373 3446 laventur
1386 3398 1603 3461 peccata
1632 3395 1782 3458 Quod

183 3485 295 3549 ipse
319 3487 582 3550 praestare
605 3483 873 3548 digneris,
898 3485 997 3550 qui
1019 3499 1165 3542 cum,
1187 3488 1290 3536 etc.
1310 3483 1395 3535 Ad
1421 3483 1577 3549 cujus
1610 3484 1780 3535 ﬁnem

182 3587 375 3626 omnes
406 3571 810 3640 respondentes
829 3574 1094 3635 Amen,et
1120 3570 1453 3624 inclinantes
1481 3587 1538 3624 se
1563 3576 1693 3623 ante
1725 3576 1779 3624 et

181 3666 352 3722 retro,
385 3660 594 3715 vadant
620 3660 693 3712 ad
724 3659 1011 3713 ecclesiam
1053 3660 1324 3714 mediocri
1355 3676 1484 3712 voce
1515 3665 1779 3713 canentes

181 3747 460 3815 psalmum
492 3747 746 3800 Miserere
773 3749 899 3810 mei,
928 3747 1085 3800 Deus.
1112 3745 1343 3799 Interim
1369 3746 1702 3800 secretarius
1723 3752 1778 3800 et

181 3835 356 3904 aliqui
403 3835 608 3893 fratres
645 3851 832 3888 secum
872 3835 1190 3904 percutiant
1227 3835 1446 3888 tabulas
1473 3835 1775 3904 gradatim,

181 3941 360 3993 eoque
385 3923 554 3976 modo
593 3931 761 3992 atque
791 3923 984 3978 ordine
1023 3940 1133 3992 quo
1171 3926 1334 3992 signa
1360 3924 1570 3994 pulsari
1600 3925 1783 3976 solent

182 4014 239 4066 in
283 4012 494 4065 t‘estivis
533 4011 748 4067 diebus.

252 4099 414 4160 Dicto
446 4100 682 4168 psalmo,
711 4105 766 4154 et
787 4101 1052 4156 fratribus
1082 4101 1142 4155 in
1169 4101 1363 4156 ordine
1393 4117 1493 4154 suo
1524 4101 1583 4152 in
1613 4101 1781 4154 choro

181 4189 486 4254 stantibus
509 4190 706 4249 statim
732 4207 871 4260 puer
895 4190 1126 4260 incipiat
1153 4190 1518 4259 antiphonam
1546 4190 1782 4243 Calicem

181 4281 475 4334 sat-utaris.
517 4279 602 4336 Ad
640 4280 798 4347 cujus
829 4279 1244 4335 inchoationem
1284 4278 1496 4348 petitur
1524 4278 1682 4331 venia
1713 4276 1783 4330 ab

183 4367 449 4428 omnibus
481 4383 649 4437 supra
676 4369 905 4441 formas,
938 4369 1085 4422 dicto
1116 4369 1330 4438 psalmo
1360 4369 1698 4434 Magni/icui,
1730 4372 1786 4420 et

1852 1868 2039 1935 lavent
2067 1871 2236 1940 pedes
2265 1874 2524 1940 fratrum,
2554 1881 2611 1938 et
2627 1882 2852 1947 tergant
2881 1885 2937 1934 et
2966 1883 3307 1946 osculentur.
3349 1885 3451 1946 Ca-

1855 1959 2080 2012 merarii
2111 1967 2312 2028 praesto
2339 1979 2458 2028 esse
2479 1965 2701 2043 debent,
2727 1968 2818 2046 qui
2835 1968 3166 2046 madefactis
3195 1974 3450 2035 tersoriis

1853 2047 1964 2100 alia
2004 2048 2342 2114 ministrent,
2385 2054 2604 2132 quoties
2640 2072 2780 2134 opus
2808 2057 3006 2126 fuerit;
3035 2061 3166 2118 lotis
3195 2064 3450 2124 omnium

1857 2135 1952 2204 qui
1981 2135 2038 2190 in
2069 2138 2314 2210 capitulo
2343 2148 2476 2196 sunt
2505 2144 2758 2212 pedibus,
2788 2147 3020 2204 sedeant
3043 2149 3178 2204 foris
3207 2156 3338 2208 ante
3365 2169 3452 2212 ca-

1854 2223 2095 2292 pitulum
2130 2228 2284 2297 prior
2311 2236 2367 2284 et
2397 2233 2651 2300 praedicti
2681 2238 2980 2297 servitores
3014 2256 3142 2299 cum
3167 2224 3266 2300 eo.
3308 2243 3455 2306 Quo-

1855 2327 1981 2400 rum
2023 2315 2191 2383 pedes
2217 2318 2546 2386 praecinctus
2578 2323 2812 2380 tersorio
2842 2324 3012 2383 abbas
3041 2329 3199 2386 ﬂexis
3217 2330 3455 2400 genibUS

1857 2399 2065 2488 abluat,
2098 2411 2153 2468 et
2181 2411 2366 2476 tergat
2391 2413 2450 2468 et
2478 2411 2780 2477 osculetur,
2812 2415 3180 2474 servientibus
3205 2399 3312 2477 sibi
3338 2421 3457 2488 fra-

1858 2487 2038 2577 tribus
2064 2491 2134 2544 ad
2165 2493 2269 2548 hoc
2285 2493 2615 2577 obsequium
2635 2498 2936 2577 deputatis.
2961 2504 3094 2566 Post
3117 2507 3234 2565 haec
3259 2489 3456 2568 redeat

1858 2574 2029 2630 abbas
2057 2577 2114 2645 in
2155 2581 2344 2647 sedem
2369 2574 2566 2652 suam;
2599 2587 2671 2644 ad
2701 2574 2875 2658 quem
2904 2591 3076 2666 prior,
3124 2595 3456 2664 praecinctus

1857 2670 2114 2758 tersorio,
2174 2673 2399 2738 veniens
2450 2693 2579 2736 cum
2642 2678 2908 2739 fratribus
2972 2684 3078 2740 sibi
3149 2687 3452 2758 deputatas,

1856 2755 2002 2810 lavet
2029 2761 2198 2828 pedes
2235 2765 2375 2832 ejus,
2426 2770 2482 2818 et
2517 2772 2702 2836 terget
2723 2775 2780 2824 et
2821 2773 3122 2840 osculetur,
3167 2755 3458 2835 et‘ablutis

1857 2847 2116 2910 manibus
2131 2850 2246 2903 suis
2267 2853 2454 2910 statim
2479 2855 2692 2910 deferat
2711 2858 2816 2912 sibi
2840 2877 3041 2931 aquam
3061 2865 3130 2918 ad
3149 2865 3458 2926 abluendas

1855 2950 2074 3001 manus,
2093 2955 2204 2998 uno
2228 2957 2420 3003 eorum
2445 2943 2540 3012 qui
2560 2945 2664 2998 sibi
2683 2949 2998 3005 servierunt
3015 2959 3457 3014 tenentemanu-

1860 3025 2122 3093 tergium.
2157 3029 2369 3090 Deinde
2394 3033 2666 3090 redeunte
2694 3037 2881 3105 priore
2925 3041 3156 3097 claustri
3191 3045 3250 3098 in
3271 3048 3458 3114 locum

1863 3111 2100 3208 abbatis,
2157 3124 2321 3171 exeat
2353 3119 2542 3187 abbas,
2576 3127 2632 3176 et
2678 3125 3013 3195 accipientes
3050 3131 3170 3203 ipse
3207 3141 3264 3190 et
3304 3111 3459 3208 prior

1865 3199 2098 3265 baccilia
2121 3219 2247 3267 curn
2278 3223 2446 3277 aqua,
2477 3215 2534 3267 et
2562 3216 2936 3286 manutergia,
2978 3199 3092 3274 duo
3117 3199 3322 3279 fratres
3361 3228 3459 3298 qui

1862 3289 1930 3374 de
1960 3291 2201 3362 colquina
2226 3294 2347 3365 ipsa
2371 3299 2686 3368 septimana
2716 3306 2985 3371 serviunt,
3003 3311 3099 3379 qui
3117 3312 3268 3380 inter
3291 3289 3457 3370 caete-

1862 3395 1954 3469 ros
1984 3380 2270 3449 adjutores
2293 3385 2362 3438 ad
2383 3387 2553 3457 hujus
2584 3393 2835 3447 mandati
2857 3395 3186 3469 obsequium
3209 3402 3460 3458 ordinari

1862 3465 2350 3559 debent,.serviant
2374 3477 2634 3539 omnibus
2655 3481 2726 3535 ad
2755 3465 3060 3541 abluendas
3081 3505 3299 3557 manus,
3312 3493 3462 3559 sicut

1862 3556 2178 3649 servierunt
2219 3561 2288 3649 ad
2318 3561 2627 3639 abluendos
2664 3570 2852 3638 pedes.
2888 3574 2988 3628 His
3037 3579 3271 3649 expletis
3291 3556 3461 3648 exeat

1861 3642 2051 3742 abbas,
2085 3651 2142 3708 et
2169 3648 2323 3718 prior
2347 3657 2410 3726 et
2437 3656 2734 3713 servitores
2755 3676 2967 3727 eorum,
2995 3670 3050 3718 et
3077 3642 3209 3722 ante
3241 3642 3458 3742 capitu-

1862 3731 1976 3829 lum
1997 3736 2246 3803 praebeat
2264 3739 2344 3799 eis
2366 3741 2541 3799 abbas
2567 3761 2771 3814 aquam
2803 3749 2873 3804 ad
2899 3750 3204 3810 abluendas
3233 3731 3456 3829 manus,

1863 3825 2087 3918 tenente
2114 3831 2532 3900 manutergium
2574 3850 2686 3888 uno
2725 3852 2921 3892 eorum
2964 3841 3205 3898 fratrum
3249 3849 3344 3918 qui
3385 3825 3458 3904 ad

1866 3911 1969 3963 hoc
1999 3912 2328 3984 obsequium
2363 3919 2412 3972 ei
2437 3920 2688 3991 deputati
2713 3932 2864 3981 sunt.

1937 4000 2056 4061 Quo
2078 4011 2321 4071 peracto,
2341 4010 2653 4076 praecedens
2675 4012 2847 4067 abbas
2860 4021 2915 4068 et
2935 4021 3137 4085 caeteri,
3159 4032 3458 4095 sequentes

1865 4105 2014 4187 eum,
2047 4092 2331 4151 introeant
2355 4097 2679 4166 capitulum,
2716 4107 2770 4155 et
2802 4103 3008 4160 faciant
3037 4116 3168 4166 ante
3197 4092 3256 4167 et
3282 4121 3455 4183 retro,

1866 4183 2011 4240 sicut
2040 4183 2182 4235 solet
2223 4184 2344 4237 fieri
2387 4186 2476 4240 die
2517 4187 2744 4244 Sabbati
2776 4191 2847 4244 ab
2892 4195 2971 4248 eis
3001 4199 3095 4268 qui
3126 4204 3457 4260 mandatum

1867 4268 2135 4346 fecerunt.
2171 4274 2372 4328 Postea
2393 4283 2590 4346 pergat
2611 4277 2780 4334 abbas
2812 4283 2880 4336 ad
2910 4286 3096 4350 sedem
3127 4307 3309 4359 suam,
3343 4313 3462 4350 sur-

1864 4369 2038 4431 gente
2081 4369 2356 4418 conventu
2403 4365 2579 4420 donec
2631 4369 2840 4436 sedeat,
2873 4374 3076 4446 reliqui
3107 4381 3366 4439 similiter
3389 4388 3460 4441 ad

185 4459 428 4526 repetita
447 4457 754 4526 antiphona
779 4457 899 4510 sine
923 4457 1050 4510 linis
1071 4457 1341 4522 melodia;
1369 4456 1582 4509 curvati
1611 4472 1781 4525 supra
1802 4450 1850 4507 D
1869 4451 1989 4506 loca
2015 4466 2133 4504 sua.
2159 4449 2426 4506 Cessante
2455 4460 2644 4510 autem
2682 4465 2869 4527 cantu,
2909 4469 2967 4517 et
3001 4473 3301 4526 secretario
3333 4491 3462 4545 per-

185 4547 413 4608 tormas,
447 4545 641 4604 dicant
665 4547 722 4600 in
741 4546 964 4600 silentio
992 4547 1161 4613 Hyrie
1178 4549 1394 4608 elcison,
1414 4549 1573 4599 Pater
1587 4549 1786 4606 noster,

184 4650 382 4704 preces
425 4635 536 4701 Ego
575 4637 718 4700 dixi,
770 4636 1011 4698 Domine,
1057 4635 1336 4704 psalmum
1380 4637 1630 4688 Miserere
1660 4635 1785 4698 mei,

185 4725 348 4789 Deus,
382 4722 618 4784 collecta
649 4725 878 4796 Respice,
904 4740 1231 4792 quaesumus.
1264 4724 1324 4778 Si
1355 4723 1577 4792 aliquis,
1607 4723 1676 4775 de
1706 4723 1789 4775 fo-

187 4811 266 4865 ris
297 4810 552 4876 veniens,
587 4812 1033 4868 benedictionem
1072 4813 1314 4882 petierit,
1348 4810 1606 4865 omnibus
1635 4810 1788 4864 horis

184 4899 429 4969 accipiat
460 4900 582 4970 ipso
611 4901 700 4954 die
730 4919 840 4971 quo
865 4901 1099 4955 venerit.
1135 4901 1234 4954 His
1264 4901 1443 4954 tribus
1475 4899 1670 4953 diebus
1710 4905 1790 4953 ta.

185 4989 331 5046 bulze
354 4989 635 5047 refectorii
661 4996 933 5062 coeperim
953 4991 1084 5044 sint.
1103 4992 1185 5044 Ad
1209 4990 1527 5062 cymbalum
1550 4995 1607 5043 et
1625 5006 1793 5059 super

188 5077 443 5136 tabulam
473 5077 693 5133 abbatis
723 5084 1006 5148 ponantur
1055 5077 1265 5132 tabula:
1313 5096 1438 5132 cum
1497 5076 1786 5130 malleolis.

187 5166 401 5221 Versus
444 5176 503 5220 et
532 5166 948 5222 benedictiones
986 5167 1046 5221 in
1091 5167 1406 5232 refectorio,
1453 5173 1508 5219 et
1536 5168 1793 5220 Miserere

190 5256 319 5318 mei,
351 5255 513 5316 Deus,
529 5259 915 5328 postmensam
929 5255 1130 5322 humili
1155 5271 1286 5308 voce
1309 5254 1596 5319 dicantur;
1622 5253 1796 5306 lector

192 5341 315 5396 sine
335 5342 515 5412 petita
537 5342 924 5399 benedictione
954 5344 1122 5413 legat,
1146 5348 1203 5396 et
1229 5343 1350 5396 sine
1374 5345 1448 5396 Tu
1470 5348 1673 5407 autem,
1700 5344 1796 5395 Do-

192 5448 248 5482 m
260 5433 347 5484 ine
356 5475 369 5495 ,
377 5432 661 5488 terminet.
669 5431 902 5487 Interim
913 5433 948 5487 d
956 5449 1047 5487 um
1057 5433 1262 5486 fratres
1273 5431 1633 5485 inrefectorio
1642 5435 1794 5494 sunt,

191 5520 488 5588 S¢cretarii
517 5521 932 5592 discooperiant
950 5522 1140 5576 omnia
1159 5521 1379 5581 altaria,
1396 5526 1665 5591 etparent
1687 5520 1798 5574 duo

1873 4539 2118 4592 cutiente
2145 4538 2394 4595 tabulam
2425 4543 2495 4596 ad
2524 4545 2897 4618 collationem,
2919 4555 3013 4622 qui
3044 4559 3218 4626 petita
3238 4538 3463 4621 licentia

1871 4627 1942 4680 ad
1974 4643 2098 4681 eam
2128 4628 2547 4696 percutiendam
2571 4637 2833 4704 perrexit,
2850 4640 2988 4695 hora
3008 4660 3253 4717 congrua
3273 4652 3463 4723 ingre-

1872 4715 2060 4770 diatur
2097 4715 2364 4770 diaconus
2392 4719 2722 4791 capitulum,
2758 4727 2853 4795 qui
2879 4737 3005 4798 post
3036 4715 3303 4793 manuum
3333 4715 3464 4797 ξηιλ..

1869 4822 1995 4858 rum
2034 4804 2375 4861 ablutionem
2408 4809 2478 4861 ad
2507 4827 2567 4863 se
2611 4819 3040 4883 praeparandum
3077 4825 3192 4892 ivit,
3227 4830 3372 4896 alba,
3410 4841 3466 4888 et
3561 4877 3570 4884 .

1871 4895 2015 4947 stola
2035 4900 2091 4993 et
2103 4894 2670 4993 dalipatica-i-ndutus,
2687 4907 2898 4993 textum
2913 4908 3196 4982 Evangelii
3211 4894 3467 4993 portans,

1874 4983 2316 5053 praecedentibus
2353 4984 2534 5039 tribus
2563 4992 2840 5046 conversis
2876 4983 3233 5064 portantibus
3261 4983 3466 5065 cande:

1874 5072 2146 5170 labra,.et
2174 5073 2522 5132 thuribulum
2554 5076 2683 5147 igne
2728 5086 2783 5133 et
2810 5083 2976 5138 thure
3005 5088 3294 5150 refertum.
3340 5100 3466 5170 Ipse

1876 5163 2026 5215 enim
2047 5162 2314 5216 diaconus
2331 5170 2632 5234 antequam
2645 5175 2804 5234 exeat
2816 5171 2883 5225 de
2899 5182 3240 5237 monasterio
3258 5162 3469 5255 pon-ere

1875 5251 2042 5306 debet
2061 5252 2190 5305 thus
2211 5252 2269 5305 in
2299 5252 2420 5322 ipso
2449 5255 2754 5313 thuribulo.
2790 5261 3000 5322 Qui-bus
3025 5251 3470 5338 ingredientibus

1877 5340 2202 5410 capitulum,
2239 5348 2391 5395 totus
2438 5352 2742 5400 conventus
2789 5360 3044 5422 assurget
3095 5364 3249 5415 stans
3295 5348 3472 5423 donec

1879 5447 2026 5484 unus
2054 5447 2244 5484 versus
2271 5432 2340 5484 de
2370 5432 2668 5502 Evangelia
2687 5438 2963 5507 perlectus
2985 5450 3085 5499 est.
3295 5487 3298 5490 -
3393 5451 3396 5453 ’

1947 5519 2095 5573 .Cum
2123 5526 2315 5574 autem
2343 5538 2464 5575 esse
2488 5527 2710 5594 tempus
2750 5535 3111 5603 perspexerit,
3145 5538 3347 5601 innuat
3373 5549 3474 5604 ab-

189 5610 479 5681 analogia,
505 5627 691 5684 unum
720 5612 870 5682 quod
890 5612 956 5666 in
983 5611 1227 5683 capitulo
1250 5615 1358 5680 est,
1389 5615 1446 5665 et
1473 5611 1714 5664 alterum
1740 5609 1802 5664 in
1883 5607 1981 5662 bas
2002 5608 2175 5679 priori
2203 5615 2266 5664 ut
2301 5611 2470 5665 vadat
2495 5619 2787 5684 percutere
2816 5617 3087 5679 tabulam.
3116 5627 3186 5684 Et
3211 5649 3340 5691 cum
3369 5657 3472 5696 au-
