3892 6394
482 348 586 409 463

1470 349 1535 405 Β.
1574 300 1988 405 ΙᾌΝΡΒΑΝΟΙ
2027 348 2385 405 CANTUAR.
2426 350 2759 405 ARCHIEP.

3641 358 3733 415 464

479 478 651 533 dierit
666 475 822 549 prior
840 491 874 530 a
893 474 1127 530 diacono
1146 472 1390 541 Surgite,
1414 489 1601 529 eamus
1627 474 1775 542 hinc,
1797 475 2075 546 percutiat
2087 476 2139 536 A
2154 474 2358 529 ferant.
2390 475 2526 529 Post
2546 476 2664 528 haec
2692 473 2863 528 abbas
2892 482 3104 545 surgat,
3124 480 3180 531 et
3206 477 3408 532 humili
3426 495 3558 533 voce
3578 479 3731 536 dicat.

478 566 754 632 tabulam,
785 564 932 619 sicut
958 562 1102 618 solet
1136 561 1353 633 percuti
1381 560 1717 632 cymbalum.
1748 563 1907 627 Quod
1936 564 2071 617 dum

476 657 562 722 ﬁt,
587 657 823 724 surgant
839 667 1053 726 omnes,
1068 667 1151 716 ac,
1163 649 1509 721 praecedente
1529 649 1762 704 diacono
1773 666 1900 704 cum
1914 656 2074 705 textu

481 748 540 798 et
562 740 842 798 conversis
868 756 996 794 cum
1025 737 1371 793 candelabris
1390 742 1447 790 et
1464 737 1772 798 thuribulo,
1804 744 2073 809 sequatur

478 837 786 887 conventus
828 828 888 882 in
938 827 1314 891 refectorium,
1345 825 1493 879 sicut
1519 826 1585 878 ﬁt
1612 825 1669 880 in
1727 827 1969 881 Sabbato
2003 827 2073 881 ad

477 920 833 976 charitatem.
881 915 967 970 Ibi
1005 915 1339 971 secretarius
1386 913 1590 968 habeat
1635 916 1955 986 analogium
2002 917 2071 970 de

476 1010 708 1065 ecclesia
723 1014 1003 1081 paratum,
1019 1006 1393 1078 impositaque
1412 1003 1652 1073 desuper
1662 1009 1841 1072 textu,
1865 1005 2070 1059 iterum

477 1098 669 1153 mittat
717 1098 984 1153 diaconus
1029 1096 1162 1150 thus
1207 1094 1264 1149 in
1313 1095 1684 1159 thuribulum,
1726 1099 1783 1147 et
1820 1092 2071 1148 incenset

474 1166 798 1257 analogiam
827 1192 886 1241 et
911 1190 1147 1240 textum.
1181 1184 1252 1238 Et
1299 1184 1529 1239 sedente
1558 1184 1771 1253 majore
1797 1182 1983 1253 priore
2012 1183 2070 1236 in

473 1276 596 1330 loco
616 1274 854 1341 abbatis,
877 1274 945 1329 ad
968 1274 1092 1344 ejus
1116 1277 1319 1327 nutum
1340 1271 1570 1342 incipiat
1589 1271 1857 1325 diaconus
1882 1270 2070 1324 lectio-

473 1381 605 1420 nem
633 1363 704 1419 ab
729 1381 794 1419 eo
831 1364 952 1418 loco
979 1362 1076 1417 ubi
1105 1361 1415 1415 dimiserat.
1452 1362 1521 1415 Et
1544 1360 1893 1431 percutiente
1923 1360 2067 1414 refe-

472 1453 714 1509 ctorario
744 1452 994 1507 tabulam
1025 1468 1138 1505 uno
1161 1450 1296 1515 ictu,
1326 1448 1519 1515 abbas,
1556 1454 1613 1503 et
1643 1448 1844 1502 fratres
1873 1448 1969 1518 qui
1997 1448 2068 1501 ad

470 1542 643 1614 pedes
656 1541 922 1595 lavandos
933 1538 1109 1611 ipsius
1120 1538 1406 1607 adjutores
1422 1535 1769 1600 exstiterant,
1783 1536 1984 1589 vadant
1997 1535 2068 1588 ad

2153 564 2508 631 Adjutorium
2540 568 2794 617 nostrum
2837 565 2901 616 in
2934 567 3161 618 nomine
3186 567 3434 631 Domini,
3468 571 3526 621 et
3554 568 3731 623 eadem

2157 666 2284 704 voce
2311 656 2615 705 conventus
2643 652 2997 721 respondeat,
3041 655 3149 721 Qui
3176 656 3303 721 fecit
3333 659 3527 710 cwtum
3556 662 3603 710 et
3643 663 3735 711 ter-

2153 754 2280 792 ram
2316 758 2327 792 :
2370 739 2571 793 deinde
2612 740 2958 810 praecedente
3001 740 3234 795 diacono
3286 759 3413 797 cum
3465 747 3733 800 conversis

2152 827 2487 881 candelabra
2542 833 2600 881 et
2642 827 2993 882 thuribulum
3050 830 3425 900 portantibus,
3480 840 3736 904 sequatur

2153 921 2459 970 conventus
2498 916 2568 969 ad
2599 918 3027 981 monasterium,
3060 920 3360 974 secretario
3403 924 3736 992 percutiente

2153 1003 2401 1058 tabulam
2451 1005 2520 1058 ad
2575 1005 3021 1076 completorium,
3072 1012 3146 1075 et,
3202 1008 3349 1062 facta
3383 1010 3732 1073 confessione,

2152 1092 2341 1146 dicant
2358 1093 2803 1164 completorium,
2822 1093 2937 1148 bini
2961 1101 3060 1149 aut
3072 1096 3217 1150 terni
3239 1097 3342 1151 sub
3361 1098 3602 1155 silentio.
3615 1102 3738 1156 Post

2151 1181 2578 1252 completorium
2618 1187 2737 1236 tres
2771 1177 3069 1237 'orationes
3112 1185 3276 1240 solito
3322 1202 3477 1241 more
3519 1187 3734 1255 faciant,

2151 1270 2306 1341 prior
2329 1269 2582 1324 tabulam
2604 1271 2885 1341 percutiat
2899 1272 3079 1327 tribus
3102 1273 3301 1329 ictibus
3321 1280 3450 1346 post
3468 1276 3738 1332 orationes

2150 1358 2450 1423 infantum,
2475 1359 2621 1413 sicut
2645 1359 2865 1413 skillam
2893 1361 3117 1431 pulsare
3139 1362 3298 1416 solet.
3318 1365 3639 1419 Notandum
3662 1372 3740 1420 est

2151 1453 2361 1513 autem,
2374 1448 2432 1501 in
2457 1447 2629 1517 hujus
2648 1447 2760 1501 diei
2781 1448 3070 1519 obsequio,
3093 1451 3225 1521 quia
3243 1451 3291 1505 si
3308 1451 3478 1507 abbas
3495 1455 3738 1509 sufﬁcere

2149 1535 2579 1605 valet,omnium
2608 1536 2845 1591 fratrum
2872 1540 3042 1610 pedes
3066 1542 3218 1595 solus
3242 1541 3299 1595 in
3321 1543 3425 1597 hac
3449 1544 3539 1598 die
3565 1545 3740 1600 lavare

470 1634 657 1688 locum
677 1631 774 1686 ubi
797 1635 963 1702 potus
990 1627 1280 1683 charitatis
1322 1632 1554 1699 paratus
1583 1633 1687 1691 est,
1721 1626 1965 1680 ferentes
1995 1625 2069 1678 vi-
2152 1623 2335 1689 debet,
2366 1628 2610 1679 testante
2640 1625 2788 1680 enim
2818 1625 2984 1681 beato
3016 1627 3342 1697 Benedicto,
3365 1632 3512 1687 vices
3543 1635 3741 1690 Chlisti

471 1727 623 1776 treas
641 1720 875 1792 phialas,
907 1722 1007 1772 aut
1034 1717 1271 1788 scyphos
1294 1721 1526 1770 fratrum
1560 1714 1616 1768 in
1643 1714 1902 1769 manibus
1930 1712 2270 1792 suis.“agit
2322 1712 2382 1766 in
2436 1713 2797 1780 monasterio,
2850 1719 2907 1768 et
2972 1716 3214 1772 maxime
3268 1718 3329 1772 in
3404 1720 3509 1774 hoc
3582 1722 3741 1776 mini-

473 1811 544 1867 Et
583 1783 809 1881 accepto
838 1783 967 1861 vino
993 1807 1053 1860 in
1081 1783 1359 1877 praedictis
1386 1804 1553 1869 vasis,
1584 1808 1805 1857 tacente
1835 1803 2059 1866 lectore,
2089 1783 2132 1842 Β
2151 1801 2342 1855 sterio.

470 1899 790 1971 pmcedant
817 1897 886 1951 ad
913 1895 1174 1966 gradum,
1208 1894 1355 1948 sicut
1382 1910 1503 1948 mos
1528 1896 1630 1946 est.
1660 1891 2065 1946 Refectorarius
2218 1891 2380 1945 Feria
2428 1897 2585 1946 sexta
2625 1898 2758 1947 ante
2804 1898 3081 1947 nocturna
3136 1896 3397 1965 pulsetur
3453 1897 3664 1953 tabula.
3690 1900 3743 1952 in

469 2005 620 2053 vero,
656 2004 722 2042 ex
752 2002 862 2057 quo
904 1988 1129 2055 accepto
1164 1987 1300 2054 potu
1338 1982 1617 2053 incipiunt
1659 1982 1741 2035 ire
1770 1979 2063 2051 paulatim,
2147 1979 2412 2044 claustro,
2444 1986 2501 2035 et
2529 1986 2660 2036 ante
2679 1982 3062 2044 cellarium,et
3076 1989 3208 2038 ante
3236 1985 3465 2040 domum
3492 1986 3740 2043 inﬁrmo«

467 2076 750 2150 percutiat
774 2074 1024 2129 tabulam
1056 2088 1217 2127 suam
1248 2087 1539 2142 quousque
1567 2070 1638 2125 ad
1670 2069 1909 2140 gradum
1936 2085 2066 2140 per-
2148 2085 2294 2131 rum,
2328 2070 2399 2123 ad
2428 2070 2748 2125 excitandos
2777 2071 3138 2126 dormientes.
3170 2073 3307 2128 Post
3334 2071 3617 2131 orationes
3657 2093 3747 2132 so-

465 2166 734 2234 veniant;
767 2180 877 2235 quo
905 2179 1032 2217 cum
1070 2160 1447 2233 pervenerint,
1484 2166 1573 2214 ter
1615 2164 1716 2214 aut
1755 2162 1955 2229 quater
1980 2158 2061 2210 fe—
2143 2156 2290 2223 litas,
2322 2158 2466 2213 sicut
2485 2160 2541 2213 in
2566 2159 2762 2230 quinta
2785 2160 2941 2225 feria,
2976 2161 3294 2231 quindecim
3322 2164 3523 2234 psalmi
3554 2166 3745 2220 dican-

465 2255 771 2312 stinantius
794 2251 1072 2325 percutiat
1100 2256 1157 2305 et
1182 2250 1548 2304 cesset.Tunc
1571 2246 1833 2302 omnibus
1859 2246 2060 2300 humili
2140 2249 2254 2314 tur,
2307 2248 2551 2301 candelae
2627 2248 3077 2319 exstinguantur,
3126 2250 3391 2306 lectiones
3449 2253 3508 2308 in
3564 2255 3743 2325 primo

463 2360 596 2399 voce
623 2341 937 2397 dicentibus
969 2339 1281 2402 Benedicite,
1313 2334 2060 2391 sacerdoshebdomadarius
2142 2340 2414 2390 nocturno
2452 2341 2509 2390 et
2545 2337 2787 2392 secundo
2816 2337 3095 2408 legantur,
3126 2339 3280 2393 unde
3322 2341 3478 2396 lecta:
3516 2349 3651 2398 sunt
3689 2344 3745 2398 in

464 2437 681 2504 surgat,
721 2435 779 2485 et
802 2428 997 2484 eadem
1025 2443 1156 2481 voce
1185 2425 1629 2480 benedictionem
1660 2424 1847 2479 faciat.
1879 2424 2059 2477 Bene-
2143 2423 2339 2493 quinta
2362 2425 2519 2479 feria.
2544 2426 2607 2479 In
2638 2425 2803 2480 tertio
2830 2430 3105 2481 nocturno
3135 2427 3206 2482 de
3248 2429 3497 2499 Epistola
3527 2433 3601 2487 ad
3636 2434 3738 2487 He-

463 2520 709 2576 dictione
736 2514 905 2583 facta,
926 2514 1179 2587 porrigat
1214 2513 1386 2567 abbas
1412 2513 1587 2584 priori
1615 2518 1812 2584 potum
1849 2516 1905 2565 et
1934 2512 2059 2566 reli-
2142 2510 2318 2567 braeos
2345 2516 2583 2579 Fratres,
2614 2516 2934 2583 festinemus
2962 2518 3207 2583 ingredi,
3238 2523 3296 2572 et
3323 2524 3526 2574 caetera
3559 2522 3744 2576 omnia

463 2609 608 2683 quis,
659 2607 807 2663 sicut
850 2610 982 2660 sunt
1025 2603 1262 2675 priores,
1313 2602 1570 2657 osculans
1609 2617 1802 2656 eorum
1835 2617 2053 2666 manus,
2139 2617 2317 2672 usque
2342 2602 2414 2655 ad
2444 2602 2683 2673 primam
2712 2603 2858 2657 sicut
2885 2604 2944 2658 in
2970 2604 3167 2675 quinta
3192 2606 3352 2661 feria.
3380 2609 3465 2662 Ad
3496 2610 3738 2680 primam

462 2694 917 2757 ministrantibus
947 2693 997 2748 ei
1027 2691 1294 2747 fratribus
1332 2690 1428 2762 qui
1455 2707 1584 2745 cum
1611 2690 1734 2762 ipso
1763 2695 1958 2761 potum
1986 2690 2056 2743 ad
2138 2689 2359 2758 pulsata
2404 2689 2595 2744 tabula
2623 2696 2919 2761 surgentes
2964 2693 3131 2747 nudis
3167 2694 3403 2763 pedibus
3430 2697 3644 2753 vadant
3671 2699 3740 2753 ad

457 2787 699 2859 gradum
728 2784 1086 2849 detulerunt;
1117 2781 1436 2835 ministrato
1466 2785 1603 2851 potu
1643 2777 1967 2850 majoribus,
2001 2783 2056 2833 et
2138 2778 2564 2843 monasterium,
2592 2784 2647 2833 et
2667 2779 2745 2834 sic
2774 2787 3042 2835 maneant
3070 2797 3284 2848 omnes,
3309 2783 3485 2839 donec
3511 2785 3742 2858 implea-

456 2874 787 2939 infantibus,
807 2880 935 2945 post
955 2871 1194 2941 majores
1207 2869 1435 2923 accedat
1448 2868 1617 2922 abbas
1638 2868 1708 2922 ad
1731 2867 2051 2933 diaconum,
2137 2871 2233 2920 tur
2255 2866 2369 2921 dici
2399 2867 2663 2935 ofﬁcium,
2698 2868 2806 2922 nisi
2839 2870 3002 2939 jussu
3039 2869 3259 2926 abbatis
3288 2873 3612 2930 calceentur
3641 2893 3738 2947 pro

456 2965 555 3038 qui
580 2963 934 3020 collationem
959 2959 1112 3031 legit,
1139 2964 1193 3014 et
1216 2963 1533 3029 exspectato
1556 2956 2055 3028 ﬁneincoeptiver—
2138 2953 2312 3008 nimia
2349 2955 2652 3027 asperitate
2694 2956 2938 3027 frigoris.
2974 2959 3132 3022 Quod
3163 2959 3209 3013 si
3258 2963 3525 3028 evenerit,
3560 2964 3739 3019 officio

405 3044 415 3051 ’
455 3071 552 3111 sus
580 3052 829 3127 praebeat
866 3050 919 3105 ei
964 3053 1178 3122 potum,
1227 3047 1430 3146 dehinc
1457 3047 1645 3146 tribus.
1686 3046 1797 3154 illis
1847 3045 2053 3154 quiude
2070 3094 2113 3154 Ο
2136 3046 2358 3154 tantum
2382 3043 2701 3100 intererunt
2718 3047 2883 3154 nud‘is
2910 3047 3164 3154 pedibus.

451 3140 805 3199 candelabris
819 3143 876 3194 et
901 3136 1188 3192 thuribulo
1209 3135 1478 3199 serviunt,
1504 3133 1865 3189 servitoribus
1886 3133 2053 3187 abba-

452 3231 528 3286 tis
569 3227 908 3285 candelabra
957 3232 1014 3281 et
1045 3225 1397 3280 thuribulum
1441 3223 1667 3277 interim
1705 3222 2047 3276 tenentibus.

451 3318 563 3385 Qui
592 3324 652 3372 et
670 3316 909 3387 scyphos
934 3332 967 3368 a
987 3314 1221 3368 diacono
1249 3318 1308 3367 et
1334 3312 1405 3366 ab
1429 3311 1510 3365 eis
1538 3310 1889 3382 recipientes,
1921 3327 2052 3381 por-

449 3411 576 3462 tent
602 3405 672 3460 ad
698 3403 948 3459 tabulam
978 3401 1213 3468 abbatis,
1245 3405 1304 3455 et
1328 3416 1500 3470 super
1524 3415 1648 3453 eam
1687 3402 1919 3470 ponant.
1951 3398 2052 3452 His

452 3494 614 3559 actis,
635 3491 886 3565 praedicti
903 3489 1202 3544 servitores
1230 3487 1467 3554 abbatis,
1502 3487 1598 3557 qui
1621 3503 1747 3541 cum
1771 3503 1836 3541 eo
1855 3492 2051 3557 potum

450 3584 525 3639 ad
566 3582 806 3654 gu'adum
836 3580 1177 3644 detulerunt,
1224 3582 1356 3631 ante
1385 3577 1571 3647 ipsum
1615 3575 1853 3646 gradum
1884 3575 2053 3629 simul

449 3666 699 3736 veniant,
731 3673 790 3724 et
816 3671 946 3721 ante
977 3671 1034 3721 et
1073 3670 1223 3719 retro
1258 3664 1485 3729 faciant,
1519 3669 1576 3718 et
1601 3671 1799 3735 postea
1834 3680 2051 3717 sessum

450 3760 686 3826 vadant;
717 3756 920 3830 quibus
943 3754 1115 3810 abbas
1128 3752 1388 3808 similiter
1408 3757 1604 3824 potum
1619 3752 1763 3806 ferat
1793 3752 2052 3807 osculans

450 3865 647 3905 eorum
677 3863 894 3910 manus,
931 3841 1382 3899 ministrantibus
1410 3842 1493 3896 illi
1516 3840 1784 3896 fratribus
1814 3841 1925 3896 illis
1956 3841 2052 3912 qui

449 3938 502 3993 ei
532 3937 602 3992 ad
629 3935 893 3992 lavandos
914 3934 1085 4006 pedes
1115 3931 1318 4003 prioris
1348 3935 1405 3985 et
1437 3930 1688 4002 ipsorum
1713 3930 2048 3984 servitorum

449 4026 928 4082 ministraverunt.

522 4116 642 4170 Hoc
669 4115 838 4182 facto,
875 4111 1050 4167 abbas
1090 4109 1162 4163 ad
1193 4108 1384 4163 sedem
1413 4123 1573 4162 suam
1611 4107 1798 4174 vadat,
1832 4111 1889 4161 et
1916 4112 2048 4162 ante

450 4220 577 4259 eam
614 4207 745 4258 ante
775 4206 833 4254 et
859 4204 1010 4254 retro
1038 4197 1227 4262 faciat,
1265 4200 1595 4267 assurgente
1634 4194 1740 4250 sibi
1769 4201 2046 4250 conventu

449 4293 627 4348 donec
656 4290 875 4356 sedeat;
906 4286 1202 4359 priorvero
1221 4301 1459 4355 surgens
1487 4283 1738 4356 porrigat
1756 4283 1836 4337 illi
1850 4290 2044 4355 potum

448 4380 709 4435 osculans
737 4378 857 4448 ejus
886 4391 1147 4442 manum;
1177 4375 1320 4429 lecto
1356 4389 1614 4428 sermone
1644 4379 1916 4444 quantum
1945 4372 2045 4427 ab-

448 4468 568 4523 bati
596 4468 777 4522 visum
805 4464 997 4529 fuerit,
1029 4462 1297 4517 innuente
1337 4479 1402 4517 eo
1448 4462 1722 4516 diaconus
1749 4461 2045 4515 lectionem

449 4556 661 4628 absque
685 4557 763 4610 Tu
774 4558 980 4617 autem,
1007 4554 1253 4618 Domine,
1269 4551 1448 4619 ﬁniat,
1463 4556 1521 4605 et
1539 4551 1727 4605 clauso
1740 4550 1901 4615 libro,
1916 4555 2047 4604 ante

449 4651 508 4700 et
531 4643 877 4705 retrofaciat,
893 4646 951 4696 et
965 4646 1158 4713 postea
1169 4640 1528 4694 dalmaticam
1553 4644 1607 4693 et
1620 4639 1822 4693 stolam
1843 4644 1900 4692 et
1924 4655 2046 4692 ma-

447 4734 702 4806 nipulum
715 4737 907 4799 gos
915 4746 1085 4802 supra
1096 4729 1419 4800 analogiam
1435 4732 1610 4799 ponat
1621 4727 1903 4782 .Conversi
1917 4744 2046 4781 vero

447 4821 785 4879 candelabra
813 4826 870 4876 et
908 4819 1261 4875 thuribulum
1298 4833 1468 4889 super
1518 4832 1771 4871 mensam
1828 4815 2046 4871 abbatis

446 4914 651 4976 ferant,
683 4916 742 4965 et
770 4915 901 4965 ante
922 4909 1104 4980 ipsam
1128 4923 1383 4961 mensam
1408 4909 1540 4959 ante
1560 4909 1619 4959 et
1637 4910 1788 4959 retro
1817 4905 2042 4959 faciant.

442 4999 581 5055 Post
600 5000 717 5054 haec
745 5003 803 5052 et
830 4997 1097 5051 diacon'us
1125 5000 1184 5049 et
1202 4992 1472 5059 conversi,
1501 4992 1572 5046 ad
1593 4991 1772 5063 ipsam
1792 5008 2046 5047 mensam

446 5089 727 5154 sedentes,
757 5085 973 5150 bibant,
996 5083 1265 5138 diaconus
1286 5082 1445 5151 juxta
1483 5079 1762 5146 abbatem,
1797 5081 2047 5136 conversi

439 5179 602 5248 juxta
623 5177 945 5240 diaconum,
959 5172 1106 5227 sicut
1130 5174 1264 5225 sunt
1292 5168 1526 5240 priores.
1547 5164 1729 5224 Abbas
1749 5186 1877 5224 vero
1901 5170 2043 5225 lecto

442 5281 700 5320 sermone
714 5262 907 5318 statim
920 5259 1197 5333 percutiat
1210 5273 1320 5311 uno
1347 5257 1462 5311 ictu
1482 5256 1754 5325 tabulam,
1769 5263 1827 5312 et
1849 5264 2045 5329 postea

439 5356 526 5407 tot
551 5352 760 5407 vicibus
789 5354 928 5422 quot
955 5347 1166 5402 vicibus
1197 5346 1419 5401 skillam
1451 5345 1665 5416 percuti
1692 5348 2038 5402 consuetudo

2208 3131 2454 3187 Primam
2503 3144 2561 3187 et
2597 3150 2791 3189 omnes
2831 3135 2997 3190 horas
3040 3136 3170 3202 diei,
3208 3143 3412 3209 praeter
3454 3157 3735 3213 vesperas,

2134 3235 2314 3290 usque
2344 3222 2413 3274 ad
2445 3238 2705 3292 vesperas
2759 3222 2987 3278 Sabbati
3025 3225 3219 3279 dicant
3250 3227 3395 3282 sicut
3439 3229 3498 3283 in
3539 3231 3745 3301 quinta

2133 3306 2291 3371 feria,
2313 3315 2540 3379 excepto
2566 3310 2796 3380 quodin
2823 3311 3021 3381 quinta
3046 3312 3188 3367 feria
3216 3313 3275 3367 in
3295 3315 3409 3369 alto
3437 3310 3744 3372 cantantur

2133 3394 2348 3466 hymni,
2389 3398 2720 3453 intonantur
2761 3400 2979 3470 psalmi,
3036 3407 3336 3458 cantantur
3383 3405 3737 3476 antiphonm:

2133 3483 2192 3538 in
2221 3484 2307 3539 his
2332 3502 2462 3540 vero
2493 3487 2687 3542 diebus
2714 3488 2932 3543 duobus
2960 3489 3079 3544 haec
3114 3492 3305 3546 omnia
3334 3492 3392 3547 in
3421 3494 3654 3550 silentio
3686 3502 3742 3549 et

2133 3572 2192 3627 in
2225 3574 2497 3629 direCtum
2529 3575 2821 3645 dicuntur;
2846 3578 2991 3633 dicta
3021 3578 3223 3649 prima,
3248 3588 3462 3652 septem
3488 3585 3740 3654 psalmos

2134 3667 2193 3715 et
2218 3662 2471 3718 litaniam
2502 3663 2559 3717 in
2589 3665 2703 3718 alto
2732 3665 2940 3722 dicant.
2961 3666 3165 3722 Postea
3187 3669 3418 3724 sedeant
3449 3688 3651 3728 omnes
3681 3674 3739 3727 in

2134 3750 2399 3819 claustro,
2432 3758 2489 3806 et
2515 3752 2815 3808 inchoante
2835 3754 3056 3821 abbate,
3089 3756 3279 3812 dicant
3306 3760 3642 3829 psalterium
3670 3779 3738 3816 ex

2135 3838 2354 3909 integro
2388 3859 2400 3907 ;
2436 3857 2545 3912 quo
2574 3843 2850 3913 completo
2878 3844 3086 3898 vadant
3105 3846 3175 3899 ad
3207 3847 3621 3905 confessionem
3645 3850 3740 3923 qui

2131 3928 2428 3994 voluerint,
2470 3947 2649 4002 usque
2671 3931 2740 3985 ad
2764 3931 2962 3986 horam
2993 3933 3179 3988 ofﬁcii.

2199 4018 2700 4091 Appropinquante
2728 4021 2868 4074 hora
2896 4020 3082 4088 tertia,
3110 4023 3332 4093 pulsata
3353 4024 3566 4094 tabula,
3592 4028 3741 4083 sicut

2129 4107 2329 4171 solent,
2361 4114 2600 4178 pergant
2644 4109 2702 4163 in
2744 4109 3158 4166 dormitorium.
3197 4111 3411 4168 Dehinc
3458 4114 3643 4171 abluti
3684 4123 3741 4172 et

2130 4195 2420 4266 pectinati,
2451 4199 2673 4268 pulsata
2720 4197 2915 4253 tabula
2943 4200 3152 4255 vadant
3191 4201 3262 4255 ad
3305 4206 3738 4271 monasterium,

2132 4288 2190 4338 et
2211 4283 2375 4339 factis
2403 4286 2583 4341 solitis
2608 4287 2953 4342 orationibus
2980 4288 3171 4343 dicant
3189 4291 3434 4345 tertiam.
3463 4292 3605 4348 Post
3632 4299 3745 4349 ter-

2131 4372 2270 4426 tiam
2293 4374 2516 4444 pulsata
2542 4374 2736 4429 tabula
2772 4381 3011 4447 pergant
3054 4376 3111 4431 in
3144 4378 3449 4449 capitulum
3479 4399 3491 4449 ;
3536 4382 3602 4436 in
3629 4400 3743 4454 quo

2130 4478 2322 4516 versus
2376 4462 2436 4517 in
2492 4464 2714 4518 silentio
2762 4464 3000 4530 dicatur,
3047 4471 3103 4520 et
3141 4468 3441 4535 sententia,
3489 4469 3645 4526 sicut
3683 4473 3743 4526 in

2129 4549 2328 4621 quinta
2354 4550 2512 4617 feria,
2533 4553 2603 4606 de
2622 4554 2820 4623 regula
2849 4554 3086 4623 legatur.
3111 4555 3246 4610 Post
3272 4573 3594 4614 sermonem
3611 4577 3743 4615 nar-

2130 4644 2326 4693 rentur
2354 4646 2413 4695 et
2452 4640 2784 4695 ordinentur
2832 4658 2955 4712 quae
3008 4644 3228 4714 agenda
3272 4651 3407 4701 sunt
3450 4663 3637 4719 usque
3668 4649 3742 4703 ad

2128 4728 2436 4783 crastinum
2461 4729 2788 4800 capitulum.
2816 4731 3094 4787 Exeuntes
3113 4733 3183 4787 de
3209 4734 3473 4805 capitulo,
3499 4738 3741 4792 sedeant

2128 4815 2188 4869 in
2224 4818 2468 4873 claustro
2508 4835 2619 4873 non
2649 4819 2965 4890 loquentes,
3004 4820 3104 4876 sed
3162 4828 3454 4878 cantantes
3508 4831 3611 4881 aut
3655 4827 3740 4881 lc-

2128 4911 2346 4973 gentes.

2199 4993 2358 5049 Dicta
2388 5011 2553 5060 nona,
2584 4994 2894 5050 induantur
2928 4997 3186 5053 sacerdos
3212 5004 3268 5053 et
3294 5000 3482 5066 levita,
3520 5007 3580 5056 et
3605 5003 3744 5056 reli-

2130 5081 2226 5151 qui
2273 5083 2367 5153 qui
2396 5084 2467 5137 ad
2514 5084 2760 5139 officium
2805 5090 2938 5139 sunt
2984 5087 3268 5142 servituri.
3303 5089 3626 5145 Procedant
3670 5092 3743 5145 ad

2128 5170 2306 5224 altare
2347 5172 2605 5227 sacerdos
2642 5178 2699 5227 et
2738 5173 2907 5228 levita
2956 5175 3080 5243 soli,
3117 5177 3375 5232 sacerdos
3416 5178 3473 5233 in
3521 5181 3742 5246 casula,

2124 5258 2393 5313 diaconus
2428 5260 2488 5314 in
2513 5261 2659 5315 stola
2683 5278 2698 5329 ;
2727 5262 2994 5333 nullaque
3016 5264 3306 5335 prazmissa
3326 5266 3746 5338 supplicatione

2124 5347 2276 5402 dicat
2303 5349 2559 5403 sacerdos
2602 5350 2849 5417 Oremus,
2894 5351 3163 5407 diaconus
3193 5356 3497 5410 Flectamus
3526 5372 3741 5425 genua,

441 5446 529 5495 est
557 5440 800 5509 Sabbato
821 5438 893 5493 ad
920 5436 1254 5491 charitatem
1279 5439 1408 5507 post
1436 5434 1786 5489 mandatum.
1803 5434 2038 5491 Interim
2122 5440 2179 5490 et
2205 5436 2277 5489 ad
2306 5437 2540 5491 alteram
2563 5438 2851 5493 collectam
2876 5438 3154 5495 similiter.
3185 5442 3379 5497 Altare
3400 5443 3474 5497 sit
3493 5460 3743 5515 cooper-

439 5528 552 5582 duo
580 5527 865 5581 secretarii
895 5528 1149 5596 surgant,
1166 5529 1222 5580 et
1250 5522 1574 5594 analogiam
1602 5528 1660 5577 et
1681 5523 2035 5581 dalmaticam
2117 5531 2240 5580 tum
2300 5526 2541 5598 desuper
2597 5542 2712 5583 uno
2770 5532 2991 5583 tantum
3053 5529 3407 5586 linteamine.
3462 5533 3741 5603 Singulos

438 5632 567 5673 cum
594 5619 775 5685 textu,
796 5620 854 5669 et
878 5614 1039 5682 stola,
1094 5618 1151 5668 et
1178 5612 1486 5685 manipulo,
1516 5612 1586 5667 ad
1628 5614 2033 5671 monasterium
2118 5619 2332 5671 tractus
2359 5615 2469 5671 duo
2488 5616 2548 5670 in
2576 5615 2719 5671 albis
2742 5622 2964 5673 canant.
2992 5619 3184 5675 Passio
3203 5619 3414 5692 absque
3444 5622 3734 5679 Dominus
