3892 6348
169 312 279 369 465

1120 314 1451 370 DECRETA
1490 314 1634 372 PRO
1675 315 1950 372 ORDINE
1989 317 2046 375 S.
2088 318 2491 376 BENEDIC'I‘I.

3340 317 3445 376 466

172 437 447 493 vobiscum
475 440 733 511 legatur;
766 442 839 498 ad
869 458 1039 514 quam
1060 458 1165 497 nec
1203 441 1621 510 candelabrum,
1664 460 1768 499 nec
1784 448 1837 508 Α
1860 447 1923 500 in
1953 449 2331 513 tentationem,
2365 450 2423 501 et
2447 444 2652 500 chorus
2670 444 3026 515 respondeat,
3038 443 3143 498 Sed
3162 444 3451 499 liberam:

172 525 546 597 thuribulum,
582 535 662 600 et,
683 548 810 587 cum
838 537 1167 603 perventum
1194 530 1366 586 fuerit
1377 532 1448 586 ad
1468 533 1652 587 locum
1674 532 1771 587 ubi

175 613 377 670 dicitur
403 618 615 673 Partiti
635 625 769 675 sunt
793 623 1116 675 vestimenta
1136 636 1258 675 mea
1279 624 1405 687 sibi,
1431 621 1547 675 sint
1574 621 1685 676 duo
1703 622 1773 676 de

175 703 385 758 indutis
417 706 588 775 juxta
614 708 812 775 altare,
842 709 974 766 hinc
1022 713 1079 763 et
1131 708 1262 763 inde
1291 710 1580 764 trahentes
1602 711 1675 765 ad
1713 727 1773 764 se

174 793 313 847 duos
336 810 556 866 pannos
595 797 691 869 qui
719 803 852 852 ante
879 798 1126 854 cilicium
1175 815 1345 869 super
1395 799 1572 853 altare
1612 799 1771 855 missi

174 881 416 948 fuerant,
448 884 623 941 linteo
673 892 865 942 tamen
892 892 1222 941 remanente
1252 886 1449 941 subtus
1496 887 1721 942 missale
1753 906 1766 955 ;

175 971 317 1025 lecta
337 972 599 1043 passione
625 975 884 1031 dicantur
910 975 1193 1030 orationes
1224 976 1519 1041 solemnes,
1550 975 1694 1029 sicut
1714 974 1771 1029 in

176 1061 387 1114 missali
416 1063 796 1118 continentur.
827 1065 938 1118 Pro
966 1065 1180 1118 cunctis
1210 1063 1498 1118 ordinibus
1540 1066 1772 1118 flectan-

177 1160 270 1202 tur
292 1166 500 1218 genua,
533 1151 641 1205 nisi
671 1169 771 1223 pro
792 1153 1019 1211 iudicis.

247 1238 348 1292 llis
377 1240 614 1310 expletis
635 1233 890 1312 deposita
917 1242 1109 1296 casula
1132 1248 1189 1296 et
1212 1242 1389 1307 stolis,
1422 1247 1775 1297 revertantur

174 1322 525 1382 sacerdos‘et
549 1329 716 1383 levita
733 1329 791 1383 in
829 1330 1062 1384 chorum
1090 1330 1149 1384 in
1186 1330 1348 1384 albis.
1379 1331 1534 1385 Tunc
1550 1331 1661 1385 duo
1682 1348 1773 1385 sa-

173 1415 430 1470 cerdotes
443 1416 647 1486 quibus
676 1422 871 1473 cantor
895 1419 1148 1489 jusserit,
1194 1418 1379 1474 induti
1406 1418 1569 1485 albis,
1616 1435 1775 1474 acce-

174 1501 311 1557 dant
332 1505 404 1558 ad
434 1521 678 1574 crucem,
705 1524 830 1578 qua:
860 1507 1025 1562 debet
1056 1523 1179 1562 esse
1205 1513 1519 1579 prmparata
1552 1514 1609 1562 et
1646 1524 1775 1562 coo—

174 1596 337 1661 perta
364 1593 437 1647 ad
465 1594 644 1649 altare
672 1596 1024 1662 matutinale,
1052 1596 1572 1669 quampaccipientes
1589 1596 1778 1651 ferunt

176 1695 302 1733 eam
359 1682 633 1752 paulatim
678 1684 1119 1754 progredientes,
1156 1690 1215 1739 et
1247 1689 1539 1739 cantantes
1586 1702 1776 1739 versus

1853 550 1889 588 a
1915 539 2084 589 malo.
2136 534 2350 590 Dehinc
2402 532 2661 589 sacerdos
2707 532 2765 587 in
2806 532 3029 587 silentio
3078 533 3271 587 Libera
3325 547 3444 598 nos,

1853 639 2183 692 quaesumus,
2212 624 2462 689 Domine,
2514 628 2573 677 et
2625 627 2828 677 caetera
2877 637 3058 693 usque
3107 623 3177 676 In
3228 623 3446 676 unitate

1854 710 2100 781 Spiritus
2129 714 2329 775 sancti,
2354 712 2514 766 Deus.
2569 709 2644 765 Et
2672 716 2799 782 post
2847 710 3140 766 moderata
3183 725 3317 763 voce
3344 710 3448 762 Per

1854 803 2045 854 omnia
2080 802 2279 854 saecula
2316 802 2664 855 saeculorum.
2722 799 2793 854 Et
2846 799 3222 871 respondente
3276 796 3448 851 choro

1851 892 2046 953 Amen,
2079 889 2222 943 nihil
2250 889 2492 960 amplius
2542 889 2727 956 dicat;
2759 888 3045 958 missaque
3090 887 3152 941 in
3197 885 3447 950 calicem,

1853 977 1999 1031 sicut
2024 978 2184 1040 solet,
2196 978 2474 1048 particula
2482 976 2760 1032 Dominici
2791 975 3062 1047 corporis,
3076 974 3454 1030 communicet

1855 1082 1916 1120 se
1935 1071 1993 1119 et
2020 1066 2222 1120 fratres
2241 1082 2453 1129 omnes,
2477 1066 2599 1119 sine
2627 1065 2814 1120 osculo
2833 1064 3007 1137 pacis.
3051 1063 3448 1119 Communica-

1855 1153 1927 1207 tis
1949 1154 2208 1208 omnibus
2233 1155 2489 1225 pulsetur
2513 1153 2706 1209 tabula
2722 1159 2780 1208 et
2798 1156 2898 1207 ﬁat
2909 1153 3089 1208 oratio
3110 1151 3449 1223 vespertina.

1856 1242 1979 1307 Qua
1993 1244 2288 1314 completa,
2323 1250 2525 1298 exeant
2551 1244 2611 1297 in
2629 1244 2960 1307 claustrum,
2992 1248 3051 1296 et
3075 1241 3263 1295 lavent
3279 1239 3453 1310 pedes

1856 1329 1926 1383 de
1950 1346 2099 1401 aqua
2126 1331 2309 1386 calida
2358 1337 2416 1386 et
2442 1332 2690 1387 calceeut
2714 1347 2774 1385 se
2803 1330 3153 1386 diurnalibus
3170 1328 3308 1387 suis.
3341 1328 3453 1384 Po-

1857 1424 1980 1473 stea
2004 1419 2239 1491 pulsatis
2262 1420 2471 1475 tabulis
2500 1419 2801 1474 redeuntes
2818 1420 2877 1474 in
2893 1420 3125 1474 chorum
3153 1417 3342 1472 dicant
3360 1431 3454 1471 ve-

1858 1523 2052 1577 speras
2081 1508 2139 1562 in
2161 1508 2404 1575 silentio,
2432 1508 2645 1563 eisdem
2682 1508 2828 1563 sicut
2846 1508 2905 1562 in
2931 1507 3127 1579 quinta
3142 1506 3282 1562 feria
3300 1504 3454 1578 psal-

1858 1596 1986 1655 mis.
2045 1596 2387 1668 antiphonis,
2443 1596 2723 1668 precibus,
2782 1596 3028 1652 collectis
3077 1614 3091 1663 ;
3148 1594 3255 1650 nisi
3307 1592 3457 1664 quod

1857 1701 1959 1755 pro
1988 1686 2206 1756 psalmo
2248 1687 2367 1740 Voce
2416 1702 2557 1752 mea,
2599 1685 2695 1757 qui
2724 1684 2908 1740 dictus
2933 1688 3020 1740 est
3058 1683 3258 1755 quinta
3291 1680 3454 1747 feria,

174 1772 375 1837 Popule
406 1786 579 1836 meus,
611 1771 722 1826 duo
743 1772 965 1839 Levites,
1005 1773 1067 1826 in
1090 1772 1235 1826 albis
1264 1778 1478 1828 stantes
1505 1779 1635 1828 ante
1651 1760 1836 1843 gra-B
1856 1774 1961 1828 hac
1990 1774 2081 1828 die
2123 1774 2329 1828 dicitur
2355 1774 2609 1845 psalmus
2637 1774 2955 1828 Benedictus
2991 1773 3263 1828 Dominus
3316 1770 3457 1824 Deus

174 1857 300 1924 dus,
322 1864 457 1913 ante
477 1860 657 1914 altare
684 1862 869 1931 majus
890 1862 1270 1933 respondeant
1297 1864 1461 1931 Agios
1488 1880 1517 1917 o
1559 1864 1721 1917 Theos
1753 1882 1769 1927 ;

172 1946 379 2001 chorus
403 1952 597 2002 autem
628 1948 778 2003 dicat
824 1951 1059 2005 Sanctus
1086 1952 1246 2014 Deus,
1283 1951 1600 2005 sacerdotes
1632 1951 1771 2017 Quia

170 2036 344 2089 eduxi
369 2052 481 2103 vos,
511 2037 717 2092 Levita;
742 2040 905 2106 Agios
936 2039 1139 2109 chorus
1159 2040 1416 2103 Sanctus,
1456 2039 1774 2093 sacerdotes

172 2125 317 2191 Quid
340 2129 516 2192 ultra,
540 2126 741 2181 Levita;
758 2127 951 2199 Δρίος,
978 2128 1180 2182 chorus
1205 2127 1459 2182 Sanetus.
1492 2129 1647 2183 Tunc
1681 2144 1774 2183 sa-

172 2213 299 2266 cerd
305 2218 449 2280 otes,
468 2230 691 2269 crucem
703 2216 1200 2282 ferentes,veniant
1209 2222 1340 2271 ante
1356 2217 1553 2278 altare,
1575 2223 1631 2271 et
1644 2234 1710 2272 cu
1719 2235 1771 2273 m

173 2301 425 2356 ﬁnierint
449 2302 707 2370 Sanctus,
741 2305 934 2359 statim
961 2305 1432 2376 discooperientes
1460 2323 1585 2360 eam
1629 2307 1771 2360 inci-

171 2390 333 2460 piant
360 2390 527 2445 ambo
546 2391 910 2463 antiphonam
940 2395 1067 2448 Ecce
1097 2398 1318 2463 lignum
1340 2414 1356 2459 ;
1388 2399 1445 2448 et
1484 2399 1620 2448 tunc
1673 2393 1772 2446 de-

172 2497 328 2535 mum
358 2496 554 2535 omnes
582 2482 809 2537 ﬂectant
850 2499 1054 2553 genua.
1111 2484 1419 2554 Repetatur
1463 2483 1772 2555 antiphona

170 2586 299 2624 cum
357 2570 606 2624 versibus
657 2571 858 2641 psalmi
888 2574 1039 2626 Beati
1092 2575 1464 2637 immaculati,
1499 2577 1773 2643 quantum

169 2658 387 2713 cantori
406 2659 588 2713 visum
628 2659 829 2717 fuerit.
867 2660 1082 2714 Dehinc
1109 2667 1385 2714 canantur
1416 2660 1527 2714 alia
1557 2661 1628 2714 ad
1670 2661 1774 2715 hoc

1856 1880 2026 1917 meus.

1926 1952 2103 2007 Dictis
2133 1953 2377 2024 vesperis
2406 1958 2465 2008 et
2495 1954 2717 2025 pulsata
2745 1952 2956 2017 tabula,
2986 1954 3121 2006 eant
3138 1949 3199 2003 in
3226 1947 3460 2002 refecto-

1854 2040 2024 2106 rium,
2059 2040 2155 2095 ubi
2176 2042 2501 2097 reﬁciantur
2526 2059 2671 2113 pane
2697 2046 2923 2097 tantum
2961 2044 3020 2093 et
3043 2052 3212 2109 aqua,
3243 2038 3302 2089 et
3323 2034 3458 2087 her-

1855 2128 1941 2184 bis
1970 2130 2175 2184 crudis.
2210 2130 2333 2185 Cibi
2362 2131 2602 2185 fratrum
2622 2128 3007 2201 coquanturin
3026 2124 3284 2197 coquina,
3308 2121 3456 2177 sicut

1855 2219 2071 2273 caeteris
2101 2219 2317 2286 diebus,
2344 2225 2401 2275 et
2428 2219 2560 2274 inde
2587 2222 2886 2291 portentur
2912 2217 2984 2272 ad
3013 2216 3452 2285 eleemosynam.

1858 2308 2067 2363 Solitus
2096 2325 2317 2379 quoque
2339 2315 2507 2379 potus
2536 2308 2703 2361 detur
2754 2303 3117 2377 pauperibus.
3144 2299 3453 2358 Reﬁciente

1854 2402 2149 2461 conventu,
2213 2396 2501 2451 secretarii
2556 2394 2835 2465 adjunctis
2895 2392 3003 2448 sibi
3047 2388 3454 2453 sacerdotibus,

1855 2490 1994 2554 quot
2018 2485 2320 2540 necessarii
2347 2484 2560 2540 fuerint
2594 2489 2653 2537 et
2672 2482 2873 2554 quibus
2897 2484 3119 2553 jussum
3144 2480 3333 2548 fuerit,
3363 2497 3455 2536 re-

1854 2580 2124 2628 maneant
2151 2574 2210 2628 in
2250 2574 2501 2639 ecclesia,
2554 2573 2627 2627 ad
2668 2571 2949 2626 abluenda
2994 2569 3196 2625 altaria
3240 2570 3449 2639 omnia,

1857 2677 1979 2733 quae
2011 2662 2166 2733 prius
2185 2663 2426 2717 lavanda
2451 2666 2585 2717 sunt
2609 2678 2776 2731 aqua,
2808 2660 3011 2715 deinde
3031 2660 3180 2714 vino.
3210 2658 3453 2715 Refectis

168 2747 460 2802 servitium
488 2748 846 2819 pertinentia,
875 2755 1150 2820 quantum
1171 2766 1311 2820 Opus
1330 2750 1519 2804 fuerit.
1541 2749 1777 2820 Tapetia
1859 2751 2240 2817 servitoribus,
2264 2757 2562 2823 postquam
2590 2750 2661 2804 de
2681 2749 3024 2804 monasterio
3044 2753 3099 2803 et
3120 2748 3453 2804 dormitorio

168 2837 283 2889 sint
311 2843 541 2891 extensa
570 2842 764 2903 πω
788 2844 920 2892 ante
949 2838 1147 2903 altare,
1181 2855 1351 2909 super
1379 2854 1503 2908 quae
1528 2844 1771 2909 proster—
1852 2841 1909 2894 in
1936 2840 2245 2895 claustrum
2276 2840 2567 2903 redierint,
2598 2839 2822 2910 pulsata
2839 2838 3054 2903 tabula,
3085 2837 3288 2891 fratres
3317 2842 3454 2891 eant

166 2930 377 2979 nantur
404 2926 654 2996 primum
680 2926 881 2981 domus
908 2925 1101 2992 abbas,
1155 2937 1213 2981 et
1260 2927 1446 2980 induti
1475 2944 1489 2993 ;
1544 2926 1771 2981 interim
1851 2930 1910 2983 in
1939 2930 2297 2984 refectorium
2328 2935 2558 3001 propter
2602 2927 2938 2985 servandum
2968 2926 3243 2992 ordinem,
3287 2925 3451 2998 quasi

168 3014 227 3067 in
283 3014 467 3068 locum
517 3031 713 3070 eorum
746 3014 840 3085 qui
869 3020 1066 3070 tenent
1092 3032 1314 3070 crucem
1343 3014 1771 3070 succedentibus
1791 3072 1831 3089 η
1852 3019 1924 3073 ad
1952 3018 2277 3084 bibendum,
2300 3025 2357 3072 et
2379 3018 2575 3073 bibant
2600 3033 2805 3089 aquam
2821 3016 2917 3088 qui
2944 3015 3245 3079 voluerint,
3265 3014 3446 3070 alium

166 3092 313 3167 aliis,
342 3102 546 3157 deinde
574 3072 781 3169 caeteri:
816 3104 958 3157 sicut
987 3109 1075 3158 est
1104 3104 1241 3158 ordo
1291 3120 1508 3159 eorum.
1543 3105 1612 3159 Et
1654 3120 1768 3159 non
1789 3072 2043 3181 Cpotum
2074 3072 2322 3163 minime.
2350 3109 2468 3163 Illis
2497 3072 2858 3163 exeuritibus‘
2879 3107 2949 3161 de
2973 3072 3266 3161 refectorio
3301 3110 3361 3161 et
3384 3106 3448 3161 in

164 3191 380 3261 prolixe
429 3191 731 3246 adorantes
788 3197 1031 3259 taceant,
1082 3192 1181 3246 sed
1235 3192 1478 3247 breviter
1514 3198 1573 3248 et
1628 3209 1767 3264 pure
1848 3190 2091 3244 claustro
2120 3187 2514 3254 residentibus,
2548 3189 2695 3243 facto
2715 3202 2963 3257 congruo
2983 3184 3298 3252 intervallo,
3322 3184 3447 3256 pul-

164 3278 394 3334 orantes
423 3298 436 3333 :
470 3286 667 3351 postea
693 3281 1078 3352 unusquisque
1106 3282 1391 3335 osculetur
1404 3282 1573 3352 pedes
1595 3281 1768 3335 cruci—
1848 3283 2006 3333 setur
2033 3277 2245 3343 tabula,
2275 3284 2332 3332 et
2360 3277 2567 3332 vadant
2605 3293 2800 3332 omnes
2852 3276 2925 3331 ad
2985 3273 3362 3331 collationem.
3392 3277 3445 3332 Α

165 3368 283 3431 fixi,
319 3374 379 3422 et
404 3373 533 3439 post
558 3373 873 3423 revertatur
909 3368 967 3423 in
991 3370 1243 3424 chorum.
1274 3370 1434 3434 Quod
1485 3371 1532 3423 si
1573 3386 1769 3424 conve—
1849 3384 1961 3439 qua
1972 3366 2209 3439 jubente
2229 3365 2450 3433 abbate,
2483 3381 2750 3437 percussa
2770 3382 2805 3419 a
2835 3365 3021 3437 priore
3061 3362 3276 3427 tabula,
3324 3379 3447 3419 sur-

164 3456 357 3511 nerint
382 3456 557 3527 aliqui
605 3458 690 3510 vel
736 3457 923 3511 clerici
968 3459 1055 3512 vel
1101 3458 1230 3511 laici
1257 3459 1503 3512 volentes
1531 3458 1767 3513 adorare
1846 3462 2042 3527 gentes
2079 3462 2316 3527 pergant
2345 3456 2403 3510 in
2432 3454 2792 3510 refectorium
2807 3454 2878 3508 ad
2896 3452 3230 3509 charitatem
3255 3450 3445 3507 biben-

163 3561 410 3610 crucem,
472 3550 729 3617 portetur
777 3545 858 3600 eis
912 3562 1047 3601 crux
1102 3547 1162 3601 in
1220 3547 1392 3601 alium
1423 3547 1626 3613 locum,
1670 3546 1766 3601 ubi

162 3634 354 3706 aptius
383 3634 620 3689 adorent
648 3651 793 3688 eam.
817 3634 951 3699 Quae
990 3636 1037 3689 si
1066 3652 1168 3706 per
1194 3636 1425 3690 chorum
1456 3635 1763 3701 transierit,

162 3722 323 3777 ﬂexis
353 3723 423 3777 ad
456 3730 667 3777 terram
685 3722 921 3792 genibus
950 3724 1218 3779 adoretur
1261 3741 1295 3777 a
1331 3725 1618 3791 fratribus,
1653 3744 1766 3781 non

1847 3546 1999 3600 dam.

1922 3630 2168 3685 Sabbato
2197 3634 2390 3685 sancto
2406 3627 2753 3701 percutiatur
2779 3626 2973 3681 tabula
2991 3631 3123 3681 ante
3142 3629 3441 3691 nocturna,

1848 3720 1994 3773 sicut
2018 3719 2076 3772 in
2104 3723 2261 3774 sexta
2273 3718 2432 3784 feria,
2452 3723 2509 3771 et
2522 3722 2724 3770 caetera
2737 3714 2999 3769 similiter
3009 3715 3148 3768 ﬁant
3164 3729 3342 3784 usque
3370 3714 3443 3768 ad

163 3811 337 3865 simul
357 3810 638 3876 omnibus,
660 3811 759 3865 sed
787 3811 933 3865 sicut
952 3813 1270 3883 portabitur
1287 3829 1476 3867 coram
1498 3815 1598 3868 eis.
1621 3815 1766 3869 Δάοι
1846 3809 2109 3879 primam.
2157 3810 2222 3864 In
2266 3806 2434 3862 tertio
2482 3811 2757 3860 nocturno
2804 3804 3027 3873 legatur
3081 3802 3151 3856 de
3191 3802 3444 3873 Epistola

160 3906 291 3955 rata
318 3899 389 3953 ab
413 3899 676 3954 omnibus
720 3915 903 3965 cruce,
956 3902 1256 3971 portitores
1309 3903 1431 3972 ejus
1486 3903 1765 3957 elevantes
1846 3897 2007 3951 Pauli
2026 3896 2528 3969 apostoliUhristus
2545 3896 2799 3948 assistens
2822 3893 3437 3961 pontifemfuturorum.

160 4004 291 4043 eam
320 3988 596 4060 incipiant
646 3988 1013 4059 antiphonam
1045 3988 1221 4059 Super
1258 3994 1449 4045 omnia
1487 3993 1644 4059 tigna
1689 4010 1765 4046 ce-
1845 3986 1932 4039 Ad
1959 3986 2198 4056 primam
2221 3987 2458 4053 surgant
2478 3982 2537 4035 in
2561 3978 2981 4035 nocturnalibus
2999 3977 3142 4044 suis;
3173 3976 3435 4048 primam,

158 4080 423 4144 drorum,
454 4083 512 4132 et
529 4077 612 4131 sic
645 4077 854 4131 vadant
898 4078 969 4132 ad
1005 4079 1189 4133 locum
1214 4079 1310 4133 ubi
1335 4096 1459 4133 eam
1489 4080 1760 4136 collocare
1842 4080 1901 4128 et
1928 4080 2143 4145 septem
2169 4072 2432 4144 psalmos,
2480 4075 2536 4124 et
2583 4068 2837 4122 litaniam
2893 4073 2952 4121 et
3003 4070 3234 4121 caeteras
3269 4065 3440 4120 horas

156 4167 387 4222 debent.
417 4167 575 4221 Tunc
600 4182 795 4221 omnes
820 4172 1016 4237 petant
1046 4168 1262 4223 veniam
1287 4169 1442 4223 ﬂexis
1460 4169 1531 4223 ad
1548 4174 1758 4224 terram
1842 4180 2019 4234 usque
2073 4163 2144 4217 ad
2174 4176 2432 4232 vesperas
2479 4158 2688 4222 dicant,
2718 4156 2865 4211 sicut
2892 4157 2949 4210 in
2978 4160 3138 4210 sexta
3162 4154 3322 4209 feria.
3372 4154 3440 4209 In

150 4257 418 4326 genibus.
1842 4251 2085 4322 capitulo
2121 4251 2345 4320 legatur
2370 4246 2651 4303 sententia
2679 4246 2747 4300 de
2768 4245 2964 4316 regula
2987 4243 3168 4299 sancti
3195 4242 3441 4298 Benedi-

236 4350 339 4404 His
368 4350 450 4404 ita
472 4348 648 4420 gestis
670 4347 929 4402 sacerdos
956 4350 1245 4416 resumpta
1272 4346 1464 4400 casula
1490 4363 1618 4401 cum
1647 4353 1758 4401 sto-
1774 4356 1821 4414 1)
1841 4342 1934 4407 cti,
1967 4346 2025 4395 et
2049 4340 2417 4410 disponantur
2454 4353 2578 4408 quae
2606 4335 2828 4405 agenda
2867 4338 3002 4388 sunt
3029 4348 3208 4404 usque
3236 4332 3308 4386 ad
3337 4348 3440 4403 pa-

157 4438 237 4503 la,
259 4444 316 4492 et
333 4438 603 4493 diaconus
629 4438 792 4503 stola,
842 4434 1282 4508 praecedentibus
1312 4436 1591 4489 conversis
1633 4451 1761 4490 cum
1843 4430 2029 4484 schale
2053 4428 2382 4499 capitulum.
2403 4429 2550 4481 Ante
2578 4424 2908 4496 capitulum,
2960 4428 3018 4477 et
3063 4426 3191 4494 post
3228 4422 3441 4493 capitu-

154 4526 517 4581 candelabris
538 4532 596 4580 et
612 4525 920 4590 thuribulo,
944 4524 1151 4578 vadant
1173 4523 1243 4577 ad
1263 4524 1443 4577 locum
1457 4522 1553 4577 ubi
1567 4523 1763 4594 quinta

155 4614 302 4668 feria
332 4632 538 4687 corpus
556 4615 782 4670 Domini
812 4614 922 4668 fuit
946 4612 1252 4683 repositum
1287 4631 1299 4678 ;
1343 4618 1400 4666 et
1455 4612 1635 4683 posito
1680 4613 1763 4666 in-

155 4720 329 4759 censo
359 4704 418 4758 in
446 4704 735 4758 thuribulo
758 4704 1010 4758 incenset
1037 4701 1197 4767 illud,
1230 4706 1288 4755 et
1313 4702 1393 4755 sic
1424 4702 1615 4755 tradat
1638 4701 1759 4755 dia-

155 4809 304 4848 cono
330 4793 846 4865 adreportandum.
872 4792 937 4847 In
966 4790 1150 4844 eundo
1189 4798 1247 4844 et
1298 4790 1585 4844 redeundo
1627 4806 1761 4844 con-

153 4899 356 4937 versos
400 4886 674 4953 sequatur
719 4880 1006 4946 diaconus,
1036 4878 1297 4932 sacerdos
1343 4884 1626 4933 extremus
1676 4897 1763 4933 ve-

156 4973 300 5027 niat.
346 4972 489 5025 Cum
545 4969 1002 5042 appropinquant
1039 4968 1227 5036 altari,
1282 4966 1519 5022 adorent
1567 4984 1761 5022 omnes

156 5062 370 5115 fratres
389 5076 592 5131 corpus
603 5058 827 5113 Domini
843 5056 998 5111 ﬂexis
1016 5056 1254 5127 genibus
1274 5075 1286 5123 ;
1313 5056 1580 5111 collocato
1592 5073 1762 5127 super

157 5150 342 5204 altare
372 5148 583 5204 Christi
613 5163 865 5218 corpore,
919 5146 1067 5200 facta
1093 5146 1153 5199 in
1182 5145 1352 5199 calice
1380 5145 1494 5200 vini
1523 5151 1581 5199 et
1601 5161 1761 5216 aquae

157 5237 579 5301 commistione,
608 5234 757 5289 dicta
798 5251 832 5288 a
880 5233 1167 5288 sacerdote
1214 5250 1342 5287 cum
1371 5233 1606 5287 diacono
1634 5249 1761 5287 con-

155 5327 425 5391 fessione,
445 5325 594 5379 facta
620 5323 948 5394 snppliciter
974 5339 1008 5376 a
1035 5321 1325 5376 sacerdote
1352 5322 1615 5376 adaltare
1638 5338 1760 5376 ora-

154 5417 338 5480 tione,
369 5415 625 5470 incenset
640 5413 899 5467 sacerdos
927 5428 1130 5483 corpus
1158 5411 1365 5466 Christi
1397 5417 1455 5466 et
1481 5412 1712 5466 calicem
1745 5432 1758 5481 ;

156 5504 370 5560 deinde
431 5503 585 5557 dicat
640 5502 906 5556 mediocri
962 5517 1094 5555 voce
1155 5501 1422 5567 Oremus;
1478 5504 1760 5570 Praeceptis

156 5594 512 5649 salutaribus
524 5595 1019 5659 moniti,ctczetera
1032 5606 1210 5662 usque
1234 5590 1302 5645 Et
1324 5607 1391 5645 ne
1408 5606 1504 5645 nos
1525 5592 1758 5646 inducas

1843 4520 1960 4573 lum
1983 4517 2190 4572 debent
2218 4515 2503 4571 secretarii
2543 4513 2947 4569 monasterium
2980 4516 3039 4565 et
3064 4510 3257 4565 omnia
3292 4510 3440 4564 alta-

1842 4608 1930 4662 ria
1955 4623 2175 4673 ornare,
2206 4622 2397 4660 cereos
2427 4604 2743 4674 ubicunque
2768 4619 2890 4657 esse
2918 4600 3125 4656 debent
3143 4600 3436 4667 collocare,

1842 4714 2067 4752 cereum
2097 4696 2169 4750 ad
2191 4694 2631 4749 benedicendum
2682 4692 2742 4747 in
2791 4692 2913 4746 loco
2943 4706 3043 4745 suo
3069 4689 3339 4745 stabilire.
3371 4691 3438 4745 In

1844 4802 1953 4856 quo
1982 4801 2016 4838 a
2043 4790 2272 4838 cantore
2300 4781 2467 4836 scribi
2502 4779 2668 4835 debet
2708 4785 2913 4851 quotus
2940 4794 3122 4833 annus
3145 4778 3240 4832 ille
3266 4778 3343 4832 sit
3367 4776 3438 4832 ab

1844 4874 2235 4929 Incarnatione
2263 4869 2509 4936 Domini,
2546 4874 2604 4922 et
2642 4885 2776 4923 crux
2804 4867 3088 4937 designari
3123 4867 3329 4920 inﬁxus
3376 4866 3436 4921 in

1843 4965 2091 5035 quinque
2112 4962 2247 5017 locis
2269 4960 2516 5031 quinque
2542 4957 2733 5028 granis
2752 4956 2986 5011 incensi.

1912 5054 2048 5107 Post
2075 5068 2281 5105 nonam
2302 5049 2611 5103 induantur
2638 5047 2734 5119 qui
2762 5044 3005 5101 ofﬁcium
3035 5051 3170 5100 sunt
3195 5041 3439 5098 celebra-

1841 5143 1976 5210 turi,
2009 5147 2067 5196 et
2093 5141 2165 5196 ad
2193 5140 2439 5195 ofﬁcium
2467 5137 2788 5210 specialiter
2808 5133 3089 5201 servituri,
3113 5138 3173 5188 et
3195 5132 3439 5188 infantes

1842 5248 2056 5295 omnes,
2085 5230 2345 5285 sacerdos
2373 5227 2501 5281 alba
2527 5232 2586 5294 et
2611 5226 2774 5291 stola,
2802 5222 3018 5279 caateris
3062 5220 3203 5276 albis
3230 5220 3435 5286 induti,

1847 5322 1905 5375 in
1937 5321 2173 5375 chorum
2220 5318 2488 5382 redeant;
2524 5314 2727 5369 dehinc
2771 5312 3078 5384 procedant
3112 5310 3183 5364 ad
3214 5325 3439 5364 sacran-

1845 5411 1980 5464 dum
2010 5410 2219 5479 ignem,
2253 5410 2516 5461 canentes
2567 5403 2846 5474 psalmum
2886 5398 3434 5472 quinquagesimum,

1844 5500 2066 5553 Primus
2097 5496 2347 5551 omnium
2376 5492 2709 5547 secretarius
2744 5490 2840 5561 qui
2882 5490 3104 5544 hastam
3137 5493 3347 5560 portat,
3378 5488 3439 5544 in

1842 5605 1953 5664 qua
1980 5592 2262 5643 sacratum
2290 5585 2477 5657 ignem
2508 5585 2790 5656 reportet;
2813 5578 3017 5634 dehinc
3030 5577 3441 5653 portitoraquze
