3892 6350
470 292 574 361 471

1458 299 1519 350 Β.
1564 296 1978 351 LANFRANCI
2019 291 2376 348 CANTUAR.
2418 288 2755 346 ARCHIEP.

3638 282 3747 339 472

532 408 685 475 Cum
708 425 900 475 autem
914 418 1195 490 processio
1218 418 1441 473 rediens
1471 424 1603 474 ante
1630 418 1960 474 monasterii
1980 418 2061 473 in-
2078 419 2129 479 A
2148 422 2280 471 ante
2305 406 2996 483 altare.Cumi'ncoeperint
3016 413 3188 480 Kyrie
3206 412 3428 481 eteison,
3448 409 3752 481 pulsentur

466 509 706 564 troitum
742 508 975 575 venerit,
1019 506 1261 561 statione
1311 507 1457 562 facta
1510 508 1769 562 litaniam
1823 507 2059 574 ﬁniant;

471 611 588 666 qua
615 595 776 650 ﬁnita
800 600 1057 650 cantores
1086 594 1204 664 ejus
1246 595 1306 648 in
1334 594 1590 649 ordinem
1619 611 1785 649 suum
1807 594 2060 657 redeant,

470 689 531 739 et
559 684 808 754 praedicti
834 684 945 738 duo
976 688 1232 738 cantores
1275 684 1372 753 qui
1409 688 1827 753 praecesserant,
1872 683 2064 753 cappis

471 773 659 827 induti
687 772 853 827 nudis
872 772 1107 843 pedibus
1136 777 1266 825 ante
1293 777 1482 841 portas
1502 771 1827 825 monasterii
1852 777 2064 825 stantes

474 860 667 915 dicant
690 861 879 929 Agnus
902 863 1020 926 Dei,
1042 863 1141 929 qui
1162 862 1308 914 tollis
1326 865 1544 928 peccata
1564 862 1784 925 mundi,
1808 863 2066 913 miserere

474 950 632 1003 nobis
651 966 673 1016 ;
695 949 899 1003 chorus
918 947 1177 1001 similiter
1194 946 1828 1017 respondeat.Cantores
1844 946 2066 1015 Suscipe

473 1038 907 1106 deprecationem
921 1042 1188 1101 nostram,
1210 1037 1457 1103 quisedcs
1468 1037 1540 1087 ad
1551 1036 1830 1089 dcwteram
1850 1039 2034 1090 Patris
2048 1054 2068 1103 ;

475 1126 695 1180 Chorus
724 1125 917 1194 Agnus
942 1127 1059 1191 Dei,
1074 1125 1219 1179 sicut
1232 1140 1422 1195 supra.
1451 1124 1721 1178 Cantores
1750 1126 1939 1181 Gloria
1971 1129 2070 1181 Pa-

477 1218 577 1280 tri,
599 1219 647 1268 et
661 1215 820 1278 Filio,
845 1220 894 1268 et
911 1211 1159 1282 Spiritui
1176 1215 1528 1276 sancto,sicut
1549 1219 1668 1266 erat
1688 1216 1750 1267 in
1763 1216 2065 1282 principio,

475 1308 527 1358 et
553 1318 706 1358 nunc
725 1309 773 1357 et
797 1318 1026 1371 semper,
1051 1307 1101 1356 et
1133 1306 1196 1355 in
1236 1304 1434 1355 saecula
1477 1303 1830 1358 saeculorum.
1859 1301 2061 1361 Amen.

470 1390 711 1446 Interim
736 1388 1182 1461 praecedentibus
1209 1389 1305 1459 qui
1331 1389 1593 1443 vexillum
1627 1394 1855 1460 portant
1883 1396 1941 1443 et
1963 1406 2069 1444 cas-

473 1483 600 1534 tera
627 1496 751 1550 quae
781 1478 1039 1549 superius
1087 1478 1236 1531 dicta
1264 1482 1414 1541 sunt,
1450 1483 1763 1548 sequantur
1815 1483 2071 1532 cantores

477 1572 537 1622 et
558 1568 809 1639 reliquus
828 1572 1136 1622 conventus
1188 1566 1347 1620 Dicto
1370 1568 1556 1622 Gloria
1584 1566 1920 1637 respondeat
1944 1582 2072 1619 con—

2146 505 2337 558 omnia
2354 504 2824 574 signa.Sequatur
2851 505 3044 567 2'30
3072 500 3264 555 Gloria
3288 503 3351 554 in
3372 502 3592 553 excelsis
3617 499 3750 553 Deo.

2144 594 2230 647 Ad
2278 592 2642 662 Evangelium
2683 594 2985 645 teneantur
3012 587 3349 643 candelabra
3394 592 3451 642 et
3489 586 3753 643 thuribu-

2146 682 2284 735 lum.
2326 681 2460 734 Post
2494 679 2725 733 missam
2768 677 3005 750 pulsatis
3050 676 3270 732 duobus
3322 676 3636 747 majoribus
3668 676 3755 730 si-

2145 772 2289 842 gnis,
2320 770 2529 824 faciant
2557 770 2888 823 orationem.
2919 770 3094 823 Nonae
3132 768 3305 821 etiam
3332 768 3444 822 duo
3487 772 3754 822 cantores

2146 860 2206 913 in
2235 859 2447 930 cappis.
2481 860 2544 913 In
2574 858 2817 911 crastino
2843 862 2899 911 et
2944 857 3077 911 totis
3107 857 3315 911 octavis
3351 862 3558 926 agatur
3601 855 3755 909 sicut

2146 948 2206 1001 in
2233 947 2480 1017 paschali
2527 946 2883 1001 solemnitate
2912 951 2970 999 et
2989 944 3195 999 octavis
3228 944 3508 1016 paschalis
3544 943 3760 998 solem-

2150 1035 2361 1099 nitatis,
2392 1035 2501 1089 nisi
2522 1036 2669 1105 quod
2692 1040 2884 1089 octava
2907 1035 3077 1104 hujus
3104 1033 3424 1088 festivitatis
3452 1032 3563 1099 die,
3594 1038 3754 1087 utra-

2152 1140 2260 1194 que
2292 1123 2465 1176 missa
2493 1128 2579 1176 est
2607 1123 2854 1190 Spiritus
2883 1124 3127 1175 Domini.

2226 1211 2389 1265 Feria
2417 1210 2736 1287 secunda,si
2758 1211 2913 1264 nulla
2938 1209 3210 1267 festivitas
3235 1208 3555 1271 sit,dicatur
3576 1209 3756 1263 missa

2153 1302 2402 1366 Domine,
2436 1302 2499 1354 in
2533 1305 2631 1353 tua
2662 1300 3064 1353 misericordia.
3111 1298 3230 1351 Hac
3275 1296 3626 1351 hebdomada
3668 1297 3757 1351 in-

2152 1388 2406 1442 choanda
2433 1393 2565 1442 sunt
2598 1386 2813 1457 jejunia
2843 1403 2965 1457 quae
2998 1386 3193 1456 regula
3222 1385 3491 1457 praecipit,
3523 1390 3751 1455 quarta,

2156 1482 2215 1530 et
2237 1480 2397 1529 sexta
2423 1475 2581 1540 feria,
2617 1491 2793 1544 usque
2822 1474 2892 1527 ad
2921 1474 3053 1528 ldus
3078 1472 3555 1544 Septembris,nisi
3581 1473 3757 1527 ratio-

2155 1563 2357 1617 nabilis
2386 1580 2553 1618 causa
2579 1562 2783 1617 existat
2819 1579 2921 1617 cur
2948 1561 3119 1616 abbas
3168 1562 3252 1615 vel
3300 1562 3454 1632 prior
3480 1561 3568 1616 bis
3617 1563 3759 1615 reﬁ-

478 1661 676 1711 ventus
703 1656 895 1723 Agnus
922 1656 1039 1721 Dei,
1069 1660 1134 1709 ut
1151 1671 1339 1726 supra.
1364 1655 1654 1709 Conventu
1680 1656 1929 1709 intrante
1956 1671 2073 1709 mo-
2093 1725 2109 1726 ᾧ
2153 1652 2334 1707 ciendi
2352 1652 2637 1706 licentiam
2650 1651 2876 1706 tribuat.
2887 1652 3021 1705 Post
3033 1651 3336 1721 capitulum
3349 1650 3486 1720 ipsis
3500 1651 3759 1719 jejunio-

476 1744 790 1799 nasterium
818 1744 1112 1815 pulsentur
1139 1725 1318 1813 signa.
1343 1744 1612 1797 Cantores
1634 1744 1876 1808 Exaudi,
1897 1745 2066 1806 Deus;
2090 1725 2137 1785 B
2154 1758 2281 1796 rum
2308 1742 2506 1796 diebus
2536 1741 2769 1795 sedeant
2794 1740 2853 1793 in
2882 1740 3125 1793 claustro
3151 1738 3461 1809 loquentes.
3496 1738 3758 1792 Secreta-

478 1837 785 1888 conventus
818 1833 1134 1888 Orationem
1177 1835 1367 1900 populi
1407 1835 1512 1886 tui.
1543 1832 1769 1885 Cunctis
1804 1832 2072 1887 fratribus

478 1920 711 1975 chorum
741 1920 1031 1991 ingressis,
1085 1921 1356 1974 collocata
1398 1936 1561 1974 cruce
1589 1926 1646 1975 et
1682 1920 1915 1990 reliquis
1945 1936 2073 1990 qua:

477 2010 705 2078 portata
730 2010 863 2060 sunt
898 2005 957 2059 in
985 2005 1123 2059 locis
1151 2004 1286 2069 suis,
1315 2004 1565 2075 praedicti
1593 2004 1703 2058 duo
1731 2011 1986 2059 cantores
2011 2004 2070 2058 in

476 2094 665 2148 medio
692 2094 849 2148 chori
891 2098 1105 2148 stantes
1149 2093 1516 2164 pronuntient
1572 2093 1827 2147 litaniam
1875 2094 2071 2148 Sancte

474 2188 799 2238 sanctorum
817 2184 974 2247 Deus,
1008 2186 1265 2236 miserere
1295 2183 1467 2246 nobis,
1501 2181 1714 2252 priores
1742 2199 1777 2235 a
1806 2187 1965 2252 parte
1989 2182 2072 2234 al-

476 2272 617 2325 taris
646 2271 779 2337 sint,
805 2270 1009 2341 reliqui
1052 2276 1179 2340 post
1224 2286 1339 2334 eos,
1375 2270 1521 2324 sicut
1563 2276 1649 2324 est
1685 2270 1821 2324 ordo
1851 2286 2066 2324 eorum.

476 2358 716 2430 Expleta
742 2358 1205 2429 litaniapulsetur
1224 2359 1446 2428 signum
1469 2360 1539 2412 ad
1564 2375 1794 2427 nonam,
1814 2357 2071 2429 factaque

478 2446 734 2501 oratione
764 2462 944 2513 nonae,
974 2446 1184 2500 vadant
1210 2446 1269 2500 in
1316 2447 1622 2500 claustrum
1651 2447 1837 2500 lavare
1868 2448 2067 2517 pedes;

479 2534 682 2607 quibus
721 2535 869 2605 lotis,
911 2540 1253 2588 revertentes
1298 2534 1354 2588 in
1407 2535 1661 2602 chorum,
1703 2536 1924 2605 pulsato
1962 2537 2071 2590 alio

479 2624 663 2695 signo,
690 2629 891 2678 canent
920 2639 1153 2680 nonam.

547 2713 633 2767 Ad
663 2728 943 2783 vesperas,
975 2712 1222 2767 secunda
1249 2716 1307 2765 et
1329 2712 1499 2766 tertia
1514 2713 1655 2766 feria
1676 2713 1969 2783 pulsentur
1995 2713 2074 2767 si-

474 2816 607 2871 gna,
640 2801 786 2855 sicut
838 2800 1069 2872 privatis
1112 2800 1346 2867 diebus;
1402 2801 1552 2855 inter
1597 2801 1760 2871 signa
1815 2802 2075 2856 dicantur

473 2888 679 2960 psalmi
731 2891 893 2955 Deus,
947 2890 1183 2943 auribus
1240 2892 1474 2957 nostris;
1532 2896 1660 2960 post
1699 2906 1957 2961 vesperas
2003 2891 2072 2944 de

2154 1830 2271 1884 rius
2300 1846 2431 1883 vero
2458 1846 2570 1883 non
2592 1828 2838 1900 pulsabit
2855 1828 3151 1881 minimum
3172 1828 3418 1897 signum,
3445 1826 3591 1880 sicut
3618 1842 3759 1881 con-

2154 1919 2393 1972 suetudo
2422 1923 2525 1982 est,
2559 1922 2686 1988 post
2709 1916 3040 1987 capitulum,
3073 1916 3144 1969 ad
3167 1920 3503 1986 apparatum
3534 1915 3747 1971 missae.

2155 2007 2289 2060 Post
2313 2006 2540 2060 tertiam
2571 2010 2811 2076 pergant
2838 2005 3100 2064 infantes.
3133 2010 3191 2057 et
3218 2003 3421 2058 minuti
3449 2004 3754 2073 sanguine,

2153 2099 2210 2147 et
2236 2094 2448 2148 inﬁrmi
2473 2094 2676 2165 quibus
2704 2092 2934 2147 licentia
2951 2092 3083 2147 data
3104 2097 3191 2145 est
3213 2092 3464 2163 accipere
3494 2092 3752 2146 mistum.

2154 2183 2289 2237 Post
2330 2189 2544 2237 sextam
2585 2188 2789 2252 agatur
2826 2181 3176 2246 meridiana;
3227 2197 3262 2233 a
3289 2196 3399 2251 qua
3429 2187 3751 2249 surgentes,

2154 2271 2320 2326 nudis
2349 2271 2584 2342 pedibus
2608 2271 2667 2325 in
2702 2272 3011 2325 claustrum
3040 2268 3285 2334 veniant,
3322 2269 3620 2323 afferentes
3647 2284 3759 2324 sua

2154 2361 2551 2414 calceamenta.
2572 2360 2706 2413 Post
2723 2359 2841 2413 haec
2865 2357 3042 2412 abluti
3062 2362 3119 2412 et
3142 2357 3406 2428 pectinati
3435 2357 3665 2411 veniant
3693 2357 3759 2412 in

2155 2450 2467 2514 ecclesiam,
2496 2453 2553 2501 et
2581 2447 2726 2501 facta
2744 2447 3015 2513 oratione,
3051 2446 3396 2517 pulsatisque
3421 2445 3640 2500 duobus
3667 2446 3762 2499 si-

2153 2538 2298 2608 gnis,
2330 2537 2556 2592 inchoet
2582 2537 2767 2591 infans
2796 2538 3058 2604 Exsurge,
3077 2537 3324 2601 Domine,
3348 2540 3404 2589 et
3431 2540 3655 2600 caetera,
3684 2534 3761 2588 si-

2154 2632 2249 2680 cut
2275 2626 2441 2696 longe
2466 2626 2724 2696 superius
2750 2625 2964 2678 dictum
2997 2628 3101 2677 est.
3136 2624 3240 2677 Hic
3263 2623 3401 2678 ordo
3443 2623 3760 2677 servandus

2155 2719 2242 2769 est
2293 2715 2435 2769 feria
2486 2720 2686 2785 quarta
2733 2719 2790 2768 et
2838 2718 3013 2777 sexta,
3051 2728 3230 2783 usque
3276 2712 3349 2765 ad
3392 2711 3760 2767 festivitatem

2156 2804 2424 2858 Omnium
2471 2804 2823 2868 Sanctorum,
2877 2801 2985 2855 nisi
3020 2799 3095 2854 sit
3128 2800 3336 2870 vigilia,
3378 2801 3538 2870 cujus
3581 2800 3763 2854 missa

2156 2892 2481 2945 solemniter
2509 2890 2854 2957 celebretur;
2886 2894 3025 2943 tunc
3053 2888 3204 2942 enim
3233 2888 3510 2960 processio
3541 2905 3608 2942 ex
3633 2893 3760 2944 toto

474 2977 750 3032 Omnibus
805 2978 1045 3044 Sanctis,
1094 2977 1355 3031 dicantur
1398 2994 1642 3049 vesperae
1681 2979 2030 3033 Mortuorum
2054 2980 2479 3055 ;cdimittitur.

472 3065 683 3137 Vigilia
708 3066 1059 3121 Mortuorum
1110 3066 1196 3120 his
1241 3066 1438 3120 diebus
1468 3083 1581 3121 non
1609 3072 1830 3137 agatur,
1858 3068 1905 3121 si
1950 3084 2076 3139 pro-

473 3156 651 3210 cessio
678 3160 837 3209 extra
869 3155 1181 3210 claustrum
1210 3156 1536 3225 perrexerit,
1586 3156 1835 3227 alioquin
1873 3162 2075 3227 agatur

474 3244 622 3298 sicut
648 3243 810 3297 solet.

546 3331 648 3384 His
672 3329 854 3384 tribus
878 3331 1074 3385 diebus
1121 3332 1192 3385 ad
1237 3338 1532 3395 nocturna,
1571 3334 1817 3405 capitula
1862 3340 1917 3387 et
1964 3336 2073 3388 col-

472 3419 629 3472 lectae
667 3418 739 3471 de
778 3419 1207 3485 resurrectione,
1241 3425 1299 3473 et
1343 3421 1415 3473 ad
1446 3437 1701 3491 vesperas
1730 3422 1987 3476 secundae
2015 3428 2073 3477 et

474 3507 658 3560 tertias
687 3506 865 3564 feriae.
918 3507 1000 3561 Ad
1034 3509 1341 3563 matutinas
1382 3526 1511 3563 vero
1538 3510 1751 3575 laudes,
1784 3518 1841 3565 et
1864 3511 1935 3564 ad
1963 3517 2073 3565 tor-

472 3596 634 3661 tiam,
664 3600 723 3649 et
740 3595 811 3649 ad
839 3601 1072 3662 sextam,
1107 3602 1164 3651 et
1191 3596 1263 3651 ad
1293 3614 1501 3652 nonam
1539 3599 1844 3670 capitulum
1875 3604 1931 3654 et
1958 3601 2072 3654 col-

473 3684 632 3739 lectae
661 3683 731 3738 de
748 3684 997 3753 jejuniis.
1036 3684 1096 3739 Si
1131 3685 1189 3738 in
1238 3685 1326 3739 his
1364 3685 1546 3740 tribus
1575 3685 1774 3742 diebus
1802 3688 2073 3745 festivitas

470 3772 765 3827 duodecim
786 3773 1090 3828 lectionum
1120 3775 1385 3840 evenerit,
1419 3780 1602 3829 totum
1632 3776 1922 3831 servitium
1968 3793 2072 3831 no-

473 3862 577 3916 ctis
605 3867 661 3916 et
685 3862 798 3916 diei
829 3862 898 3916 de
917 3862 1040 3934 ipsa
1067 3862 1371 3917 festivitate
1400 3870 1620 3933 agatur.
1645 3863 1805 3919 Dicta
1825 3865 1994 3919 tertia
2016 3871 2074 3921 et

471 3951 708 4022 pulsatis
737 3950 1000 4005 omnibus
1048 3951 1240 4022 signis,
1295 3952 1464 4005 missa
1509 3952 1684 4023 ipsius
1730 3953 2067 4022 festivitatis,

472 4039 618 4094 sicut
645 4039 759 4093 alio
795 4044 1068 4111 tempore,
1101 4040 1428 4095 solemniter
1467 4040 1796 4095 celebretur.
1844 4042 2069 4097 Proces-

473 4129 557 4182 sio
590 4128 771 4193 vadat,
805 4128 953 4183 sicut
980 4128 1105 4182 aliis
1140 4130 1354 4196 diebus,
1389 4136 1615 4200 excepto
1654 4131 1801 4201 quod
1838 4132 2068 4186 calceati

471 4221 532 4271 et
558 4216 679 4270 sine
705 4215 920 4270 baculis
943 4215 1123 4270 ibunt.
1147 4218 1317 4271 Missa
1332 4218 1535 4287 jejunii
1561 4218 1632 4271 ad
1661 4220 2067 4274 monasterium

2227 3069 2520 3123 Dominica
2548 3068 2733 3140 prima
2760 3074 2888 3140 post
2906 3072 3128 3122 octavas
3156 3067 3515 3121 Pentecostes
3545 3082 3759 3121 canan-

2155 3163 2250 3211 tur
2278 3158 2473 3229 hymni
2529 3158 2600 3211 ad
2636 3162 2929 3223 nocturna,
2990 3160 3046 3210 et
3087 3155 3158 3210 ad
3208 3154 3516 3209 matutinas
3558 3155 3762 3210 laudes

2156 3247 2317 3299 Nocte
2341 3251 2642 3313 surgentes,
2677 3247 2803 3299 Ecce
2831 3249 2960 3312 jam
3004 3246 3196 3308 noctis,
3230 3243 3326 3313 qui
3356 3243 3592 3296 canendi
3621 3251 3763 3298 sunt

2153 3334 2459 3387 Dominicis
2516 3333 2733 3400 diebus,
2780 3349 2960 3403 usque
2998 3332 3070 3386 ad
3110 3331 3461 3385 Dominicam
3507 3332 3760 3402 primam

2153 3422 2362 3476 mensis
2393 3422 2685 3488 Octobris;
2726 3428 3010 3493 ponantur
3036 3420 3107 3474 ad
3147 3420 3449 3491 legendum
3475 3418 3606 3473 libri
3643 3422 3760 3475 Re-

2152 3527 2286 3581 gum
2312 3516 2370 3564 et
2398 3510 2867 3582 Paralipomenon
2912 3526 3091 3580 usque
3132 3508 3204 3562 ad
3241 3507 3592 3563 Dominicam
3634 3511 3754 3581 pri-

2155 3616 2306 3654 mam
2328 3600 2539 3653 mensis
2566 3599 2806 3669 Augusti
2829 3617 2842 3665 ;
2874 3598 3122 3653 Historia
3151 3599 3291 3652 Deus
3317 3600 3595 3651 omnium.

2226 3688 2518 3743 Dominica
2544 3688 2728 3759 prima
2751 3687 2962 3741 mensis
2985 3685 3227 3755 Augusti
3254 3691 3469 3757 ponant
3497 3687 3759 3741 Salomo-

2156 3793 2305 3842 nem,
2339 3793 2515 3847 usque
2538 3776 2608 3829 ad
2632 3776 2979 3830 Dominicam
3002 3774 3243 3845 primam
3270 3773 3478 3828 mensis
3504 3774 3759 3846 Septem-

2154 3864 2289 3919 bris.
2327 3864 2703 3936 Responsoria
2730 3867 2799 3919 In
2824 3867 3126 3933 principio.

2225 3954 2520 4008 Dominica
2548 3954 2730 4024 prima
2769 3953 2977 4006 mensis
3019 3950 3363 4022 Septembris
3392 3956 3609 4022 ponant
3627 3952 3754 4018 Job,

2149 4041 2307 4107 Tobi,
2342 4042 2554 4107 Judith,
2588 4042 2810 4107 Hester,
2862 4041 3115 4106 Esdram,
3165 4056 3343 4111 usque
3386 4040 3458 4094 ad
3493 4040 3759 4095 Domini-

2149 4146 2270 4184 cam
2313 4131 2553 4201 primam
2583 4130 2793 4184 mensis
2822 4128 3095 4184 Octobris.

2218 4218 2304 4273 Ab
2350 4219 2542 4274 Idibus
2592 4218 2955 4290 Septembris,
2989 4217 3221 4289 privatis
3268 4217 3466 4272 diebus
3506 4225 3757 4289 agantur

471 4321 581 4377 quo
639 4303 1013 4375 processerint
1058 4306 1389 4361 celebretur.
1438 4306 1495 4360 Si
1551 4312 1740 4360 autem
1799 4307 2418 4367 festivitasDcontinue
2464 4308 2681 4377 jejunia
2717 4324 2838 4377 quae
2871 4307 3068 4376 regula
3113 4306 3383 4377 praecipit,
3416 4312 3588 4377 atque
3632 4308 3760 4379 ipsa

469 4392 645 4446 trium
700 4391 1005 4447 lectionum
1060 4394 1328 4460 evenerit,
1374 4395 1833 4449 commemoratio
1886 4396 2063 4466 ipsius

468 4481 860 4535 tantummodo
894 4482 995 4535 ﬁat
1018 4482 1090 4535 ad
1124 4498 1403 4554 vesperas,
1437 4488 1492 4536 et
1515 4483 1586 4536 ad
1616 4483 1922 4538 matutinas
1949 4485 2066 4540 lau-

471 4569 570 4624 des
598 4575 656 4624 et
678 4570 749 4625 ad
778 4570 1024 4641 priorem
1052 4571 1284 4625 missam
1314 4572 1384 4625 de
1404 4572 1646 4642 jejunio.

748 4660 944 4715 Sscno
963 4660 1058 4714 VI.
1090 4690 1151 4700 --
1192 4662 1418 4728 Tempus
1447 4662 1793 4714 Pentecostes.

542 4747 785 4803 Sabbato
815 4749 875 4802 in
926 4749 1118 4818 vigilia
1164 4749 1521 4803 Pentecostes
1568 4754 1862 4819 surgentes
1890 4766 1925 4803 a
1953 4766 2067 4803 me-

466 4838 706 4904 ridiana,
748 4836 926 4891 abluti
952 4841 1009 4891 et
1037 4836 1321 4907 pectinati,
1346 4837 1416 4890 ad
1447 4838 1736 4892 ecclesiam
1757 4839 2067 4904 veniant,et

467 4927 722 4982 oratione
760 4926 927 4991 facta,
957 4926 1267 4980 induantur
1312 4925 1556 4980 ofﬁcium
1604 4926 1961 4992 celebraturi,
2007 4932 2066 4981 et

467 5016 540 5070 ad
568 5015 814 5070 ofﬁcium
842 5014 1123 5069 servituri.
1155 5016 1375 5085 Agatur
1412 5015 1659 5069 ofﬁcium
1702 5016 1894 5069 festive
1920 5016 2066 5069 sicut

466 5104 525 5158 in
564 5104 808 5159 Sabbato
862 5108 1082 5171 sancto;
1115 5108 1328 5168 cantor,
1381 5109 1438 5157 et
1482 5104 1627 5158 alius
1674 5104 1852 5157 frater
1894 5120 2062 5173 quem

463 5193 723 5262 voluerit,
773 5192 957 5247 induti
998 5192 1189 5263 cappis
1238 5193 1606 5263 pronuntient
1657 5192 1911 5245 litaniam
1938 5198 2065 5245 “ter-

464 5297 617 5349 nam,
674 5282 820 5337 sicut
862 5281 921 5337 in
986 5281 1178 5353 vigilia
1236 5282 1480 5337 Paschae.
1541 5282 1683 5335 Cum
1740 5280 2066 5351 pronuntia-

461 5373 587 5424 tum
639 5370 811 5425 fuerit
863 5372 1167 5435 Accendite,
1226 5371 1565 5426 accendatur
1630 5385 1823 5422 cereus
1888 5369 2060 5423 bene-

464 5456 665 5524 dictus,
700 5465 757 5514 et
788 5459 1030 5531 reliquia
1059 5460 1381 5521 luminaria,
1412 5475 1559 5513 unus
1584 5457 1733 5511 enim
1756 5473 1949 5511 cereus
1977 5475 2062 5512 so-

461 5545 751 5604 lummodo
793 5554 925 5605 ante
970 5549 1127 5606 illam
1170 5548 1368 5605 horam
1412 5545 1579 5602 debet
1621 5562 1741 5601 esse
1771 5561 2057 5616 accensus,

2145 4396 2237 4449 die
2265 4396 2465 4450 Iduum
2499 4395 2771 4466 incipiant
2794 4396 3073 4465 jejunare,
3118 4394 3264 4448 sicut
3290 4393 3489 4448 beatus
3509 4395 3757 4451 Benedi-

2147 4489 2270 4538 ctus
2298 4484 2684 4549 instituit,una
2704 4489 2926 4538 tantum
2946 4483 3066 4537 vice
3096 4483 3402 4553 loquantur
3422 4483 3483 4537 in
3507 4484 3757 4540 claustro

2146 4589 2327 4643 usque
2360 4573 2431 4626 ad
2475 4573 2757 4627 Kalendas
2786 4571 3061 4637 Octobris,
3090 4572 3147 4626 id
3181 4578 3267 4626 est
3292 4576 3418 4642 post
3444 4572 3759 4643 capitulum

2146 4678 2324 4731 usque
2354 4662 2425 4715 ad
2447 4662 2695 4715 tertiam.
2729 4661 2863 4714 Post
2892 4665 3104 4714 sextam
3142 4659 3201 4713 in
3230 4659 3625 4715 dormitorium
3658 4679 3758 4716 va-

2148 4751 2305 4811 dant.
2356 4742 2588 4821 etpost
2635 4749 3029 4820 parvissimum
3077 4749 3469 4815 intervallum,
3531 4750 3757 4820 pulsato

2147 4838 2381 4892 minimo
2406 4837 2587 4906 signo,
2623 4837 2982 4900 descendant,
3017 4838 3222 4904 lavent,
3242 4837 3314 4891 ad
3342 4839 3757 4893 monasterium

2145 4932 2400 4997 pergant,
2433 4926 2690 4996 factaque
2712 4925 2966 4979 oratione
2991 4925 3250 4995 dictaque
3278 4925 3498 4991 litania,
3521 4926 3753 4981 missam

2145 5015 2445 5069 celebrent.
2476 5014 2769 5068 Celebrata
2796 5015 2911 5068 fere
2942 5015 3115 5069 missa
3143 5015 3400 5084 pulsetur
3421 5014 3648 5084 signum
3679 5016 3753 5069 ad

2146 5120 2373 5158 nonam.
2399 5104 2534 5157 Post
2555 5104 2806 5169 missam,
2838 5104 2990 5157 facta
3011 5103 3285 5168 oratione,
3306 5108 3546 5173 pergant
3573 5103 3752 5156 servi-

2147 5197 2296 5246 tores
2325 5191 2578 5261 accipere
2600 5191 3070 5255 niistum.Quibus
3093 5189 3500 5246 revertentibus
3525 5192 3749 5262 pulsato

2147 5282 2258 5335 alio
2280 5281 2441 5351 signo
2468 5286 2703 5335 canatur
2735 5296 2905 5335 nona.

2244 5369 2440 5425 SBCTlO
2468 5370 2592 5424 VII.
2623 5397 2663 5413 ι
2724 5371 2977 5437 Quinque
3005 5371 3326 5436 festivitates
3345 5371 3657 5437 pracipuz.

2214 5457 2472 5528 Quinque
2502 5463 2634 5511 sunt
2653 5458 2945 5528 praecipuae
2970 5458 3319 5522 festivitates,
3348 5457 3405 5511 id
3433 5463 3519 5512 est
3546 5459 3755 5515 Natale

2141 5546 2385 5616 Domini,
2416 5547 2772 5605 Resurrectio
2808 5549 2949 5623 ejus,
2998 5548 3381 5618 Pentecostes,
3419 5547 3750 5620 Assumptio
