3892 6354
124 314 227 372 4Ἱ3

1072 325 1402 382 DECRETA
1437 327 1579 382 PRO
1617 328 1890 386 ORDINE
1928 330 1986 386 S.
2030 326 2430 387 BENEDICTI.

3291 315 3393 373 474

124 443 327 494 sancta!
338 436 442 495 Dei
459 441 748 512 genitricis
767 444 975 513 Mariae,
997 445 1269 502 festivitas
1305 448 1433 507 loci.
1466 450 1711 506 Servatis
1729 452 1856 512 Ain
1887 451 2049 507 albis.
2081 451 2140 506 Si
2168 449 2340 505 abbas
2367 447 2731 519 Evangelium
2757 444 2978 516 legerit,
2993 448 3119 515 post
3148 442 3395 512 Evange-

127 527 384 582 omnibus
414 545 540 599 quae
568 529 639 583 de
689 531 931 589 Sabbato
963 541 1154 588 sancto
1179 535 1329 591 dicta
1352 541 1503 603 sunt,
1536 538 1597 592 in
1623 539 1719 592 ha-

125 631 250 671 rum
277 616 645 674 festivitatum
686 619 891 690 vigiliis
932 627 1166 677 ornetur
1204 628 1384 678 totum
1434 632 1720 682 monaste-

126 703 288 770 rium,
321 709 379 759 et
405 706 598 760 omnia
622 708 843 776 altaria,
883 712 1190 766 secundum
1234 712 1561 770 facultatem
1586 715 1713 782 loci,
1754 740 1759 743 λ

126 791 265 847 sicut
292 792 586 848 honestius
618 797 739 850 ﬁeri
770 802 971 869 potest.

199 881 542 936 Mundentur
561 885 818 956 ofﬁcinae,
840 897 897 942 et
919 889 1461 945 claustrum.Sedilia
1483 893 1719 948 refecto-

125 967 209 1034 rii,
234 969 487 1039 capituli,
518 971 749 1028 claustri
777 980 1061 1046 tegantur,
1094 977 1415 1034 bancalibus
1435 985 1722 1037 sternatur

122 1072 338 1125 juncus.

188 1146 272 1199 Ad
300 1147 537 1203 missam
592 1151 795 1220 jejunii
849 1152 1161 1208 induantur
1210 1156 1442 1211 honeste
1466 1158 1562 1227 qui
1593 1175 1717 1212 eam

126 1239 255 1288 sunt
272 1234 633 1304 celebraturi,
660 1240 919 1294 sacerdos
948 1242 1277 1296 honorifice:
1308 1245 1576 1300 diaconus
1603 1246 1719 1301 dal-

123 1322 342 1388 matica,
375 1323 752 1381 subdiaconus
777 1329 999 1396 tunica;
1032 1336 1148 1384 tres
1202 1333 1470 1399 conversi,
1523 1340 1719 1389 cantor

121 1407 597 1468 hebdomadarius
622 1431 797 1486 cappa
820 1434 833 1481 ;
867 1417 978 1472 duo
1003 1418 1206 1473 fratres
1235 1420 1304 1489 ad
1338 1423 1712 1492 responsoria.

122 1498 260 1552 Ante
280 1499 515 1555 missam
539 1503 834 1573 pulsentur
851 1505 1031 1576 signa,
1056 1507 1201 1562 sicut
1217 1507 1277 1562 in
1310 1508 1468 1564 festis
1495 1510 1710 1579 diebus,

118 1584 313 1641 litania
333 1589 569 1644 minime
588 1591 841 1661 dicatur;
866 1595 1036 1661 Kyrie
1050 1599 1248 1651 cleison
1263 1597 1521 1652 festivum
1543 1616 1713 1654 cana-

114 1678 224 1741 tur,
258 1692 377 1730 una
406 1683 630 1733 tantum
675 1681 907 1736 collecta
953 1682 1197 1741 dicatur.
1235 1685 1294 1739 Si
1344 1686 1617 1742 festivitas
1654 1688 1713 1743 in

1801 541 1941 595 lium
1971 541 2201 596 indutus
2217 555 2391 610 cappa
2408 538 2466 592 in
2481 538 2715 592 chorum
2732 531 3396 602 revertatur.Antiphona

1800 631 1872 684 ad
1899 631 2217 684 Benedictus
2240 632 2331 683 ter
2346 627 2585 681 dicatur.

1869 719 1955 772 Ad
1985 717 2245 789 primam,
2273 716 2382 770 duo
2404 716 2616 784 majora
2630 713 2792 784 signa
2808 711 3122 783 pulsentur.
3143 711 3281 764 Tres
3303 724 3396 762 ce-

1799 807 1882 861 rei
1911 813 2043 861 ante
2080 807 2258 860 altare
2286 804 2682 868 accendantur,
2714 801 2976 856 similiter
3001 799 3073 854 ad
3091 799 3317 853 tertiam
3339 802 3396 852 et

1802 902 2036 955 sextam,
2064 900 2121 948 et
2139 910 2379 960 nonam;
2411 892 2720 963 capitulum
2772 888 3017 943 breviter
3068 892 3390 959 peragatur.

1872 985 2042 1039 Missa
2061 982 2408 1037 matutinalis
2426 996 2554 1035 cum
2592 994 2707 1033 una
2725 978 2959 1033 collecta
2985 981 3043 1031 et
3068 975 3395 1047 praefatione

1801 1073 2199 1127 dicatur.Dum
2219 1071 2476 1125 sacerdos
2506 1070 2563 1123 in
2585 1084 2797 1122 canone
2831 1071 2935 1133 est,
2969 1064 3390 1120 remanentibus

1798 1161 2103 1216 infantibus
2132 1177 2256 1214 cum
2285 1158 2570 1229 magistris
2612 1156 2729 1211 suis
2785 1156 2842 1210 in
2896 1156 3083 1219 choro,
3134 1152 3230 1225 qui
3258 1158 3390 1207 ante

1798 1250 2028 1303 missam
2051 1248 2258 1303 debent
2285 1264 2404 1302 esse
2431 1245 2634 1311 induti,
2666 1245 2851 1299 caeteri
2891 1248 3131 1314 pergant
3155 1241 3389 1295 induere

1797 1355 1894 1405 se;
1927 1338 2042 1409 qui,
2074 1337 2408 1408 accipientes
2430 1351 2465 1388 a
2493 1332 2794 1388 secretario
2849 1329 3198 1396 vestimenta,
3231 1334 3390 1383 extra

1798 1427 2163 1495 secretarium
2195 1442 2254 1479 se
2303 1424 2559 1478 induant.
2593 1422 2652 1476 Si
2679 1437 2809 1475 vero
2853 1436 3058 1492 parvus
3102 1419 3257 1473 locus
3279 1423 3383 1483 est,

1798 1520 1998 1569 exeant
2017 1514 2191 1585 aliqui
2218 1514 2277 1568 in
2291 1513 2597 1567 claustrum
2626 1510 2714 1564 vel
2742 1509 3070 1581 capitulum,
3114 1512 3172 1561 et
3198 1506 3277 1561 ibi
3306 1506 3388 1560 in-

1796 1602 1975 1657 duant
1993 1620 2074 1656 se.
2101 1601 2360 1657 Meliores
2404 1617 2533 1654 vero
2572 1598 2712 1654 albae
2750 1597 3074 1653 tribuantur
3108 1593 3386 1667 prioribus

1797 1696 1855 1746 et
1882 1691 2295 1747 honestioribus
2315 1690 2597 1761 personis;
2629 1687 3016 1758 unusquisque
3035 1700 3182 1751 mox,
3215 1688 3280 1737 ut
3305 1683 3389 1737 in-

114 1762 216 1816 hac
243 1763 336 1819 die
363 1768 634 1834 evenerit,
669 1770 842 1825 missa
861 1772 1211 1827 matutinalis
1239 1774 1309 1828 de
1339 1792 1404 1829 ea
1433 1782 1709 1834 cantetur.
1731 1762 1777 1821 Β
1798 1781 1968 1835 dutus
1993 1780 2182 1840 fuerit.
2217 1784 2532 1836 revertatur
2557 1778 2617 1831 in
2645 1778 2877 1831 chorum
2901 1794 2914 1842 ;
2942 1774 3114 1828 missa
3138 1776 3382 1843 peracta,

112 1851 195 1904 Ad
216 1866 427 1907 nonam
444 1855 557 1909 duo
572 1857 786 1926 majora
806 1858 968 1928 signa
1002 1861 1317 1930 pulsentur.
1335 1863 1419 1916 Ad
1450 1880 1709 1934 vesperas

114 1938 220 1993 duo
249 1941 509 2008 minima,
536 1944 738 1999 dehinc
759 1947 1041 2016 gradatim
1088 1949 1198 2003 duo
1253 1956 1310 2004 et
1338 1951 1470 2016 duo,
1511 1953 1582 2006 ad
1621 1970 1710 2006 ex-

113 2032 358 2083 tremum
392 2033 606 2088 omnia.
639 2034 795 2088 Inter
821 2035 1001 2106 signa,
1033 2037 1337 2093 luminaria
1378 2042 1706 2095 monasterii

113 2120 297 2171 omnia
309 2120 708 2176 accendantur.
730 2126 877 2178 Ante
910 2125 1131 2195 singula
1171 2127 1372 2182 altaria
1401 2145 1523 2199 quae
1553 2135 1708 2185 extra

111 2205 521 2277 presbyterium
541 2216 692 2277 sunt,
722 2211 945 2282 singula
970 2213 1275 2269 luminaria
1302 2217 1556 2272 ardeant.
1588 2221 1706 2273 An-

110 2293 369 2390 tiphonas
398 2313 571 2390 super
598 2300 863 2370 psalmos,
895 2301 1097 2372 quibus
1137 2310 1331 2359 cantor
1356 2309 1703 2378 praeceperit,

111 2382 398 2453 incipiant.
432 2386 871 2457 Responsorium
906 2400 1150 2461 quatuor
1175 2393 1233 2446 in
1265 2395 1456 2465 cappis
1479 2402 1699 2451 canant.

113 2470 441 2542 Antiphona
495 2475 567 2529 ad
624 2478 946 2545 Magm'ﬁcat
996 2486 1085 2533 ter
1120 2480 1376 2551 dicatur;
1440 2483 1611 2537 abbas
1649 2492 1707 2539 et

113 2559 260 2628 prior
289 2563 485 2633 cappis
515 2563 699 2619 induti
728 2566 1028 2623 incensent
1073 2575 1313 2641 utraque
1368 2572 1703 2643 presbyterii

111 2647 326 2713 altaria,
359 2656 493 2705 ante
519 2656 579 2706 et
598 2652 841 2725 desuper
868 2657 1096 2728 utrique
1125 2658 1311 2726 simul,
1344 2661 1553 2730 singuli
1593 2663 1706 2716 sin-

108 2735 238 2805 gula
272 2738 471 2794 latera.
492 2741 683 2796 Parati
711 2743 828 2797 sint
871 2744 982 2799 duo
1011 2747 1108 2799 alii
1145 2748 1460 2803 sacerdotes
1500 2749 1706 2804 hebdo-

110 2825 365 2893 madarii,
380 2828 595 2883 scilicet
612 2831 843 2901 majoris
860 2834 1065 2900 missae,
1086 2841 1144 2889 et
1186 2836 1437 2903 minoris,
1462 2839 1558 2909 qui
1576 2840 1703 2894 thu-

111 2912 289 2969 ribula
318 2914 389 2970 de
418 2915 612 2972 eorum
634 2920 895 2975 manibus
917 2923 1213 2993 accipiant,
1241 2930 1298 2979 et
1314 2925 1464 2994 hinc,
1484 2933 1541 2981 et
1567 2928 1698 2982 inde

110 3017 207 3071 per
231 3003 438 3059 altaria
466 3022 589 3076 quae
634 3013 791 3063 extra
834 3016 964 3064 sunt
1005 3011 1430 3082 circumferant;
1473 3017 1569 3086 qui
1613 3033 1698 3070 re-

1795 1871 1844 1925 si
1862 1871 1980 1923 dies
2001 1869 2326 1923 Dominicus
2358 1884 2469 1922 non
2485 1866 2676 1931 fuerit,
2689 1869 2941 1920 cessante
2959 1864 3172 1933 majore
3201 1861 3380 1932 signo,

1790 1959 1938 2030 quod
1970 1958 2213 2029 incoepta
2240 1956 2441 2011 ultima
2469 1955 2703 2009 collecta
2722 1953 2904 2007 missae
2933 1952 3145 2023 pulsari
3194 1951 3379 2021 caspit,

1790 2048 1890 2101 fiat
1910 2047 2090 2101 oratio
2112 2045 2308 2099 tertiae.
2329 2046 2464 2099 Post
2478 2043 2812 2107 orationem,
2834 2042 3056 2112 pulsato
3071 2038 3180 2094 alio
3197 2038 3376 2108 signo,

1789 2141 2047 2189 cantetur
2073 2133 2259 2188 tertia.
2396 2126 2405 2134 ’

1861 2224 1921 2279 Si
1936 2240 2067 2278 vero
2082 2221 2407 2277 Dominicus
2423 2220 2608 2286 fuerit,
2625 2219 2843 2290 expleta
2854 2214 3171 2271 matutinali
3186 2213 3378 2280 missa,

1788 2329 1901 2367 non
1920 2312 2139 2383 pulsato
2156 2311 2337 2365 adhuc
2354 2309 2536 2364 tertiae
2550 2308 2731 2378 signo,
2763 2308 2860 2361 ﬁat
2889 2320 3038 2376 aqua
3064 2303 3376 2367 benedicta,

1788 2401 1930 2456 sicut
1952 2400 2078 2454 aliis
2104 2398 2412 2455 Dominicis
2438 2396 2635 2451 diebus
2664 2396 2784 2449 ﬁeri
2816 2395 2990 2457 solet;
3022 2394 3155 2448 dum
3189 2398 3380 2447 cantat

1785 2492 2044 2558 Asperch
2074 2487 2423 2558 mepulsetur
2452 2486 2634 2553 majus
2661 2484 2883 2554 signum
2905 2482 2976 2535 ad
3006 2480 3246 2534 tertiam.
3270 2481 3378 2533 As-

1787 2594 1953 2648 persa
1982 2592 2129 2647 aqua
2147 2575 2462 2640 benedicta,
2492 2572 2659 2627 vadat
2688 2571 2947 2625 sacerdos
2975 2586 3077 2641 per
3106 2569 3376 2631 officinas,

1787 2682 1914 2720 cum
1943 2664 2308 2737 portitoribus
2337 2680 2495 2734 aquae
2508 2668 2564 2716 et
2590 2661 2789 2715 crucis.
2812 2660 3077 2714 Cessante
3097 2658 3257 2727 signo
3280 2658 3380 2711 ﬁat

1788 2755 1967 2809 oratio
1991 2754 2195 2811 tertize.
2217 2754 2341 2817 Qua
2353 2752 2590 2823 expleta,
2614 2750 2835 2821 pulsato
2864 2748 2974 2802 alio
3002 2748 3184 2831 signo,
3214 2762 3376 2800 cana-

1782 2848 1878 2896 tur
1905 2844 2090 2897 tertia.
2127 2842 2395 2897 Sacerdos
2420 2839 2668 2904 interim,
2702 2838 2797 2908 qui
2827 2854 2929 2908 per
2947 2836 3196 2890 ofﬁcinas
3252 2835 3371 2901 ivit,

1782 2938 2066 2985 revertens
2094 2935 2225 2984 ante
2250 2930 2545 2984 introitum
2586 2925 2932 2991 monasterii,
2973 2925 3122 2978 dicat
3163 2924 3375 2978 oratio-

1778 3036 1909 3074 nem
1938 3020 2195 3087 solitam;
2227 3018 2429 3073 dehinc
2457 3018 2675 3071 intrans
2706 3020 2837 3069 ante
2869 3029 3046 3068 unum
3074 3013 3144 3067 de
3169 3012 3366 3068 altari-

110 3095 384 3146 vertentes
412 3094 473 3147 in
501 3094 736 3150 chorum
775 3096 965 3152 abbati
988 3100 1164 3171 prius,
1186 3103 1362 3172 priori
1388 3110 1584 3175 postea
1619 3106 1757 3173 fe-C
1777 3107 1903 3173 bus,
1945 3110 2036 3163 Via
2062 3114 2404 3163 sanctorum.

109 3184 249 3243 rant,
281 3185 429 3249 post,
465 3180 547 3235 eis
574 3183 671 3252 qui
697 3188 1117 3255 responsorium
1161 3195 1545 3259 cantaverunt,
1586 3210 1699 3248 non

108 3264 265 3320 ambo
294 3267 483 3336 simul,
512 3271 611 3325 sed
649 3288 796 3327 unus
848 3275 998 3344 hinc,
1029 3282 1085 3330 et
1130 3278 1274 3332 alter
1295 3279 1459 3347 inde;
1499 3280 1699 3336 dehinc

108 3353 212 3408 duo
236 3358 489 3412 conversi
519 3358 579 3413 in
607 3360 768 3429 albis,
813 3365 1028 3419 caeteris
1062 3365 1351 3421 fratribus.
1397 3367 1601 3424 Abbati
1629 3371 1697 3424 de

107 3441 239 3496 libro
264 3445 473 3499 serviat
524 3447 619 3517 qui
667 3449 1017 3506 thuribulum
1046 3454 1117 3508 de
1166 3456 1287 3525 ejus
1325 3472 1498 3511 manu
1538 3474 1699 3512 acce-

106 3530 203 3600 pit.

172 3627 231 3686 Ξ
251 3626 302 3687 τ
318 3627 357 3686 1
395 3624 461 3677 In
480 3622 550 3678 iis
577 3624 779 3695 vigiliis
802 3628 1008 3684 tabulae
1024 3631 1307 3687 refectorii
1355 3633 1559 3689 debent
1579 3652 1700 3690 esse

112 3714 403 3778 coopertze.

173 3797 235 3850 In
257 3798 505 3854 crastino
545 3806 677 3856 ante
701 3809 1006 3861 nocturnas
1031 3808 1251 3879 vigilias
1276 3810 1346 3864 ad
1378 3812 1697 3869 excitandos

104 3882 296 3939 fratres
308 3888 609 3956 pulsentur
628 3892 818 3947 omnia
837 3894 996 3964 signa
1020 3914 1032 3962 ;
1051 3896 1253 3951 dehinc
1279 3899 1563 3968 gradatim
1583 3903 1694 3958 duo

1855 3197 2014 3251 Dicta
2040 3197 2225 3262 tertia,
2258 3196 2571 3250 distributis
2589 3194 2799 3266 cappis,
2817 3192 3103 3263 dispositis
3129 3189 3191 3246 in
3204 3191 3373 3246 choro

1781 3301 1817 3338 a
1842 3290 2088 3350 cantare,
2109 3285 2205 3356 qui
2225 3300 2293 3338 ea
2320 3301 2442 3355 quae
2468 3283 2746 3354 portanda
2773 3287 2905 3336 sunt
2926 3286 3150 3353 portare
3171 3279 3377 3334 debent

1785 3372 1876 3445 [f.,
1905 3373 2112 3444 debet],
2139 3378 2340 3427 exeant
2385 3389 2580 3426 omnes
2632 3372 2739 3425 hoc
2793 3370 2987 3424 ordine
3041 3369 3374 3440 processuri.

1780 3461 2031 3516 Primum
2060 3478 2356 3517 conversus
2385 3463 2571 3515 ferens
2594 3460 2821 3514 situlam
2866 3475 2993 3513 cum
3032 3474 3181 3529 aqua
3204 3456 3376 3511 bene-

1781 3551 1963 3605 dicta:
1988 3551 2190 3605 dehinc
2209 3552 2319 3605 duo
2349 3555 2639 3622 portantes
2658 3550 2799 3603 duas
2824 3564 3016 3603 cruces
3041 3567 3052 3615 ;
3084 3552 3211 3619 post
3230 3563 3371 3618 quos

1782 3640 1893 3694 duo
1917 3657 2044 3694 cum
2075 3639 2292 3694 duobus
2321 3638 2689 3704 candelabris,
2725 3637 2972 3692 accensis
3002 3637 3244 3707 desuper
3277 3654 3368 3691 ce-

1779 3729 1923 3796 reis;
1957 3729 2053 3782 alii
2082 3729 2193 3783 duo
2226 3728 2469 3783 ferentes
2499 3729 2609 3782 duo
2633 3726 2923 3781 thuribula
2966 3726 3096 3795 igne
3125 3730 3183 3779 et
3201 3725 3370 3779 thure

1777 3819 1945 3889 plena
1965 3836 1978 3884 ;
2001 3818 2105 3872 hos
2124 3823 2434 3887 sequantur
2448 3817 2558 3871 duo
2578 3815 2904 3870 subdiaconi
2932 3814 3137 3867 tunicis
3165 3812 3370 3879 induti,

1777 3912 2068 3977 portantes
2094 3906 2233 3960 duos
2249 3904 2877 3976 Evangeliorumtextus
2901 3921 2913 3971 ;
2936 3906 3062 3972 post
3085 3917 3244 3972 quos,
3277 3901 3367 3955 in-

104 3978 154 4075 et
172 3972 301 4074 duo,
330 3976 403 4029 ad
434 3983 749 4075 extre—mum
767 3983 976 4038 omnia.
1009 3985 1095 4039 Ad
1146 3986 1531 4043 invitatorium
1560 4007 1694 4060 qua-
1773 3995 1958 4049 fantes
1979 4012 2106 4049 cum
2123 3972 2575 4064 magistris'suis;
2601 3991 3021 4046 extremiabbas
3046 3995 3104 4044 et
3126 3989 3362 4060 prieres,

100 4064 298 4159 tuor‘in
319 4065 530 4159 cappis.
566 4068 755 4123 Terna
783 4074 1137 4142 responsoria
1172 4075 1231 4129 in
1258 4077 1441 4131 tribus
1470 4085 1693 4133 noctur-
1773 4082 2503 4153 praecedentibusaliisbinis
2515 4079 3366 4146 etbinis,sicutestordoeorum.

100 4150 324 4252 ms,duo
339 4153 548 4252 et‘duo;
576 4164 860 4226 quartum,
905 4168 1174 4231 quatuor;
1216 4172 1492 4231 octavum,
1528 4169 1691 4239 quin-
1846 4173 1986 4226 Cum
2011 4172 2289 4242 processio
2317 4172 2386 4224 de
2407 4171 2574 4224 choro
2603 4168 2802 4240 incipit
2852 4168 3018 4235 exire,
3065 4168 3361 4239 pulsentur

105 4253 206 4339 que
227 4240 690 4339 {duo-decimum,-
708 4263 804 4339 ser
832 4256 1054 4305 canant.
1093 4252 1159 4306 In
1184 4252 1368 4308 tribus
1400 4258 1693 4311 nocturnis
1776 4260 1887 4314 duo
1915 4240 2133 4329 majora
2159 4261 2337 4330 signa,
2369 4276 2482 4313 non
2511 4263 2797 4313 cessatura
2823 4274 3001 4327 usque
3058 4257 3193 4311 dum
3225 4273 3363 4328 pro-

248 4328 457 4427 legitur
483 4332 653 4427 tertia
676 4334 840 4427 lectio
861 4338 972 4392 duo
1019 4342 1357 4410 sacerdotes,
1382 4345 1572 4416 cappis
1597 4345 1686 4399 in-
1707 4343 1757 4403 D
1773 4349 1947 4402 cessio
1977 4349 2035 4401 in
2064 4349 2294 4402 chorum
2322 4348 2397 4402 sit
2425 4364 2664 4413 reversa,
2692 4352 3021 4417 cessentque
3046 4346 3156 4400 alia
3179 4324 3361 4417 signa.

103 4413 231 4519 duti,
260 4425 559 4519 incensent
584 4422 807 4519 altaria,
832 4428 1018 4497 majus
1037 4433 1094 4481 et
1134 4429 1353 4497 minus;
1387 4432 1589 4487 dehinc
1615 4434 1692 4487 fe-
1771 4437 2142 4490 Procedentes
2182 4453 2282 4506 per
2320 4438 2564 4507 majores
2596 4437 2803 4506 januas
2835 4413 3361 4490 monasteriumvih-

105 4510 220 4558 rant
248 4505 459 4574 abbati,
489 4516 545 4562 et
569 4511 764 4580 priori,
788 4520 846 4568 et
872 4517 1086 4571 caeteris
1109 4518 1378 4574 fratribus
1408 4539 1510 4592 per
1535 4523 1688 4577 ordi-
1773 4530 2015 4589 troeant,
2051 4530 2108 4578 et
2135 4505 2266 4579 ante
2294 4505 2618 4580 cruciﬁxum
2648 4525 2950 4580 stationem
2970 4524 3196 4579 faciant.
3238 4525 3363 4589 Qua

101 4606 216 4696 nem
280 4600 559 4696 octavum,
593 4604 651 4653 et
676 4601 1069 4659 duodecimum
1093 4610 1510 4677 responsorium
1561 4618 1688 4682 post
1769 4614 1932 4679 facta,
1967 4614 2183 4684 expleto
2203 4620 2371 4668 cantu
2401 4631 2566 4684 quem
2620 4614 2982 4685 incoeperant,
3015 4613 3248 4684 incipiat
3273 4613 3366 4668 ab-

103 4679 277 4780 G‘lom'a
309 4699 358 4780 ἐξ
407 4685 605 4780 capite
627 4696 973 4759 repetantur;
997 4696 1359 4765 pronuntiato
1389 4679 1687 4769 Evangelia
1769 4702 1868 4758 bas
1894 4704 1977 4756 vel
1999 4679 2195 4757 cantor
2209 4704 2355 4773 quod
2384 4679 2454 4756 ad
2484 4704 2668 4773 ipsum
2698 4679 2845 4757 idem
2870 4679 3169 4773 pertineat,
3202 4710 3260 4758 et
3279 4703 3359 4758 sic

102 4764 265 4861 altare
292 4769 761 4861 discooperiatur,
780 4784 837 4833 et
852 4782 1043 4835 omnia
1062 4783 1364 4838 luminaria
1385 4787 1687 4841 accendan-
1770 4791 2099 4846 sonantibus
2124 4791 2382 4845 omnibus
2407 4791 2583 4861 signis
2636 4764 2889 4845 chorum-
2916 4792 3216 4852 introeant,
3248 4793 3360 4845 eis-

105 4856 205 4951 tur.
231 4856 316 4910 Ad
350 4859 418 4951 Te
438 4863 608 4918 Deum
635 4866 932 4924 laudamus
953 4871 1064 4925 duo
1112 4874 1326 4943 majora
1369 4875 1529 4945 signa
1558 4878 1687 4947 pul-
1770 4896 1878 4951 que
1901 4879 2247 4934 cessantibus
2272 4856 2500 4933 missam
2526 4879 2817 4949 incipiant.

102 4948 283 5046 έθηίξξν
310 4965 325 5013 ὃ
362 4948 508 5046 “fcto
559 4952 881 5046 Isivapgelio,
945 4960 1180 5015 collecta
1234 4962 1406 5031 dicta,
1447 4966 1685 5034 pulsatis
1785 4948 1806 4951 ⁷
1842 4970 1988 5022 Ante
2013 4969 2197 5022 missae
2246 4967 2537 5021 introitum
2586 4948 2872 5021 sternatur
2911 4985 3085 5022 unum
3109 4974 3210 5022 aut
3246 4968 3357 5022 duo

103 5032 345 5133 amnibus
365 5036 558 5133 signis,
583 5040 808 5133 inchoet
847 5049 1107 5103 sacerdos
1136 5052 1443 5106 matutinas
1470 5053 1683 5109 laudes.
1767 5057 1982 5128 tapetia
2010 5074 2109 5128 per
2157 5062 2540 5111 transversum
2593 5055 2766 5122 chori,
2822 5054 2917 5109 ubi
2963 5062 3113 5110 stare
3162 5055 3365 5110 debeat

102 5114 296 5226 1331216
323 5140 383 5226 in
415 5129 741 5226 vestiarium
770 5149 967 5188 rursus
1005 5138 1252 5191 casulam
1283 5146 1341 5192 et
1367 5141 1567 5194 stolam
1588 5142 1686 5195 de-
1770 5151 1967 5199 cantor
1997 5152 2053 5199 et
2104 5145 2289 5200 caeteri
2344 5161 2483 5216 quos
2527 5144 2593 5198 ad
2644 5161 2704 5198 se
2726 5144 3003 5198 vocaverit
3031 5145 3101 5198 ad
3129 5145 3361 5200 chorum

104 5213 285 5309 ponat,
305 5218 363 5265 et
392 5214 472 5269 sic
499 5216 557 5309 in
586 5218 713 5274 alba
743 5236 870 5276 cum
908 5225 1196 5296 manipulo
1230 5227 1289 5280 in
1329 5228 1560 5283 chorum
1592 5247 1683 5285 re-
1766 5235 2093 5304 regendum.
2125 5234 2336 5288 Omnes
2359 5213 2553 5299 —cerei,
2615 5234 2710 5304 qui
2756 5234 2814 5287 in
2863 5233 3083 5287 coronis
3113 5240 3264 5301 sunt,
3306 5240 3364 5288 et

103 5294 512 5403 ξςξξςὶηῆωῼιο
544 5307 756 5380 hymno
786 5318 962 5379 exeat,
1021 5294 1370 5387 manipulum
1416 5319 1679 5390 deponat,
1765 5294 1967 5377 caetera
2020 5324 2321 5377 luminaria
2355 5341 2477 5394 qua:
2515 5294 2573 5377 in
2621 5294 2788 5377 choro
2828 5329 2885 5377 et
2922 5294 3268 5393 presbyterio
3307 5331 3364 5378 et

104 5397 322 5483 ςθξρᾳω
348 5394 567 5463 induat,
592 5405 651 5454 et
669 5417 795 5455 cum
831 5402 942 5456 alio
980 5403 1155 5459 fratre
1210 5406 1472 5461 similiter
1506 5424 1684 5479 cappa
1766 5415 1896 5464 ante
1908 5412 2233 5466 cruciﬁxum
2250 5419 2401 5477 sunt,
2425 5411 2821 5465 accendantUr.
2847 5410 3057 5465 Cantor
3071 5410 3361 5481 provideat

104 5477 303 5546 indutO,
326 5483 472 5539 sicut
498 5487 571 5540 ad
588 5488 880 5545 hesternas
903 5508 1184 5563 vesperas,
1220 5511 1346 5549 cum
1377 5477 1680 5551 thuribulis
1765 5504 1901 5568 quot
1930 5505 1988 5553 et
2013 5500 2129 5570 qui,
2151 5517 2274 5570 quae
2301 5499 2683 5568 singulariter,
2730 5500 3011 5553 cantanda
3055 5477 3207 5565 sunt,
3234 5516 3362 5555 can-

102 5582 195 5635 per
218 5572 412 5629 altaria
439 5576 625 5650 vadat,
649 5578 866 5635 duobus
884 5583 1166 5639 conversis
1196 5600 1325 5639 cum
1367 5585 1448 5641 eis
1465 5586 1698 5649 indutis.
1761 5592 1900 5642 tent.
1933 5588 2019 5644 Ad
2043 5589 2395 5659 sequentiam
2427 5588 2537 5642 duo
2581 5589 2800 5658 majora
2835 5587 2998 5657 signa
3042 5590 3357 5660 pulsentur.
