3892 6346
114 317 206 396 ιθῖ

1037 323 1366 399 etatem
1403 322 1546 400 ptio
1593 321 1864 401 summa
1907 324 1968 401 si.
2007 320 2412 404 smmum.

3252 323 3358 403 iis

108 468 183 522 vel
207 467 263 521 in
299 458 545 538 pasCHali
573 465 945 532 solemnitate,
989 465 1079 521 ve'l
1106 455 1288 523 tribus
1318 459 1681 542 s‘e'q'ueiitibus
1696 459 2026 532 Anumerus
2047 460 2399 529 sacerdotum
2421 465 2613 530 tantus
2634 467 2736 531 est.
2753 465 2915 531 Dicta
2941 457 3129 540 tertia;
3158 465 3360 543 agatur

108 557 352 620 evenerit,
383 557 442 609 in
474 552 723 627 quintam
755 551 950 610 feriam
981 555 1105 627 post
1134 557 1453 628 paschalem
1487 561 1685 614 solem-

108 646 320 699 nitatem
353 639 662 699 differatur.
691 643 981 700 Festivitas
1011 643 1119 700 ista
1146 655 1280 701 tunc
1311 638 1389 703 ita
1419 640 1682 703 solemni-

107 733 184 787 ter
207 731 400 804 agatur
429 735 573 788 sicut
596 732 870 806 paschalis
902 733 1244 800 solemnitas,
1281 729 1506 809 escepto
1535 741 1682 808 quod

108 840 192 894 pro
218 823 370 876 skilla
398 817 531 877 ante
554 819 853 878 nocturnas
879 824 1095 895 vigilias
1123 821 1190 878 ad
1225 828 1542 880 excitandos
1568 819 1680 881 fra-

107 916 204 966 tres
230 909 520 966 classicum
547 910 658 967 non
690 907 941 983 pulsetur
975 909 1077 968 nec
1104 915 1384 984 processio
1416 917 1529 968 ﬁat.
1564 918 1678 969 An-

108 999 325 1072 tiphonae
370 1007 430 1054 et
475 998 847 1072 re'spons'oria,
885 1016 1006 1074 quae
1049 1003 1105 1056 in
1153 997 1256 1056 hac
1288 997 1587 1058 festivitate
1620 1006 1678 1059 in

109 1087 516 1160 quadragesima
545 1089 898 1156 canerentur,
933 1091 992 1144 in
1021 1093 1123 1145 hoc
1152 1109 1373 1162 quoque
1404 1100 1674 1163 tempore,

107 1195 213 1232 cum
240 1177 516 1248 adjunctis
545 1177 804 1233 Alleluiis
833 1178 1124 1242 canuntur,
1160 1183 1416 1234 versiculi
1457 1199 1677 1251 quoque

105 1284 272 1322 omnes
301 1284 429 1322 cum
480 1261 636 1321 finali
672 1267 914 1322 Alleluia
944 1269 1226 1325 dicantur.
1266 1259 1672 1341 Invitatorium,

103 1357 334 1423 Alleluia,
368 1360 606 1411 alleluia
653 1347 954 1410 secundum
1005 1357 1302 1411 melodiam
1347 1353 1672 1426 invitatorii,

104 1444 194 1499 .lve
218 1439 417 1509 Maria,
452 1445 671 1498 cantica
695 1443 762 1498 de
786 1445 1042 1498 Adventu
1074 1443 1317 1499 Domini.

160 1532 250 1586 Die
296 1533 660 1586 Ascensionis
708 1533 914 1587 Christi
953 1535 1049 1586 fiat
1099 1533 1378 1604 processio
1416 1536 1472 1588 in
1511 1529 1671 1601 albis,

104 1623 173 1674 vel
197 1625 343 1675 extra
373 1622 687 1675 Claustrum
729 1621 878 1694 eirea
917 1623 1241 1676 monasterii
1273 1625 1505 1690 curiam,
1541 1641 1682 1694 prae-

105 1707 403 1764 cedentibus
436 1711 654 1764 vexillis
685 1704 740 1764 et
768 1709 1037 1781 reliquiis,
1063 1729 1189 1764 cum
1214 1707 1444 1783 reliquis
1467 1731 1587 1784 qum
1611 1715 1680 1768 ad

105 1799 332 1852 festivam
381 1799 800 1869 processionem
850 1799 1161 1869 praecedere
1206 1801 1404 1865 solent,
1456 1802 1540 1854 vel
1581 1817 1680 1871 per

105 1889 384 1941 claustrum
425 1888 551 1941 sine
599 1887 846 1954 vexillis;
900 1905 965 1941 ex
1012 1905 1120 1958 quo
1159 1889 1354 1959 incipit
1399 1887 1678 1959 processio

106 1978 248 2040 exire,
270 1978 570 2046 pulsentur
591 1977 699 2029 duo
720 1977 897 2045 signa,
923 1977 1066 2031 sicut
1085 1970 1342 2048 superius
1364 1977 1571 2032 dictum
1596 1985 1704 2032 est

107 2063 150 2118 in
180 2065 260 2118 die
285 2059 611 2119 Nativitatis
639 2073 840 2119 sanctae
865 2066 1074 2119 Mariae.
1098 2050 1180 2119 Ad
1203 2062 1460 2136 vesperas
1481 2068 1678 2138 psalmi

104 2156 232 2207 Din“!
260 2144 553 2219 Dominus,
601 2157 827 2208 [Αἰαίης
856 2172 980 2207 sum.
1011 2159 1073 2208 in
1105 2155 1208 2218 his,
1241 2157 1366 2210 Nisi
1391 2157 1676 2221 Dominus,

106 2243 338 2296 Memento
368 2245 604 2296 Domine
634 2259 758 2296 cum
800 2238 1106 2313 antiphona
1139 2246 1209 2297 De
1245 2246 1435 2311 fructu.
1475 2248 1681 2297 venir-is

106 2334 187 2384 lui.
215 2327 314 2395 Qui
345 2326 603 2402 psalmus
632 2349 755 2384 cum
789 2333 888 2384 hac
919 2327 1228 2402 antiphona'.
1267 2338 1498 2402 quartus
1542 2325 1680 2385 dici-

105 2426 180 2473 tur
205 2420 255 2473 in
282 2413 548 2474 omnibus
576 2414 968 2474 festivitatibus
991 2428 1196 2474 sancta:
1220 2421 1426 2475 Mariae.

164 2509 215 2562 In
242 2499 546 2563 festivitate
575 2508 749 2562 Sancti
781 2509 1066 2562 Michaelis
1095 2511 1295 2579 psalmi
1323 2511 1391 2562 ad
1422 2521 1680 2579 vesperas

107 2599 231 2650 Dixit
259 2599 555 2659 Dominus,
592 2598 907 2663 Conﬁtebor,
949 2595 1138 2650 Beatus
1166 2601 1276 2663 νίν,
1308 2599 1456 2651 aliud
1501 2600 1678 2665 Conﬂ-

107 2687 228 2739 tebor
253 2697 375 2740 cum
408 2679 724 2756 antipliona
752 2684 817 2738 In
849 2692 1127 2755 conspectu
1159 2679 1513 2751 .rlngcloru—m.

161 2767 348 2845 Vigilia
391 2769 670 2844 Omnium
709 2767 1040 2828 sanctorum
1085 2782 1155 2828 ad
1188 2766 1446 2846 vesperas
1477 2771 1678 2845 psalmi

106 2881 208 2918 cum
246 2859 574 2937 antiphonis‘
602 2851 670 2918 de
715 2863 849 2934 ipsis
895 2859 1125 2935 psalmis
1173 2857 1268 2935 qui
1324 2863 1572 2935 quotidie
1612 2867 1681 2919 ad

107 2943 273 3008 eorum
301 2945 641 3008 memoriam
684 2953 1030 3022 solent-dici;
1067 2944 1273 3023 preces,
1307 2941 1427 3008 Post
1451 2957 1680 3022 partum

106 3047 254 3111 virgo,
293 3034 348 3097 et
390 3034 618 3097 caeteta.
670 3035 810 3096 cum
854 3032 1063 3095 dictum
1113 3031 1282 3095 fuerit
1322 3035 1682 3096 Adduccntur

106 3135 204 3196 regi
244 3123 490 3198 virgines
527 3136 643 3198 post
686 3143 825 3196 eam,
879 3127 1221 3200 adjungatur
1267 3133 1371 3185 Pro
1400 3133 1679 3198 fratribus

109 3225 282 3273 nostris
292 3215 631 3281 absentibus;
652 3220 801 3272 Mitte
823 3224 915 3285 eis,
933 3221 1062 3272 Dom
1072 3223 1190 3281 ine;
1219 3215 1462 3283 Domino,
1481 3221 1681 3272 mandi

105 3311 417 3377 mulionem;
446 3298 699 3372 Domine,
744 3309 1012 3361 Dominus
1052 3300 1366 3371 oirtutmn;
1410 3297 1679 3361 Dominus

108 3378 380 3450 robiis-cum.-
426 3387 568 3451 Post
617 3393 903 3449 collectam
962 3397 1421 3449 commemoratio
1469 3398 1679 3449 solum-

106 3486 246 3538 modo
266 3479 330 3540 de
345 3485 547 3540 sancta
570 3501 748 3538 cruce.
772 3487 834 3538 In
855 3485 1099 3538 crastino
1123 3486 1191 3538 ad
1214 3486 1406 3538 laudes
1423 3485 1682 3538 similiter

107 3561 270 3640 preces
315 3577 432 3628 Post
483 3569 711 3642 partum
747 3577 923 3639 uirgo,
957 3567 1026 3626 ad
1066 3571 1323 3643 veSperas
1373 3573 1591 3644 psalmi,
1626 3580 1681 3626 et

106 3651 250 3730 super
270 3665 518 3733 psalmos
547 3653 884 3732 antipbonae,
919 3661 1063 3716 Sicut
1094 3661 1428 3732 przecedenti
1460 3655 1568 3718 die.

163 3749 322 3804 Dictis
366 3751 618 3820 vesperis
667 3751 958 3820 pulsentur
1006 3743 1196 3804 omnia
1246 3751 1423 3820 signa,
1457 3739 1513 3804 et
1552 3743 1681 3820 pro-

109 3836 299 3892 ductius
335 3839 505 3893 solito
534 3831 807 3891 canantur
840 3829 1077 3909 vesperae
1105 3853 1204 3910 pro
1235 3829 1537 3899 Defunctis,
1572 3840 1679 3892 nisi

109 3913 155 3976 in
195 3917 426 3980 crastino
474 3923 548 3980 Sit
593 3925 711 3980 dies
741 3923 1082 3986 Dominicus.
1114 3918 1198 3981 vel
1229 3927 1488 3998 quaelibet
1525 3929 1681 3980 festi-

111 4013 228 4066 vitas
271 4007 564 4069 duodecim
607 4001 930 4069 lectiunum.
974 4006 1217 4070 Collecta
1266 4031 1380 4068 una
1411 4015 1677 4069 Fideliznn

113 4102 243 4157 Deus.
263 4094 545 4175 Sequente
569 4103 756 4158 autem
777 4097 937 4158 nocte
955 4095 1023 4158 ad
1046 4094 1306 4174 Vigiliam
1331 4096 1680 4158 mortuorum

112 4189 374 4257 pulsentur
394 4187 658 4247 similiter
677 4183 865 4246 omnia
886 4193 1064 4262 signa.
1089 4183 1219 4262 Ipsa
1245 4185 1335 4246 die
1365 4193 1682 4247 sacerdotes

115 4291 280 4334 omnes
321 4281 606 4335 celebrent
640 4272 839 4335 missas
869 4289 968 4351 pro'
1012 4279 1268 4335 omnibus
1302 4274 1555 4336 fidelibus
1584 4283 1683 4336 de-

1697 3098 1740 3156 Ο

1766 561 2043 632 processio
2073 563 2267 618 festiva
2308 565 2364 618 in
2403 566 2564 632 albis,
2599 557 2697 620 aut
2743 561 2888 619 eirea
2933 553 3356 628 monasteiiuiii,

1766 650 1811 703 si
1843 647 1996 704 locus
2024 640 2188 721 aptus
2213 658 2316 716 est,
2338 659 2438 706 aut
2461 669 2560 723 per
2578 648 2902 716 claustrum,
2921 642 3361 722 praecedentibus

1768 757 1891 809 qua:
1937 741 2188 794 festivam
2239 733 2648 811 processionem
2694 734 3004 812 praecedere
3051 737 3270 808 solent.,_
3306 731 3364 792 et

1765 821 2116 896 ingrediatur
2145 823 2546 883 monasterium
2587 827 2686 900 per
2715 823 2957 899 majores
2981 822 3205 898 jan'uas,
3242 825 3362 880 ﬁat-

1765 932 1873 986 que
1901 915 2068 969 statio
2098 908 2229 970 ante
2257 908 2603 971 crucifixum.
2638 909 2848 970 Psalmi
2873 911 2942 970 ad
2969 921 3247 986 vesperas,
3265 915 3360 986 qui

1764 1005 1820 1057 in
1857 999 2156 1059 festivitate
2199 999 2477 1076 virginum
2526 1003 2634 1059 dici
2673 1002 2874 1059 solent.
2919 1002 3050 1059 Iléc
3090 996 3361 1058 festivitas

1762 1101 1984 1148 octavas
2013 1095 2205 1166 habet.

1961 1184 2160 1237 Secrro
2192 1173 2284 1238 IX.
2315 1215 2384 1223 —
2417 1183 2743 1237 Festieilates
2777 1177 2947 1236 tertia:
2975 1175 3181 1236 Classis.

1832 1267 1974 1324 Sunt
2001 1273 2122 1326 aliae
2153 1264 2335 1326 tertia:
2380 1267 2670 1343 dignitatis
2711 1265 3061 1335 festivitates,
3095 1287 3216 1342 quae
3246 1262 3360 1324 non

1760 1351 2052 1430 tantopere
2073 1355 2440 1418 celebrantur.
2471 1363 2598 1415 Haec
2626 1368 2811 1415 autem
2843 1367 3005 1415 sunt:
3031 1346 3359 1414 festivitates

1761 1440 1940 1502 sancti
1966 1445 2265 1504 Vincentii.
2296 1451 2592 1504 Conversio
2621 1452 2797 1504 sancti
2827 1449 3006 1505 Pauli.
3031 1439 3271 1518 Philippi
3303 1439 3361 1501 et

1759 1537 1968 1591 Jacobi.
2027 1540 2277 1593 Iuventio
2323 1531 2526 1612 sanctae
2571 1540 2798 1600 crucis;
2851 1527 3043 1593 Jacobi
3101 1529 3358 1609 apostoli,

1765 1627 1942 1680 Sancti
1982 1623 2132 1681 Petri
2172 1627 2228 1681 in
2270 1628 2535 1682 Kalendis
2564 1621 2841 1698 Augusti;
2883 1623 3169 1682 Laurentii
3205 1616 3360 1680 that;

1698 1715 1937 1803 Btyris;
1981 1713 2186 1770 Octavia
2238 1717 2356 1770 dies
2385 1709 2824 1794 .Assumptionis
2874 1709 3078 1769 sanctae
3130 1707 3357 1803 Maria;

1762 1801 2153 1857 Bartholornzei
2176 1791 2744 1874 apoStoli,Augustini
2761 1803 3031 1868 doctoris;
3057 1791 3359 1856 Decollatio

1760 1887 1990 1946 Joannis
2021 1893 2300 1963 Baptistae.
2337 1881 2611 1946 Eiraltatio
2642 1886 2845 1945 sanctae
2875 1892 3092 1958 crucis;
3136 1881 3360 1960 Matlia'e'i

1762 1981 2016 2049 apoStoli,
2050 1974 2293 2035 Simonis
2343 1987 2398 2034 et
2443 1982 2618 2043 Judae,
2653 1981 2801 2034 beati
2850 1973 3097 2045 Martini,
3131 1970 3358 2033 Thomas

1765 2063 2000 2138 apostOli
2031 2089 2042 2136 ;
2077 2075 2132 2122 et
2176 2067 2222 2124 si
2255 2063 2375 2140 quae
2423 2069 2544 2124 aliae
2591 2069 2920 2122 festivitates
2959 2059 3039 2121 ita
3085 2059 3355 2128 celebrari

1765 2147 2150 2211 institUantur.

1834 2240 2020 2298 Pridie
2047 2251 2175 2298 ante
2206 2246 2305 2298 has
2335 2246 2663 2299 festivitates
2693 2237 2960 2316 parentur
2993 2240 3103 2298 duo
3133 2233 3361 2314 presby-

1764 2334 1890 2388 terii
1929 2335 2146 2399 altaria,
2190 2334 2622 2405 presbyterium,
2670 2341 2726 2387 et
2769 2335 2972 2387 chorus
3039 2333 3122 2386 Ad
3152 2323 3359 2385 nenaiti

1764 2429 1820 2476 et
1849 2423 1917 2476 ad.
1945 2439 2201 2493 vesperas
2231 2424 2529 2494 pulsentur
2550 2423 2710 2492 signa
2740 2422 2884 2476 sicut
2905 2419 3136 2492 privatis
3156 2416 3362 2473 duode-

1763 2513 1868 2564 cim
1903 2511 2250 2576 lectionibus,
2277 2504 2381 2564 nisi
2414 2509 2560 2581 quod
2593 2509 2805 2580 majora
2836 2505 2996 2579 signa
3028 2502 3239 2580 pulsari
3271 2501 3362 2562 de-

1763 2595 1914 2654 bent.
1950 2603 2086 2655 Tria
2115 2591 2450 2654 candelabra
2481 2596 2610 2653 ante
2640 2601 2834 2664 altare,
2871 2587 2928 2652 et
2966 2593 3167 2652 caetera
3193 2597 3360 2651 lumi-

1764 2685 1923 2743 naria
1964 2703 2088 2760 q‘ua:
2132 2689 2275 2742 circa
2323 2677 2455 2742 sunt
2483 2685 2897 2754 accendantur;
2934 2681 3192 2758 Vesperae
3231 2683 3359 2740 cum

1761 2796 1872 2832 una
1903 2780 2211 2848 antiphona
2231 2780 2299 2832 de
2319 2778 2438 2848 ipsa
2465 2779 2763 2831 festivitate
2783 2768 3074 2843 canantur,
3100 2776 3204 2829 nisi
3224 2781 3361 2846 prai-

1765 2867 1929 2920 cedat
1974 2867 2244 2920 festivitas
2514 2867 2582 2918 de
2638 2882 2747 2934 qua
2785 2865 3059 2918 dicantur.
3102 2855 3360 2933 Vespera:

1765 2971 1940 3026 usque
1961 2955 2030 3008 ad
2061 2956 2398 3025 capitulum;
2429 2951 2843 3024 respOnsorium
2866 2954 2910 3006 si
2941 2945 3169 3023 proptia
3189 2952 3361 3004 hiSto-

1763 3045 1848 3098 ria
1872 3039 1973 3105 est,
1996 3045 2104 3097 duo
2132 3045 2333 3096 fratres
2361 3035 2566 3095 canant
2593 3042 2647 3094 in
2673 3041 2868 3093 froccis
2888 3041 3036 3104 suis;
3069 3040 3115 3092 si
3146 3033 3255 3091 non
3277 3033 3363 3092 est

1764 3126 1990 3203 propria
2029 3131 2279 3195 historia,
2313 3131 2455 3182 sicut
2481 3125 2536 3182 in
2567 3119 2959 3182 festivitatibus
2989 3118 3361 3197 quorumdam

1764 3222 2161 3291 apostolorum,
2187 3225 2285 3272 aut
2305 3219 2350 3271 si
2370 3220 2486 3288 jam
2515 3221 2739 3271 cantata
2759 3226 2861 3280 est,
2889 3209 3362 3286 quemadmodum

1764 3315 1959 3363 Octava
1987 3310 2074 3362 die
2117 3303 2530 3378 Assuihptionis
2576 3309 2781 3359 sanctae
2812 3301 3017 3367 Marize,
3064 3296 3174 3357 duo
3205 3297 3363 3374 pueri

1763 3395 1968 3450 eanant
1991 3393 2154 3449 breve
2182 3391 2616 3465 responsorium.
2640 3391 2909 3447 Sa'cerdos
2936 3391 3167 3446 indutus
3189 3389 3365 3462 uappa

1763 3479 2016 3539 incenset
2049 3485 2267 3549 altaria,
2304 3499 2604 3536 conversus
2632 3483 2706 3536 sit
2749 3481 2804 3534 in
2837 3480 2988 3537 alba.
3028 3477 3092 3534 In
3121 3481 3363 3533 crastino

1765 3575 1834 3628 ad
1865 3567 2251 3627 invitatoriurn
2284 3573 2393 3626 duo
2425 3573 2482 3625 in
2514 3566 2720 3642 cappi's.
2756 3568 2888 3624 Tria
2923 3563 3276 3640 responsoria
3305 3562 3365 3622 in

1763 3661 1944 3716 tribus
1973 3663 2258 3716 nocturnis
2289 3659 2493 3730 singuli
2522 3655 2745 3730 singula
2777 3680 2788 3722 ;
2835 3664 3096 3729 quartum
3129 3652 3364 3728 respon-

1765 3747 1978 3805 soriuni
2017 3745 2146 3816 duo,
2196 3757 2450 3805 octavum
2488 3755 2626 3815 tres,
2676 3745 3068 3801 duodecimum
3101 3741 3359 3816 quatuor,

1766 3834 1910 3913 quod
1933 3834 2056 3913 post
2074 3843 2261 3897 Gloria
2307 3837 2614 3911 repetatur.
2652 3831 3023 3905 Pronuntiato
3043 3835 3360 3906 EVangelio,

1765 3920 2208 3998 discooperiatur
2265 3921 2460 3988 altare,
2503 3920 2560 3978 et
2606 3922 2988 3992 accendantur
3038 3915 3360 3987 luminaria,

1765 4019 1909 4071 sicut
1932 4017 2110 4087 pridie
2137 4015 2211 4069 ad
2235 4013 2513 4084 vesperas.
2539 4006 2623 4066 Ad
2650 4009 2718 4064 Te
2739 4013 2908 4064 Deum
2939 4005 3235 4063 laudamus
3252 4003 3364 4064 duo

1768 4105 2070 4159 mediocria
2094 4099 2252 4174 signa
2273 4101 2582 4174 pulsentur.
2610 4097 2744 4154 Post
2769 4089 2975 4151 lectum
3001 4090 3365 4172 Evangelium

1765 4189 2021 4246 sacerdos
2056 4189 2112 4245 in
2153 4184 2383 4245 chorum
2417 4183 2608 4242 redeat
2636 4183 2692 4241 in
2725 4186 2869 4241 alba.
2905 4181 2985 4239 Ad
3028 4187 3224 4240 laudes
3255 4185 3365 4241 duo

1767 4281 1926 4353 pueri
1958 4283 2119 4334 breve
2143 4278 2578 4349 responsorium,
2609 4272 2721 4331 sive
2751 4277 2825 4329 Sit
2851 4271 3078 4347 prepria
3105 4267 3362 4343 historia,

113 4359 305 4423 functis.
342 4361 449 4434 Qui
480 4369 608 4424 vero
637 4365 954 4424 sacerdotes
981 4383 1092 4423 non
1134 4363 1282 4437 sunt,
1316 4365 1684 4440 iniungantur
1703 4368 1751 4425 D
1771 4373 1882 4424 sive
1912 4367 2041 4423 non.
2077 4366 2146 4422 Et
2170 4370 2239 4422 ad
2271 4377 2528 4438 i'esperas
2561 4361 2836 4420 similiter.
2866 4361 2951 4418 Ad
2978 4359 3217 4436 primani
3249 4365 3369 4435 pul-

117 4456 181 4507 eis
206 4457 254 4510 in
280 4449 520 4529 capitulo
553 4449 749 4528 psalmi
780 4451 882 4529 pro
913 4449 1117 4512 missis.
1143 4449 1364 4527 Agatur
1382 4451 1554 4512 missa
1576 4473 1690 4514 ma-

116 4541 337 4600 tutinalis
365 4537 581 4611 i‘estive,
612 4547 905 4617 pulsentur
942 4547 1133 4600 omnia
1178 4545 1357 4617 signa,
1407 4563 1584 4618 cappa
1616 4549 1689 4602 sit

115 4632 162 4683 in
188 4622 369 4702 choro;
414 4633 585 4689 levita
617 4642 671 4689 et
710 4626 1083 4689 subdiacOnus
1113 4633 1314 4690 casulis
1342 4635 1681 4704 induantur;

119 4719 210 4773 duo
249 4719 489 4778 infantes
528 4718 943 4794 responsurium
985 4723 1042 4777 in
1090 4723 1250 4789 albis,
1293 4725 1403 4778 duo
1444 4727 1686 4794 majores

119 4803 292 4864 fratres
319 4804 565 4866 tractum
594 4803 851 4867 similiter
879 4813 935 4867 in
981 4807 1142 4874 albis,
1183 4819 1300 4867 tres
1339 4814 1588 4867 conversi
1618 4816 1687 4867 ad

121 4891 437 4955 thuribulum'
480 4890 537 4955 et
587 4890 921 4955 candelabra
971 4921 986 4956 :
1033 4908 1246 4972 septem
1287 4892 1484 4955 diebus
1525 4904 1688 4973 plena

123 4986 293 5056 ofﬁcia,
326 4976 501 5062 usque
531 4983 600 5043 ad
626 4979 900 5061 tringinta
937 4983 1055 5045 dies
1098 4993 1216 5045 Voce
1254 5007 1393 5056 mea,
1429 4997 1484 5043 et
1528 4980 1688 5045 Verba

127 5090 222 5128 mea
232 5119 241 5129 .

183 5155 234 5217 in
271 5155 566 5222 festivitate
595 5157 853 5223 Ecclesiae
885 5160 1251 5222 dedicationis
1280 5160 1425 5223 cerei
1472 5160 1689 5224 accensi

126 5248 182 5304 ad
207 5248 405 5323 ’priOres'
432 5246 690 5327 vespei‘as
718 5269 817 5328 per
841 5257 1028 5312 omnia
1058 5251 1272 5321 altaria,
1303 5275 1423 5329 quae
1453 5259 1574 5330 ipsa
1599 5259 1689 5311 die

126 5351 315 5397 sacrata
353 5346 598 5411 fuerunt,
655 5364 762 5400 non
807 5349 1244 5416 exstinguantur
1279 5364 1454 5416 usque
1484 5348 1541 5400 in
1577 5364 1692 5400 cra-

1770 4451 1926 4511 setur
1952 4471 2128 4511 unum
2161 4457 2229 4508 de
2258 4449 2563 4525 majoribus
2593 4454 2797 4524 Signis;
2839 4449 3216 4506 aecendantu'r
3257 4445 3366 4507 d'uo

1771 4547 1917 4599 cerei
1956 4551 2084 4598 ante
2135 4545 2355 4608 altaria,
2399 4551 2453 4597 et
2475 4560 2575 4614 per
2621 4543 2816 4597 omnes
2872 4539 3040 4595 horas
3079 4538 3257 4611 usque
3297 4543 3368 4595 ad

1769 4647 2045 4704 vesperas.
2087 4633 2170 4686 Ad
2204 4631 2432 4685 missam
2463 4633 2518 4685 in
2557 4628 2728 4685 choro
2767 4637 2962 4684 omnes
2999 4623 3113 4684 sint
3139 4627 3198 4683 in
3227 4627 3368 4700 albis

1770 4721 1976 4793 praeter
1995 4717 2299 4781 cantorum,
2326 4727 2383 4772 et
2410 4737 2504 4773 eos
2527 4711 2621 4789 qui
2647 4729 2839 4773 secum
2864 4723 3047 4784 eruat,
3070 4718 3165 4788 qui
3196 4717 3368 4771 etiam

1770 4812 1960 4881 cappis
2007 4807 2190 4863 induti
2231 4804 2459 4861 chorum
2510 4819 2705 4877 regere
2751 4805 2973 4860 debent.
3027 4804 3111 4860 Ad
3161 4804 3367 4859 nonam

1772 4894 2025 4970 pulsetur
2051 4899 2270 4968 signum
2295 4891 2440 4950 sicut
2458 4897 2525 4949 ad
2549 4890 2811 4966 primatu.
2831 4893 3180 4967 Antiplionas
3201 4889 3370 4964 super

1771 4981 2016 5060 psalmos
2048 4987 2117 5040 ad
2143 4983 2401 5056 vesperas
2432 4984 2724 5054 imponant
2749 4985 2984 5059 juvenes
3015 4982 3215 5054 quibus
3245 4997 3371 5036 can-

1773 5085 1862 5132 tor
1915 5075 2188 5149 praecepit.
2242 5073 2457 5129 Caetera
2502 5071 2746 5145 agantur
2795 5073 2941 5126 sicut
2994 5071 3065 5125 ad
3109 5077 3370 5142 vesperas

1771 5161 2134 5239 praecedentis
2183 5162 2312 5218 diei.
2348 5161 2433 5217 Ad
2481 5163 2694 5234 priores
2728 5161 2986 5231 vesperas
3027 5157 3371 5214 Inventionis

1773 5253 1977 5310 sanetae
2010 5251 2188 5308 crucis
2219 5249 2460 5324 hymnu$
2502 5255 2704 5306 Vca‘ilta
2737 5253 2896 5318 regis.
2924 5249 2987 5304 In
3014 5248 3258 5302 crastino
3289 5247 3372 5302 in-

1773 5341 2117 5405 vitatorium,
2143 5349 2199 5396 et
2221 5339 2333 5395 duo
2356 5346 2628 5395 nocturna
2648 5339 2716 5393 de
2741 5337 3081 5409 martyribus
3097 5336 3372 5393 .Terti'urh

127 5423 305 5485 stinum
336 5435 459 5504 post
489 5425 935 5506 completorium‘.
971 5427 1201 5489 Cantica
1231 5437 1431 5489 Laeta-ro
1466 5439 1693 5489 Jerusa-
1776 5431 1844 5486 de
1871 5439 2064 5486 sancta
2094 5447 2272 5490 cruce,
2307 5427 2522 5483 cantica
2554 5431 2798 5491 Domine,
2822 5429 3036 5492 audivi,
3063 5426 3211 5496 quod
3242 5423 3376 5481 divi-

130 5517 215 5568 lem
238 5538 250 5581 ;
307 5513 431 5574 Urbs
461 5517 842 5591 fortitudinis;
893 5525 1015 5577 Νοη
1047 5527 1316 5578 rec-aberis
1346 5528 1526 5579 ultra.
1565 5516 1693 5594 Ipsa
1777 5523 1944 5575 datur
1972 5517 2030 5574 in
2050 5511 2165 5574 tres
2186 5520 2398 5574 Glorius
2426 5538 2440 5572 :
2465 5516 2654 5570 Prima
2681 5517 2868 5572 Gloria
2890 5519 2976 5569 est
3003 5522 3133 5570 ante
3156 5519 3377 5571 versum

129 5602 202 5656 die
244 5602 546 5665 Celebretur
581 5605 753 5666 inissa
790 5603 891 5684 per
928 5602 1367 5684 unumquodque
1406 5605 1603 5679 altare,
1645 5613 1692 5666 si
1778 5612 1883 5665 Pro
1916 5609 2218 5678 iniquitate
2246 5606 2261 5664 ὲ
2293 5602 2536 5662 secunda
2575 5602 2704 5659 ante
2742 5601 2970 5661 versum
3009 5604 3268 5674 Egressus
3302 5615 3373 5660 es.
