3892 6350
548 305 655 362 479

1545 304 1609 358 Β.
1650 303 2065 360 LANFRANCI
2105 304 2463 360 CANTUAR.
2503 304 2840 361 ARCHIEP.

3732 299 3841 363 480

550 430 809 502 Hymnus
833 435 904 489 ad
924 434 1119 489 laudes
1142 433 1353 489 Lustris
1377 444 1486 483 sea}.
1510 427 1682 482 Missa
1709 429 2059 484 matutinalis
2084 429 2216 490 deA
2231 434 2437 499 quente
2455 429 2707 495 diacono,
2733 436 2789 484 et
2817 430 2997 502 posito
3031 431 3242 485 missali
3270 448 3441 503 super
3458 431 3637 486 altare
3666 430 3841 487 faciat

552 521 917 592 martyribus,
942 526 1124 594 major
1141 522 1210 575 de
1231 524 1422 574 sancta
1446 532 1627 583 cruce,
1652 517 1851 587 psalmi
1871 518 1942 571 ad
1962 534 2153 588 vespe-

549 624 645 662 ras
687 612 839 666 Dixit
868 614 1156 677 Dominus,
1198 608 1516 676 Conﬁtebor,
1548 607 1744 660 Beatus
1773 609 1883 673 vir,
1912 609 2152 662 Laudato

549 702 734 766 Ραθνὴ
767 700 1009 772 hymnus
1049 702 1253 755 Vexilla
1281 700 1443 765 regis.

619 786 685 841 In
714 788 1061 843 Exaltatione
1091 792 1297 843 sancta:
1326 785 1507 839 crucis
1538 784 1723 838 simile
1750 783 2038 838 servitium
2064 788 2153 839 est

553 875 779 929 servitio
802 876 1143 931 Inventionis
1164 875 1433 944 ejusdem,
1454 873 1562 926 nisi
1583 873 1732 943 quod
1751 872 1810 925 in
1834 874 1938 926 hac
1958 878 2152 927 sancta

550 978 685 1017 crux
714 965 1000 1029 adoratur,
1034 966 1094 1019 in
1120 965 1217 1018 illa
1246 962 1477 1017 minine.
1508 963 1572 1016 In
1600 961 1704 1015 hac
1732 960 1923 1031 itaque
1950 962 2150 1015 solem-

550 1051 747 1117 nitate,
781 1053 932 1107 dicta
976 1054 1183 1117 Tertia,
1226 1056 1513 1105 sternatur
1535 1049 1947 1120 presbyterium
1990 1056 2149 1121 tape-

550 1138 719 1207 tibus,
752 1156 930 1211 usque
974 1142 1043 1195 ad
1074 1142 1259 1210 majus
1287 1140 1496 1203 altare;
1541 1155 1650 1208 quo
1676 1138 1820 1191 facto
1854 1144 2054 1192 exeant
2080 1139 2149 1191 de

548 1232 709 1299 parte
728 1230 1077 1284 matutinalis
1096 1229 1291 1283 altaris
1316 1228 1427 1281 duo
1451 1227 1654 1281 fratres
1678 1226 1736 1280 in
1766 1227 1925 1292 albis,
1946 1227 2150 1297 quibus

548 1322 747 1370 cantor
785 1319 1127 1389 praeceperit,
1184 1321 1475 1388 portantes
1530 1331 1751 1369 crucem
1804 1322 2145 1386 coopertum,

547 1403 725 1458 donec
772 1405 999 1459 veniant
1039 1421 1208 1475 super
1250 1404 1490 1474 gradum
1538 1403 1634 1473 qui
1681 1409 1811 1457 ante
1858 1404 2036 1458 altare
2065 1410 2151 1459 est

547 1492 777 1563 propior
814 1493 921 1564 ipsi
958 1494 1158 1560 altari;
1201 1498 1336 1546 tunc
1357 1508 1389 1545 a
1418 1491 1772 1562 portantibus
1801 1491 2150 1563 discooperta

546 1595 732 1646 cruce,
755 1586 814 1635 et
839 1580 909 1635 ab
933 1582 1145 1635 eisdem
1174 1581 1417 1651 incoepta
1431 1580 1754 1650 Antiphona
1780 1582 1904 1634 Ecce
1927 1585 2147 1649 lignum

548 1671 752 1734 crucis,
789 1686 983 1724 omnes
1026 1672 1256 1724 flectant
1300 1686 1503 1740 genua,
1540 1686 1605 1722 ac
1632 1669 1833 1723 deinde
1863 1687 2031 1741 super
2058 1677 2147 1725 ta-

2235 522 2425 584 2’15
2469 518 2781 572 orationem
2821 517 3151 589 suppliciter
3187 520 3524 586 inclinatus;
3561 520 3839 576 diaconus

2234 622 2455 677 quoque
2497 612 2649 661 retro
2694 612 2821 678 post
2862 624 2990 661 eum
3034 608 3293 662 similiter
3333 609 3530 676 faciat;
3574 609 3841 679 factaque

2232 694 2486 749 oratione
2534 696 2721 765 signet
2756 712 2816 749 se
2863 696 3142 762 sacerdos,
3188 702 3246 750 et
3286 698 3568 752 osculetur
3612 703 3838 753 textum

2232 781 2537 852 Evangelii,
2571 799 2736 853 quem
2766 783 3139 838 subdiaconus
3177 801 3347 855 super
3375 785 3551 838 altare
3573 784 3839 855 Tpositum

2233 869 2437 924 habere
2471 870 2667 938 debet;
2700 872 2969 926 diaconus
2989 889 3213 943 quoque
3240 872 3499 927 similiter
3523 873 3760 943 signans
3780 890 3837 926 sc

2233 960 2402 1013 faciat
2430 966 2561 1013 ante
2592 965 2648 1014 et
2674 966 2843 1024 retro,
2880 966 2936 1015 et
2966 961 3192 1015 veniens
3231 962 3303 1015 ad
3332 961 3620 1015 sinistram
3647 978 3837 1015 sacer-

2231 1047 2376 1101 dotis
2406 1049 2689 1102 osculetur
2726 1065 2899 1102 cornu
2946 1050 3166 1117 altaris;
3200 1050 3403 1104 dehinc
3430 1050 3639 1104 faciant
3668 1050 3837 1103 simul

2230 1135 2654 1190 confessionem.
2684 1137 2806 1200 Qua
2827 1138 2990 1204 facta,
3014 1138 3277 1208 imposito
3297 1155 3332 1192 a
3357 1138 3648 1192 sacerdote
3669 1139 3838 1192 thure

2234 1223 2291 1276 in
2308 1223 2612 1289 thuribulo,
2631 1224 2846 1279 tribuat
2862 1226 3130 1280 diaconus
3149 1227 3424 1280 sacerdoti
3439 1226 3798 1280 thuribulum
3821 1248 3834 1293 ;

2232 1313 2492 1366 sacerdos
2517 1312 2769 1367 incenset
2786 1315 2964 1368 altare
2994 1320 3125 1369 ante
3152 1321 3208 1368 et
3237 1316 3497 1387 desuper,
3520 1315 3837 1385 reddatque

2231 1401 2494 1467 diacono;
2542 1402 2811 1457 diaconus
2849 1404 3102 1458 incenset
3126 1409 3365 1475 utraque
3402 1405 3597 1459 altaris
3628 1405 3833 1470 latera,

2232 1496 2289 1544 et
2331 1490 2507 1543 altare
2551 1492 2905 1558 matutinale,
2950 1498 3008 1546 et
3042 1493 3124 1547 sic
3159 1494 3359 1548 reddat
3386 1509 3676 1559 converso,
3715 1493 3831 1564 qui,

2231 1578 2484 1633 deferens
2532 1580 2590 1633 in
2633 1581 2885 1647 chorum,
2938 1582 3137 1635 offerat
3180 1583 3423 1652 primum
3478 1581 3725 1650 cantari,
3783 1588 3837 1635 et

2231 1666 2366 1737 ipsis
2386 1667 2628 1737 quicum
2651 1685 2716 1722 eo
2736 1676 2893 1737 sunt;
2922 1670 3125 1725 dehinc
3152 1670 3212 1724 in
3241 1671 3436 1725 dextro
3458 1671 3629 1725 choro
3656 1669 3837 1723 omni-

545 1758 698 1828 petia
725 1759 992 1829 prostrati
1019 1765 1142 1814 toto
1182 1776 1414 1830 corpore
1445 1759 1681 1813 adorent
1709 1776 1855 1825 eam,
1898 1766 1955 1814 et
1985 1777 2147 1815 oscu-
2164 1781 2211 1842 B
2228 1753 2332 1833 blls
2362 1773 2462 1826 Per
2489 1756 2764 1823 ordinem.
2790 1763 2847 1811 et
2875 1758 2953 1811 Sic
2982 1759 3041 1812 in
3069 1759 3317 1825 SiniStI‘O,
3342 1759 3545 1814 deinde
3564 1759 3830 1819 inﬁrmiS.

545 1843 738 1901 lentur
764 1848 934 1917 pedes
962 1849 1228 1913 cruciﬁxi,
1276 1848 1423 1902 sicut
1460 1856 1594 1902 sunt
1642 1848 1875 1918 priores.
1909 1850 2149 1905 Cantata
2232 1844 2327 1914 qui
2379 1851 2535 1899 extra
2580 1846 2811 1899 chorum
2858 1853 3008 1901 sunt.
3060 1848 3182 1901 Duo
3236 1864 3366 1901 vero
3421 1847 3680 1902 conversi
3741 1846 3835 1917 qui

549 1934 860 2004 antiphona
887 1936 1227 2007 supradicta,
1274 1936 1506 2008 incipiat
1541 1941 1737 1990 cantor
1781 1937 2144 2007 antiphonam
2229 1939 2426 1987 tenent
2470 1934 2805 1988 candelabra
2850 1941 2982 1989 ante
3020 1936 3217 2002 altare,
3258 1952 3370 1990 non
3424 1936 3722 1990 dimittant
3769 1952 3835 1989 ea

552 2022 781 2077 Crucem
812 2029 969 2091 tuam
989 2026 1308 2089 adoramus,
1339 2041 1508 2095 quam
1537 2029 1795 2095 repetant
1824 2042 1926 2094 per
1950 2027 2145 2095 singu-

547 2107 633 2163 los
655 2127 847 2166 versus
868 2114 1066 2183 psalmi
1090 2117 1228 2169 Deus
1248 2117 1579 2168 misereatur
1599 2113 2016 2168 no.stri.Deinde
2034 2114 2147 2167 alia

550 2214 674 2268 quae
731 2201 1086 2266 conveniunt,
1142 2202 1190 2256 si
1242 2219 1381 2272 opus
1436 2202 1623 2256 fuerit.
1657 2202 1905 2256 Adorata
1960 2218 2141 2266 cruce,

547 2287 798 2357 praedicti
828 2289 938 2343 duo
968 2290 1170 2343 fratres
1191 2290 1287 2361 qui
1314 2307 1438 2344 eam
1462 2294 1661 2344 tenent
1680 2290 1951 2360 incipiant
1979 2290 2147 2343 simul

548 2374 665 2437 alta
690 2392 822 2430 voce
850 2378 1215 2448 antiphonam
1244 2380 1420 2447 Super
1446 2382 1668 2439 omnia;
1701 2385 1758 2433 et
1795 2379 2144 2433 ﬂectentibus

550 2463 811 2518 omnibus
848 2482 1052 2535 genua,
1084 2469 1303 2538 ﬁxaque
1332 2484 1493 2521 cruce
1525 2467 1580 2521 in
1607 2468 1727 2521 loco
1754 2484 1876 2534 suo,
1908 2469 2144 2539 pulsatis

546 2550 723 2620 signis
751 2552 1064 2609 celebretur
1109 2557 1301 2611 missa.
1333 2557 1417 2610 Ad
1461 2556 1752 2610 introitum
1811 2559 1872 2611 In
1919 2560 2146 2611 nomine

548 2641 777 2696 Domini
797 2659 956 2697 omne
968 2660 1112 2711 genu
1131 2649 1409 2715 flectatur;
1441 2645 1803 2715 Evangelium
1825 2647 2149 2715 Nuncjudi-

546 2731 700 2783 cium
728 2737 803 2785 est
826 2735 1044 2787 mundi.

659 2819 855 2873 SECTIO
884 2822 952 2875 X.
982 2852 1041 2861 —
1068 2823 1318 2890 Quinque
1350 2823 1650 2876 Dominica:
1673 2825 2034 2892 principales.

620 2907 878 2979 Quinque
909 2909 1027 2963 dies
1053 2909 1327 2963 Dominici
1354 2917 1501 2969 sunt.
1531 2910 1626 2981 qui
1649 2911 1970 2965 communia
1999 2928 2145 2982 qua:-

545 2994 679 3049 dam
722 2996 873 3051 inter
912 3014 973 3052 se
1027 2997 1237 3052 habent
1290 3004 1550 3069 separata
1599 3016 1632 3053 a
1673 3000 1888 3054 caeteris
1944 2999 2142 3055 diebus

543 3081 850 3139 Dominicis
886 3104 897 3139 :
950 3088 1242 3141 Dominica
1279 3088 1531 3142 videlicet
1562 3089 1745 3158 prima
1781 3089 1850 3142 de
1886 3089 2144 3144 Adventu

544 3170 788 3239 Domini,
834 3175 1126 3229 Dominica
1168 3177 1349 3247 prima
1378 3177 1820 3247 septuagesima,
1855 3178 2143 3231 Dominica

545 3259 731 3329 prima
759 3264 1223 3333 quadragesimae,
1270 3265 1561 3319 Dominica
1588 3266 1645 3319 in
1685 3266 1869 3319 medio
1899 3267 2142 3336 quadra-

544 3347 790 3416 gesimae,
832 3350 1121 3405 Dominica
1160 3352 1219 3405 in
1258 3352 1483 3406 Palmis.
1517 3354 1583 3407 In
1620 3354 1707 3407 his
1738 3354 1847 3408 duo
1878 3354 2141 3408 invitato-

543 3434 694 3489 rium
739 3444 943 3491 canant
990 3439 1049 3492 in
1106 3439 1281 3505 albis;
1339 3441 1597 3495 sacerdos
1649 3443 1790 3496 lecto
1842 3443 2138 3511 Evangelia

544 3528 744 3579 exutus
797 3526 857 3579 in
903 3527 1162 3581 vestiario
1200 3530 1391 3583 casula
1430 3535 1487 3583 et
1530 3530 1690 3593 stola,
1737 3536 2050 3585 revertatur
2078 3532 2137 3586 in

544 3612 776 3667 chorum
817 3614 875 3667 in
917 3614 1077 3679 albis,
1110 3633 1237 3670 cum
1282 3617 1587 3688 manipulo,
1620 3619 1868 3673 exiturus
1898 3620 2139 3690 incoepto

541 3701 772 3772 hymno,
796 3708 853 3757 et
872 3703 1114 3775 incoepta
1132 3705 1438 3776 antiphona
1456 3707 1526 3760 ad
1548 3710 1862 3762 Benedictus
1880 3708 2139 3762 similiter

539 3790 599 3845 in
626 3790 1105 3857 alba‘intraturus,
1133 3800 1190 3848 et
1217 3794 1505 3850 incensum
1531 3813 1632 3866 per
1659 3796 1860 3850 altaria
1887 3802 2139 3868 portatu-

2229 2037 2519 2092 usquequo
2557 2022 2854 2077 int-.hoetur
2889 2025 3058 2093 Kyrie
3094 2028 3332 2087 eleison;
3388 2041 3500 2095 quo
3541 2024 3830 2089 inchoato,

2229 2109 2498 2180 depositis
2526 2111 2875 2166 candelabris
2902 2118 3255 2167 revertantur
3280 2114 3339 2166 in
3368 2114 3603 2167 chorum
3621 2158 3634 2169 .

2299 2198 2383 2251 Ad
2412 2199 2774 2270 Evangelium
2796 2201 2931 2254 dum
2952 2202 3175 2255 canitur
3200 2202 3502 2267 oﬁ‘erenda,
3526 2201 3613 2255 vel
3636 2217 3830 2255 versus

2228 2288 2543 2351 offerendas,
2576 2304 2875 2342 conversus
2895 2290 3094 2343 afferat
3117 2288 3465 2343 thuribulum
3486 2306 3615 2343 cum
3636 2306 3832 2343 acerra

2227 2376 2442 2429 cantori
2463 2376 2780 2447 quicunque
2799 2378 2893 2431 ille
2944 2378 3019 2430 sit
3039 2378 3135 2446 qui
3154 2378 3384 2433 chorum
3406 2384 3579 2443 tenet,
3605 2378 3657 2432 si
3682 2378 3831 2432 festi-

2228 2465 2367 2519 vitas
2411 2465 2483 2518 sit
2530 2465 2823 2519 duodecim
2864 2466 3186 2531 lectionum,
3216 2467 3304 2520 vel
3331 2467 3511 2521 festivi
3552 2468 3679 2521 dies
3718 2468 3831 2522 sint

2227 2552 2400 2606 trium
2431 2553 2731 2608 lectionum
2761 2554 2912 2607 intra
2938 2554 3160 2608 octavas
3185 2555 3443 2626 superius
3479 2555 3821 2625 descriptas.

2299 2642 2508 2696 Cantor
2535 2659 2665 2696 vero
2690 2660 2815 2696 cum
2846 2644 3049 2698 viderit
3086 2649 3309 2715 tempus
3341 2660 3483 2710 esse,
3532 2652 3715 2715 ponat
3744 2644 3828 2697 in-

2227 2745 2457 2784 censum
2484 2730 2544 2784 in
2564 2731 2871 2798 thuribulo,
2901 2738 2959 2786 et
2981 2732 3172 2787 mittat
3190 2733 3424 2787 diacono
3443 2732 3515 2786 ad
3540 2732 3749 2798 altare,
3776 2738 3831 2786 et

2226 2819 2493 2874 diaconus
2529 2820 2742 2875 tribuat
2769 2822 3063 2886 sacerdoti,
3087 2822 3195 2876 nisi
3220 2820 3391 2876 abbas
3413 2822 3501 2875 vel
3529 2822 3827 2893 episcopus

2223 2907 2283 2961 in
2312 2909 2480 2962 choro
2510 2910 2604 2971 sit,
2626 2910 2711 2962 vel
2737 2909 2966 2964 missam
2994 2910 3266 2977 celebret;
3302 2910 3449 2981 quod
3480 2910 3528 2964 si
3553 2910 3824 2973 evenerit,

2223 2996 2294 3049 ad
2322 2996 2506 3067 ipsum
2536 2997 2821 3052 deferatur
2846 2998 3194 3053 thuribulum
3227 3016 3354 3053 cum
3396 3015 3591 3053 acerra
3635 3000 3711 3053 ad
3749 2999 3828 3054 in-

2225 3085 2458 3138 troitum
2488 3090 2545 3139 et
2572 3091 2704 3139 ante
2733 3086 3116 3155 Evangelium,
3134 3102 3169 3140 a
3191 3087 3424 3141 diacono
3453 3092 3510 3141 et
3533 3102 3819 3150 converso,

2225 3179 2353 3244 post
2382 3174 2744 3237 olferendam,
2777 3191 2811 3228 a
2838 3183 3066 3229 cantore
3095 3182 3151 3229 et
3179 3192 3469 3229 converso.

2297 3262 2458 3316 Circa
2477 3263 2647 3316 ﬁnem
2669 3263 2852 3317 missae
2862 3280 2988 3317 cum
3006 3270 3334 3334 perventum
3350 3264 3521 3318 fuerit
3533 3264 3604 3318 ad
3620 3265 3823 3336 prioris

2223 3352 2466 3405 collectae
2496 3353 2597 3405 Per
2625 3353 2926 3406 Dominum
2956 3358 3227 3413 nostrum,
3251 3352 3536 3423 deponant
3563 3354 3680 3408 duo
3700 3370 3824 3407 con-

2221 3441 2366 3493 versi
2395 3440 2731 3494 candelabra
2759 3447 2891 3495 ante
2911 3442 3107 3507 altare,
3130 3447 3190 3494 ct
3215 3442 3296 3494 sic
3322 3457 3450 3494 cum
3477 3458 3542 3495 eo
3573 3443 3674 3513 qui
3703 3443 3822 3496 thu-

2220 3528 2464 3583 ribulum
2506 3534 2664 3583 tenet
2698 3534 3053 3583 revertantur
3100 3529 3159 3582 in
3198 3530 3543 3583 vestiarium.
3580 3529 3821 3601 Expleta

2222 3618 2395 3671 missa
2440 3624 2707 3688 sequatur
2758 3618 3017 3672 sacerdos
3065 3618 3469 3689 praecedentem
3518 3618 3819 3673 diaconum

2220 3704 2494 3759 ferentem
2523 3705 2765 3758 missale.

2294 3793 2351 3847 Si
2374 3792 2644 3847 festivitas
2664 3793 2839 3846 trium
2864 3793 3168 3847 lectionum
3193 3793 3411 3847 eveniat
3432 3792 3491 3846 in
3515 3792 3710 3863 aliqua
3731 3793 3817 3846 die

538 3895 656 3947 rus,
687 3882 889 3936 chorus
931 3881 1000 3936 ab
1037 3883 1303 3937 hesterna
1337 3883 1426 3938 die
1454 3883 1620 3938 debet
1648 3901 1769 3938 esse
1800 3892 2049 3956 paratus,
2081 3890 2136 3938 et
2219 3881 2529 3949 Dominica,
2552 3882 2637 3934 vel
2668 3882 2724 3934 in
2750 3882 2863 3935 alia
2883 3882 3186 3935 festivitate
3210 3882 3445 3951 alicujus
3464 3881 3669 3946 sancti,
3699 3898 3817 3951 qua:

537 3983 641 4037 per
660 3969 892 4023 chorum
916 3971 1123 4040 juncus
1160 3988 1405 4041 sparsus.
1441 3972 1527 4025 Ad
1569 3981 1836 4042 utrasque
1877 3988 2137 4042 vesperas
2218 3970 2503 4041 propriam
2534 3970 2822 4024 historiam
2853 3970 3076 4036 habeat,
3108 3970 3214 4035 vel,
3248 3971 3297 4023 si
3325 3971 3611 4040 propriam
3642 3970 3815 4023 histo-

541 4061 598 4109 et
624 4057 695 4110 ad
723 4058 918 4112 laudes
958 4059 1070 4113 duo
1117 4060 1318 4114 fratres
1367 4062 1424 4113 in
1472 4061 1669 4114 froccis
1716 4062 2136 4131 responsorium
2220 4058 2361 4112 riam
2392 4075 2504 4112 non
2535 4057 2722 4124 habet,
2756 4060 2816 4112 in
2868 4058 3009 4112 albis
3050 4064 3242 4112 tamen
3273 4058 3359 4111 vel
3394 4058 3452 4111 in
3499 4058 3694 4128 cappis
3734 4059 3811 4115 ﬁt.

539 4152 761 4198 canant.
812 4146 1037 4201 Tabula:
1086 4148 1363 4202 refectorii
1409 4148 1523 4202 sint
1575 4154 1868 4219 coapertze,
1902 4149 2135 4202 honesta
2220 4148 2682 4201 commemoratio
2731 4148 2800 4202 de
2843 4147 3144 4201 festivitate
3174 4147 3347 4200 trium
3388 4146 3699 4200 lectionum
3726 4163 3816 4199 so-

540 4234 895 4303 manutergia
947 4235 1062 4289 sint
1103 4242 1331 4290 extensa
1386 4253 1558 4307 super
1601 4237 1858 4301 tersoria,
1907 4237 2051 4291 sicut
2076 4237 2136 4291 in
2219 4237 2503 4291 lummodo
2534 4238 2635 4291 ﬁat
2671 4237 2742 4291 ad
2793 4237 3009 4307 priores
3034 4252 3294 4306 vesperas
3324 4241 3381 4289 et
3406 4236 3477 4289 ad
3509 4236 3815 4289 matutinas

540 4320 800 4375 omnibus
855 4323 1247 4379 festivitatibus
1292 4326 1351 4378 in
1407 4325 1609 4396 quibus
1656 4325 2035 4380 invitatoriam
2076 4326 2135 4379 in

540 4409 730 4481 cappis
777 4412 1016 4466 canitur.
1060 4412 1193 4476 Quae
1239 4414 1613 4468 extendantur
1670 4421 1727 4469 et
1778 4415 2132 4485 colligantur,

541 4498 684 4553 sicut
708 4501 966 4570 superius
996 4501 1203 4556 dictum
1230 4508 1332 4557 est.

610 4587 809 4643 SECTIO
835 4591 929 4645 XI.
962 4618 1028 4629 —
1068 4593 1398 4646 Festivitates
1434 4594 1718 4647 duodecim
1746 4595 2062 4647 lectionum.

610 4677 676 4731 In
709 4678 968 4734 omnibus
1025 4680 1418 4735 festivitatibus
1462 4681 1758 4735 duodecim
1810 4681 2132 4747 lectionum,

2152 4368 2201 4425 D

2217 4324 2432 4389 laudes,
2456 4331 2512 4379 et
2541 4326 2711 4379 missa
2739 4325 3089 4379 matutinalis
3117 4325 3187 4378 de
3216 4340 3284 4378 ea
3316 4330 3568 4378 canatur.
3599 4324 3661 4378 Si
3691 4338 3813 4377 vero

2218 4414 2454 4468 historia
2476 4415 2595 4483 jam
2623 4414 2734 4468 alia
2761 4414 2851 4467 die
2881 4413 3172 4467 Dominica
3199 4418 3423 4467 cantata
3450 4418 3557 4475 est,
3588 4417 3693 4466 aut
3721 4412 3814 4465 illa

2217 4502 2328 4555 alia
2367 4502 2639 4556 festivitas
2670 4502 2965 4556 duodecim
3011 4502 3315 4556 lectionum
3357 4501 3652 4555 historiam
3692 4517 3811 4572 pro-

2218 4591 2398 4661 priam
2428 4606 2541 4644 non
2580 4590 2769 4655 habet,
2809 4607 2912 4644 nec
2963 4591 3021 4645 in
3063 4590 3205 4644 albis
3250 4606 3352 4643 nec
3390 4590 3449 4642 in
3488 4589 3682 4660 cappis
3720 4591 3802 4653 ﬁt,

2217 4679 2526 4749 antiphona
2552 4680 2621 4733 de
2662 4679 2961 4733 festivitate
3008 4680 3077 4733 de
3117 4695 3228 4750 qua
3264 4685 3379 4733 tres
3410 4679 3681 4732 lectiones
3718 4680 3811 4730 ﬁe-

538 4781 884 4838 quaecunque
928 4768 1060 4835 sint,
1106 4775 1162 4823 et
1205 4770 1263 4823 in
1312 4769 1571 4823 omnibus
1611 4769 1807 4823 diebus
1846 4769 1942 4840 qui
1982 4769 2131 4823 infra
2211 4776 2356 4831 rent,
2405 4768 2474 4820 ad
2520 4768 2734 4821 cantica
2778 4768 3194 4838 pronuntietur,
3245 4774 3302 4821 et
3340 4767 3603 4837 deinceps
3631 4772 3805 4820 totum

537 4860 759 4910 octavas
786 4863 938 4922 sunt,
971 4858 1027 4912 in
1059 4858 1263 4930 quibus
1290 4859 1348 4912 in
1391 4860 1634 4913 claustro
1663 4875 1774 4912 non
1822 4860 2131 4929 loquuntur
2210 4855 2497 4910 servitium
2546 4872 2726 4925 usque
2771 4855 2841 4909 ad
2896 4857 3067 4910 ﬁnem
3113 4855 3323 4908 ultimae
3360 4854 3601 4908 collectae
3651 4854 3721 4908 de
3749 4869 3811 4906 ea

534 4945 816 5015 monachi,
834 4947 1088 5017 quamvis
1108 4947 1213 5018 ipsi
1241 4946 1360 5000 dies
1379 4946 1552 5000 trium
1585 4947 1883 5000 lectionum
1912 4946 2043 5013 sint,
2074 4952 2131 5001 et
2214 4950 2432 5014 agatur.
2464 4946 2597 4998 Post
2637 4947 3019 4999 Benedicamus
3063 4947 3297 4999 Domino
3345 4945 3447 4998 ﬁat
3481 4958 3810 4997 commemo-

534 5034 595 5089 in
625 5036 886 5091 omnibus
913 5037 1132 5107 vigiliis,
1161 5038 1220 5091 in
1252 5037 1454 5107 quibus
1484 5036 1665 5089 missa:
1694 5036 1930 5106 pulsatis
1958 5036 2133 5090 omni-

536 5124 640 5179 bus
664 5125 837 5196 signis
873 5126 1068 5181 testive
1096 5133 1360 5197 aguntur,
1392 5131 1450 5179 et
1484 5126 1542 5178 in
1576 5124 1836 5178 omnibus
1877 5124 2130 5179 Sabbatis

529 5214 878 5284 jejuniorum
903 5215 1156 5279 Quatuor
1173 5214 1534 5285 Temporum,
1552 5230 1677 5267 cum
1700 5220 1895 5266 cantor
1908 5213 2132 5269 inchoa-

531 5302 676 5356 verit
698 5305 889 5359 Gloria
915 5306 1075 5358 Patri
1097 5305 1167 5358 ad
1191 5305 1457 5367 ofﬁcium,
1494 5302 1754 5356 sacerdos
1779 5301 2129 5371 ingrediatur

535 5390 621 5451 ad,
636 5392 812 5445 altare
850 5392 1035 5447 ferens
1058 5393 1281 5447 missale
1309 5392 1569 5446 manibus
1598 5389 1733 5455 suis,
1772 5390 2130 5459 praecedenti-

537 5476 641 5529 bus
668 5479 847 5535 tribus
876 5481 1155 5536 conversis
1182 5498 1307 5534 cum
1339 5476 1689 5534 candelabris
1726 5484 1783 5530 et
1818 5478 2126 5544 thuribulo,

534 5563 874 5625 subdiacono
904 5580 1030 5641 post
1073 5587 1168 5625 eos
1213 5586 1339 5625 cum
1380 5575 1558 5639 textu,
1598 5566 2001 5623 subdiaconum
2038 5586 2128 5624 se-

2213 5034 2357 5087 ratio
2388 5033 2706 5087 festivitatis
2737 5033 2806 5086 de
2837 5049 2945 5103 qua
2977 5045 3100 5087 octo
3130 5032 3395 5086 lectiones
3430 5031 3667 5098 fuerint;
3699 5047 3809 5085 om-

2212 5139 2311 5176 nes
2336 5136 2557 5193 quoque
2578 5122 2728 5176 horae
2748 5122 2817 5174 de
2840 5123 2938 5175 illa
2959 5122 3237 5185 dicantur,
3260 5136 3443 5174 sermo
3463 5120 3521 5173 in
3544 5120 3803 5190 capitulo,

2213 5217 2271 5264 et
2299 5213 2480 5281 major
2508 5210 2707 5277 missa;
2741 5211 3089 5265 matutinalis
3120 5227 3249 5266 vero
3281 5210 3427 5265 unde
3465 5209 3657 5263 laudes
3688 5208 3802 5262 fue-

2212 5306 2364 5354 runt.

2284 5389 2343 5443 Si
2386 5388 2658 5443 festivitas
2699 5388 2935 5458 alicujus
2981 5388 3180 5452 sancti,
3235 5388 3306 5441 de
3358 5403 3469 5457 qua
3511 5384 3799 5440 duodecim

2210 5478 2478 5532 lectiones
2522 5480 2683 5544 ﬁunt,
2724 5477 2942 5532 eveniat
2988 5477 3047 5530 in
3094 5477 3185 5531 die
3238 5476 3528 5531 Dominica
3577 5475 3648 5528 de
3695 5489 3801 5544 qua

2210 5567 2443 5623 historia
2467 5568 2585 5638 jam
2606 5572 2831 5621 cantata
2850 5567 2941 5635 sit,
2966 5572 3065 5621 aut
3086 5564 3459 5636 subsequente
3490 5563 3580 5618 die
3614 5561 3798 5619 Domi-
