3892 6350
84 311 162 368 481
998 316 1328 372 DEGRETA
1366 315 1508 371 PRO
1549 317 1825 376 ORDINE
1865 324 1921 378 S.
1968 318 2372 378 BENEDICTI.
3215 325 3347 383 482'

602 389 625 397 ε

82 436 189 488 nica
213 434 420 488 cantari
448 435 637 506 possit,
673 440 854 492 totum
884 440 1176 494 servitium
1211 439 1409 506 noctis,
1447 444 1504 493 et
1526 440 1638 494 diei
1658 446 1703 502 A
1725 461 1890 512 sona;
1938 446 2097 499 ﬁnito
2126 444 2274 515 quod
2304 447 2583 510 cantatur,
2605 450 2820 515 surgat,
2853 450 2911 500 et
2940 447 2989 501 si
3021 447 3313 518 episcopus

81 524 139 577 de
155 528 334 577 sancto
363 529 598 594 agatur;
624 526 793 582 missa
812 533 1035 583 tantum
1061 528 1413 582 matutinalis
1442 529 1509 582 de
1539 530 1645 583 Do-
1727 540 1813 587 est
1842 534 1937 604 qui
1966 534 2291 604 suscipitur,
2333 538 2461 604 post
2480 533 2670 587 datam
2697 534 3146 589 benedictionem
3160 551 3316 589 oscu-

79 611 259 665 minica
285 611 538 679 dicatur;
572 614 800 669 tertium
820 617 971 671 enim
994 625 1329 671 nocturnum
1352 617 1420 671 de
1450 618 1643 671 Domi-
1729 622 1876 676 letur
1902 640 2097 676 omnes
2128 623 2327 675 fratres
2358 637 2457 692 per
2477 622 2750 676 ordinem.
2767 623 2997 678 Fratres
3011 638 3166 690 vero,
3186 624 3319 694 quia

80 699 188 753 nica
212 699 294 753 die
333 715 618 771 nunquam
646 704 772 769 erit,
806 705 913 759 nisi
944 705 1318 777 praecedentia
1346 706 1457 760 duo
1487 706 1555 759 de
1576 723 1645 760 ea
1726 711 1909 764 induti
1942 717 2091 775 sunt,
2124 727 2235 764 non
2262 712 2491 764 flectant
2516 728 2703 780 genua
2730 717 2862 767 ante
2894 729 3043 778 eum,
3066 713 3210 767 sicut
3236 728 3320 766 so-

80 790 212 841 ﬁant.
1726 799 1845 852 lent
1872 799 2054 853 facere
2080 815 2205 853 cum
2234 800 2562 852 osculantur
2579 800 2898 872 episcopum
2922 802 3008 855 vel
3034 800 3315 866 abbatem,

137 877 190 930 In
216 877 470 932 omnibus
493 880 795 935 Dominicis
810 880 1028 948 diebus,
1048 887 1104 937 et
1132 884 1191 937 in
1221 884 1403 954 prima
1421 884 1509 937 die
1530 885 1642 939 Do-
1725 888 1811 941 vel
1839 888 2147 959 principem
2192 893 2374 953 terrae,
2422 888 2516 940 sed
2558 888 2852 943 humiliter
2878 889 3211 944 inclinantes
3258 905 3319 943 se

89 964 278 1019 minicm
306 966 627 1023 Nativitatis
658 970 726 1023 ad
762 972 1031 1041 majorem
1060 972 1289 1027 missam
1310 978 1551 1033 tantum,
1586 979 1643 1028 et
1724 976 2033 1046 procedant
2058 976 2127 1029 ad
2153 976 2405 1030 osculum
2437 976 2577 1046 ejus.

82 1053 127 1106 in
152 1053 230 1108 die
245 1055 545 1110 Dominica:
575 1058 1043 1125 Circumcisionis,
1073 1067 1130 1115 et
1149 1062 1475 1132 Epiphania,
1504 1069 1560 1116 et
1581 1063 1640 1116 in
1795 1065 1852 1118 Si
1880 1064 2187 1134 spiritualis
2225 1080 2465 1134 persona
2502 1064 2674 1118 fuerit
2726 1070 2783 1119 et
2832 1065 3005 1120 abbas
3057 1067 3317 1138 expedire

81 1141 231 1211 prima
257 1143 345 1197 die
365 1146 643 1214 paschalis
671 1148 1061 1217 solemnitatis,
1082 1155 1138 1203 et
1155 1150 1212 1203 in
1233 1149 1324 1204 die
1350 1152 1641 1204 Ascensio—
1722 1151 2069 1215 indicaverit,
2122 1151 2410 1205 devestitis
2476 1152 2761 1217 fratribus,
2821 1159 2877 1208 et
2924 1154 2983 1208 in
3045 1155 3312 1226 capitulo,

81 1229 166 1294 nis,
214 1238 267 1284 et
308 1231 366 1285 in
408 1232 593 1303 prima
624 1234 715 1288 die
748 1236 1121 1303 Pentecostes,
1156 1244 1213 1292 et
1251 1238 1311 1292 in
1339 1239 1638 1293 festivitate
1721 1240 1867 1295 sicut
1913 1242 2112 1306 solent,
2148 1240 2584 1306 considentibus,
2615 1242 2855 1296 ducatur
2889 1243 3022 1297 illuc
3049 1243 3315 1314 praedicta

80 1319 307 1373 Omnium
341 1321 700 1389 Sanctorum,
735 1329 790 1377 et
818 1324 876 1378 in
904 1326 1266 1379 Dedicatione
1296 1328 1558 1394 ecclesiae,
1584 1334 1638 1382 et
1722 1346 1984 1399 persona,
2014 1335 2087 1387 et.
2128 1329 2303 1400 petita
2330 1329 2737 1393 benedictione,
2781 1330 3004 1401 legatur
3030 1337 3161 1386 ante
3190 1350 3315 1387 eam

78 1406 122 1459 in
153 1407 397 1463 omnibus
469 1410 866 1467 festivitatibus
910 1413 1087 1469 beatae
1128 1416 1336 1482 Marias,
1366 1420 1423 1470 et
1462 1416 1521 1470 in
1550 1417 1640 1471 die
1722 1418 1883 1471 lectio
1928 1418 2145 1483 divina;
2188 1435 2300 1487 qua
2329 1418 2488 1472 ﬁnita
2524 1435 2651 1471 cum
2705 1421 2781 1472 Tu
2824 1425 3030 1486 autem,
3064 1422 3310 1488 Domine,

79 1496 315 1562 passionis
343 1500 733 1568 apostolorum
773 1502 924 1555 Petri
957 1508 1014 1557 et
1044 1504 1221 1569 Pauli,
1255 1509 1311 1558 et
1338 1504 1394 1559 in
1425 1506 1640 1561 caeteris
1724 1522 2045 1559 sermonem
2078 1506 2122 1560 si
2145 1506 2386 1560 voluerit
2408 1506 2476 1559 de
2499 1523 2566 1559 ea
2589 1506 2773 1561 faciat.

78 1582 432 1639 festivitatibus
460 1588 705 1642 aliorum
734 1592 1135 1661 apostolorum,
1168 1593 1387 1647 dicatur
1416 1595 1487 1648 ad
1516 1612 1639 1648 ma-
1794 1596 1851 1649 Si
1875 1594 2045 1648 abbas
2074 1594 2245 1648 fuerit
2265 1594 2358 1664 qui
2384 1595 2703 1666 suscipitur,
2738 1601 2868 1650 ante
2907 1597 3201 1651 introitum
3229 1615 3316 1652 ca-

70 1673 221 1739 jorem
248 1674 474 1729 missam
512 1679 677 1731 Uretlo
708 1681 771 1733 in
802 1697 979 1733 unum
1006 1683 1200 1735 Deum.
1235 1683 1379 1736 Nam
1413 1683 1481 1736 ad
1512 1700 1685 1757 ma-_
1720 1683 1884 1752 pituli
1911 1684 2263 1753 egredientes
2289 1685 2488 1737 fratres
2518 1685 2819 1739 osculetur.
2854 1685 2911 1739 Si
2938 1702 3067 1740 vero
3097 1686 3315 1757 capitu-

74 1759 329 1815 tutinalcm
357 1764 592 1819 missam
619 1766 677 1820 in
707 1775 980 1823 conventu
1007 1787 1295 1841 nunquam
1325 1771 1548 1825 dicitur.
1652 1755 1836 1824 Blum
1889 1789 2001 1826 non
2053 1771 2367 1835 intraverit,
2420 1779 2641 1827 servata
2687 1774 3027 1844 competenti
3070 1775 3211 1829 hora
3255 1775 3313 1829 in

178 1851 362 1906 SEC'rIo
392 1854 524 1908 XII.
555 1881 619 1893 -—
642 1858 893 1924 Exceptio
912 1873 1150 1925 persona:
1174 1862 1525 1928 principalis.
1722 1860 1969 1914 claustro
2000 1860 2285 1914 osculetur
2304 1877 2418 1915 eos.

126 1938 332 2001 Quoties
352 1942 681 2013 disponitur
701 1949 766 1999 ut
792 1944 982 2016 aliqua
1020 1962 1259 2017 persona
1282 1965 1408 2002 cum
1438 1950 1637 2005 festiva
1778 2016 1795 2031 κ
2358 1949 2591 2003 CAPUT
2617 1949 2688 2003 II.

71 2030 379 2096 proccssione
404 2032 765 2103 suscipiatur,
784 2039 1053 2104 tangatur
1071 2041 1159 2089 ter
1194 2036 1435 2091 breviter
1457 2055 1634 2093 unum
1788 2030 1795 2031 ⁷
2358 2039 2431 2091 De
2454 2039 2664 2090 abbate.

71 2116 122 2169 de
147 2118 434 2189 majoribus
454 2121 655 2192 signis,
686 2128 751 2177 ut
778 2124 884 2177 hoc
911 2123 1070 2194 signo
1096 2127 1631 2181 conveniantomnes
1783 2124 1970 2179 Abbas
1991 2142 2117 2179 cum
2148 2124 2391 2195 eligitur,
2425 2142 2618 2179 omnes
2646 2126 2868 2192 fratres,
2908 2127 2994 2180 vel
3038 2129 3219 2198 major
3247 2135 3305 2183 et

68 2203 234 2261 fratres
253 2207 305 2262 in
324 2210 625 2264 ecclesiam
648 2212 717 2265 ad
735 2212 1081 2267 induendum
1100 2230 1178 2268 se.
1196 2215 1266 2269 Et
1286 2232 1413 2270 cum
1432 2233 1628 2271 omnes
1712 2213 1912 2267 melior
1942 2231 2093 2285 pars,
2120 2215 2177 2268 in
2208 2216 2329 2284 ejus
2359 2214 2688 2267 electionem
2723 2216 3040 2270 consentire
3076 2215 3301 2273 debent.

73 2296 227 2365 cappis
254 2297 435 2353 induti
464 2299 698 2359 fuerint,
726 2300 772 2354 si
799 2306 959 2354 tanta
994 2319 1298 2373 capparum
1330 2304 1489 2374 copia
1519 2310 1622 2369 est,
1709 2301 1931 2356 Electus
1946 2308 2132 2357 autem
2147 2303 2191 2356 si
2210 2309 2368 2357 extra
2380 2303 2781 2357 monasterium
2794 2311 3307 2372 consecratur,cum

69 2388 144 2436 aut
158 2386 363 2453 casulis,
390 2393 454 2441 et
477 2388 819 2458 dalmaticis,
850 2390 897 2443 si
926 2407 1116 2462 cappae
1144 2391 1348 2455 desint,
1384 2398 1440 2445 et
1466 2393 1625 2464 pueri
1708 2390 1942 2444 redierit
1960 2408 2086 2445 cuni
2100 2392 2294 2445 festiva
2307 2392 2658 2463 proccssione
2678 2392 3164 2465 suscipiatur.Ipse
3176 2411 3305 2449 vero

67 2472 250 2539 tunicis,
271 2482 602 2547 exspectent
620 2478 879 2533 sedentes
904 2478 962 2533 in
994 2480 1182 2545 choro,
1224 2480 1400 2533 donec
1430 2497 1625 2551 proce-
1706 2478 1767 2532 in
1796 2484 2036 2551 utraque
2059 2481 2302 2535 statione
2329 2486 2643 2552 prostratus
2664 2482 2869 2551 jaceat.
2908 2483 3093 2537 Finito
3130 2487 3301 2538 cantu

66 2559 187 2615 dant.
218 2564 565 2619 Secretarius
594 2566 820 2621 interim
849 2568 1112 2622 extendat
1134 2585 1311 2623 unum
1352 2574 1619 2641 tapetem,
1708 2568 1966 2622 secundae
1997 2568 2274 2635 stationis,
2310 2568 2621 2640 episcopus,
2654 2569 2700 2623 si
2729 2570 2906 2636 adest,
2950 2571 3038 2625 vel
3086 2572 3307 2642 legatus

69 2655 110 2701 et
130 2650 346 2724 desuper
372 2655 613 2725 pallium
633 2661 763 2709 ante
776 2659 960 2727 majus
980 2658 1156 2711 altare
1182 2675 1352 2728 super
1379 2658 1622 2729 priorem
1707 2656 1827 2724 ejus
1856 2656 1913 2709 in
1944 2658 2063 2710 loco
2092 2662 2148 2711 et
2192 2658 2433 2711 statione
2475 2657 2690 2711 abbatis
2738 2675 2865 2712 eum
2912 2665 3142 2715 statuat
3183 2661 3305 2724 Q00

67 2738 279 2806 gradum,
304 2752 359 2797 et
375 2743 647 2797 similiter
663 2744 975 2800 faciatante
996 2747 1328 2800 cruxiﬁxum
1351 2746 1409 2800 in
1438 2748 1621 2801 medio
1706 2749 1935 2809 statuto,
1965 2744 2011 2799 si
2041 2745 2332 2816 episcopus
2373 2745 2547 2809 abest,
2580 2746 2813 2817 incipiat
2842 2748 2996 2817 prior
3027 2750 3091 2802 Tc
3128 2751 3303 2803 Deum

70 2826 311 2897 Ecclesiae;
358 2832 446 2886 his
510 2834 748 2903 peractis
784 2852 910 2888 cum
958 2834 1263 2889 indicatum
1310 2835 1484 2889 fuerit
1508 2837 1625 2906 jam
1712 2834 2027 2900 laudamus,
2058 2835 2205 2903 quod
2235 2835 2368 2887 dum
2399 2839 2647 2897 cantant,
2673 2836 2941 2888 accedant
2965 2852 3160 2890 omnes
3181 2839 3299 2891 fra-

66 2919 1182 2994 pmpeadessepersonam,pulsenturduo
1203 2924 1419 2993 majora
1444 2924 1624 2993 signa.
1709 2926 1843 2986 tres,
1888 2920 2032 2976 sicut
2073 2927 2207 2975 sunt
2248 2922 2480 2992 priores,
2512 2923 2578 2975 ad
2614 2923 2865 2976 osculum
2904 2924 3045 2994 ejus,
3078 2923 3163 2978 bis
3209 2927 3306 2979 fle-

117 3006 248 3062 Tunc
274 3009 446 3081 aliqui
482 3010 555 3064 de
576 3011 884 3082 majoribus
915 3011 1193 3083 accipiant
1216 3029 1420 3082 aquam
1454 3012 1628 3067 bene-
1653 3068 1691 3084 ﬂ
1712 3014 1925 3063 ctentes
1954 3028 2158 3080 genua,
2193 3010 2365 3064 semel
2392 3016 2521 3065 ante
2552 3011 2822 3075 osculum,
2857 3017 2913 3065 et
2950 3013 3125 3066 semel
3175 3020 3303 3084 post

67 3092 254 3161 dictam,
285 3103 339 3151 et
374 3104 586 3153 caetera
622 3116 743 3170 quae
791 3100 859 3154 ad
910 3101 1165 3154 festivam
1213 3101 1624 3171 processionem
1649 3068 1982 3153 C‘osculum.
2011 3100 2085 3152 Ex
2114 3098 2211 3152 illa
2239 3099 2328 3152 die
2360 3099 2585 3153 inomni
2605 3101 2725 3153 loco
2747 3100 3019 3170 singulari
3050 3117 3303 3157 reveren-

68 3185 241 3249 portari
267 3187 481 3255 solent;
514 3188 614 3241 hos
633 3188 1008 3257 praecedentes
1030 3194 1342 3260 sequantur
1354 3189 1543 3255 abbas,
1573 3196 1630 3245 et
1709 3187 1791 3240 tia
1821 3187 2181 3241 honorandus
2201 3194 2309 3241 est.

66 3273 232 3338 ueteri,
263 3281 325 3329 ut
350 3281 492 3331 sunt
535 3277 770 3347 priores.
822 3277 988 3332 Pueri
1037 3295 1165 3332 cum
1196 3278 1480 3349 magistris
1512 3279 1627 3333 suis
1780 3276 1844 3329 In
1874 3275 2056 3346 primo
2089 3275 2333 3347 capitulo
2383 3276 2479 3330 ubi
2524 3277 2751 3343 sederit,
2783 3294 2977 3332 omnes
3010 3279 3104 3350 qui
3152 3279 3303 3334 intra

66 3364 258 3417 extremi
279 3365 530 3431 veniant,
564 3370 619 3419 et
644 3366 700 3419 in
730 3366 926 3421 ordine
951 3384 1052 3421 suo
1081 3372 1234 3421 stent
1254 3368 1401 3421 inter
1428 3368 1627 3422 choros
1709 3365 2113 3419 monasterium
2147 3364 2495 3420 obedientias
2522 3365 2754 3436 habent,
2780 3373 2838 3421 et
2862 3385 2953 3422 res
2977 3369 3303 3423 monasterii

66 3446 189 3515 duos,
214 3468 334 3506 cum
374 3454 530 3508 facta
552 3454 721 3509 fuerit
750 3455 917 3509 statio
947 3456 1020 3509 ad
1056 3456 1468 3527 susceptionem
1504 3474 1627 3528 per-
1708 3459 1949 3518 servant,
1986 3470 2215 3508 suarum
2256 3453 2702 3510 obedientiarum
2747 3456 2926 3511 claves
2965 3463 3096 3512 ante
3133 3459 3303 3530 pedes

66 3549 199 3592 801183.
225 3540 353 3604 Quae
384 3558 518 3596 cum
541 3542 846 3614 suscipitur
867 3544 1166 3609 παθάθι
1179 3544 1229 3597 ei
1247 3544 1418 3599 abbas
1441 3562 1627 3615 asper-
1709 3543 1828 3612 ejus
1855 3548 2088 3613 ponant.
2116 3544 2240 3613 Ipse
2268 3560 2398 3598 vero
2420 3545 2840 3599 recommendct
2876 3546 2957 3600 eis
2986 3546 3138 3617 ipsas
3176 3547 3303 3601 obe-

66 3626 237 3682 sorium
266 3647 388 3685 cum
451 3648 605 3702 aqua
642 3631 699 3685 in
728 3648 979 3698 manum,
1015 3632 1061 3686 si
1091 3632 1383 3705 episc0pus
1432 3634 1619 3699 fuerit,
1707 3631 1968 3697 dicntias,
1996 3632 2042 3685 si
2075 3648 2185 3685 non
2218 3632 2383 3686 aliter
2424 3632 2763 3687 ordinandas
2803 3651 2924 3687 esse
2968 3635 3301 3691 decreverit.

67 3712 200 3769 aliam
224 3734 521 3788 personam
543 3726 806 3791 aspergat
833 3722 971 3792 ipse,
1006 3722 1208 3776 dehinc
1236 3722 1558 3793 porrigatur
1574 3722 1624 3777 ei
1707 3720 1971 3774 Inclinari
2001 3719 2167 3774 debet
2187 3737 2219 3773 a
2243 3725 2363 3774 toto
2393 3727 2667 3775 conventu
2690 3739 2813 3775 cum
2842 3728 2969 3793 post
2997 3723 3299 3794 incmptam

66 3800 329 3876 incensum,
350 3809 615 3863 similiter
640 3809 711 3863 ab
732 3810 950 3876 abbate,
974 3817 1160 3866 textus
1189 3828 1222 3865 a
1251 3812 1622 3883 priore;dum
1706 3809 2070 3880 antiphonam
2104 3809 2353 3872 inclinat,
2378 3826 2503 3863 cum
2530 3810 2586 3863 in
2616 3810 2807 3864 tabula
2836 3810 2893 3864 in
2931 3812 3174 3881 capitulo
3205 3829 3301 3866 no-

69 3889 156 3946 hzec
180 3896 327 3964 ﬁunt,
355 3899 658 3966 pulsentur
675 3900 865 3953 omnia
888 3899 1067 3970 signa.
1094 3901 1305 3955 Cantor
1330 3917 1460 3955 vero
1490 3900 1622 3955 inci-
1706 3896 1973 3959 minatur.
2005 3895 2050 3948 Si
2079 3895 2153 3948 ibi
2180 3912 2423 3965 P11058113
2453 3901 2554 3959 est»
2589 3913 2715 3950 cum
2757 3897 2814 3949 in
2849 3899 3081 3967 P331010,
3125 3900 3213 3953 νεὶ
3240 3900 3301 3953 in

67 3979 158 4046 piat
181 3991 392 4040 cantum
416 3987 516 4059 qui
547 3988 842 4042 conveniat
877 4005 1146 4058 personae,
1194 3989 1397 4043 dehinc
1440 4006 1621 4044 revcr-
1705 3986 1814 4039 alio
1844 3986 2031 4056 aliquo
2055 3984 2268 4038 fallitur
2299 3984 2355 4038 in
2388 3985 2576 4049 choro,
2601 4002 2700 4055 pro
2731 4002 2840 4054 quo
2882 3986 3099 4040 veniam
3122 3994 3298 4058 potat.

65 4070 188 4122 tatur
209 4076 504 4143 processio,
528 4076 689 4145 pueri
718 4092 844 4130 cum
875 4077 1157 4147 magistris
1187 4077 1302 4131 suis
1333 4077 1499 4149 primi
1532 4078 1620 4133 in-
1776 4075 1956 4128 Eunte
1987 4090 2051 4127 co
2081 4074 2151 4127 ad
2200 4074 2495 4142 legendum
2524 4074 2606 4126 vel
2654 4073 2923 4127 redeunte
2964 4091 2999 4128 a
3040 4076 3295 4146 legendo,

70 4158 358 4222 grediantnr
385 4163 701 4228 ecclesiam,
725 4165 827 4218 hos
858 4171 1166 4236 sequantur
1182 4166 1380 4241 reliqui
1402 4166 1621 4221 sicutin
1704 4167 1965 4233 assurgat
1985 4161 2035 4215 ei
2056 4166 2207 4215 totus
2231 4166 2554 4214 conventus.
2576 4162 2925 4216 Transeunte
2948 4179 3013 4216 eo
3029 4180 3129 4234 per
3145 4165 3298 4219 clau-
3330 4166 3339 4169 ’

68 4247 270 4304 statione
293 4251 1068 4308 fueruntzextremusveniat
1087 4254 1259 4308 abbas
1280 4272 1407 4308 cum
1439 4272 1624 4309 susce-
1705 4256 1885 4305 strum
1943 4251 2029 4303 vel
2078 4267 2178 4319 per
2212 4266 2603 4319 quemcunque
2646 4251 2851 4316 locum,
2901 4249 3203 4323 assui'gant
3249 4255 3302 4309 ei

67 4336 142 4398 P18
164 4353 404 4408 persona,
429 4340 873 4413 praecedentibus
902 4357 997 4396 eos
1023 4342 1358 4413 supradictis
1385 4343 1626 4414 portito-
1707 4356 1901 4394 omnes
1920 4344 2051 4392 ante
2086 4355 2225 4409 quos
2248 4338 2474 4403 transit,
2509 4340 2875 4410 quoadusque
2924 4347 3299 4412 pertranseat.

69 4418 209 4477 libus.
1639 4462 1687 4521 Β
1708 4430 1849 4483 Cum
1875 4428 2181 4498 capitulum
2201 4427 2508 4492 introierit,
2536 4428 2805 4483 fratribus
2828 4430 2947 4500 jam
2974 4430 3033 4485 in
3061 4449 3126 4486 eo
3164 4450 3300 4487 con-

122 4510 336 4584 lngressi
357 4520 764 4575 monasterium
782 4520 992 4575 faciant
1022 4521 1321 4576 stationem
1344 4526 1475 4575 ante
1496 4538 1622 4576 cru-
1642 4510 1684 4521 ”
1706 4517 2038 4579 sidentibus.
2072 4517 2140 4570 de
2172 4516 2430 4571 omnibus
2454 4517 2721 4587 gradibus
2744 4535 2938 4574 omnes
2958 4520 3301 4578 descendant

72 4596 272 4661 ciﬁxum.
302 4608 473 4663 Pueri
510 4626 638 4664 vero
678 4610 937 4664 similiter
977 4616 1128 4664 stent
1165 4610 1315 4664 inter
1354 4615 1622 4681 utrosque
1706 4608 1881 4662 donec
1899 4608 2047 4661 idem
2070 4606 2376 4660 consideat.
2396 4607 2727 4679 Ubicunque
2756 4609 2851 4669 sit,
2879 4608 2956 4663 ibi
2986 4610 3151 4665 debet
3178 4628 3299 4667 esse

72 4685 247 4747 choros.
276 4696 534 4752 Praedicti
561 4700 860 4770 portitores
888 4699 1161 4771 paulatim
1192 4699 1625 4770 progrediantur
1706 4697 1842 4751 ordo
1880 4702 1935 4751 et
1963 4696 2291 4766 disciplina;
2335 4703 2680 4767 quapropter
2715 4697 2773 4751 in
2818 4715 3150 4770 quocunque
3179 4702 3300 4755 loco

72 4790 149 4841 Per
171 4784 400 4840 medium
422 4803 641 4855 eorum,
675 4795 732 4842 et
760 4794 911 4842 stent
933 4793 1065 4842 ante
1095 4788 1418 4843 cruciﬁxum
1448 4788 1622 4842 versis
1704 4785 1892 4851 fuerit,
1943 4784 2054 4839 sive
2099 4785 2157 4838 in
2187 4785 2451 4849 claustro,
2482 4784 2597 4838 sive
2626 4790 2784 4839 extra
2814 4787 3139 4853 claustrum,
3171 4806 3297 4843 cum

72 4865 275 4926 vultibus
303 4875 370 4929 ad
400 4892 552 4930 eum.
586 4875 822 4931 Interim
876 4883 997 4932 oret
1038 4883 1297 4949 suscepta
1347 4894 1618 4949 persona;
1704 4874 2064 4945 reprehendit
2101 4873 2344 4943 aliquem
2374 4872 2606 4927 fratrem
2653 4872 2970 4930 inordinate
3013 4882 3295 4947 agentem,

74 4952 199 5011 linito
224 4968 401 5032 cantu,
421 4971 687 5036 surgente
716 4983 783 5021 ea
797 4966 868 5021 ab
887 4966 1404 5037 oratione,incipiat
1429 4972 1626 5020 cantor
1707 4962 1820 5017 sive
1838 4963 2179 5033 loquentem,
2200 4978 2326 5015 mox
2347 4960 2439 5015 ille
2463 4977 2651 5015 coram
2676 4977 2741 5015 eo
2767 4962 3058 5017 humiliter
3079 4965 3296 5019 veniam

73 5044 513 5120 antipbonam,vel
535 5055 951 5126 responsorium
973 5056 1042 5110 de
1058 5060 1251 5110 sancto
1273 5055 1330 5109 in
1349 5057 1509 5126 cujus
1530 5056 1625 5109 ho-
1705 5058 1880 5122 petat,
1914 5052 2059 5106 sicut
2100 5051 2156 5105 in
2190 5051 2457 5122 capitulo,
2491 5057 2548 5104 et
2590 5050 2788 5105 tandiu
2830 5057 2940 5106 stet
2981 5059 3113 5107 ante
3141 5053 3301 5108 illum

78 5144 231 5190 ﬂorem
251 5139 477 5197 fundata
496 5149 583 5197 est
595 5143 844 5199 ecclesia.
858 5145 1015 5199 Tunc
1035 5144 1356 5215 praecedant
1372 5143 1622 5215 prredicti
1704 5141 1881 5195 donec
1904 5141 2059 5195 illum
2072 5140 2270 5210 jubeat
2290 5140 2505 5195 sedere.
2526 5138 2600 5193 Et
2624 5141 2671 5194 si
2696 5140 2896 5195 viderit
2922 5141 3079 5196 illum
3105 5142 3294 5207 irasci,

75 5224 345 5289 Pnrtitores.
382 5232 691 5303 deposituri
731 5233 791 5287 in
821 5233 955 5287 locis
999 5233 1115 5288 suis
1145 5251 1211 5287 ea
1242 5251 1364 5304 quze
1394 5237 1623 5305 portant
1702 5236 1818 5284 tam
1849 5231 1944 5285 diu
1965 5230 2275 5285 satisfaciat
2301 5235 2432 5284 ante
2462 5230 2645 5301 ipsum
2667 5230 2884 5284 veniam
2901 5232 3302 5303 petendo,quo-

75 5312 233 5368 statim
259 5335 377 5374 cum
405 5323 475 5376 ad
505 5321 683 5376 altare
702 5323 975 5377 venerint.
1002 5324 1325 5394 Sequantur
1356 5323 1616 5389 infantes,
1702 5337 1882 5392 usque
1909 5321 2066 5375 illum
2096 5320 2297 5374 reddat
2324 5320 2627 5391 placatum.
2658 5320 2845 5375 Abbas
2881 5326 3073 5376 tamen
3114 5324 3301 5393 provi-

74 5406 174 5463 Post
196 5402 286 5460 hos
300 5408 515 5480 reliqui,
550 5427 615 5465 eo
647 5411 842 5466 ordine
864 5428 975 5482 quo
1005 5411 1264 5482 superius
1284 5411 1494 5465 dictum
1515 5415 1619 5465 est.
1705 5410 1838 5464 dere
1867 5409 2034 5464 debet
2059 5426 2130 5463 ne
2162 5410 2266 5463 hoc
2312 5407 2479 5462 faciat
2508 5424 2695 5463 coram
2740 5410 3099 5466 saecularibus
3127 5411 3304 5467 homi-

74 5483 274 5555 lngressi
322 5497 552 5553 chorum
579 5503 731 5554 stent
772 5516 807 5554 a
850 5505 1011 5571 parte
1057 5500 1251 5554 altaris
1290 5516 1355 5554 ex
1385 5505 1625 5571 utraque
1707 5498 1893 5553 nibus.

75 5582 197 5639 Parte
220 5582 355 5639 sicut
379 5593 512 5643 sunt
535 5588 770 5660 priores.
796 5589 931 5644 Oret
965 5588 1174 5645 iterum
1215 5593 1471 5661 suscepta
1505 5605 1627 5661 per-
1778 5587 2128 5660 Ubicumque
2155 5586 2383 5655 sederit,
2412 5586 2601 5643 nullus
2616 5588 2777 5660 juxta
2797 5604 2926 5643 eum
2940 5590 3135 5647 sedere
3163 5608 3304 5665 pra:-
