3892 6350
525 283 631 363 483

1525 275 1588 356 βο
1630 275 2041 358 ινδιφΝεβᾼΝαι
2083 273 2438 355 canum.-
2481 274 2818 353 Aliam?-

3697 271 3804 343 3181

527 409 736 482 sumat,
762 403 871 471 nisi
898 403 1017 484 ipse
1029 399 1286 476 jusserit;
1314 401 1504 474 jussus
1536 417 1664 454 vero
1695 399 1908 466 sedere,
1938 400 2008 454 ad
2028 416 2121 470 ge—
2139 400 2328 474 Aquae
2353 404 2509 474 extra
2538 400 2842 473 claustrum
2873 406 3021 473 sunt,
3048 400 3094 454 si
3125 399 3295 466 abbas
3321 400 3496 466 deest,
3521 400 3690 468 juxta
3717 398 3805 467 ip-

527 509 638 546 nua
678 494 797 564 ejus
839 510 898 556 se
943 493 1129 552 flectat
1171 496 1227 542 et
1276 490 1574 552 osculetur,
1609 494 1665 544 et
1708 489 1785 542 sic
1832 489 2122 542 humiliter

521 567 695 654 juxta
716 599 843 640 eum
867 581 1076 635 sedeat.
1120 579 1447 654 Quicunque
1479 579 1524 630 ei
1564 577 1621 631 in
1653 594 1880 634 manum
1913 577 2120 646 aliquid

528 656 764 735 dederit,
798 671 966 736 velde
991 684 1159 727 manu
1191 669 1311 736 ejus
1343 666 1554 746 aliquid
1581 666 1876 735 acceperit,
1909 667 2124 728 oscule-

527 765 623 813 tur
651 775 883 820 manum
925 757 1138 826 ipsius;
1173 755 1450 822 intrature
1503 754 1559 807 in
1610 754 1967 827 refectorium
2015 755 2125 807 duo

527 833 728 903 fratres
761 848 1006 907 serviant
1031 846 1079 900 ei
1109 847 1176 900 de
1199 861 1343 915 aqua
1377 851 1432 921 et
1457 844 1830 918 manutergio.
1865 844 2126 906 Quandiu

529 937 589 991 in
619 938 788 989 choro
819 935 1004 999 fuerit,
1038 934 1224 986 nullus
1270 919 1597 1006 infantibus,
1635 919 1743 986 nisi
1780 948 1844 985 eo
1870 931 2122 1011 jubente,

529 1026 736 1088 audeat
766 1023 1116 1093 disciplinain
1150 1022 1375 1082 inferre.

601 1112 860 1188 Quandiu
888 1099 1180 1166 dormierit
1212 1111 1268 1162 in
1296 1110 1438 1164 lecto
1469 1126 1568 1162 suo
1601 1126 1786 1173 mane,
1823 1110 2010 1163 nullus
2035 1126 2126 1162 so-

527 1203 710 1276 nitum
741 1201 947 1255 audeat
991 1201 1191 1254 facere.
1236 1199 1504 1275 Magister
1531 1204 1720 1252 tamen
1753 1199 2047 1276 infantum,
2081 1199 2125 1252 si

528 1291 730 1360 viderit
742 1290 984 1362 transire
998 1290 1195 1342 horam
1211 1295 1270 1364 g
1415 1305 1526 1358 qua
1538 1288 1753 1340 sonitus
1765 1303 1798 1338 a
1809 1287 1990 1357 priore
2010 1287 2129 1340 ﬁeri

530 1363 688 1443 solet,
715 1383 925 1448 surgat,
953 1383 1010 1430 et
1033 1394 1200 1448 quam
1219 1360 1474 1446 quietius
1507 1376 1681 1445 possit
1711 1375 1953 1430 infantes
1993 1376 2130 1428 exci-

528 1473 627 1530 tet,
661 1467 814 1536 virga
833 1464 1222 1518 tantummodo
1256 1470 1492 1531 tangens
1521 1479 1738 1532 pannos
1767 1462 1967 1532 quibus
2000 1479 2129 1515 coo-

529 1556 675 1625 perti
700 1560 850 1608 sunt.
868 1555 988 1618 Quo
1005 1554 1170 1612 facto,
1198 1537 1462 1604 exeuntes
1484 1537 1552 1604 de
1583 1551 1911 1608 dormitorio
1943 1553 2131 1604 lavent

532 1662 592 1698 se
620 1649 677 1698 et
705 1648 947 1714 pectant,
991 1648 1046 1697 et
1077 1641 1234 1703 factis
1266 1640 1443 1694 solitis
1475 1639 1837 1702 orationibus,
1867 1640 1923 1692 in
1968 1641 2129 1702 scho-

2206 489 2321 541 sius
2351 488 2646 542 arbitrium
2677 489 3145 563 disponuntur.Si
3173 487 3342 555 abbas
3371 488 3592 558 longius
3615 505 3652 540 a
3683 503 3807 553 mo:

2207 577 2452 630 nasterio
2479 578 2665 650 fuerit,
2691 577 2807 648 ipse
2825 579 3103 648 deponere
3133 582 3317 646 potest
3338 593 3433 642 eos
3461 564 3601 645 quos
3632 575 3806 640 intel—

2209 666 2406 718 lexerit
2435 682 2544 719 non
2582 668 2743 735 juxta
2771 667 3081 736 proﬁcuum
3107 665 3361 718 Ecclesiae
3392 681 3480 728 res
3519 663 3622 728 sibi
3657 679 3808 717 com-

2209 740 2407 806 missas
2437 760 2698 807 tractare.
2734 754 2961 817 Quoties
3017 771 3104 806 res
3161 753 3492 822 expostulat,
3525 756 3687 804 tenet
3713 757 3812 818 aut

2209 843 2387 896 teneri
2414 842 2576 915 jubet
2605 843 2911 912 capitulum
2934 844 3002 895 de
3033 841 3292 906 omnibus
3310 840 3686 908 servientibus
3717 839 3808 909 qui

2209 931 2359 984 intra
2389 932 2637 1006 ofﬁcinas
2687 931 3015 1002 monasterii
3063 936 3481 998 conversantur,
3525 935 3583 982 et
3611 945 3810 994 secun-

2212 1021 2344 1074 dum
2386 1020 2586 1096 merita
2639 1020 3106 1093 delinquentium,
3157 1036 3221 1072 eo
3269 1019 3520 1091 jubente,
3549 1018 3810 1072 vindictae

2212 1110 2550 1164 inferuntur.
2585 1108 2841 1182 Intrante
2872 1126 2936 1177 eo
2965 1109 3294 1179 capitulum,
3318 1124 3511 1164 omnes
3541 1108 3593 1177 ei
3623 1123 3813 1171 assur—

2209 1203 2364 1266 gant,
2389 1203 2602 1252 stantes
2631 1198 2687 1250 in
2718 1198 3091 1268 suppedaneis
3107 1197 3281 1252 donec
3308 1196 3613 1264 consideat.
3649 1195 3812 1258 Quod

2214 1287 2260 1359 si
2289 1287 2615 1350 tardaverit,
2648 1292 2704 1342 et
2755 1287 2910 1358 prior
2955 1286 3185 1354 claustri
3241 1285 3297 1353 in
3356 1285 3474 1340 loco
3529 1283 3814 1354 superiori

2213 1376 2368 1445 prius
2385 1376 2609 1442 sederit,
2635 1376 2845 1430 intrare
2873 1392 2986 1430 non
3015 1375 3197 1428 debet.
3215 1375 3271 1433 Si
3303 1391 3471 1428 causa
3488 1373 3663 1430 fuerit
3693 1389 3816 1442 quae

2215 1463 2423 1520 differri
2455 1481 2567 1518 non
2629 1465 2821 1534 possit,
2868 1470 2968 1519 aut
2996 1480 3107 1517 non
3153 1463 3371 1521 debeat,
3424 1462 3681 1531 ingresso
3729 1478 3813 1525 eo,

2215 1553 2366 1622 prior
2391 1554 2619 1625 claustri
2651 1571 2715 1607 ex
2746 1555 2924 1606 altera
2971 1555 3098 1625 ejus
3143 1558 3319 1623 parte,
3351 1537 3506 1622 prior
3551 1551 3818 1604 omnibus

2217 1642 2425 1705 sedeat.
2453 1643 2802 1696 Transeunte
2842 1659 2905 1696 eo
2947 1659 3047 1712 per
3079 1643 3383 1695 claustrum
3433 1642 3515 1694 vel
3545 1657 3650 1710 per
3692 1640 3819 1692 clio-

531 1735 643 1794 1am
683 1749 843 1808 suam
873 1732 1107 1784 redeant
1137 1737 1192 1783 et
1223 1747 1348 1782 cum
1398 1729 1622 1781 silentio
1669 1729 1919 1806 sedeant,
1957 1729 2194 1811 donecB
2215 1746 2362 1792 rum,
2384 1747 2492 1784 non
2511 1737 2839 1800 assurgetur
2858 1731 2939 1796 ei;
2965 1732 3180 1801 volente
3200 1748 3264 1784 eo
3285 1730 3476 1797 sedere
3493 1729 3548 1781 in
3567 1729 3818 1790 claustro

532 1805 704 1874 abbas
725 1821 794 1873 de
820 1821 960 1873 lecto
991 1823 1202 1887 surgat.

603 1911 743 1962 Cum
775 1907 976 1961 alicubi
1006 1913 1162 1960 extra
1195 1905 1594 1962 monasterium
1637 1923 1853 1958 moram
1898 1906 2125 1970 faciens,

532 1999 764 2051 mandat
800 1997 1094 2049 conventui
1125 1996 1333 2047 salutes
1363 2011 1461 2047 seu
1483 1994 1786 2059 orationes,
1811 2010 2004 2047 omnes
2036 1995 2130 2063 qui

531 2087 590 2141 in
611 2087 853 2166 capitulo
882 2090 1014 2152 sunt
1039 2085 1331 2140 inclinent.
1355 2083 1511 2137 ﬂexis
1552 2099 1728 2152 usque
1761 2083 1831 2136 ad
1862 2083 2134 2156 suppeda-

532 2192 702 2238 neum
722 2175 1022 2230 scabellum
1042 2173 1302 2242 genibus.
1323 2173 1527 2246 Eodem
1552 2172 1716 2249 modo
1743 2173 1804 2224 ﬁt
1835 2189 1935 2241 pro
1979 2188 2133 2244 papae

533 2265 618 2317 vel
639 2264 788 2340 regis
820 2262 1184 2327 salutatione;
1213 2278 1310 2330 pro
1336 2261 1572 2314 aliarum
1606 2277 1734 2313 vero
1768 2277 2132 2337 personarum

535 2351 966 2422 salutationibus
991 2350 1281 2404 humiliter
1311 2349 1608 2402 inclinetur
1631 2351 2017 2403 tantum.Cum
2041 2367 2136 2403 au-

534 2446 652 2494 tem
671 2440 836 2504 alicui
856 2439 1016 2494 fratri
1043 2438 1273 2492 mandat
1298 2438 1621 2507 liujusmodi
1645 2439 1877 2508 aliquid,
1906 2438 2134 2506 ubicun-

538 2545 646 2599 que
678 2529 895 2582 dicatur
921 2528 971 2580 ei
995 2528 1115 2598 ipsa
1130 2527 1415 2589 salutatio,
1442 2527 1705 2580 continuo
1736 2527 2023 2580 humiliter
2054 2528 2134 2580 in-

537 2619 708 2672 clinet
747 2617 902 2674 ﬂexis
933 2617 1003 2670 ad
1035 2622 1242 2670 terram
1272 2614 1528 2684 genibus.

610 2706 937 2775 Quicunque
967 2704 1138 2762 frater
1162 2705 1233 2757 ad
1272 2721 1398 2776 eum
1443 2709 1599 2779 extra
1640 2704 1944 2757 claustrum
1977 2721 2137 2758 vene—

2219 1818 2314 1871 ubi
2345 1819 2440 1872 alii
2465 1820 2667 1872 fratres
2726 1820 2942 1880 sedent,
2971 1825 3278 1887 assurgunt
3315 1819 3364 1871 ei
3409 1824 3631 1882 tantum
3658 1818 3821 1885 juxta

2223 1925 2360 1978 quos
2382 1908 2576 1976 sedere
2595 1909 2736 1972 vult;
2775 1907 3091 1977 ubicunque
3121 1913 3278 1976 extra
3294 1907 3602 1962 claustrum
3615 1905 3820 1960 fratres

2218 1997 2476 2071 sedentes
2502 1997 2796 2068 invenerit,
2826 2003 3129 2066 assurgunt
3156 1996 3208 2058 ei
3237 2013 3449 2062 omnes.
3492 1996 3658 2062 Prior
3674 1995 3821 2050 clau-

2219 2088 2344 2151 stri,
2379 2103 2712 2158 quocunque
2744 2087 2924 2155 major
2953 2073 3106 2157 prior
3155 2095 3264 2148 eat,
3298 2084 3344 2137 si
3391 2084 3511 2151 fieri
3545 2083 3730 2152 possit
3765 2083 3817 2134 in

2219 2177 2482 2247 claustro,
2519 2175 2600 2246 vel
2629 2175 2778 2246 circa
2803 2175 3128 2247 claustrum,
3153 2173 3319 2242 debet
3360 2189 3581 2241 semper
3603 2189 3729 2225 esse
3768 2180 3820 2224 et

2221 2265 2472 2318 ordinem
2507 2263 2736 2332 claustri
2769 2264 2921 2316 omni
2949 2262 3322 2332 sollicitudine
3339 2277 3579 2318 servare.

2291 2356 2431 2407 Cum
2463 2352 2635 2406 abbas
2667 2357 2722 2404 et
2767 2353 2946 2422 major
2995 2353 3148 2422 prior
3197 2351 3420 2414 absunt,
3453 2350 3499 2403 si
3527 2350 3820 2418 contingat

2220 2441 2527 2511 quemlibet
2555 2443 2797 2512 fratrum
2839 2457 2903 2492 ex
2953 2439 3280 2494 inﬁrmitate
3317 2439 3591 2502 laborare,
3637 2442 3822 2508 potest

2217 2548 2283 2584 ea
2312 2531 2610 2600 praecipere
2639 2529 2698 2582 in
2728 2529 2956 2582 domum
2985 2529 3334 2594 infirmorum
3367 2529 3466 2591 ire,
3503 2533 3560 2580 et
3587 2527 3636 2592 si
3663 2533 3821 2580 tanta

2218 2620 2488 2689 aegritudo
2519 2625 2622 2681 est,
2656 2636 2882 2672 carnem
2915 2619 3222 2673 comedere.
3255 2618 3340 2671 Ad
3371 2619 3553 2687 ipsum
3576 2616 3822 2669 maxime

2218 2708 2463 2779 pertinet
2493 2707 2746 2779 infirmos
2767 2708 2970 2760 fratres
3021 2708 3262 2770 visitare,
3291 2714 3347 2758 et
3391 2706 3523 2776 quid
3553 2711 3735 2775 agant
3771 2710 3823 2756 et

538 2796 628 2858 rit,
649 2795 893 2866 primum
924 2794 1073 2847 dicat
1097 2794 1414 2854 limedicz'te,
1434 2792 1638 2846 deinde
1669 2792 1877 2846 indicet
1907 2799 2137 2864 propter
2220 2797 2352 2866 quid
2385 2797 2559 2870 velint
2587 2813 2937 2865 cognoscere,
2973 2801 3029 2849 et
3054 2796 3111 2848 in
3138 2795 3415 2858 omnibus,
3449 2810 3571 2864 qua:
3595 2794 3684 2846 vel
3702 2809 3821 2846 cor-

538 2901 704 2955 quam
735 2901 960 2938 causam
1007 2882 1238 2936 venerit.
1273 2883 1386 2952 Nec
1436 2882 1630 2934 sedere
1679 2898 1866 2935 coram
1918 2899 2002 2942 eo,
2035 2900 2137 2936 nec
2221 2884 2574 2954 poribus.vel
2601 2885 2897 2938 animabus
2939 2901 3134 2938 eorum
3176 2883 3490 2938 necessaria
3517 2889 3672 2946 sunt,
3701 2899 3822 2936 ron-

536 2973 797 3027 recedere
827 2971 895 3025 ab
926 2989 990 3024 eo
1018 2971 1224 3024 audeat
1239 2971 1356 3024 sine
1378 2971 1497 3038 ejus
1518 2970 1746 3024 licentia
1771 2988 1784 3034 ;
1817 2976 2046 3040 accepta
2066 2970 2136 3024 ab
2154 2996 2195 3055 Ο
2221 2974 2424 3026 sulere.
2469 2972 2712 3042 Absente
2741 2974 2950 3044 majore
3001 2974 3187 3045 priore
3237 2973 3544 3043 capitulum
3576 2972 3821 3039 servien-

538 3079 604 3116 eo
652 3061 948 3136 recedendi
1000 3060 1242 3122 licentia,
1297 3059 1542 3130 primum
1597 3059 1750 3113 dicat
1807 3062 2130 3125 Benedic-ite,

538 3151 740 3205 deinde
779 3151 1021 3203 recedat.
1060 3149 1260 3203 Omnis
1283 3149 1454 3200 totius
1492 3148 1815 3201 monasterii
1860 3149 2137 3202 ordinatio

540 3257 606 3293 ex
628 3239 750 3312 ejus
779 3239 1011 3292 arbitrio
1034 3238 1293 3312 pendeat.
1331 3237 1388 3291 Si
1413 3237 1545 3307 quid
1567 3254 1790 3300 novum,
1807 3238 2137 3291 necessitate

540 3333 792 3396 cogente,
830 3327 914 3380 vel
940 3326 1156 3379 ratione
1185 3327 1474 3385 suadente,
1511 3341 1576 3378 eo
1623 3325 1870 3388 absente,
1921 3326 1980 3378 in
2033 3343 2145 3378 mo-

540 3403 804 3478 nasterio,
833 3415 1149 3488 ordinatum
1179 3413 1364 3467 fuerit.
1388 3429 1513 3466 cum
1538 3413 2057 3467 redieritindicetur
2071 3414 2140 3477 ei,

542 3511 600 3558 et
628 3508 824 3575 postea
857 3504 956 3556 fiat
983 3503 1124 3555 sicut
1149 3503 1266 3574 ipse
1297 3501 1649 3578 praeceperit.
1686 3503 1742 3555 Si
1779 3503 1846 3554 de
1871 3508 2147 3556 monaste-

540 3592 625 3645 rio
657 3591 872 3654 exierit,
909 3597 965 3644 et
1014 3593 1097 3645 vel
1145 3609 1256 3645 una
1286 3597 1446 3646 nocte
1478 3597 1631 3644 extra
1668 3596 1916 3643 moratus
1955 3592 2142 3657 fuerit,

541 3698 669 3735 mox
700 3685 765 3734 ut
789 3681 1038 3742 redierit,
1065 3681 1376 3752 cuicunque
1407 3681 1565 3734 fratri
1597 3679 1938 3746 abstinentia
1969 3681 2023 3751 in
2063 3699 2148 3734 ca—

540 3769 720 3844 pitulo
751 3769 1001 3840 injuncta
1031 3769 1219 3833 fuerit,
1244 3770 1531 3824 absolutus
1561 3770 1668 3822 erit

611 3859 751 3933 Cum
784 3857 852 3910 de
885 3857 986 3910 hac
1018 3856 1133 3908 vita
1157 3855 1479 3916 decesserit,
1515 3855 1582 3907 de
1617 3855 1870 3925 proximo
1907 3856 2144 3912 invitan-

539 3946 643 4000 dus
675 3952 760 4001 est
791 3945 961 3999 abbas
993 3946 1072 3998 vel
1104 3945 1396 4015 episcopus
1442 3946 1513 3998 ad
1557 3945 1936 4015 sepeliendum
1992 3961 2140 3998 eum.

539 4036 753 4090 Praeter
781 4035 972 4088 omnia
1004 4053 1127 4104 qua}
1153 4034 1278 4087 aliis
1307 4033 1584 4087 defunctis
1615 4034 1883 4087 fratribus
1908 4035 2030 4086 ﬁeri
2061 4052 2146 4086 so-

537 4122 674 4188 lent,
707 4123 988 4180 addantur
1017 4124 1066 4176 ei
1103 4124 1219 4177 haec
1253 4139 1262 4171 :
1298 4123 1714 4176 circumdentur
1743 4123 1793 4176 ei
1824 4123 2144 4176 sacerdota-

539 4213 616 4266 lia
646 4213 992 4286 induinenta,
1024 4220 1080 4266 et
1110 4214 1263 4283 virga
1295 4214 1587 4282 pastoralis
1633 4220 1875 4283 ponatur
1925 4214 1983 4266 in
2021 4215 2142 4282 ejus

539 4301 735 4362 dextro
755 4302 980 4377 brachio
1007 4320 1020 4367 ;
1062 4303 1224 4354 Verba
1259 4319 1393 4366 mea,
1415 4320 1514 4373 per
1534 4303 1700 4356 unius
1717 4303 1850 4356 anni
1873 4303 2142 4356 circulum

2219 3062 2361 3116 tium
2392 3061 2791 3127 debettenere,
2839 3059 2904 3116 et
2951 3063 3257 3116 secundum
3303 3061 3516 3131 culpas,
3545 3061 3822 3124 vindictas

2222 3152 2446 3216 inferre,
2478 3150 2574 3204 sed
2608 3167 2718 3204 non
2749 3157 2835 3206 est
2863 3151 2949 3204 sui
2969 3152 3116 3220 juris
3165 3150 3471 3220 quemlibet
3499 3149 3712 3216 addere
3742 3148 3824 3200 vel

2225 3241 2462 3296 auferre.

2301 3331 2397 3384 Sui
2421 3347 2641 3401 quoque
2666 3329 2832 3396 officii
2855 3333 2940 3382 est
2964 3329 3115 3383 omni
3131 3327 3219 3382 die
3233 3332 3359 3398 post
3372 3326 3818 3397 completorium,

2228 3425 2507 3488 suscepta,
2541 3421 2710 3488 dante
2753 3417 3190 3472 hebdomadario
3227 3415 3513 3468 sacerdote
3533 3413 3819 3476 fratribus,

2229 3525 2376 3578 aqua
2409 3508 2718 3572 benedicta,
2750 3523 3063 3569 remanere,
3099 3506 3273 3558 donec
3301 3521 3494 3557 omnes
3542 3509 3823 3572 pertrans-

2229 3604 2378 3659 eant,
2417 3598 2474 3665 in
2505 3597 2693 3667 aliquo
2724 3613 2969 3665 congruo
3013 3596 3152 3657 loco,
3200 3594 3347 3646 unde
3376 3592 3515 3644 bene
3539 3591 3718 3661 possit
3738 3589 3823 3644 0b-

2231 3703 2452 3740 servare
2480 3687 2574 3754 qui
2601 3685 2714 3738 sint
2743 3685 2836 3754 qui
2866 3701 2976 3737 non
3008 3691 3327 3736 reverenter
3347 3681 3632 3745 incedunt,
3650 3686 3707 3733 et
3734 3678 3820 3748 qui

2231 3776 2288 3829 in
2322 3776 2471 3829 exitu
2506 3774 2780 3828 Ecclesiae.
2815 3780 2879 3826 ut
2907 3790 3026 3825 mos
3084 3779 3184 3832 est,
3232 3764 3341 3824 non
3374 3771 3562 3822 velant
3588 3768 3823 3839 caputiis

2227 3866 2410 3934 capita
2433 3881 2553 3926 sua,
2583 3869 2639 3918 et
2677 3863 2856 3916 multa
2887 3861 3233 3930 hujusmodi;
3281 3876 3503 3929 egresso
3544 3864 3664 3911 toto
3695 3874 3822 3910 con-

2230 3961 2418 4016 ventu,
2449 3958 2677 4022 accepta
2707 3951 2998 4018 absconsa,
3034 3950 3080 4001 si
3111 3965 3217 4001 nox
3269 3954 3370 4011 est,
3405 3947 3556 4000 vadit
3584 3963 3683 4016 per
3711 3962 3822 4014 cry-

2231 4049 2381 4113 ptam
2425 4048 2481 4094 et
2536 4048 2735 4094 caetera
2791 4038 3045 4092 membra
3087 4037 3413 4090 monasterii
3463 4035 3556 4089 ubi
3587 4034 3821 4104 suspicio

2226 4138 2412 4202 potest
2451 4147 2592 4194 esse,
2626 4146 2724 4199 per
2746 4128 3088 4188 'claustrum,
3127 4125 3452 4195 capitulum,
3486 4130 3822 4192 craterasque

2227 4221 2476 4275 officinas
2501 4218 2784 4282 subtiliter
2815 4216 3178 4283 observando,
3201 4231 3270 4268 ne
3303 4213 3504 4284 aliquis
3523 4213 3716 4275 frater,
3735 4210 3821 4282 qui

2227 4326 2340 4362 non
2369 4309 2588 4373 debeat,
2624 4307 2700 4360 ibi
2732 4305 3081 4360 remanserit.
3113 4305 3211 4358 His
3230 4305 3311 4356 ita
3331 4301 3562 4373 expletis
3590 4301 3742 4355 vadit
3768 4299 3822 4353 in

539 4407 641 4460 ΡῐὈ
673 4407 737 4444 θο
768 4390 1003 4465 dicatur.
1033 4397 1086 4443 et
1107 4390 1329 4460 justiti?!
1354 4392 1401 4460 ej
1413 4409 1475 4444 us
1505 4409 1605 4462 per
1625 4399 1807 4446 totum
1837 4393 2018 4463 ipsum
2041 4407 2137 4444 an-
2229 4399 2458 4452 domum
2483 4402 2668 4461 2:8
2699 4396 3074 4452 infirmorum,
3100 4394 3295 4446 eodem
3330 4391 3491 4444 modo
3515 4390 3822 4443 considera-

539 4495 675 4532 num
708 4479 778 4539 ad
806 4496 1056 4553 mensam
1080 4479 1300 4552 abbatis
1330 4481 1579 4550 quotidie
1607 4499 1732 4536 cum
1783 4481 1964 4534 tribus
2009 4479 2137 4549 pul-

540 4567 744 4628 mentis
773 4568 959 4622 danda
978 4568 1317 4638 pauperibus
1335 4575 1577 4640 ponatur
1622 4571 1788 4624 Omni
1815 4586 1961 4622 anno
1987 4566 2142 4620 anni-

544 4657 823 4734 versarias
848 4657 966 4710 dies
998 4657 1194 4716 mortis
1226 4659 1274 4728 ej
1286 4675 1346 4711 us
1375 4658 1568 4711 festive
1590 4658 1921 4712 celebretur.

1155 4747 1392 4801 CAPUT
1421 4748 1520 4801 III.

1185 4838 1256 4890 De
1294 4838 1507 4906 priore.

618 4926 850 4998 Servata
871 4923 1059 4994 abbati
1098 4923 1156 4978 in
1186 4925 1445 4994 omnibus
1476 4925 1810 4986 reverentia,
1842 4924 2014 4992 prior,
2050 4924 2144 4994 qui

542 5020 598 5068 et
625 5015 961 5086 praepositus
991 5014 1049 5068 in
1077 5016 1271 5084 regula
1296 5013 1639 5078 nominatur,
1657 5012 2037 5066 honorabilior
2062 5019 2147 5066 est

543 5105 776 5176 reliquis
804 5104 1079 5179 ministris
1109 5105 1309 5158 domus
1334 5101 1454 5156 Dei.
1485 5103 1607 5172 Ipse
1635 5102 1786 5155 solus
1816 5108 2145 5156 caeterorum

545 5194 935 5249 ministrorum
992 5193 1237 5264 primum
1291 5208 1405 5245 sua}
1443 5191 1621 5261 partis
1672 5191 1852 5244 locum
1884 5190 2055 5244 habet
2086 5191 2144 5247 in

545 5283 732 5348 choro,
785 5267 848 5336 in
883 5282 1148 5358 capitulo,
1196 5282 1255 5336 in
1301 5279 1613 5334 refcctorio.
1667 5280 1778 5350 Ipsi
1822 5280 1925 5333 soli
1976 5282 2146 5335 servit

545 5373 804 5447 sacerdos
826 5373 895 5444 de
923 5371 1208 5447 thuribulo
1239 5377 1368 5443 post
1385 5370 1664 5439 abbatem,
1697 5369 1768 5440 ad
1809 5386 2063 5440 vesperas
2089 5376 2145 5424 et

546 5445 620 5512 ad
655 5445 960 5514 matutinas
984 5460 1196 5526 laudes,
1232 5459 1673 5530 quotiescunque
1694 5458 1764 5510 ad
1794 5459 2018 5512 easdem
2050 5460 2145 5532 lio-

545 5563 639 5618 ras
659 5549 1412 5628 βίῑεμωίῗβςιμῑμιιέιτψμιυφ
1431 5565 1534 5626 per
1548 5548 1802 5623 οὴρριμη»
1819 5545 1904 5620 Ea
1919 5564 2143 5623 quoque

2223 4491 2386 4540 turus
2413 4491 2608 4552 utrum
2639 4501 2833 4540 omnes
2865 4483 2921 4535 in
2943 4482 3100 4536 lectis
3122 4481 3236 4535 suis
3253 4482 3372 4552 jam
3408 4479 3662 4549 collocati
3692 4478 3819 4541 sint,

2226 4581 2281 4627 et
2303 4574 2548 4628 habeant
2579 4591 2638 4628 se
2664 4573 2912 4636 silenter,
2947 4577 3004 4626 et
3032 4569 3289 4624 omnibus
3317 4569 3498 4622 modis
3547 4565 3819 4636 regulari-

2227 4670 2334 4722 ter,
2366 4664 2510 4717 sicut
2532 4680 2652 4715 mos
2709 4668 2810 4714 est.
2838 4661 3141 4731 Revertens
3190 4675 3410 4730 quoque
3457 4657 3515 4710 in
3563 4655 3821 4720 dormito-

2227 4749 2374 4803 rium
2408 4750 2512 4803 hoc
2531 4749 2680 4822 idem
2711 4747 3042 4820 consideret.

2299 4840 2364 4892 In
2414 4839 2601 4910 hieme
2652 4841 2838 4896 autem
2884 4835 2950 4911 ad
3010 4834 3366 4908 intervallum
3399 4831 3543 4903 quod
3585 4832 3649 4884 fit
3684 4830 3822 4884 inter

2231 4934 2538 5001 nocturnas
2570 4931 2627 5000 et
2653 4924 2961 4980 matutinas
2991 4924 3203 4992 laudes,
3239 4923 3286 4975 si
3337 4923 3520 4991 major
3546 4920 3701 4992 prior
3730 4917 3820 4970 ab-

2230 5022 2334 5079 est,
2375 5016 2632 5071 eamdem
2662 5014 2862 5070 circam
2918 5013 3051 5065 facit
3085 5028 3252 5082 quam
3285 5011 3556 5087 majorem
3583 5008 3820 5080 priorem

2229 5106 2432 5160 debere
2461 5106 2646 5162 facere
2672 5103 2928 5176 superius
2957 5101 3168 5174 dictum
3212 5107 3314 5160 est,
3349 5117 3474 5154 cum
3503 5099 3562 5152 in
3588 5102 3818 5151 tractatu

2228 5195 2456 5252 mensis.
2489 5192 2818 5267 Novembris
2847 5192 2915 5244 de
2945 5191 3048 5266 lioc
3071 5189 3362 5244 intervallo
3392 5205 3576 5242 sermo
3607 5187 3815 5240 fuisset.

2227 5283 2384 5340 Facit
2415 5289 2472 5338 et
2496 5283 2665 5346 aliam
2697 5281 2922 5352 Circam,
2968 5296 3113 5345 cum,
3167 5276 3515 5352 tardantibus
3562 5273 3816 5346 vesperis.

2229 5372 2526 5445 servitores
2555 5377 2718 5425 nocte
2745 5357 2801 5426 in
2832 5369 3129 5438 refectorio
3150 5373 3394 5443 coenant,
3421 5371 3477 5420 et
3505 5366 3705 5437 fratres
3732 5360 3817 5436 qui

2226 5461 2428 5534 majori
2453 5477 2628 5534 leaenae
2657 5459 3053 5532 interfuerunt,
3081 5456 3327 5532 accensis
3371 5453 3740 5529 luminaribus
3767 5450 3817 5504 ill

2225 5550 2471 5624 capitulo
2497 5567 2597 5626 ,eos
2615 5554 2973 5624 “exspectant;
3017 5547 3274 5622 circumit
3303 5545 3458 5626 enim
3497 5550 3634 5618 tunc
3667 5557 3819 5615 supe-
