3892 6420
108 331 193 408 485
1002 329 1336 396 DECRETA
1370 327 1514 392 PBQ
1553 328 1830 392 QRDINE
1867 328 1924 388 S.
1966 325 2372 392 BENEDICTI-
3210 331 3316 396 486

107 458 202 520 lius
222 455 360 530 dicta
379 454 512 529 iuga,
541 451 842 527 observans
871 469 943 518 ne
970 452 1146 521 aliqui
1168 451 1265 522 qui
1277 468 1408 516 cum
1427 451 1642 514 caeteris.
1660 454 1707 512 A
1802 453 1931 513 Hec
1961 465 2091 513 sunt
2104 451 2275 514 herae.
2303 447 2502 518 quibus
2521 463 2587 515 ex
2605 447 3006 518 consumam
3023 451 3315 519 circumire

105 547 152 600 in
171 543 386 614 capitulo
413 543 600 595 sedere
632 542 891 612 debeant,
923 541 1115 602 otiosis
1144 540 1344 603 verbis,
1364 547 1462 594 aut
1481 541 1646 593 alicui
1727 540 1951 604 debent,
1978 539 2230 610 quamvis
2256 545 2312 591 et
2343 537 2465 602 aliis
2491 537 2661 604 horis,
2705 537 2752 596 si
2782 537 2975 606 abbas,
3034 541 3118 606 .vel
3165 544 3317 611 prio;-

105 631 299 685 vanitati
313 630 611 702 intendant.
638 629 795 700 Quod
812 645 937 693 cum
959 628 1178 692 accidit,
1209 628 1255 682 si
1277 633 1437 682 tanta
1471 628 1645 681 noctis
1729 627 2074 696 itaoportere
2089 624 2751 695 judicaverit.Completis
2766 625 2977 694 tribuso
2989 629 3317 696 rationibus,

107 720 371 776 obscuritas
388 723 484 778 est,
495 717 866 789 accendantur
889 716 1190 785 luminaria
1205 716 1260 783 in
1282 716 1641 782 monasterio,

1782 733 1868 768 ias
1897 720 2199 778 conventus
2228 713 2360 779 facit
2412 716 2541 776 ante
2574 712 2836 782 psalmos,
2868 731 3007 784 quos
3036 724 3169 772 ante
3217 735 3319 784 ηρ-

106 810 325 870 claustro,
361 806 700 878 dormitorio,
739 811 804 877 ut
831 811 1095 861 exeuntes
1125 806 1195 858 ab
1226 811 1462 874 utraque
1491 822 1650 870 omna
1731 811 1930 867 cturna
1957 803 2140 866 dicere
2171 802 2333 869 solet,
2369 805 2501 866 tunc
2531 801 2698 871 enim,
2733 817 2962 862 accensa
2990 805 3221 872 candela
3263 807 3320 871 in

107 897 290 960 videant
313 911 414 967 quo
444 895 770 968 Procedant.
1731 893 2017 953 absconsa,
2052 905 2198 942 unus
2228 904 2420 941 eorum
2454 888 2511 939 in
2544 888 2873 942 dormitorio
2903 890 3069 944 debet
3091 893 3323 962 circum-

161 983 434 1054 Servitores
477 999 606 1044 vero
656 987 949 1055 surgentes
988 999 1022 1050 a
1054 998 1229 1046 coena,
1270 987 1401 1036 ante
1430 981 1650 1051 capitu-
1731 982 1814 1036 ire
1842 982 2014 1043 lectos
2035 978 2306 1043 omnium,
2340 982 2396 1046 et
2415 975 2602 1048 omnia
2632 977 2829 1040 sedilia
2883 979 2939 1043 in
2994 984 3324 1048 necessariis

107 1073 214 1138 lum,
243 1079 364 1126 tunc
387 1072 454 1128 ad
492 1071 895 1138 monasterium
923 1071 1146 1141 vadan't.
1189 1069 1264 1123 Et
1312 1072 1445 1124 dum
1471 1077 1652 1130 trans-
1732 1068 1963 1128 sollicite
1983 1067 2363 1134 considerans,
2386 1066 2609 1126 neforte
2626 1067 2827 1136 aliquis
2842 1067 3014 1124 frater
3033 1070 3321 1128 dormiens

107 1167 211 1213 eluit
236 1166 355 1218 ante
401 1159 728 1232 capitulum,
775 1159 1050 1228 incurvati
1100 1163 1230 1212 eant
1288 1158 1650 1228 quoadusque
1731 1155 1808 1208 ibi
1828 1155 2197 1220 remanserit;
2228 1154 2426 1224 dehinc
2473 1160 2788 1218 revertatur
2815 1155 2872 1208 in
2895 1160 3319 1227 monasterium,

107 1254 463 1318 pertranseant.
496 1250 643 1320 Ante
664 1247 953 1319 introitum
983 1251 1172 1316 tamen
1201 1246 1430 1315 capituli
1458 1262 1517 1298 se
1547 1243 1652 1310 eri-
1734 1250 1789 1297 et
1809 1243 2112 1312 circumeat
2133 1243 2321 1312 omnia
2353 1243 2553 1313 altaria
2609 1241 2666 1300 in
2697 1243 2924 1312 cryptis,
2975 1251 3028 1315 et
3077 1264 3201 1317 quae
3254 1265 3323 1316 ex

104 1342 228 1406 gant,
259 1342 308 1390 et
327 1335 484 1407 solito
509 1352 664 1397 more
693 1335 764 1388 ad
792 1335 1063 1407 orientem
1089 1334 1233 1387 versi
1251 1334 1542 1386 humiliter
1571 1333 1652 1384 in-
1733 1340 1970 1403 utraque
1999 1338 2164 1402 parte
2194 1330 2349 1402 ebori
2380 1330 2576 1385 subtus
2605 1337 2767 1403 sunt;
2799 1338 3109 1404 caeteraque
3133 1354 3324 1404 mona-

105 1405 292 1486 clinent.
322 1405 542 1486 Fratres
577 1439 798 1502 quoque
827 1423 920 1494 qui
951 1423 1007 1478 in
1026 1405 1272 1494 capitulo
1294 1423 1507 1482 sedent,
1531 1438 1651 1488 sur-
1733 1421 1888 1487 sterii
1911 1422 2048 1482 loca,
2099 1419 2194 1472 ubi
2229 1419 2468 1489 suspicio
2507 1419 2712 1492 poterit
2753 1437 2872 1474 esse
2908 1421 3205 1493 diligenter
3231 1427 3327 1490 ob-

105 1519 260 1582 gentes
284 1529 314 1565 a
343 1511 566 1575 sedibus
595 1513 729 1578 suis,
761 1512 872 1564 illis
909 1511 1330 1578 transeuntibus
1359 1510 1651 1574 humiliter
1731 1525 1980 1572 servans.
2014 1526 2084 1562 ne
2113 1509 2316 1580 aliquis
2340 1509 2512 1579 frater
2531 1508 2608 1562 ibi
2628 1509 2890 1580 dormiat,
2915 1513 3000 1582 vel
3017 1513 3219 1582 jaceat,
3243 1515 3329 1582 vei

106 1618 146 1652 se
169 1600 410 1660 inclinare
441 1600 666 1673 debent.
853 1582 856 1586 ’
1731 1599 2049 1662 inordinate
2073 1599 2284 1668 sedeat.
2321 1597 2603 1669 Sanguine
2627 1615 2754 1652 vero
2786 1598 3006 1668 minuti,
3040 1608 3095 1654 et
3119 1604 3252 1671 aegri
3274 1609 3331 1664 et

157 1689 484 1758 Quaecunque
516 1689 696 1757 major
743 1687 893 1757 prior
948 1689 1082 1742 dum
1113 1688 1172 1741 in
1203 1687 1541 1759 monasterio
1572 1693 1657 1741 est
1739 1687 1950 1740 debiles
1972 1705 2041 1740 ne
2063 1687 2378 1748 clamentur
2409 1686 2464 1739 in
2495 1687 2758 1758 capitulo,
2811 1688 2858 1754 si
2901 1705 2967 1759 ea
3018 1691 3156 1752 hora
3184 1692 3333 1754 inve-

103 1777 360 1830 concedere
391 1781 579 1846 potest
610 1776 690 1840 vel
741 1775 1058 1854 prohibere,
1120 1777 1307 1846 ulcisci
1336 1777 1529 1847 culpas
1570 1776 1984 1861 veaniantur,
2045 1776 2289 1838 sedendo
2336 1775 2580 1844 quidem,
2609 1792 2721 1830 non
2761 1776 2995 1852 jacendo
3024 1779 3328 1848 quiescere.

102 1864 368 1938 indulgere,
393 1864 511 1918 haec
539 1880 760 1934 quoque
789 1863 944 1938 prior
964 1864 1191 1936 claustri
1211 1864 1441 1921 absente
1475 1881 1538 1918 eo
1568 1864 1652 1916 fa-
1738 1866 1978 1917 Caeteros
2009 1880 2134 1917 vero
2155 1880 2279 1920 cum
2292 1863 2633 1931 dormientes
2653 1864 2881 1931 invenit,
2922 1882 3034 1931 non
3064 1885 3163 1932 eos
3192 1886 3332 1938 quo:-

101 1970 197 2006 cere
241 1950 436 2026 potest,
505 1952 746 2024 exceptis
804 1951 1110 2022 majoribus
1157 1952 1356 2026 causis,
1392 1968 1529 2024 quas
1570 1953 1654 2004 vel
1738 1969 1957 2024 cunque
1993 1953 2158 2026 modo
2189 1957 2402 2020 tangat,
2435 1952 2532 2018 sed
2569 1952 2838 2016 modeste,
2878 1959 3047 2023 atque
3077 1957 3333 2018 ordinate

102 2041 243 2111 ipsius
271 2041 493 2115 majoris
525 2041 726 2116 prioris
760 2043 844 2112 vel
893 2029 1106 2095 abbatis
1131 2041 1340 2116 judicio
1373 2057 1654 2095 reservare
1739 2041 1984 2106 sonitum
2017 2041 2407 2093 tantummodo
2439 2057 2546 2110 quo
2570 2042 2898 2108 excitentur,
2932 2044 3120 2106 faciat.

103 2130 268 2198 debet;
302 2131 618 2203 ubicunque
648 2131 731 2192 vel
758 2130 813 2184 in
837 2130 1148 2194 refectorio,
1186 2131 1268 2182 vel
1305 2129 1364 2181 in
1391 2128 1654 2199 capitulo,
1812 2128 1970 2182 Circa
2015 2129 2372 2195 medietatem
2402 2130 2630 2186 secundi
2660 2130 2939 2198 nocturni,
2977 2137 3031 2185 et
3056 2139 3245 2203 Q99
3273 2136 3332 2189 in

103 2219 195 2271 sive
217 2220 268 2284 in
297 2202 561 2292 claustro,
582 2219 694 2278 sive
714 2225 870 2290 extra
883 2220 1208 2293 claustrum,
1225 2217 1659 2288 assurgidebere
1742 2217 1997 2274 laudibus
2025 2219 2312 2288 paululum
2334 2222 2464 2280 ante
2495 2219 2729 2286 Laudato
2758 2220 3060 2285 Danuvium
3083 2202 3146 2276 (ίᾶ
3167 2227 3328 2290 oculis,

103 2307 266 2380 majori
305 2307 476 2380 priori
538 2308 798 2378 superius
857 2307 1068 2362 dictum
1097 2313 1215 2370 est;
1252 2306 1482 2378 absente
1536 2305 1657 2375 ipso
1741 2323 1973 2359 accensa
2001 2307 2233 2360 candela
2291 2307 2343 2358 in
2387 2306 2674 2370 absconsa,
2730 2307 3034 2372 circumeat
3069 2312 3337 2379 praedicta

104 2397 277 2466 majore
304 2392 512 2470 priore,
539 2396 669 2450 huic
695 2396 956 2458 similiter
987 2395 1205 2470 assurgi
1233 2394 1416 2450 debet.
1743 2395 2069 2468 monasterii
2082 2396 2219 2460 loca,
2263 2395 2563 2449 observans
2576 2396 2904 2466 omniaquae
2919 2401 3337 2468 superiusdicta

468 2468 470 2471 I
681 2485 913 2538 CAPUT
943 2485 1035 2537 IV.
1089 2468 1092 2470 ⁷
1161 2468 1166 2469 ί
1743 2489 1892 2538 sunt.
1911 2485 1975 2542 In
1993 2484 2081 2536 die
2094 2489 2280 2538 autem
2297 2484 2603 2537 circumeat
2623 2491 2749 2555 post
2769 2487 3110 2552 offerendam
3153 2491 3335 2552 mino,-

566 2576 638 2640 ΖΜ
666 2575 1133 2640 circum-floribus.
1744 2573 1820 2625 ris
1843 2579 1899 2625 et
1933 2573 2162 2641 majoris
2195 2575 2394 2636 missae,
2431 2579 2487 2625 et
2525 2580 2650 2642 post
2684 2591 2918 2638 coenam,
2952 2593 3078 2630 cum
3111 2565 3337 2634 bis‘fra-

157 2658 537 2730 Circumitores
563 2661 908 2730 monasterii,
931 2677 1069 2730 quos
1090 2660 1200 2714 alio
1225 2660 1451 2714 nomine
1471 2658 1659 2730 Circas
1742 2667 1858 2723 tres
1879 2662 2158 2724 reﬁciunt,
2186 2666 2242 2714 et
2262 2666 2385 2731 post
2404 2662 2724 2730 prandium,
2759 2681 2885 2728 cum
2917 2666 3340 2728 semel.Vadant

105 2755 280 2814 vocant,
293 2750 449 2822 juxta
473 2749 658 2810 sancti
683 2749 968 2802 Benedicti
997 2751 1220 2814 (regqu
1249 2764 1368 2820 cap.
1395 2746 1484 2813 «’18)
1517 2762 1660 2818 prae-
1744 2750 1803 2803 in
1833 2752 1943 2804 line
1977 2750 2171 2819 vigiiiae
2201 2750 2626 2818 Defunctorum.
2657 2752 2904 2820 Surgant
2931 2754 3097 2807 etiam
3110 2772 3254 2825 saepe
3270 2757 3340 2818 de

103 2847 286 2910 ceptum
311 2844 475 2914 certis
511 2842 664 2912 boris
686 2841 978 2908 circumire
1004 2840 1208 2894 debent
1233 2839 1558 2909 monasterii
1589 2838 1664 2890 of—
1747 2839 1981 2908 prandio
2008 2845 2106 2891 aut
2134 2855 2308 2903 ccena,
2340 2855 2449 2891 non
2481 2855 2674 2892 omnes
2706 2840 2953 2909 quidem,
3002 2843 3096 2896 sed
3143 2844 3336 2912 aliqui,

105 2928 280 2995 licinas,
302 2930 666 2989 observantes
685 2930 929 3002 incurias
947 2936 1003 2982 et
1032 2929 1405 3004 negligentias
1427 2928 1662 3000 fratrum
1695 2997 1727 3004 _
1747 2944 1869 2980 cum
1890 2927 2244 2996 suspicantur
2273 2943 2330 2978 se
2361 2927 2686 2992 inventuros
2707 2928 2918 3000 aliquid
2964 2931 3338 3000 negligentia),

105 3020 146 3066 et
165 3018 340 3082 statuti
370 3019 591 3088 ordinis
621 3018 1129 3100 praevaricationes.
1684 2997 1729 3066 β
1748 3017 1852 3077 hoc
1879 3032 2008 3068 vero
2034 3032 2143 3068 non
2173 3016 2339 3083 longe
2360 3032 2394 3067 a
2422 3015 2714 3069 refectorio
2736 3018 2853 3077 fiat,
2881 3024 2960 3084 ut,
2993 3019 3040 3075 si
3066 3037 3205 3089 opus
3225 3021 3342 3080 fue-

159 3105 242 3158 Isti
269 3107 554 3179 eligantur
598 3108 667 3162 de
695 3108 867 3160 totius
899 3105 1220 3160 monasterii
1254 3104 1578 3176 melioribus
1609 3109 1665 3157 et
1747 3107 1840 3169 rit,
1874 3105 2060 3157 statim
2092 3104 2310 3173 possint
2334 3121 2624 3158 occurrere
2669 3121 2796 3170 cum
2829 3107 2972 3171 aliis,
3019 3109 3089 3168 ad
3119 3125 3340 3168 versum

104 3193 550 3260 prudentioribus,
579 3195 677 3264 qui
711 3212 811 3250 nec
842 3195 1119 3254 malitiose
1164 3212 1262 3272 pro
1292 3194 1505 3269 privato
1537 3193 1664 3247 odio
1749 3193 1844 3263 qui
1876 3193 2032 3246 ﬁnito
2063 3191 2298 3261 prandio
2338 3193 2420 3245 vel
2450 3209 2604 3246 ccena
2625 3193 2860 3260 dicitur;
2912 3196 3001 3250 isti
3033 3203 3247 3273 attente
3287 3205 3344 3252 et

103 3295 317 3354 unquam
370 3286 680 3352 clamorem
727 3285 796 3338 de
837 3284 1084 3354 quolibet
1128 3267 1334 3354 faciant
1367 3302 1378 3349 ;
1433 3299 1533 3337 nec
1567 3299 1666 3354 pro
1751 3287 2069 3335 reverenter
2090 3281 2353 3347 audiendi
2383 3288 2514 3335 sunt
2542 3282 2599 3335 in
2616 3284 2884 3353 capitulo.
2908 3269 3128 3348 Auditis
3145 3289 3225 3341 eis
3249 3289 3343 3358 qui

104 3369 286 3436 privata
325 3373 581 3426 amicitia
637 3373 1000 3444 negligentias
1049 3373 1368 3442 aliquorum
1422 3377 1664 3440 taceant.
1753 3374 1949 3439 sponte
1981 3369 2167 3427 venias
2196 3375 2413 3440 petunt,
2446 3369 2684 3430 istorum
2715 3379 2802 3425 est
2831 3373 3042 3443 primos
3071 3376 3344 3436 clamores

104 3456 350 3514 Numerus
378 3479 580 3515 eorum
609 3462 682 3515 sit
727 3463 1031 3522 secundum
1085 3461 1406 3514 facultatem
1459 3460 1566 3513 loci
1616 3466 1671 3512 et
1752 3456 1951 3510 facere.

105 3549 459 3604 necessitatem
495 3550 610 3612 rei;
668 3550 726 3602 hi
751 3551 1011 3620 religiose
1033 3555 1088 3603 et
1117 3550 1391 3613 ordinate,
1430 3549 1669 3602 maxime
2341 3546 2382 3599 C
2398 3546 2444 3599 Α
2461 3547 2503 3599 Ρ
2523 3548 2566 3600 U
2584 3548 2626 3601 Τ
2682 3549 2748 3601 ν.

104 3633 149 3686 in
173 3635 581 3702 circumeundo,
615 3638 819 3693 debent
839 3639 1097 3693 incedere
1123 3644 1176 3691 et
1201 3639 1512 3708 exemplum
1540 3637 1670 3710 reli-
2393 3636 2463 3686 Dc
2495 3641 2734 3690 cantare.

107 3723 258 3787 gionis
287 3727 607 3782 videntibus
636 3728 948 3782 ostendere.
990 3729 1135 3780 Dum
1158 3727 1672 3790 circumeunt,nulli
1829 3719 2053 3782 (Ῑίιῐηονν
2080 3719 2327 3787 quamdiu
2355 3718 2526 3772 abbas
2555 3720 2613 3772 in
2647 3724 2986 3787 monasterio
3017 3733 3100 3790 est
3116 3743 3348 3780 Conven-

105 3814 294 3883 signum
325 3816 557 3885 iaciant,
591 3816 727 3868 nulli
759 3832 1100 3896 quaecunque
1123 3814 1409 3868 occasione
1435 3815 1672 3883 loquan-
1757 3812 1880 3860 tum
1909 3824 2165 3876 sequens,
2198 3824 2309 3879 non
2340 3809 2616 3861 scribatur
2636 3811 2692 3862 in
2713 3811 2903 3864 tabula
2925 3813 2992 3865 ad
3034 3815 3346 3879 lectionem,

105 3909 195 3968 tur,
219 3906 459 3966 studiose
493 3911 718 3959 tantum
743 3905 1115 3975 negligentias
1139 3910 1195 3960 et
1220 3903 1556 3960 offensiones
1585 3903 1673 3956 in...
1756 3897 1840 3948 vel
1869 3897 1937 3949 ad
1970 3897 2406 3965 ι’θεροηδοιθὶυη),
2441 3903 2502 3950 ut
2546 3899 2800 3953 videlicet
2854 3901 2900 3952 Si
2959 3904 3100 3962 forte

107 3993 330 4062 spiciant,
357 4001 412 4048 et
443 3993 614 4048 tacite
648 3976 1065 4064 praetereuntes,
1101 3994 1169 4046 de
1199 3993 1278 4045 eis
1294 3998 1487 4064 postea
1511 3993 1568 4045 in
1591 4010 1676 4045 ca-
1758 3984 2110 4037 con'nnodum
2138 4000 2248 4036 non
2280 3984 2445 4055 fuerit
2477 3985 2659 4058 legere
2689 3993 2788 4038 aut
2809 3997 3050 4048 cantare,
3086 3989 3191 4058 ipsi
3227 3991 3349 4044 sine

107 4080 256 4146 pitulo
283 4083 558 4136 clamores
597 4081 822 4136 faciant.
1760 4089 1917 4128 mora
1946 4089 2046 4142 pro
2073 4089 2137 4124 eo
2170 4071 2486 4124 inveniatur
2521 4078 2768 4141 paratus.
2809 4075 2947 4126 Cum
3008 4093 3134 4145 vero
3179 4076 3351 4130 abbas

165 4168 289 4223 Cum
307 4177 502 4232 autem
521 4176 676 4222 extra
693 4171 997 4232 claustrum
1021 4168 1311 4222 inveniunt
1327 4167 1543 4237 aliquos
1560 4168 1675 4238 fra—
1759 4165 1916 4214 extra
1945 4159 2346 4212 monasterium
2372 4160 2452 4211 vel
2481 4160 2631 4212 intra
2667 4163 3088 4230 monasterium,
3122 4182 3356 4220 conven-

109 4260 201 4309 tres
227 4258 539 4329 loquentes,
570 4259 740 4312 simul
780 4264 1082 4331 assurgunt
1113 4256 1192 4310 eis
1221 4256 1326 4327 ipsi
1364 4257 1672 4326 loquentes,
1759 4252 1879 4301 tum
1911 4247 2204 4317 sequinon
2250 4253 2449 4316 Potest.
2498 4248 2556 4322 1η
2612 4249 2793 4304 locum
2838 4250 3014 4324 ipsius
3081 4253 3359 4308 scribat-ur

109 4342 336 4416 dicatque
357 4347 437 4400 eis
455 4363 606 4405 unus
631 4364 844 4412 eorum,
883 4347 927 4399 si
961 4346 1042 4400 ita
1073 4351 1177 4412 est,
1213 4345 1344 4422 quia
1370 4362 1471 4424 per
1509 4346 1646 4416 iicen

1818 4344 1969 4414 .ntor.
2006 4335 2063 4386 in
2106 4335 2299 4388 tabula
2344 4336 2416 4388 ad
2479 4337 2775 4391 lectionem
2825 4345 2882 4408 et
2926 4341 2997 4413 ad
3055 4358 3355 4415 responso-

110 4430 222 4486 tiam
248 4435 320 4487 ibi
351 4436 684 4506 loquuntur.
719 4433 1114 4498 Circumitores
1154 4449 1299 4498 vero,
1356 4450 1458 4486 nec
1514 4426 1930 4506 verboDI‘ium-

113 4534 194 4572 nec
209 4522 358 4598 signo
377 4522 427 4596 ei
452 4523 847 4594 respondeant,
893 4522 988 4576 sed
1014 4522 1260 4576 modeste
1275 4527 1677 4604 pertranseun-
1835 4513 2164 4586 QUiCUune
2192 4515 2440 4581 lecturus
2458 4521 2559 4589 aut
2585 4522 2913 4591 cantaturus
2950 4527 3033 4574 est
3062 4521 3274 4592 aliquid
3297 4523 3359 4576 in

111 4611 195 4672 tes,
225 4609 434 4676 intenta
462 4629 603 4666 aure
632 4611 988 4675 subaudiant,
1017 4627 1090 4684 “ne
1108 4611 1229 4682 ipsa
1245 4609 1412 4678 verba
1428 4611 1681 4684 simini;—
1763 4603 2123 4662 monasterio.
2159 4603 2205 4656 si
2238 4621 2464 4658 necesse
2492 4605 2678 4680 habet,
2706 4607 2775 4660 ab
2798 4625 2861 4662 eo
2887 4609 3212 4682 priusquam
3230 4613 3363 4680 inici-

113 4697 228 4764 tilia,
279 4719 400 4771 quae
437 4718 554 4756 non
603 4707 860 4771 oporteat
886 4700 1013 4753 dici.
1049 4701 1190 4753 Cum
1219 4705 1406 4754 autem
1439 4717 1564 4753 cum
1594 4701 1680 4772 fa—
1763 4691 1883 4762 piat
1911 4692 2075 4745 debet
2103 4693 2439 4764 auscultarc.

113 4789 260 4854 mulo,
292 4809 388 4844 seu
419 4807 550 4846 cum
599 4791 708 4844 alio
739 4789 988 4861 quolibet
1039 4787 1178 4842 laico
1236 4788 1530 4848 inveniunt
1585 4789 1684 4843 ali-
1835 4789 2015 4860 Ipsius
2035 4794 2120 4854 est
2149 4790 2301 4842 omni
2329 4790 2468 4843 hora
2498 4790 2733 4857 sollicite
2772 4794 3062 4862 providere
3118 4814 3186 4851 ne
3243 4816 3363 4854 eve-

115 4891 256 4943 quem
292 4879 526 4933 fratrem
558 4867 903 4949 loquentem,
927 4894 1038 4941 non
1065 4881 1148 4939 est
1162 4892 1281 4946 mos
1304 4877 1496 4956 utipse
1511 4877 1686 4932 frater
1765 4879 1886 4932 niat
1914 4878 2255 4947 negligentia
2277 4878 2336 4944 in
2365 4895 2704 4949 quocunque
2736 4881 3004 4952 obsequio
3029 4887 3183 4954 quod
3205 4888 3271 4942 ﬁt
3302 4888 3362 4942 in

115 4977 346 5038 assurgat
393 4968 629 5030 cuilibet
656 4985 848 5024 eorum
877 4973 976 5037 aut
1013 4967 1162 5020 dicat
1217 4967 1297 5026 eis
1355 4967 1680 5040 quidquam.
1768 4967 2134 5027 monasterio.

115 5050 410 5125 Nunquam,
446 5074 574 5111 cum
606 5057 973 5126 circumeunt,
1005 5054 1209 5126 debent
1241 5054 1408 5110 simul
1435 5055 1537 5119 ire,
1589 5055 1686 5118 sed
1842 5057 1899 5109 Si
1939 5057 2063 5126 quis
2092 5055 2392 5110 obliviosus
2447 5073 2558 5110 non
2611 5058 2923 5128 inceperit,
2953 5078 3085 5124 cum
3118 5062 3362 5133 incipere

115 5156 240 5198 unus
271 5146 392 5214 bac,
426 5153 483 5200 et
513 5147 656 5200 alter
686 5147 832 5218 illac,
864 5145 1168 5214 secundum
1200 5144 1347 5216 quod
1374 5145 1687 5216 injunctam
1771 5145 1935 5200 debet
1961 5146 2396 5219 i'espOIisorium,
2431 5152 2530 5201 aut
2558 5149 2943 5218 antiphonam,
2977 5158 3076 5212 aut
3092 5152 3244 5212 aliud
3265 5154 3366 5214 hu-

118 5245 284 5304 curam
314 5235 466 5289 inter
484 5254 544 5289 se
573 5234 879 5302 diviserint,
911 5240 972 5306 et
1000 5233 1187 5306 abbas,
1214 5223 1306 5288 'vel
1331 5234 1484 5304 prior
1507 5233 1585 5288 eis
1606 5251 1690 5287 or-
1766 5235 2032 5308 jusmodi.
2062 5235 2177 5288 sive
2211 5235 2268 5309 in
2302 5236 2496 5302 eodem
2523 5238 2638 5306 jam
2672 5237 2812 5313 bene
2857 5239 3117 5310 inc,oepto,
3175 5242 3364 5312 aliquo

118 5320 386 5390 dinaverit.
447 5325 710 5395 Omcinas
741 5325 1064 5396 monasterii
1093 5341 1382 5396 nunquam
1435 5341 1534 5395 pro
1585 5325 1689 5396 hac
1772 5324 1938 5378 modo
1961 5324 2282 5396 deviaverit,
2306 5324 2425 5396 ipse
2455 5326 2620 5395 debet
2648 5344 2768 5392 esse
2795 5328 3050 5400 provisus
3070 5335 3238 5400 atque
3261 5348 3365 5401 pa—

119 5426 234 5480 cura
261 5413 668 5485 ingrediantur,
695 5414 798 5484 sed
828 5431 928 5486 per
956 5414 1097 5474 ostia
1111 5432 1304 5478 eorum
1326 5401 1685 5490 proSpician.t,
1773 5419 2018 5484 ratus,ut
2036 5413 2156 5488 sine
2186 5431 2346 5482 mora
2376 5416 2522 5485 quod
2553 5415 2933 5485 incipiendum
2964 5424 3084 5472 erat
3113 5419 3363 5490 incipiat,

121 5496 156 5548 si
185 5499 316 5568 forte
365 5502 541 5580 aliqui
565 5503 771 5568 fratres
798 5518 899 5580 per
927 5501 1139 5576 curiam
1168 5503 1376 5576 vadunt
1401 5507 1688 5578 vagantes,
1776 5503 1861 5576 vel
1887 5519 2016 5576 eum
2045 5504 2140 5574 qui
2189 5504 2434 5576 fallendo
2484 5503 2800 5574 deviaverat
2828 5505 2884 5568 in
2910 5507 3056 5571 viam
3084 5509 3318 5570 reducat
3351 5531 3364 5578 ς

121 5593 204 5649 θυι
227 5594 393 5662 Sient,
422 5587 509 5665 vel
527 5591 760 5666 sedeant
784 5581 1120 5666 fabulapteS-
1777 5592 1848 5658 ad
1920 5591 2095 5668 ipsius
2173 5592 2469 5667 arbitrium
2525 5597 2722 5663 cantus
2771 5593 3058 5667 incipitur,
3097 5599 3366 5671 elevatur,
