3892 6354
529 313 634 368 487

1500 297 1564 351 Β.
1607 288 2022 350 LANFRANCI
2061 281 2422 340 CANTUAR.
2462 282 2800 338 ARCHIEP.

3700 288 3800 360 488

528 434 859 491 remittitur.
890 430 1045 487 Nulli
1068 429 1198 483 licet
1216 430 1443 481 cantum
1457 422 1659 483 levare,
1692 417 1802 471 nisi
1821 415 1941 486 ipse
1965 411 2120 483 prius
2140 413 2184 470 A
2209 408 2300 462 tiae
2325 408 2399 462 sit
2426 412 2491 462 ut
2518 423 2710 462 eorum
2740 407 2994 461 custodia
3024 408 3076 461 ei
3123 408 3507 466 commendari
3577 410 3798 467 debeat.

531 524 795 596 incipiat;
830 523 1008 592 ipsius
1037 522 1122 573 est
1142 532 1337 571 omnes
1352 509 1622 567 fratresin
1641 506 1834 561 tabula
1851 503 1921 557 ad
1933 500 2124 556 omnia

537 613 721 668 ofﬁcia
749 611 1038 674 adnotare,
1089 623 1201 660 non
1248 601 1597 657 considerato
1626 591 2003 650 conversionis
2032 605 2123 643 or-

530 702 680 769 dine,
708 707 807 754 aut
830 700 1116 753 voluntate
1136 709 1349 755 eorum,
1384 689 1481 743 sed
1530 684 1833 740 secundum
1878 678 2029 749 quod
2074 675 2124 730 ei

530 792 709 845 visum
743 788 931 852 fuerit,
963 787 1314 839 honestatem
1356 782 1456 832 aut
1483 773 1905 830 aediﬁcationem
1933 768 1992 821 in
2021 768 2127 820 hoc

530 880 830 948 vigilanter
857 870 1253 930 consideranti.

603 944 665 1021 in
694 962 1088 1019 festivitatibus
1114 977 1235 1030 quae
1261 959 1404 1011 ﬁunt
1448 954 1506 1007 in
1545 950 1755 1022 cappis.
1788 944 2124 1001 secretarius

533 1056 697 1111 debet
715 1055 921 1123 eligere
951 1050 1098 1121 quod
1128 1063 1266 1118 opus
1295 1043 1467 1098 fuerit
1489 1043 1557 1095 de
1583 1036 1906 1093 melioribus
1933 1033 2124 1103 cappis

532 1160 723 1199 earum
751 1159 873 1213 quae
902 1141 1023 1211 ipso
1052 1138 1141 1191 die
1164 1135 1442 1190 habentur
1466 1132 1522 1184 in
1550 1131 1740 1186 choro.
1771 1132 1828 1180 et
1856 1129 1986 1178 ante
2023 1122 2126 1175 ini-

529 1234 672 1288 tium
692 1232 876 1285 missaz
901 1243 1107 1300 ponere
1136 1243 1230 1280 eas
1257 1239 1428 1293 supra
1448 1221 1698 1273 dextram
1730 1216 1968 1269 formam
2000 1211 2126 1265 cho-

532 1322 597 1376 ri.
634 1323 844 1376 Cantor
865 1334 997 1372 vero
1027 1313 1329 1369 distribuat
1368 1327 1463 1364 eas
1514 1305 1780 1362 fratribus
1834 1302 1945 1355 illis
1987 1316 2126 1370 quos

533 1427 720 1466 secum
745 1410 804 1462 in
832 1408 1002 1461 choro
1031 1404 1239 1459 habere
1260 1401 1498 1455 voluerit
1521 1415 1533 1464 ;
1566 1397 1690 1467 ipsa
1716 1392 1868 1446 enim
1913 1405 2126 1460 cappa-

532 1516 657 1555 rum
689 1495 1010 1552 distributio
1050 1508 1246 1546 eorum
1301 1494 1387 1542 est
1417 1488 1486 1540 ad
1536 1482 1842 1554 regendum
1889 1479 2124 1532 chorum

536 1587 844 1648 advocatio,
896 1583 1195 1651 nullusque
1242 1593 1435 1631 eorum
1466 1580 1596 1627 ante
1628 1574 1796 1625 ﬁnem
1828 1568 2012 1622 missae
2056 1565 2126 1618 de

533 1678 704 1732 choro
733 1674 900 1728 debet
928 1671 1188 1726 recedere
1218 1667 1339 1719 sine
1369 1665 1489 1732 ejus
1519 1660 1761 1715 licentia.

2824 496 3058 550 CAPUT
3085 496 3181 551 VI.

2272 656 2275 661 Γ
2596 588 2667 639 De
2695 587 2985 639 secretario
3013 602 3106 639 seu
3135 590 3387 641 sacrista.

2276 676 2361 729 Ad
2391 674 2677 729 secretarii
2707 673 2950 727 ofﬁcium
2982 674 3229 744 pertinet
3256 675 3447 730 omnia
3474 681 3805 731 ornamenta

2209 764 2554 828 monasterii,
2579 769 2636 817 et
2664 762 2853 817 omnia
2880 762 3277 830 instrumenta,
3315 770 3373 818 et
3400 766 3804 836 supellectilem

2208 869 2331 923 qua;
2359 854 2430 906 ad
2463 853 2648 924 ipsum
2701 851 3105 905 monasterium
3163 853 3445 923 pertineat
3496 855 3798 921 custodire,

2208 942 2374 996 horas
2426 933 2709 1012 proaedere
2760 942 2844 1009 [f.,
2878 941 3188 1011 providere,
3245 946 3324 996 vel
3367 942 3720 1014 przevidere],
3750 944 3805 998 in

2207 1030 2501 1084 duodecim
2533 1029 2868 1084 lectionibus
2896 1029 3260 1099 pronuntiato
3289 1031 3590 1101 Evangelio
3612 1032 3675 1086 in
3701 1041 3805 1086 ter-

2207 1118 2285 1172 tio
2312 1124 2605 1183 nocturno,
2636 1124 2693 1172 et
2718 1118 2776 1171 in
2800 1117 3011 1171 festivis
3041 1119 3267 1184 octavis,
3303 1120 3482 1174 altare
3512 1120 3802 1191 discoope-

2206 1208 2340 1272 rire,
2374 1212 2586 1260 textum
2615 1213 2754 1261 tunc
2796 1207 2855 1259 in
2883 1206 3205 1260 vestiarium
3236 1213 3481 1278 portare,
3515 1225 3688 1279 quem
3719 1227 3803 1262 sa-

2208 1296 2402 1349 cerdos
2433 1297 2593 1360 ferat,
2628 1312 2755 1349 cum
2784 1295 2842 1348 in
2872 1312 3047 1366 cappa
3099 1313 3197 1367 per
3244 1297 3496 1367 singulos
3525 1298 3650 1353 dies
3680 1316 3804 1369 pro-

2208 1386 2437 1439 cesserit
2462 1385 2532 1438 ad
2559 1385 2756 1450 altare,
2790 1384 3065 1438 sacerdoti
3093 1384 3163 1438 ab
3186 1386 3349 1439 altari
3378 1387 3448 1440 ad
3477 1388 3803 1457 analogiam

2208 1491 2429 1528 reverso
2460 1473 2789 1527 absconsam
2820 1490 2945 1527 cum
2977 1474 3212 1527 candela
3232 1474 3576 1541 ministrare,
3612 1476 3802 1530 ﬁnita

2209 1581 2317 1634 que
2346 1564 2577 1617 collecta
2600 1563 2855 1617 eamdem
2879 1563 3205 1617 absconsum
3228 1564 3496 1635 recipere,
3525 1570 3585 1619 et
3614 1570 3807 1635 postea

2206 1659 2421 1707 textum
2454 1669 2661 1723 ponere
2700 1669 2869 1722 super
2898 1653 3094 1706 altare.

605 1762 816 1816 Cantor
844 1774 993 1822 vero,
1042 1721 1422 1824 cujuscunque
1447 1745 1658 1801 ordinis
1690 1744 1777 1797 vel
1800 1741 1981 1796 aetatis
2027 1738 2119 1804 sit,
2143 1721 2190 1780 Β
2279 1721 2473 1812 Ipsius
2516 1746 2602 1795 est
2651 1721 2811 1810 signa
2853 1741 3096 1810 pulsare,
3129 1741 3215 1794 vel
3246 1741 3487 1811 qualiter
3514 1743 3808 1812 pulsentur

531 1851 590 1905 in
622 1848 806 1903 medio
823 1862 1019 1900 eorum
1042 1842 1208 1897 debet
1235 1856 1357 1895 esse
1375 1838 1432 1891 in
1454 1837 1641 1890 choro.
1676 1830 2127 1898 Quotiescunque
2210 1831 2335 1884 aliis
2362 1829 2628 1889 indicare,
2662 1830 2732 1883 de
2759 1830 2915 1883 nulla
2942 1830 3083 1883 hora
3097 1830 3349 1883 sonanda
3369 1848 3402 1884 a
3420 1832 3621 1902 quovis
3646 1831 3808 1885 licen-

532 1944 717 1994 textus
744 1942 842 1991 aut
866 1932 1211 1989 thuribulum
1236 1929 1469 1983 affertur
1497 1925 1598 1989 eis,
1633 1927 1937 1990 utrumque
1972 1917 2128 1988 prius
2208 1920 2347 1973 tiam
2377 1919 2541 1989 petit,
2570 1917 2679 1972 nisi
2704 1918 2773 1971 de
2811 1918 2930 1971 sola
2984 1919 3166 1989 prima
3195 1923 3251 1971 et
3280 1919 3602 1983 collatione,
3653 1937 3805 1974 exce-

533 2026 750 2082 cantori
780 2025 1064 2086 offeratur,
1090 2019 1201 2075 nisi
1230 2016 1432 2087 aliquis
1451 2014 1762 2084 episcopus,
1807 2008 1892 2062 vel
1934 2005 2124 2068 abbas,
2211 2012 2306 2078 pto
2335 2007 2403 2061 de
2429 2008 2598 2061 tertia
2626 2012 2682 2059 et
2710 2006 2975 2077 vesperis,
3005 2023 3130 2060 cum
3154 2006 3512 2077 loquentibus
3538 2008 3805 2062 fratribus

533 2133 633 2171 seu
659 2114 838 2184 major
862 2112 1035 2184 prior,
1085 2109 1173 2162 vel
1202 2108 1295 2161 ille
1336 2104 1434 2175 qui
1481 2106 1639 2156 tenet
1667 2099 1922 2154 ordinem
1951 2094 2028 2148 ibi
2056 2095 2129 2147 sit
2211 2095 2382 2149 abbas
2408 2095 2463 2148 in
2496 2097 2740 2149 claustro
2769 2095 2945 2149 sedet.
2977 2095 3252 2149 Candelas
3285 2113 3385 2166 per
3405 2097 3666 2151 ofﬁcinas
3695 2097 3801 2151 dis-

532 2206 682 2260 inter
730 2219 842 2257 eos.
925 2202 1135 2255 Cantor
1186 2196 1247 2250 in
1301 2195 1496 2248 dextro
1537 2191 1706 2244 choro
1765 2202 1985 2257 semper
2031 2183 2122 2249 sit,

539 2298 596 2346 et
623 2293 757 2346 dum
784 2293 943 2344 tenet
963 2288 1195 2343 chorum
1228 2279 1500 2354 quidquid
1528 2276 1742 2348 incipit,
1797 2275 1911 2328 sive
1959 2274 2127 2344 Kyrie

533 2383 752 2444 elcz‘son,
785 2379 899 2432 sive
928 2375 1076 2430 aliud
1111 2369 1453 2443 hujusmodi,
1508 2368 1700 2421 dexter
1741 2364 1942 2418 chorus
1970 2361 2125 2432 prius

531 2468 804 2539 suscipiat
831 2465 977 2537 quod
1000 2462 1068 2518 ab
1100 2479 1164 2516 eo
1193 2461 1496 2530 incoeptum
1526 2454 1716 2519 fuerit,
1752 2459 1809 2507 et
1858 2454 2127 2522 sequatur

531 2559 737 2630 ipsum.
1957 2607 1959 2611 η

606 2647 815 2701 Omnes
845 2642 941 2715 qui
976 2642 1035 2696 in
1085 2642 1253 2695 choro
1273 2642 1426 2698 sunt,
1459 2632 1709 2689 inclinati
1744 2629 1968 2701 quidem
1999 2643 2130 2681 can-

530 2740 655 2791 teut
673 2735 927 2796 Sanctus,
955 2735 1193 2791 sanctus,
1228 2731 1468 2790 sanctus,
1518 2721 1624 2777 nisi
1662 2736 1855 2775 versus
1884 2718 2128 2787 interpo-

532 2829 743 2879 nantur
773 2840 785 2889 ;
818 2819 989 2875 erecti
1027 2834 1156 2872 vero
1186 2818 1454 2871 Dominus
1490 2815 1629 2867 Deus
1660 2810 1902 2874 sabaoth,
1949 2811 2005 2860 et
2029 2822 2128 2859 cae-

530 2920 676 2968 tera.
715 2911 926 2965 Cantor
951 2912 1007 2962 et
1030 2906 1111 2960 illi
1133 2905 1227 2975 qui
1248 2919 1373 2957 cum
1398 2918 1464 2955 eo
1484 2904 1617 2954 sunt
1635 2903 1814 2951 totum
1844 2894 2013 2948 erecti
2040 2908 2129 2945 ca-

2208 2184 2424 2251 tribuit,
2481 2185 2789 2238 secundum
2819 2184 2969 2254 quod
3006 2200 3145 2254 opus
3172 2184 3361 2246 fuerit,
3413 2189 3470 2239 et
3515 2185 3692 2239 abbas
3724 2185 3801 2239 vel

2209 2273 2364 2344 prior
2393 2273 2738 2344 praeceperit.
2785 2273 2867 2326 De
2896 2273 3216 2344 sepulturis,
3253 2278 3370 2327 tam
3399 2275 3800 2329 monachorum

2210 2379 2378 2434 quam
2404 2362 2696 2428 laicorum,
2728 2377 2918 2415 curam
2964 2361 3128 2431 gerit,
3157 2367 3220 2416 ut
3249 2361 3508 2417 videlicet
3558 2365 3719 2430 ﬁant,
3750 2369 3801 2417 et

2207 2451 2304 2505 ubi
2333 2452 2529 2505 fiant.“

2279 2539 2377 2594 Sui
2402 2539 2569 2593 ofﬁcii
2600 2545 2684 2594 est
2726 2540 2926 2594 calices
2964 2538 3049 2593 bis
3086 2540 3144 2593 in
3193 2538 3568 2603 hebdomada,
3600 2544 3719 2605 aut,
3757 2538 3801 2593 si

2210 2645 2348 2699 opus
2397 2628 2586 2695 fuerit,
2622 2628 2824 2699 szepius
2853 2629 3056 2692 lavare,
3085 2628 3394 2699 corporalia
3422 2645 3651 2700 quoque
3678 2632 3800 2682 ante

2210 2719 2422 2773 Pascha
2451 2734 2674 2788 semper
2704 2723 2761 2771 et
2789 2718 3009 2787 quoties
3036 2717 3268 2787 reliquis
3286 2717 3419 2772 anni
3442 2718 3701 2789 partibus
3721 2734 3803 2772 ex-

2209 2808 2378 2879 pedit,
2406 2813 2729 2878 utrumque,
2761 2807 2809 2860 si
2838 2806 3103 2862 diaconus
3132 2813 3233 2861 aut
3259 2806 3556 2877 presbyter
3583 2808 3659 2862 sit
3687 2826 3699 2874 ;
3761 2806 3803 2860 si

2212 2914 2342 2951 vero
2373 2913 2485 2950 non
2510 2896 2603 2962 sit,
2637 2895 2811 2968 priori
2841 2896 2927 2949 vel
2967 2894 3154 2949 abbati
3211 2896 3476 2961 indicare,
3528 2902 3590 2950 et
3636 2880 3803 2967 ipsius

530 3006 694 3057 nant.
717 3000 801 3054 Ad
823 2998 1082 3052 collectas
1102 2998 1313 3057 omnes,
1349 2996 1549 3044 etcum
1567 2986 1827 3042 sacerdos
1848 2983 1979 3036 dicit
1998 2983 2130 3036 01'a-
2147 2995 2192 3054 (ς
2211 2986 2436 3039 licentia
2494 2984 2679 3049 alicui,
2734 2984 2828 3055 qui
2883 2985 3049 3055 hujus
3077 2984 3288 3039 ordinis
3316 2984 3405 3050 sit,
3439 2985 3589 3039 hanc
3616 3000 3803 3039 curam

531 3096 578 3144 te
610 3092 834 3158 fratres.
866 3092 923 3140 et
950 3085 1020 3139 ad
1050 3088 1229 3137 totum
1263 3084 1424 3136 Pater
1454 3082 1633 3132 noster
1653 3074 2011 3136 inclinentur,
2034 3069 2133 3123 sed
2215 3075 2642 3139 commendare;
2673 3072 2924 3128 lavandis
2953 3073 3331 3145 corporalibus
3388 3080 3605 3145 quanta
3634 3074 3803 3146 possit

530 3179 599 3232 ad
622 3180 797 3231 ﬁnem
846 3174 1021 3245 ipsius
1079 3175 1237 3225 Pater
1290 3172 1490 3226 noster.
1524 3180 1792 3236 responso
1822 3160 1919 3215 Seb
1953 3162 2126 3214 libora
2209 3162 2502 3233 diligentia
2529 3161 2902 3228 adhibeatur;
2930 3177 3063 3216 vasa
3090 3178 3263 3226 aenea,
3324 3162 3397 3216 ad
3451 3162 3641 3217 nullos
3670 3162 3799 3216 alios

532 3284 627 3321 nos
659 3283 694 3319 a
724 3266 891 3328 malo,
924 3261 1233 3331 erigantur,
1265 3257 1412 3327 quod
1451 3256 1577 3309 aliis
1605 3270 1716 3307 non
1751 3251 1896 3305 licet.
2207 3270 2345 3308 usus
2374 3252 2674 3310 destinata.
2707 3251 2778 3305 ad
2808 3252 2913 3306 hoc
2941 3268 3080 3322 opus
3120 3250 3470 3317 habeantur;
3522 3268 3675 3322 aqua
3700 3267 3803 3322 qua

606 3354 813 3408 Eodem
843 3350 1010 3404 modo
1041 3350 1125 3413 ﬁt,
1152 3362 1279 3401 cum
1332 3348 1391 3399 in
1433 3343 1593 3398 festis
1622 3343 1679 3395 in
1701 3339 1842 3394 albis
1872 3338 2022 3392 solus
2043 3336 2129 3389 vel
2209 3343 2488 3407 lavantur,
2518 3341 2661 3394 sicut
2676 3345 2734 3394 et
2761 3340 3018 3407 calicum,
3043 3340 3099 3393 in
3124 3339 3427 3394 sacrarium
3455 3339 3797 3410 projiciatur;

532 3460 657 3497 cum
689 3441 814 3495 aliis
838 3439 1069 3493 chorum
1100 3442 1273 3499 tenet,
1316 3433 1463 3504 quod
1497 3447 1609 3485 non
1665 3429 1795 3483 licet
1850 3427 1901 3480 ei
1947 3425 2043 3496 qui
2070 3425 2129 3477 in

528 3529 834 3587 Dominicis
862 3532 919 3582 et
946 3523 1269 3596 hujusmodi
1298 3522 1464 3576 festis
1494 3515 1966 3575 hebdomadarius
1998 3530 2129 3568 can-

532 3627 624 3676 tor
652 3616 884 3674 exstitit.

603 3711 664 3764 In
697 3706 956 3763 omnibus
979 3701 1270 3776 praecipuis
1316 3696 1783 3757 solemnitatibus,
1836 3711 1962 3749 cum
2009 3708 2132 3747 eve-

530 3799 696 3855 niunt
722 3798 779 3851 in
835 3793 1137 3850 Dominicis
1188 3790 1404 3855 diebus,
1441 3787 1719 3842 scribatur
1744 3786 1803 3839 in
1834 3783 2027 3838 tabula
2057 3781 2128 3835 ad

530 3888 776 3944 ofﬁcium
800 3885 1002 3948 missae,
1059 3887 1115 3936 et
1151 3897 1276 3935 cum
1307 3896 1371 3934 eo
1401 3879 1681 3947 duo‘quos
1706 3875 1826 3946 ipse
1855 3871 2116 3927 voluerit.

531 3978 620 4033 De
635 3975 924 4031 thuribulo
941 3977 1065 4045 post
1090 3969 1429 4025 offerendam
1451 3966 1501 4021 ei
1523 3964 1841 4029 deferendo,
1869 3959 2125 4032 superius

533 4066 744 4120 dictum
773 4068 876 4118 est.

602 4155 744 4208 Cum
774 4154 839 4205 ﬁt
863 4168 1002 4221 opus
1031 4164 1322 4212 manuum,
1355 4145 1530 4216 ipsius
1560 4146 1641 4197 est
1682 4149 1782 4195 aut
1814 4140 2000 4209 legere
2029 4142 2128 4192 aut

532 4242 803 4312 magistro
830 4240 1109 4293 infantum
1139 4236 1434 4291 ostendere
1457 4249 1566 4303 quo
1595 4231 1654 4285 in
1682 4231 1799 4284 loco
1825 4229 2010 4283 infans
2029 4228 2126 4281 de-

531 4329 974 4386 beatlectionem
1000 4325 1264 4396 incipere.

602 4422 668 4475 In
692 4416 997 4472 Dominicis
1025 4414 1221 4469 diebus
1250 4418 1307 4468 et
1330 4410 1651 4482 hujusmodi
1684 4408 1858 4474 festis,
1885 4407 2128 4478 incoepta

533 4507 820 4566 offerenda
849 4505 1078 4560 accedat
1105 4503 1199 4574 qui
1247 4502 1479 4556 chorum
1506 4505 1664 4555 tenet
1717 4499 1788 4553 ad
1816 4502 2121 4561 cantorem,

530 4598 809 4668 faciatque
838 4594 920 4649 illi
965 4593 1188 4662 signum
1240 4589 1539 4661 incipiendi
1569 4605 1760 4642 versus
1808 4585 2120 4641 offerendas.

531 4688 618 4744 Ad
645 4686 830 4757 ipsum
853 4682 999 4738 enim
1020 4680 1266 4753 pertinet
1292 4685 1426 4734 tunc
1455 4677 1700 4748 incipere
1730 4693 1825 4730 eos
1854 4675 2043 4740 etiam,
2077 4673 2126 4728 si

534 4779 828 4832 succentor
848 4773 1086 4827 ‘chorum
1116 4774 1326 4824 teneat.
1360 4770 1571 4823 Cantor
1584 4767 1699 4820 viso
1721 4765 1882 4835 signo
1898 4763 2127 4817 inclinet

531 4866 603 4934 ei,
627 4870 683 4920 et
710 4859 1181 4918 hebdomadarius
1205 4864 1402 4913 cantor
1428 4856 1686 4911 similiter
1712 4854 1840 4925 ipsi.
1862 4854 1927 4907 In
1946 4856 2126 4922 empto

529 4969 871 5026 unoquoque
899 4966 1082 5015 versu,
1112 4953 1305 5004 cantor
1358 4952 1489 5001 ante
1543 4950 1601 4999 et
1645 4949 1797 4998 retro
1846 4941 2034 5007 faciat,
2069 4944 2126 4994 et

533 5060 731 5102 omnes
758 5042 1000 5096 infantes
1022 5039 1316 5094 inclinent.

603 5133 787 5205 Ipsius
818 5138 904 5186 est
934 5128 1223 5184 notiﬁcare
1281 5124 1469 5180 abbati
1504 5139 1698 5177 omnes
1737 5125 1934 5175 cantus
1987 5137 2126 5192 quos

530 5224 651 5296 ipse
673 5225 865 5277 cantat
916 5219 1001 5273 vel
1052 5216 1265 5287 incipit.
1324 5215 1475 5268 Cura
1526 5210 1810 5276 Brevium,
1841 5209 1939 5293 qui
1976 5211 2126 5264 foras

533 5285 687 5368 mitti
716 5312 899 5366 solent
924 5324 1025 5379 pro
1045 5285 1320 5360 defunctis
1359 5301 1647 5366 fratribus,
1692 5306 1749 5354 et
1770 5285 1905 5353 cura
1930 5315 2126 5354 nume-

535 5401 700 5456 randi
729 5396 1030 5453 tricenaria
1051 5400 1109 5450 et
1130 5391 1466 5465 septenaria,
1482 5390 1549 5445 ad
1575 5405 1703 5444 cum
1721 5388 1964 5460 pertinet
1994 5408 2007 5456 ;
2057 5388 2127 5442 de

535 5487 811 5545 universis
841 5482 1166 5541 monasterii
1190 5480 1348 5535 libris
1365 5495 1558 5534 curam
1606 5483 1787 5549 gerat,
1841 5481 1898 5531 et
1946 5494 2041 5533 eos
2068 5477 2127 5533 in

539 5576 794 5637 custodia
820 5592 925 5631 sua
953 5572 1177 5641 habeat,
1200 5571 1248 5627 si
1273 5572 1394 5642 ejus
1423 5567 1618 5636 studii,
1648 5572 1839 5635 280
1863 5571 1921 5623 et
1946 5567 2126 5623 scien-

2210 3431 2357 3497 lotis,
2391 3431 2524 3484 dum
2566 3429 2863 3495 siccantur,
2916 3446 2988 3483 ne
3028 3429 3229 3500 aliqua;
3260 3429 3453 3482 sordes
3482 3429 3803 3483 adhaereant

2213 3518 2474 3573 omnibus
2502 3517 2683 3572 modis
2711 3516 3088 3589 provideatur.

2282 3607 2431 3663 Cura
2458 3606 2702 3661 faciendi
2726 3606 2939 3660 hostias
2962 3622 3023 3661 su
3032 3621 3131 3676 per
3145 3622 3272 3660 eum
3285 3611 3373 3661 est
3395 3624 3407 3673 ;
3430 3622 3557 3677 quae
3568 3610 3635 3660 ut
3651 3619 3799 3659 mun-

2212 3696 2442 3751 dissime
2472 3701 2529 3750 et
2558 3695 2954 3750 honestissime
2997 3696 3155 3761 ﬁant,
3188 3711 3548 3766 summ0pere
3580 3693 3798 3750 studere

2211 3785 2394 3839 debet.
2452 3785 2517 3840 In
2572 3783 2788 3855 primis,
2820 3784 2866 3838 si
2896 3784 3015 3838 ﬁeri
3046 3788 3246 3854 potest,
3296 3783 3644 3838 frumentum
3674 3798 3795 3835 cum

2208 3891 2413 3944 magno
2443 3873 2630 3927 studio
2657 3873 2937 3943 granatim
2960 3872 3220 3942 eligatur,
3245 3872 3483 3926 electum
3503 3872 3566 3926 in
3586 3870 3793 3926 sacculo

2210 3963 2439 4028 mundo,
2475 3967 2528 4015 et
2559 3961 2629 4015 de
2653 3960 2798 4015 bono
2827 3976 3012 4032 panno
3040 3961 3188 4015 facto
3216 3965 3273 4014 et
3299 3960 3365 4013 ad
3398 3959 3503 4014 hoc
3522 3977 3665 4032 Opus
3684 3966 3795 4014 tan-

2210 4054 2619 4121 tum'ponatur,
2655 4054 2712 4103 et
2739 4065 2773 4102 a
2798 4049 3011 4103 famulo
3042 4048 3171 4102 boni
3223 4047 3397 4102 studii
3425 4048 3496 4102 ad
3527 4045 3793 4103 molendi-

2209 4156 2345 4194 num
2375 4140 2677 4193 deferatur.
2712 4139 2832 4202 Quo
2858 4138 3042 4191 delato
3094 4137 3337 4191 famulus
3366 4136 3517 4190 aliud
3550 4138 3793 4191 frumen-

2209 4236 2328 4284 tum
2384 4229 2443 4283 in
2499 4230 2620 4300 ipso
2647 4227 2964 4281 molendino
2994 4225 3129 4280 moli
3151 4226 3307 4297 prius
3333 4226 3519 4291 faciat,
3555 4232 3621 4280 ut
3642 4223 3790 4286 illud,

2138 4312 2355 4374 Dunde
2383 4319 2578 4373 hostiae
2610 4316 2733 4371 ﬁeri
2763 4315 2985 4382 debent,
3040 4315 3161 4370 sine
3213 4314 3403 4385 aliqua
3456 4315 3624 4369 sorde
3671 4312 3794 4367 moli

2206 4414 2402 4480 postea
2430 4407 2629 4460 valeat.
2663 4407 2969 4476 Reportata
3014 4404 3195 4458 farina
3225 4403 3562 4458 secretarius
3607 4419 3699 4457 vas
3743 4405 3794 4454 et

2207 4499 2392 4552 locum
2423 4513 2533 4568 quo
2553 4495 2737 4550 farina
2765 4493 3006 4548 buletari
3037 4492 3221 4558 debet,
3248 4493 3307 4546 in
3326 4493 3564 4547 circuitu
3589 4490 3793 4546 cortina

2208 4591 2405 4658 paret;
2437 4586 2676 4657 ipsemet
2700 4600 2850 4646 vero,
2881 4582 3112 4637 indutus
3160 4581 3288 4635 alba
3339 4586 3397 4636 et
3447 4581 3629 4635 velato
3657 4577 3788 4633 ami-

2208 4682 2300 4730 ctu
2329 4675 2528 4746 capite,
2560 4676 2666 4729 hoc
2702 4689 2842 4744 opus
2870 4676 3019 4742 agat.

2280 4765 2359 4819 Ea
2387 4769 2577 4818 autem
2605 4762 2697 4817 die
2723 4778 2833 4833 qua
2852 4759 3049 4815 hostiae
3061 4758 3182 4814 ﬁeri
3202 4758 3427 4824 debent,
3442 4755 3783 4815 secretarius,

2210 4859 2266 4909 et
2293 4855 2495 4908 fratres
2525 4852 2620 4923 qui
2651 4868 2779 4906 eum
2805 4852 3003 4920 juvare
3056 4848 3278 4911 debent.
3333 4853 3634 4918 antequam
3664 4842 3791 4900 inci-

2207 4945 2385 5017 piant,
2412 4958 2614 4997 manus
2642 4946 2700 4996 et
2744 4939 2908 4994 facies
2937 4940 3141 5002 lavent,
3178 4936 3318 4992 albis
3359 4937 3683 5001 induantur,
3714 4949 3791 4987 ca-

2206 5034 2327 5104 pita
2349 5031 2647 5087 amictibus
2670 5029 2873 5094 velent,
2902 5034 3108 5100 praeter
3124 5045 3252 5082 eum
3302 5026 3397 5098 qui
3444 5025 3593 5080 ferra
3617 5027 3791 5079 tentu-

2206 5132 2305 5178 rus
2330 5127 2385 5176 et
2404 5121 2534 5176 inde
2561 5119 2870 5173 serviturus
2899 5122 2999 5172 est.
3028 5117 3242 5172 Horum
3274 5131 3419 5170 unus
3448 5131 3617 5187 super
3642 5112 3790 5167 tabu-

2207 5214 2320 5267 lam
2350 5209 2776 5265 mundissimam
2803 5207 2980 5278 ipsam
3014 5205 3249 5261 farinam
3271 5222 3421 5276 aqua
3449 5204 3784 5275 conspergat,

2209 5307 2267 5356 et
2290 5299 2548 5356 manibus
2573 5298 2796 5352 fortiter
2821 5311 2941 5351 com
2952 5296 3143 5368 pingat
3185 5299 3242 5349 et
3270 5300 3545 5361 maceret;
3605 5294 3782 5353 frater,

2211 5391 2305 5462 qui
2335 5391 2502 5455 ferra,
2531 5387 2589 5441 in
2620 5385 2821 5457 quibus
2868 5390 3204 5457 coquuntur,
3232 5388 3406 5448 tenet,
3437 5399 3636 5437 manus
3685 5376 3788 5433 chi-

2208 5477 2450 5533 rotllecis
2476 5475 2682 5530 habeat
2706 5474 3005 5529 involutas.
3060 5473 3292 5529 Interim
3346 5473 3481 5526 dum
3536 5471 3668 5543 ipsa;
3692 5467 3784 5520 ho-

2210 5567 2330 5622 stim
2350 5568 2492 5622 ﬁunt
2505 5570 2561 5621 et
2576 5568 2910 5635 coquuntur,
2936 5562 3125 5620 dicant
3142 5562 3311 5617 iidem
3331 5562 3535 5616 fratres
3554 5557 3785 5632 psalmos
