3892 6400
121 395 210 452 489
1034 390 1366 445 DECRETA
1401 387 1543 442 PRO
1583 387 1856 442 ORDINE
1895 387 1952 441 S.
1996 385 2400 442 BENEDICTI.
3240 392 3348 452 490

120 518 390 572 familiares
443 518 702 572 horarum
749 521 804 569 et
864 515 1032 568 horas
1084 513 1398 576 canonicas,
1453 513 1539 565 vel
1597 510 2001 571 deAvidelicet
2040 511 2338 566 honestum
2369 514 2427 565 et
2470 509 2728 566 festivum
2757 513 3046 569 servitium
3097 516 3219 588 ipsa
3257 519 3348 573 die

118 607 350 679 psalterio
394 623 458 660 ex
487 606 678 659 ordine
707 605 853 675 quod
897 604 1249 658 tantumdem
1281 603 1478 666 valeat,
1513 601 1560 654 si
1590 601 1672 656 ita
1750 599 1928 672 possit
1963 600 2144 654 facere
2180 599 2447 655 fratribus
2474 607 2531 655 et
2560 602 2891 672 rel'ectorio;
2926 603 3128 660 tabulae
3157 611 3349 662 tamen

118 697 278 767 potius
293 697 574 750 voluerint.
591 692 1664 764 Silentiumloquendiomninoteneant.
1751 690 2029 744 refectorii
2058 706 2169 744 non
2195 689 2308 744 sint
2332 697 2626 760 coopertae.
2651 692 2821 746 Lecta
2845 709 2972 746 vero
3003 695 3062 749 in
3083 696 3344 767 capitulo,

117 786 200 839 Ille
225 792 398 837 tamen
443 784 537 854 qui
583 783 731 837 ferra
758 789 930 845 tenet,
963 782 1010 836 si
1053 799 1280 836 necesse
1308 781 1398 847 sit,
1432 781 1671 834 breviter
1752 784 1810 833 et
1848 780 2098 849 exposita
2142 780 2411 850 praedicta
2449 781 2746 847 sententia,
2781 799 2910 837 cum
2938 783 3149 839 dictum
3183 785 3353 840 fuerit

116 873 239 942 quod
268 873 379 926 vult
402 873 645 926 indicare
674 878 860 942 potest
877 872 1086 926 famulo
1119 871 1213 941 qui
1244 871 1422 924 focum
1454 870 1588 924 facit
1616 873 1672 924 et
1751 885 1786 922 a
1815 870 2002 940 priore
2029 888 2040 922 :
2081 891 2103 917 ‹‹
2155 869 2480 939 Loquamur
2520 870 2589 924 de
2633 871 2828 926 ordine
2872 881 3064 928 nostro
3097 893 3123 927 »
3157 875 3351 930 statim

115 963 240 1031 ligna
269 967 476 1032 portat;
529 979 650 1031 quae
698 961 902 1014 debent
940 978 1061 1014 esse
1091 960 1250 1014 valde
1278 959 1423 1014 sicca
1452 965 1509 1013 et
1538 965 1670 1012 ante
1751 964 2065 1029 prostratus
2111 958 2170 1012 in
2211 959 2332 1012 loco
2375 957 2470 1012 ubi
2520 975 2641 1014 mos
2689 967 2792 1028 est,
2850 962 3000 1016 dicat
3049 977 3060 1010 :
3107 982 3136 1015 (ι
3177 964 3352 1018 Istam

115 1051 288 1105 multos
313 1051 426 1104 dies
454 1050 522 1104 de
551 1051 828 1104 industria
853 1055 1181 1121 praeparata.
1752 1047 2146 1113 obedientiam,
2199 1065 2321 1118 quae
2370 1047 2510 1102 mihi
2560 1048 2811 1120 injuncta
2843 1055 2946 1117 est,
2995 1068 3122 1106 mea
3164 1054 3348 1124 culpa,

170 1141 283 1209 Ejus
308 1140 695 1194 sollicitudinis
725 1146 810 1194 est
839 1140 1118 1210 ampullas
1145 1137 1391 1192 vinarias
1417 1142 1475 1192 et
1501 1153 1671 1208 aqua-
1751 1136 2118 1207 negligenter,
2140 1144 2198 1190 et
2216 1136 2421 1207 tepide.
2445 1143 2502 1191 et
2529 1139 2708 1192 multo
2736 1139 2902 1193 aliter
2933 1157 3103 1211 quam
3129 1147 3354 1212 oportet

114 1229 202 1282 rias
219 1228 290 1282 bis
307 1228 359 1282 in
384 1228 754 1290 hebdomada,
773 1229 828 1282 id
847 1234 950 1294 est,
971 1233 1171 1299 quarta
1189 1228 1328 1281 feria
1349 1234 1406 1282 et
1427 1227 1670 1281 Sabbato
1751 1231 1952 1291 tracto,
1983 1233 2040 1280 et
2068 1227 2127 1280 in
2156 1242 2223 1280 ea
2247 1226 2303 1278 in
2335 1225 2528 1280 multis
2559 1227 2778 1282 offendo
2810 1229 3132 1296 Dominum,
3163 1236 3220 1284 et
3248 1247 3351 1287 no-

115 1318 282 1382 lavare,
314 1318 463 1371 omni
492 1317 583 1372 die
612 1317 802 1371 vinum
844 1324 901 1371 et
942 1334 1146 1388 aquam
1179 1317 1247 1370 ad
1294 1317 1491 1370 missas
1522 1315 1667 1368 cele-
1751 1321 1896 1369 stros
1925 1315 2196 1381 seniores,
2237 1332 2364 1369 mea
2391 1316 2584 1386 culpa;
2618 1322 2676 1388 et
2699 1317 2925 1388 requiro
2965 1319 3096 1373 inde
3125 1318 3350 1374 absolu-

113 1406 317 1460 brandas
340 1414 585 1477 portare,
617 1406 977 1460 offerentibus
1006 1407 1076 1460 ad
1107 1412 1402 1475 utramque
1439 1405 1668 1458 missam
1749 1405 1960 1458 tionem
1992 1410 2235 1458 vestram
2262 1411 2319 1459 et
2355 1405 2659 1460 seniorum.
2700 1425 2722 1456 ι»
2757 1407 2877 1470 Quo
2911 1407 3059 1460 dicto
3101 1407 3354 1464 absolvat

113 1494 287 1548 hostias
341 1495 684 1561 ministrare,
735 1495 995 1548 candelas
1047 1495 1117 1548 ad
1174 1494 1439 1547 lectiones
1489 1499 1546 1546 et
1610 1493 1669 1546 in
1753 1510 1902 1556 eum,
1938 1494 2034 1564 qui
2081 1494 2387 1564 capitulum
2420 1499 2578 1547 tenet
2604 1495 2674 1548 de
2711 1494 2798 1548 his
2830 1496 3073 1563 offensis,
3108 1514 3245 1568 quas
3275 1497 3354 1552 ibi

112 1583 365 1638 matutinis
383 1584 751 1638 laudibusal
775 1584 1013 1655 primam
1037 1584 1322 1637 collectam
1346 1583 1666 1637 accendere.
1754 1583 2207 1649 enumeraverit;
2260 1589 2318 1637 et
2344 1583 2412 1637 de
2459 1583 2719 1638 omnibus
2761 1584 3012 1656 reliquis,
3045 1603 3166 1657 quae
3203 1587 3262 1640 in
3289 1603 3352 1642 eo

113 1672 222 1736 Quae
243 1673 524 1727 matutinae
547 1674 757 1734 laudes.
783 1673 828 1726 si
851 1674 998 1727 ultra
1021 1673 1248 1726 modum
1272 1679 1328 1726 et
1349 1673 1674 1726 indecenter
1755 1678 1904 1725 sunt.
1933 1672 2020 1725 Ad
2044 1673 2204 1741 cujus
2224 1671 2590 1727 absolutionis
2610 1674 2778 1727 ﬁnem
2803 1691 3068 1746 responso
3089 1675 3159 1730 ab
3181 1677 3358 1731 omni-

110 1762 435 1826 tardaverint,
489 1763 844 1827 secretarius,
891 1762 980 1815 cui
1027 1763 1192 1830 hujus
1233 1761 1314 1814 rei
1365 1778 1497 1815 cura
1539 1769 1675 1814 tunc
1756 1759 1858 1814 bus
1886 1777 2013 1813 cum
2045 1760 2528 1815 omnidevotionis
2550 1763 2771 1826 affectu,
2798 1769 2856 1818 ut
2887 1781 3003 1818 mos
3025 1771 3129 1831 est,
3156 1767 3352 1832 Aman,

110 1867 369 1905 commissa
390 1852 522 1914 erit,
545 1858 674 1905 ante
695 1851 934 1920 gradum
960 1851 1342 1905 satisfactionu
1353 1868 1404 1903 m
1433 1857 1674 1921 proster-
1699 1838 1740 1894 Β
1759 1849 1927 1902 vadat
1947 1850 2016 1902 ad
2043 1850 2238 1919 pedem
2266 1852 2407 1920 ejus,
2433 1858 2490 1904 et
2513 1851 2716 1905 deinde
2727 1851 2995 1921 jubeatur
3015 1854 3097 1907 ire
3118 1871 3354 1909 sessum.

110 1948 266 2004 natur,
287 1958 581 2012 quousque
602 1941 722 2011 ipsa
743 1940 973 1993 collecta
992 1957 1168 2010 usque
1190 1940 1260 1993 ad
1291 1942 1676 1993 Bcncdicamus
1831 1938 2015 1993 Finito
2044 1939 2306 2008 capitulo,
2336 1946 2410 1998 _et
2452 1939 2600 1992 dicto
2644 1942 2806 1994 Verba
2835 1959 2975 2006 mea,
3026 1943 3072 1996 si
3114 1943 3237 2014 ipsa
3264 1944 3359 1998 die

109 2031 307 2083 Domino
352 2030 590 2083 ﬁniatur
623 2049 634 2096 ;
695 2047 804 2099 quo
851 2029 1092 2100 incmpto
1151 2029 1302 2082 nulla
1363 2033 1680 2098 exspectata
1762 2026 1869 2079 dici
1900 2027 2082 2089 debet,
2117 2028 2174 2080 in
2205 2028 2400 2081 eodem
2433 2029 2675 2098 capitulo
2716 2029 2907 2083 dicant
2933 2030 3134 2084 fratres
3162 2015 3359 2102 prodeo

109 2119 300 2172 licentia
349 2119 598 2182 recedat,
647 2125 704 2172 et
758 2126 888 2172 ante
916 2126 972 2172 et
1006 2123 1156 2173 retro
1205 2134 1318 2175 non
1343 2117 1528 2170 faciat.
1565 2118 1680 2170 Hoc
1763 2115 3012 2188 quinquagesimumpsalmum,quocompleto
3029 2121 3360 2175 cumGtorz’a

112 2207 247 2260 modo
273 2208 603 2272 satisfaciat,
637 2225 970 2278 quocunque
1000 2207 1090 2261 die
1133 2207 1453 2275 hujusmodi
1497 2205 1676 2275 negli-
1760 2207 1935 2266 Patri,
1965 2211 2021 2258 et
2047 2208 2210 2259 Pater
2247 2212 2448 2271 noster,
2485 2206 2636 2260 dicat
2673 2206 3160 2275 hebdomadarius,
3197 2212 3261 2264 Et
3293 2226 3360 2265 ne

109 2296 267 2365 gentia
310 2297 574 2363 eveniat;
617 2303 674 2350 et
719 2297 849 2350 inde
899 2303 1092 2367 postea
1137 2296 1196 2349 in
1234 2295 1476 2365 capitulo
1507 2295 1676 2347 aliam
1763 2308 1858 2346 nos
1888 2295 2138 2356 inducas,
2163 2294 2392 2349 Salvum
2411 2297 2502 2363 fac
2520 2311 2741 2348 servum
2768 2302 2948 2362 tuum,
2976 2300 3245 2352 Dominus
3275 2315 3361 2353 υο-

111 2385 294 2438 veniam
323 2402 432 2439 non
465 2391 644 2456 petat.
1764 2383 1989 2446 biscum,
2002 2383 2352 2451 Omnipotens
2365 2387 2692 2453 sempiterna
2701 2386 2864 2454 Deus,
2878 2389 3136 2442 miserere
3146 2389 3362 2456 famulo

166 2474 225 2528 Et
238 2474 360 2544 quia
381 2475 556 2544 hujus
579 2473 892 2535 ministerii,
909 2478 966 2527 et
980 2474 1038 2526 in
1058 2473 1146 2526 his
1164 2490 1285 2543 quae
1300 2472 1507 2543 scripta
1525 2477 1674 2538 sunt,
1764 2476 1874 2535 tuo,
1905 2477 1961 2525 et
1988 2472 2223 2542 reliqua.

112 2562 221 2616 etin
245 2564 428 2617 multis
462 2563 596 2616 aliis
628 2580 750 2632 quae
770 2563 978 2633 scripta
1006 2579 1118 2616 non
1139 2567 1292 2625 sunt,
1315 2562 1604 2631 multiplex
1625 2566 1682 2614 et
1838 2560 1998 2622 Quod
2045 2561 2092 2614 si
2133 2565 2391 2632 suscepto
2441 2562 2604 2616 Brevi
2652 2579 2754 2634 pro
2797 2564 3077 2633 defuncto,
3110 2565 3235 2638 ipsa
3274 2566 3365 2623 die

113 2651 533 2724 valdeimplicita
553 2668 685 2705 cura
710 2658 811 2712 est,
843 2668 951 2704 non
982 2651 1077 2704 uni
1104 2658 1346 2708 tantum.
1372 2651 1468 2704 sed
1491 2651 1682 2703 multis
1764 2656 2028 2703 canentes
2083 2651 2243 2704 Verba
2291 2667 2431 2714 mea,
2479 2651 2537 2706 in
2580 2655 2987 2709 monasterium
3026 2655 3162 2710 ituri
3211 2662 3362 2724 sunt,

113 2741 914 2812 commendariatqueintereos
928 2741 1301 2806 divididebet;
1324 2757 1470 2794 unus
1487 2757 1682 2793 eorum
1765 2738 2092 2809 priusquam
2123 2744 2276 2804 eant,
2295 2741 2624 2810 praedictum
2651 2744 2927 2813 psalmum
2950 2761 3075 2798 cum
3107 2746 3366 2817 capitulis

115 2828 170 2882 sit
189 2832 442 2902 magister
474 2831 741 2891 aliorum,
765 2831 836 2884 ad
864 2831 1022 2900 cujus
1053 2829 1470 2900 dispositionem
1503 2828 1683 2882 caeteri
1770 2835 1826 2882 et
1865 2829 2094 2882 collecta
2122 2827 2330 2882 dicant.
2366 2829 2423 2884 Si
2453 2837 2643 2885 autem
2676 2833 2997 2902 praedictam
3025 2835 3367 2890 sententiam

113 2927 272 2988 agant,
302 2921 618 2992 majoribus
639 2921 821 2974 causis
845 2919 1079 2974 servatis
1105 2919 1335 2974 arbitrio
1363 2918 1579 2973 abbatis
1601 2917 1684 2971 vel
1767 2917 2065 2986 contigerit
2093 2917 2194 2970 tali
2224 2917 2312 2970 die
2343 2917 2471 2987 legi,
2508 2936 2620 2989 qua
2646 2937 2758 2974 non
2798 2923 2976 2992 possit
3004 2923 3232 2978 refectio
3272 2925 3368 2978 ho-

113 3009 304 3077 prioris.
1767 3006 2094 3060 norabiliter
2133 3006 2274 3071 ﬁeri,
2308 3007 2454 3061 sicut
2483 3014 2570 3062 est
2598 3009 2654 3062 in
2685 3010 2887 3079 vigiliis
2919 3012 3173 3076 Quatuor
3199 3014 3367 3068 Tem-

579 3103 754 3165 28]
804 3098 1036 3152 CAPUT
1074 3099 1191 3153 VII.
1701 3153 1742 3177 η
1769 3114 1964 3168 porum
2018 3103 2075 3150 et
2120 3096 2443 3166 hujusmodi
2484 3097 2701 3164 diebus,
2752 3105 2910 3170 petat
2952 3102 3276 3158 cellerarius
3331 3121 3368 3158 a

671 3190 742 3242 De
771 3190 1098 3242 camerarz’o.
1700 3155 1744 3212 Ο
1764 3187 1949 3258 priore
1975 3195 2032 3240 et
2055 3186 2298 3256 capitulo
2331 3186 2615 3242 licentiam
2647 3205 2757 3259 quo
2788 3189 3010 3245 differre
3028 3192 3206 3262 possit
3228 3193 3369 3248 refe-

167 3279 459 3333 Camerarii
512 3283 600 3333 est
645 3293 942 3348 procurare
988 3276 1178 3330 omnia
1226 3275 1579 3340 vestimenta,
1629 3280 1685 3329 et
1765 3273 2006 3325 ctionem
2046 3272 2104 3325 in
2151 3271 2320 3326 aliam
2360 3273 2529 3341 diem,
2573 3290 2685 3344 qua
2722 3275 3014 3332 honestius
3051 3283 3109 3332 et
3146 3279 3367 3351 plenius

110 3366 473 3426 calceamenta.
513 3372 571 3420 et
601 3368 769 3420 lectos
798 3371 856 3420 et
883 3370 1196 3420 stramenta
1225 3366 1517 3426 lectorum,
1562 3381 1684 3434 quae
1765 3362 1888 3415 ﬁeri
1921 3362 2127 3418 valeat.

109 3454 344 3512 fratribus
371 3464 512 3512 sunt
553 3456 868 3510 necessaria
907 3461 963 3508 et
999 3456 1158 3525 juxta
1190 3456 1443 3524 regulam
1475 3454 1684 3508 habere
1909 3451 2104 3506 SECTIO
2135 3451 2207 3506 II.
2242 3483 2302 3496 -
2339 3453 2412 3506 De
2441 3453 2718 3522 hospitum
2749 3471 2948 3510 curam
2975 3457 3219 3514 habente.

113 3560 378 3614 concessa;
430 3546 650 3600 rasoria
699 3561 920 3615 quoque
963 3551 1016 3598 et
1067 3544 1303 3608 forfices,
1338 3543 1573 3597 tersoria
1612 3543 1683 3596 ad
1837 3539 2032 3593 Frater
2079 3540 2174 3610 qui
2222 3541 2293 3593 ad
2339 3542 2723 3612 suscipiendos
2770 3545 3020 3616 hospites
3065 3547 3368 3618 deputatus

113 3635 414 3697 radendum,
439 3635 680 3690 tersoria
702 3635 760 3687 in
791 3635 1033 3687 claustro
1065 3633 1383 3703 pendentia,
1419 3632 1677 3698 tersoria,
1767 3633 1868 3695 est,
1904 3628 1958 3681 in
1989 3629 2114 3698 ipsa
2143 3629 2426 3700 hospitum
2458 3631 2624 3686 domo
2665 3623 2781 3687 haec
2817 3641 3133 3705 praeparata
3159 3637 3367 3692 habere

114 3728 160 3775 et
184 3725 530 3796 manutergia
553 3723 821 3788 mandati,
848 3730 904 3777 et
928 3723 1117 3776 omnia
1143 3739 1274 3776 vasa
1299 3723 1448 3791 ejus;
1485 3722 1685 3774 vitreas
1769 3717 1963 3771 debet;
1989 3718 2179 3782 lectos,
2201 3720 2415 3785 sedilia,
2453 3738 2690 3786 mensas,
2714 3725 3090 3792 manutcrgia.
3110 3743 3362 3797 mappas,

113 3811 399 3868 dormitorii
431 3814 570 3868 facit
610 3821 665 3866 et
712 3813 909 3878 reﬁcit,
943 3830 1068 3866 cum
1103 3829 1241 3882 Opus
1279 3818 1380 3868 est,
1417 3811 1514 3864 dat
1540 3811 1686 3864 ferra
1769 3808 2022 3877 scyphos,
2041 3808 2626 3876 scutellas,coclearia,
2652 3809 2900 3875 baccilia,
2921 3818 2976 3865 et
3006 3813 3053 3865 si
3083 3831 3204 3883 quae
3233 3819 3366 3870 sunt

114 3902 289 3969 quibus
309 3904 599 3957 terrantur
619 3903 749 3973 equi
779 3903 996 3955 abbatis
1023 3907 1078 3955 et
1110 3901 1332 3971 prioris,
1352 3908 1404 3954 et
1435 3900 1684 3953 omnium
1768 3897 2126 3967 hujusmodi;
2162 3897 2313 3967 ligna
2351 3915 2571 3968 quoque
2599 3918 2610 3964 ;
2655 3916 2876 3969 panem,
2919 3917 3047 3954 vero
3077 3909 3133 3955 et
3170 3909 3365 3972 potum

112 3988 386 4061 hospitum,
413 3991 620 4063 quibus
653 3991 799 4044 ferra
825 3991 945 4043 dari
984 3989 1153 4044 abbas
1184 3990 1268 4043 vel
1301 3990 1453 4059 prior
1478 4005 1684 4059 praecc-
1768 3991 1825 4038 et
1851 3993 2053 4040 caetera
2099 3986 2324 4049 cibaria,
2363 3987 2434 4039 ad
2481 4004 2619 4056 opus
2663 3988 2953 4059 hospitum
2993 4007 3095 4060 per
3123 3991 3362 4047 famulos

113 4080 254 4146 perit,
284 4081 555 4135 fratribus
585 4096 806 4151 quoque
850 4080 907 4132 in
955 4079 1062 4133 iter
1094 4079 1425 4149 proiecturis
1456 4095 1681 4146 cappas,
1767 4075 1870 4128 sibi
1901 4076 2215 4146 deputatos,
2247 4075 2306 4128 in
2339 4076 2560 4128 cellario
2588 4076 2804 4147 recipit.

111 4165 357 4234 fasciolas,
413 4170 675 4226 calcaria.
720 4169 904 4222 Semel
960 4168 1017 4221 in
1063 4185 1208 4222 anno
1260 4167 1516 4221 renovari
1554 4167 1686 4220 facit
1838 4165 2166 4234 Quicunque
2183 4164 2390 4225 abbati,
2422 4165 2504 4217 vel
2519 4164 2710 4234 priori,
2734 4168 3013 4223 seualicui
3034 4169 3362 4226 declaustro

111 4254 274 4312 fenum
325 4260 384 4313 in
441 4259 706 4312 omnibus
757 4257 916 4312 lectis
953 4257 1190 4312 fratrum
1239 4263 1296 4310 et
1343 4263 1476 4310 tunc
1513 4257 1683 4310 etiam
1768 4254 1920 4323 loqui
1951 4255 2084 4318 vult,
2128 4255 2462 4324 legationem
2494 4271 2656 4308 suam
2697 4257 2827 4310 huic
2852 4257 3019 4312 debet
3047 4259 3361 4332 injungere.

113 4349 346 4404 mandari
373 4347 793 4404 dormitorium.
1767 4344 1890 4413 Ipse
1920 4359 2067 4408 vero,
2111 4343 2251 4396 nihil
2295 4343 2425 4396 inde
2465 4343 2630 4398 alicui
2671 4345 2860 4416 aliquo
2895 4349 3062 4402 modo
3087 4350 3359 4419 indicans,

673 4437 905 4491 CAPUT
937 4437 1087 4490 VIII.
1698 4473 1747 4530 Β
1767 4433 1837 4530 ad
1875 4432 2154 4498 abbatem,
2199 4433 2283 4486 vel
2311 4433 2556 4530 priorem
2584 4435 2930 4491 voluntatem
2971 4438 3206 4510 hospitis
3235 4458 3363 4512 per-

480 4528 684 4582 SECTIO
721 4526 766 4580 Ι.
797 4552 856 4564 -
884 4527 956 4580 De
985 4528 1289 4580 cetterar-z’o.
1699 4521 1743 4530 ”
1764 4521 1927 4587 ferat,
1957 4528 2012 4576 et
2044 4527 2238 4592 postea
2269 4523 2415 4592 quod
2453 4523 2572 4594 ipse
2597 4525 2904 4580 decreverit
2935 4529 3048 4584 ﬁat.
3083 4529 3141 4583 Si
3171 4537 3362 4586 autem

167 4615 244 4668 Ad
273 4614 550 4670 cellerarii
584 4613 956 4668 ministerium
981 4613 1225 4684 pertinet
1256 4612 1445 4665 omnia
1473 4629 1594 4683 quae
1623 4613 1682 4666 in
1763 4611 1948 4678 fratri,
1984 4611 2077 4679 qui
2107 4611 2165 4665 in
2211 4611 2454 4666 claustro
2487 4619 2590 4679 est,
2639 4615 2905 4685 loquendi
2952 4634 3077 4672 cum
3117 4619 3360 4692 hospite,

113 4716 234 4769 pane
269 4711 324 4758 et
349 4710 508 4776 potu,
541 4709 600 4757 et
627 4703 861 4756 diversis
890 4701 1139 4756 ciborum
1167 4699 1467 4772 generibus
1493 4699 1682 4753 fratri-
1763 4703 1848 4755 vel
1877 4701 2188 4772 propinquo
2221 4701 2304 4754 vel
2334 4708 2598 4756 extraneo
2628 4720 2890 4759 concessa
2918 4707 3142 4761 licentia
3170 4708 3358 4778 fuerit,

113 4787 198 4844 bus
224 4799 352 4848 sunt
375 4792 714 4858 necessaria,
745 4791 1052 4846 secundum
1077 4791 1401 4844 facultatem
1430 4788 1532 4842 loci
1561 4805 1686 4859 pro-
1766 4791 1928 4845 istius
1958 4796 2043 4844 est
2080 4790 2263 4860 ipsum
2300 4790 2531 4844 fratrem
2574 4792 2643 4845 de
2680 4794 2924 4848 claustro
2963 4797 3030 4849 ad
3083 4798 3361 4870 hospitem

114 4893 303 4948 curare,
333 4882 526 4938 omnia
556 4897 687 4936 vasa
708 4880 920 4935 cellarii
951 4886 1006 4934 et
1033 4879 1303 4950 coquinae,
1334 4884 1391 4933 et
1422 4879 1679 4948 scyphos,
1765 4879 1985 4933 ducere.
2020 4879 2186 4957 Quod
2205 4879 2252 4931 si
2282 4879 2469 4933 abbati
2520 4881 2606 4934 vel
2635 4882 2806 4951 priori
2846 4900 2956 4938 non
2997 4886 3270 4956 placuerit
3299 4897 3362 4944 ut

115 4973 161 5021 et
199 4971 388 5039 justas,
435 4977 494 5026 et
549 4977 753 5025 caetera
807 4986 941 5025 vasa
990 4969 1288 5033 refectorii,
1347 4974 1403 5022 et
1459 4984 1685 5022 omnem
1767 4967 1933 5021 simul
1959 4968 2280 5039 loquantur,
2319 4985 2422 5022 nec
2448 4968 2695 5033 verbum,
2722 4986 2824 5024 nec
2851 4971 3093 5042 signum,
3123 4992 3226 5029 nec
3255 4977 3359 5030 ali-

115 5055 289 5114 horum
322 5062 494 5116 trium
516 5060 885 5116 necessariam
908 5058 1309 5130 supellectilem
1343 5057 1682 5111 ministrare.
1769 5074 1934 5128 quem
1960 5064 2160 5112 nutum
2186 5057 2291 5128 ipsi
2321 5057 2481 5112 fratri
2508 5057 2673 5112 faciat
2696 5075 2805 5129 quo
2827 5059 3041 5130 aliquid
3070 5062 3201 5119 inde
3226 5083 3355 5137 per-

115 5143 260 5202 Pater
285 5151 458 5205 totius
489 5149 934 5220 congregationis
985 5148 1149 5202 debet
1179 5163 1316 5209 esse,
1351 5147 1420 5200 de
1453 5146 1603 5200 sanis
1629 5151 1686 5199 et
1767 5147 1948 5217 cipere
1976 5146 2222 5217 quolibet
2252 5146 2414 5201 modo
2444 5147 2642 5202 valeat.

116 5239 329 5293 maxime
384 5240 624 5293 infirmis
674 5239 937 5292 fratribus
993 5237 1420 5291 sollicitudinem
1457 5235 1680 5300 habere,
1839 5237 2019 5306 Ipsius
2065 5241 2146 5289 est
2199 5253 2312 5306 pra;
2365 5237 2628 5290 omnibus
2676 5237 2912 5292 sollicite
2958 5239 3252 5297 observare
3289 5245 3359 5299 de

115 5334 292 5392 prater
326 5329 620 5383 consilium
649 5328 866 5382 abbatis
911 5328 994 5382 vel
1033 5327 1236 5398 prioris
1281 5327 1349 5379 de
1377 5325 1685 5396 majoribus
1765 5326 2034 5379 fratribus
2077 5325 2170 5395 qui
2200 5325 2257 5378 in
2283 5317 2619 5380 'obedientiis
2643 5334 2792 5386 sunt.
2826 5346 2951 5382 cum
2983 5330 3051 5384 ad
3087 5339 3363 5388 monaste-

115 5417 274 5470 causis
303 5419 441 5471 nihil
474 5419 674 5472 facere.
1767 5415 1912 5468 rium
1939 5416 2194 5477 redeunt,
2226 5421 2415 5468 utrum
2449 5416 2686 5469 famulos
2713 5417 2941 5472 idoneos
2967 5425 3024 5472 et
3051 5422 3245 5477 cellam
3277 5442 3362 5480 re-

177 5503 468 5576 Rogandus
493 5513 579 5561 est
615 5506 685 5560 ab
723 5523 787 5560 eo
825 5511 1039 5568 cantor,
1069 5511 1134 5560 ut
1170 5509 1301 5558 ante
1324 5505 1538 5575 aliquot
1568 5505 1686 5559 dies
1767 5505 2018 5574 gularem
2042 5504 2302 5565 habeant,
2324 5505 2672 5574 etquomodo
2690 5522 2749 5558 se
2774 5506 2830 5559 in
2846 5509 3002 5561 curia
3015 5513 3358 5581 contineant,

113 5602 438 5660 pramoneat
467 5613 595 5651 eum
624 5602 681 5650 et
725 5595 1063 5668 praenuntiat-
1117 5594 1168 5648 ei
1216 5594 1363 5648 diem
1404 5611 1514 5665 quo
1553 5610 1683 5648 sen-
1765 5600 1828 5648 ut
1847 5594 1894 5647 si
1918 5601 2072 5648 extra
2089 5595 2338 5648 ordinem
2358 5594 2570 5664 aliquid
2590 5594 2841 5663 fecerint,
2857 5600 3362 5664 zsgclamorem

114 5684 270 5740 tentia
323 5703 429 5741 sua
462 5687 530 5741 de
577 5686 772 5757 regula
807 5685 1045 5758 legenda
1081 5689 1166 5740 est
1220 5684 1280 5739 in
1315 5683 1576 5756 capitulo,
1619 5688 1685 5739 ut
1763 5682 1892 5738 inde
1921 5700 2088 5756 super
2112 5700 2206 5739 eos
2229 5684 2289 5738 in
2308 5683 2554 5755 capitulo
2569 5683 2756 5742 faciat.

340 5786 607 5848 PATROL.
655 5785 778 5847 CL.
3049 5795 3125 5854 16
