3892 6352
534 383 632 444 491

1515 357 1580 410 Β.
1622 345 2031 408 LANFRANCI
2074 343 2432 398 CANTUAR.
2479 341 2813 396 ARCHIEP.

3694 335 3791 393 492

604 514 664 572 Si
691 505 946 568 extranei
974 497 1159 557 clerici
1190 511 1250 550 se
1292 487 1535 547 dixerint
1576 483 1634 537 in
1665 475 1958 534 refectorio
1986 471 2124 526 velle
2142 474 2187 530 Α
2204 471 2389 537 nibus,
2413 488 2536 541 quae
2556 471 2702 523 ﬁunt
2719 474 2849 521 ante
2880 469 3171 526 nocturna,
3194 461 3503 515 circumeat
3528 475 3665 515 cum
3692 459 3805 515 abs-

2417 561 2431 572 1
2510 565 2517 572 .
2629 559 2640 569 υ
2693 558 2720 572 η
2870 570 2970 572 ηηκ-
3017 549 3257 572 ---Α-2η...
3329 547 3627 572 -ι--..-.-..-
3660 548 3773 572 --112

536 602 849 664 comedere,
872 593 1038 650 istius
1059 592 1145 644 est
1174 583 1517 638 voluntatem
1549 573 1798 643 ipsorum
1828 562 2016 619 abbati
2047 560 2128 613 vel

1043 709 1059 724 ο
1094 673 1243 749 quod
1283 670 1329 725 si
1373 664 1544 721 abbas
1580 659 1666 713 vel
1695 655 1846 728 prior
1876 648 2131 724 petitioni

536 692 712 767 priori
753 685 1004 743 indicare
1028 699 1041 747 ;

536 739 712 767 ι’·ινη
754 739 871 743 --υν
1029 739 1039 747 ι
1109 739 1130 749 -

536 798 733 840 eorum
761 770 1044 833 annuerit,
1087 766 1194 820 iste
1222 775 1317 815 eos
1351 749 1629 828 quomodo
1657 747 1716 801 in
1749 739 2039 798 refectorio
2071 753 2130 791 se

538 832 744 928 habere
795 864 1038 921 debeant
1078 855 1218 909 bene
1270 847 1533 906 instruat,
1582 842 1639 892 et
1681 835 1763 888 ita
1802 832 2127 891 instructos,

535 917 757 1036 pulsato
777 917 894 1026 jam
923 943 1199 1021 cymbalo,
1217 940 1277 993 in
1301 929 1636 989 locutorium
1660 922 1921 985 adducat,
1943 917 2132 986 ibique

1137 1031 1148 1036 -
1232 1027 1247 1036 ·
1270 1026 1284 1036 “
1426 1022 1440 1036 ·
1548 1023 1564 1036 ι
1634 1010 1894 1036 mum..-
1935 1020 2126 1036 ..ι-...πη

536 1010 726 1113 abbas,
758 1043 845 1098 vel
892 1038 1064 1111 prior,
1106 1031 1155 1086 si
1198 1026 1370 1083 abbas
1409 1022 1588 1083 deest,
1634 1010 1895 1068 manibus
1933 1020 2127 1061 eorum

1508 1108 1546 1113 __
1592 1111 1598 1113 _
1717 1101 1737 1113 ,
1803 1105 1812 1113 _
1972 1112 2007 1113 η
2066 1093 2125 1113 Α,

534 1093 738 1212 aquam
778 1093 1011 1192 tribuat,
1053 1093 1112 1178 et
1150 1122 1347 1192 postea
1379 1108 1676 1184 praedictus
1712 1101 1886 1155 frater
1928 1112 2022 1150 eos
2059 1093 2128 1147 ad

1112 1211 1118 1212 ’
1329 1202 1366 1212 “
1501 1198 1514 1212 '
1561 1202 1569 1212 ι
1661 1196 1836 1212 ---Δ---.
1893 1183 2128 1212 ...ωηιξη

534 1183 822 1286 ge;th
833 1183 1051 1275 abbatis
1093 1183 1280 1266 ducat.
1323 1183 1613 1271 completo
1655 1196 1841 1247 autem
1893 1183 2130 1258 prandio

533 1325 703 1390 atque
714 1312 953 1370 exeunte
964 1304 1240 1360 conventu
1254 1295 1324 1349 de
1338 1279 1921 1353 refectorio,praefatus
1934 1288 2127 1329 eorum

1305 1384 1319 1390 ·
1441 1379 1453 1390 ’
1669 1370 1811 1390 κ-ι---
1862 1381 1980 1390 mm
2031 1360 2127 1390 ειιη

533 1360 1201 1475 ᾞὲίῃεώὒαιθω
1238 1384 1326 1438 vel
1370 1379 1616 1453 priorem
1662 1370 1813 1425 solus
1858 1381 1982 1420 cum
2031 1360 2128 1414 illo

534 1452 722 1464 ην---
769 1452 800 1475 τ
880 1452 892 1454 -
1376 1452 1387 1453 ί

534 1497 843 1557 remaneat,
868 1493 926 1543 et
949 1484 1219 1554 sequatur
1244 1488 1372 1528 cum
1403 1469 1485 1524 eis
1504 1458 1935 1537 processionem,
1954 1452 2131 1506 donec

535 1589 606 1643 de
633 1584 778 1640 ostio
824 1570 1106 1633 refectorii
1149 1567 1349 1629 exeat;
1393 1560 1591 1630 postea
1629 1551 1799 1605 ducat
1837 1560 1931 1599 eos
1972 1546 2130 1596 extra

533 1678 843 1733 claustrum
866 1659 1135 1720 mediocri
1152 1669 1283 1709 voce
1306 1644 1593 1722 psallendo
1614 1656 1739 1694 cum
1764 1635 1846 1690 eis
1876 1634 2129 1687 Miserere

533 1767 663 1829 mei,
690 1763 849 1823 Deus,
880 1758 938 1809 et
955 1754 1158 1807 catera
1185 1758 1308 1814 quae
1335 1738 1666 1807 sequuntur.

605 1785 663 1829 Ἠ,
690 1785 849 1823 υειιδ,
880 1785 938 1809 σι
955 1785 1158 1807 va-u
1185 1785 1308 1814 ειν-νυ
1335 1785 1526 1807 --.ιντκ
2316 1785 2333 1790 _

605 1850 792 1925 Ipsius
821 1850 908 1900 est
930 1845 1257 1897 extraneum
1278 1824 1635 1884 monachum,
1654 1814 1750 1888 qui
1769 1813 2000 1883 ignarus
2022 1804 2128 1860 loci
2145 1785 2191 1843 Β
2210 1808 2395 1863 ἰαί-ἰαί,

1160 1924 1165 1925 ⁷
1458 1919 1466 1925 ·
1541 1910 1553 1922 ⁸
1620 1923 1647 1925 π
1705 1904 1766 1925 Α]
1819 1897 2124 1925 ΔΜαίη-ΑΜ
2292 1896 2395 1925 Αμι.

532 1897 760 2012 sit,rper
805 1936 1110 1990 claustrum
1153 1924 1214 1978 in
1254 1910 1658 1974 monasterium
1700 1904 1771 1958 ad
1815 1897 2128 1955 orationem

1234 2010 1239 2012 Α
1293 2008 1309 2012 ⁸
1424 2002 1455 2012 ’⁸
1696 2004 1919 2012 η---ι---ι
1978 1984 2127 2012 ζιΙζ-υ.

533 1984 626 2007 νη,
699 1984 748 1995 ν.
808 1984 980 1990 --πη

533 1984 757 2088 ducelre.
812 2026 1016 2080 Breves
1063 2030 1163 2088 pro
1212 2002 1489 2064 defunctis
1542 2013 1641 2071 per
1693 2004 1924 2047 manum
1978 1984 2129 2039 illius

530 2119 800 2191 magistro
846 2111 1123 2167 infantum
1168 2097 1310 2162 dari,
1356 2094 1444 2148 vel
1484 2090 1543 2144 in
1586 2081 1894 2156 capitulum
1924 2071 2129 2129 deferri

1230 2188 1239 2191 ’
1331 2190 1335 2191 ⁷
1532 2178 1547 2191 ‘
1712 2167 1967 2191 L—Mi—nn
2032 2160 2125 2191 ιηςῖ

531 2160 755 2267 ᾶεδῖηι.
802 2202 888 2259 Ad
925 2160 1053 2254 eum
1101 2160 1348 2264 pertinet
1385 2178 1682 2237 saeculares
1712 2167 1987 2227 homines,
2031 2160 2128 2233 qui

531 2298 853 2356 societatem
900 2289 1138 2344 fratrum
1187 2268 1502 2345 suscepturi
1556 2269 1705 2326 sunt,
1757 2258 2033 2314 adducere
2068 2250 2127 2303 in

848 2423 860 2435 .
901 2375 1086 2448 Ipsius
1131 2374 1217 2425 est
1256 2358 1571 2419 volentibus
1612 2351 1801 2406 videre
1853 2342 2124 2406 officinas,

523 2605 1212 2710 val-calcariawhabentem,
1238 2645 1342 2684 nec
1373 2625 1617 2694 aliquem
1653 2616 1749 2687 qui
1778 2611 1945 2667 nudis
1975 2605 2129 2679 pedi.

523 2744 631 2799 bus
658 2740 750 2805 sit,
773 2735 860 2791 vel
878 2729 1022 2787 solis
1045 2717 1409 2780 femoralibus
1431 2711 1708 2767 calceatus
1735 2704 1796 2758 in
1819 2702 2127 2755 claustrum

527 2848 631 2906 pro
658 2790 923 2901 ~qualibet
950 2831 1120 2875 causa
1145 2806 1483 2866 introducat.
1522 2800 1699 2854 Suum
1739 2796 2017 2864 praeterea
2044 2790 2131 2840 est

1227 2899 1241 2906 ·
1418 2892 1431 2903 ο
1498 2893 1533 2906 γι
1595 2886 1646 2906 ε-
1691 2878 1990 2906 --.ηειηιηηι
2038 2874 2103 2906 m1

530 2874 788 2982 hovitios,
821 2911 918 2985 qui
967 2907 1035 2962 de
1083 2899 1282 2958 saeculo
1310 2892 1561 2952 veniunt,
1594 2886 1655 2939 in
1685 2878 1992 2953 capitulum
2037 2874 2132 2928 ad-

532 3011 737 3066 ducere
768 3010 825 3059 et
851 3001 1051 3056 docere
1079 3009 1174 3049 eos
1202 2986 1445 3061 priorem
1470 2975 1799 3051 petitionem
1821 2969 2021 3022 facere.

845 3092 1043 3146 Srcrxo
1073 3081 1171 3139 III.
1195 3108 1259 3119 -—
1281 3077 1354 3130 De
1376 3062 1823 3161 eleemosynario‘.
2063 3139 2132 3161 Ἤ
2152 3101 2196 3161 C

606 3175 1094 3253 Eleemosynarius
1142 3172 1243 3224 aut
1282 3178 1381 3235 per
1428 3175 1507 3224 se,
1541 3154 1589 3209 si
1622 3153 2002 3222 opportunum
2032 3139 2137 3196 sibi

540 3281 645 3343 est,
682 3232 991 3346 perquirat,
1037 3266 1138 3316 aut
1172 3271 1274 3328 per
1299 3263 1523 3305 veraces
1552 3247 1610 3298 et
1637 3238 1831 3294 ﬁdeles
1860 3232 2134 3295 homines,

1217 3344 1224 3346 ‘
1514 3334 1525 3345 ο
1566 3332 1577 3343 ·
1622 3330 1646 3346 η
1708 3328 1781 3346 LA
1809 3323 1900 3346 --ιε
1930 3320 2058 3346 -..ηε
2087 3324 2134 3346 ,ιι

474 3364 485 3371 ’
684 3320 899 3415 lmulta
930 3320 1307 3408 sollicitudine
1332 3332 1583 3410 perquiri
1617 3328 1788 3383 faciat
1808 3323 1906 3379 ubi
1929 3320 2063 3392 aegri
2084 3324 2142 3372 et

774 3411 1018 3519 jaceant
1056 3436 1153 3511 qui
1179 3448 1293 3489 non
1322 3426 1566 3482 habeant
1594 3417 1743 3475 unde
1773 3431 1833 3470 se
1863 3411 2140 3467 sustinere

543 3544 787 3599 valeant.

619 3588 889 3688 autem
912 3620 1149 3693 ipsemet
1172 3611 1242 3668 ad
1268 3598 1705 3681 perquirendum
1726 3600 1785 3650 et
1802 3588 2141 3646 visitandum

547 3717 813 3798 perrexit,
835 3715 976 3769 duos
1007 3703 1249 3764 famulos
1277 3711 1465 3754 secum
1493 3690 1715 3749 habeat,
1732 3690 1790 3739 et
1816 3681 2141 3754 priusquam

1111 3795 1123 3798 -
1398 3785 1431 3798 ο·
1640 3781 1714 3798 ηι
1786 3771 2048 3798 unum.“
2095 3764 2139 3798 ος

588 3764 813 3783 ν..ν....,
840 3764 969 3769 ηπ

549 3764 725 3869 intret
765 3808 995 3862 domum
1058 3795 1131 3851 ad
1179 3804 1349 3863 quam
1395 3785 1579 3838 iturus
1631 3781 1734 3842 est,
1785 3771 2050 3827 mulieres
2095 3764 2142 3818 si

551 3903 752 3974 aliquae
779 3897 839 3950 in
868 3908 934 3948 ea
969 3892 1121 3950 sunt,
1169 3880 1319 3936 exire
1362 3873 1548 3928 faciat.
1582 3870 1876 3937 Ingressus
1912 3860 2141 3913 domum

1425 3968 1432 3974 ·
1510 3960 1550 3974 η’*
1646 3962 1660 3974 λ
1702 3954 1737 3974 με
1775 3950 1912 3974 una
1945 3946 2141 3974 ...ηιιηα

548 3946 755 4048 blahde
781 3946 1361 4042 consoletur-aegrum,
1386 3968 1443 4018 et
1470 3960 1670 4015 offerat
1691 3954 1742 4008 ei
1769 3950 1916 4023 quod
1944 3946 2143 4001 melius

550 4034 723 4136 habet
762 4034 840 4129 et.
852 4034 958 4124 sibi
1000 4034 1267 4130 intelligit
1309 4068 1430 4108 esse
1476 4043 1872 4104 necessarium.
1907 4035 2065 4103 Quod
2097 4034 2143 4089 si

553 4182 702 4240 aeger
742 4125 894 4218 aliud
938 4125 1212 4225 requirit:
1226 4151 1284 4201 et
1325 4143 1510 4215 ipsum
1548 4132 1839 4208 perquirat
1874 4128 1919 4182 si
1961 4125 2148 4196 aliquo

552 4212 722 4312 ἐξ)ὰο
749 4212 958 4304 habere
987 4212 1173 4314 potuei
1186 4237 1249 4290 it.
1280 4212 1469 4288 Inﬁeas
1497 4231 1688 4281 autem
1717 4221 1912 4275 domos
1941 4215 1999 4268 in
2031 4212 2150 4283 qui-

554 4302 954 4400 bus—mulieres
981 4302 1143 4400 aegrae
1176 4324 1264 4378 vel
1291 4319 1500 4375 debiles
1534 4315 1721 4385 jacent
1753 4320 2040 4376 nunquam
2069 4302 2152 4355 in-

555 4391 902 4496 troeat,—sed,
933 4391 1237 4493 pervunum
1275 4410 1345 4465 de
1368 4403 1593 4462 famulis
1620 4400 1737 4456 suis
1765 4394 1913 4468 quod
1942 4391 2150 4446 habere
2169 4426 2217 4485 D
2235 4394 2330 4468 qui

555 4523 745 4598 potest
787 4520 844 4570 et
884 4512 965 4567 eis
1005 4500 1383 4563 necessarium
1420 4499 1524 4558 est,
1556 4486 1902 4546 transmittat
1932 4501 1945 4551 ;
1992 4480 2149 4553 prius

1036 4597 1040 4598 ⁷
1133 4594 1180 4598 ““
1223 4592 1237 4598 ⁵
1494 4583 1529 4598 ¹⁹
1571 4581 1606 4598 ι’
1673 4580 1797 4598 -ι-κι
1849 4570 2032 4598 ,ιιηιε
2064 4567 2145 4598 ..ΑΙ

779 4567 948 4676 quam
975 4594 1187 4667 aliquid
1207 4592 1277 4646 de
1305 4581 1642 4658 supradictis
1668 4580 1817 4648 agat,
1848 4570 2037 4628 abbati
2064 4567 2148 4623 vel

852 4678 857 4685 ι

556 4697 733 4775 priori
774 4678 1003 4757 indicet,
1045 4690 1104 4741 et
1144 4678 1452 4738 secundum
1498 4685 1692 4726 eorum
1728 4660 2151 4736 dispositionem

556 4761 973 4856 eleemosynam
1002 4767 1331 4831 monasterii
1359 4765 1440 4820 eis
1465 4761 1769 4832 dispenset.

1168 4855 1402 4916 CAPUT
1440 4852 1518 4908 IX
1530 4895 1542 4908 .

1126 4953 1197 5006 De
1242 4942 1584 5013 inﬁrmario.

625 5059 842 5119 Frater,
873 5048 965 5105 cui
984 5058 1121 5101 cura
1140 5039 1342 5094 domus
1367 5032 1725 5087 inﬁrmorum
1746 5017 2043 5076 commissa
2070 5018 2157 5068 est

558 5153 617 5208 et
640 5141 883 5205 inﬁrmis
902 5132 1177 5193 fratribus
1200 5123 1409 5181 servire
1429 5121 1751 5190 deputatur,
1773 5123 1963 5166 cocum
1986 5120 2150 5159 suum

555 5193 761 5296 habeat
798 5193 1182 5296 etﬁcoquinam
1211 5208 1533 5286 separatim,
1564 5206 1613 5293 si
1654 5201 1760 5259 loci
1787 5198 1929 5255 situs
1973 5199 2032 5248 et
2067 5193 2153 5246 fa-

556 5286 886 5384 cultas—talis
911 5286 1004 5373 sit,
1027 5315 1093 5365 ut
1118 5304 1266 5379 quod
1291 5297 1531 5357 infirmis
1560 5286 1865 5366 preparari
1896 5298 2153 5340 necessa-

557 5419 705 5472 rium
737 5417 824 5468 est
859 5408 1174 5479 opportuno
1201 5402 1456 5464 tempore
1499 5382 1685 5458 parari
1726 5376 1919 5451 possit.
1950 5372 2155 5429 Omnia

556 5503 767 5561 fercula
809 5490 1142 5570 apponenda
1190 5480 1428 5539 inﬁrmis
1474 5478 1595 5547 ipse
1640 5466 1999 5525 administrat
2034 5461 2141 5519 eis.

558 5553 988 5659 diepost
1001 5573 1430 5650 completorium
1450 5567 1681 5639 spargat
1698 5574 1905 5631 aquam
1929 5553 2153 5610 benedi-

554 5689 705 5740 ctam
732 5693 833 5750 per
857 5687 1053 5730 omnes
1078 5682 1275 5723 eorum
1302 5663 1506 5725 lectos;
1537 5651 1699 5709 factis
1730 5649 1908 5706 tribus
1939 5643 2149 5702 oratio-

2213 578 2382 616 consa
2417 561 2590 614 lectos
2626 558 2978 612 inﬁrmorum
3010 549 3282 612 omnium,
3325 547 3629 603 observans
3658 548 3803 602 solli-

2213 650 2321 705 cite
2350 667 2420 704 ne
2444 648 2663 719 aliquis.
2686 645 2781 717 qui
2812 644 3022 696 valeret
3047 653 3296 707 surgere,
3322 636 3379 690 in
3409 637 3554 691 lecto
3584 652 3804 691 reman-

2213 739 2365 794 serit.
2392 737 2574 809 Ipsius
2596 741 2681 790 est
2701 733 2977 806 praecipue
3006 726 3385 791 manifestare,
3407 732 3464 780 et
3486 726 3735 780 clamare
3754 724 3806 780 in

2211 827 2456 899 capitulo
2506 823 2878 895 negligentias
2920 818 3174 874 omnium
3221 815 3280 869 in
3328 814 3599 886 praedicta
3647 814 3805 868 domo

2212 913 2699 972 commorantium.

2285 1007 2425 1060 Cum
2456 1002 2769 1076 perceperit
2797 1000 3082 1054 inﬁrmum
3122 997 3242 1067 jam
3282 1010 3405 1049 esse
3431 1007 3611 1064 prope
3642 992 3803 1047 ﬁnem

2212 1112 2398 1160 suum,
2439 1110 2603 1148 suum
2636 1096 2722 1146 est
2757 1089 3061 1162 praecipere
3097 1084 3325 1139 famulis
3357 1082 3473 1138 suis
3502 1088 3570 1136 ut
3615 1081 3805 1135 calefa-

2212 1185 2365 1240 ciant
2391 1199 2594 1254 aquam
2636 1180 2703 1235 ad
2734 1178 3031 1233 lavandum
3075 1175 3281 1246 ipsum.
3327 1173 3478 1227 Cura
3502 1171 3575 1225 de
3607 1170 3804 1224 feretro

2212 1271 2578 1328 custodiendo
2619 1275 2678 1324 et
2722 1263 3187 1329 administrando,
3244 1277 3370 1316 cum
3424 1276 3567 1330 opus
3620 1257 3801 1323 fuerit,

2210 1380 2379 1435 super
2407 1378 2534 1416 eum
2567 1364 2655 1414 est
2682 1363 2739 1412 et
2766 1372 2935 1427 super
2957 1352 3197 1408 famulos
3226 1367 3376 1416 suos,
3408 1348 3557 1403 sicut
3581 1353 3641 1401 et
3679 1363 3806 1401 cura

2212 1453 2280 1507 de
2305 1446 2752 1505 administranda
2771 1444 2983 1507 tabula,
3007 1457 3173 1512 quam
3193 1457 3258 1493 ex
3286 1454 3439 1492 more
3461 1436 3621 1508 prior
3639 1435 3807 1490 semel

2211 1540 2472 1613 percutit,
2512 1537 2791 1607 completa
2836 1531 3120 1586 ablutione
3166 1528 3344 1599 ipsius
3381 1526 3673 1593 defuncti;
3712 1524 3805 1578 de-

2282 1896 2469 1952 Abbas
2506 1894 2592 1947 vel
2626 1892 2781 1963 prior
2837 1887 3098 1944 omnibus
3148 1884 3328 1938 modis
3375 1880 3802 1959 sollicitudinem

2208 1991 2371 2058 gerat
2397 2001 2467 2039 ne
2498 1954 2730 2052 aliquid,
2756 1979 2905 2051 quod
2933 1976 3003 2032 ad
3032 1976 3137 2029 hoc
3156 1954 3533 2027 ministerium
3560 1985 3803 2025 necessa-

2211 2076 2360 2130 rium
2387 2079 2491 2139 est,
2522 2072 2580 2125 in
2609 2070 2706 2128 illa
2724 2069 2890 2123 domo
2919 2080 3168 2135 unquam
3198 2060 3439 2116 deficiat.

2837 2154 3070 2211 CAPUT
3107 2153 3175 2207 X.

2449 2254 2522 2307 De
2550 2248 2887 2316 negligentia
2916 2246 3065 2298 circa
3094 2257 3289 2310 corpus
3318 2239 3568 2294 Domini.

2281 2346 2421 2399 Cum
2454 2342 2523 2396 de
2545 2353 2777 2409 corpore
2797 2334 2884 2388 vel
2913 2331 3186 2403 sanguine
3209 2326 3431 2384 Domini
3452 2331 3618 2380 tanta
3640 2322 3803 2394 negli-

2208 2433 2398 2505 gentia
2433 2430 2542 2484 alio
2589 2443 2720 2481 casu
2769 2423 2971 2478 accidit
3012 2425 3198 2485 293
3228 2423 3293 2472 ut
3328 2416 3493 2470 cadat
3521 2415 3798 2475 deorsum,

2109 2556 2122 2580 θ
2209 2523 2324 2577 sive
2366 2521 2425 2574 in
2453 2518 2628 2573 alium
2671 2515 2858 2568 locum
2890 2510 2988 2565 ubi
3027 2509 3189 2580 plene
3229 2503 3437 2576 percipi
3479 2518 3597 2556 non
3634 2497 3803 2572 possit

2211 2629 2320 2683 quo
2348 2606 2611 2664 ceciderit
2641 2609 2698 2658 et
2734 2608 2925 2656 utrum
2956 2598 3025 2652 ad
3071 2602 3280 2651 terram
3310 2593 3441 2647 inde
3471 2589 3687 2662 aliquid
3718 2603 3800 2641 ve-

2211 2701 2376 2765 nerit,
2414 2713 2584 2769 quam
2613 2694 2779 2748 citius
2806 2690 2928 2744 ﬁeri
2956 2687 3151 2760 possit,
3191 2684 3470 2738 indicetur
3497 2698 3592 2735 res
3623 2676 3801 2734 abbati

2213 2793 2295 2846 vel
2337 2766 2548 2862 priori;
2600 2783 2694 2855 qui
2737 2777 3018 2851 adjunctis
3063 2774 3167 2829 sibi
3213 2771 3492 2843 aliquibus
3541 2766 3802 2824 fratribus

2216 2853 2448 2953 propere
2477 2853 2664 2930 veniat
2704 2870 2773 2926 ad
2819 2869 3001 2922 locum
3033 2863 3129 2919 ubi
3173 2862 3279 2915 hoc
3315 2858 3636 2929 contigerit.
3668 2855 3737 2911 Et
3760 2853 3803 2907 si

2215 2986 2415 3040 corpus
2444 2961 2705 3020 ceciderit
2735 2957 2819 3013 vel
2849 2953 3079 3025 sanguis
3110 2951 3317 3006 effusus
3343 2947 3514 3002 fuerit
3543 2960 3713 3016 super
3737 2943 3805 2996 la-

2217 3036 2424 3130 pidem.
2448 3060 2548 3109 aut
2565 3058 2796 3116 terram,
2823 3051 2921 3100 aut
2946 3044 3181 3113 lignum,
3206 3044 3307 3093 aut
3330 3042 3591 3099 mattam,
3615 3037 3715 3087 aut
3733 3036 3807 3084 ta-

2222 3120 2423 3221 petem,
2450 3149 2549 3199 aut
2577 3138 2790 3210 aliquid
2814 3130 3160 3204 hujusmodi,
3189 3127 3370 3200 pulvis
3398 3131 3568 3179 terrae
3595 3120 3806 3191 colliga-

2220 3214 2331 3303 tur,
2358 3251 2486 3307 pars
2515 3232 2611 3285 illa
2637 3225 2839 3298 lapidis
2865 3222 3116 3283 radatur,
3151 3234 3280 3289 pars
3310 3214 3470 3286 ligni,
3491 3218 3706 3277 mattea,
3734 3214 3808 3262 ta-

2222 3299 2384 3399 petis,
2405 3329 2504 3377 aut
2522 3319 2569 3374 si
2590 3317 2722 3389 quid
2745 3312 2894 3368 aliud
2919 3316 3005 3366 est
3021 3305 3364 3379 hujusmodi,
3379 3301 3742 3357 abscindatur
3758 3299 3809 3351 et

2221 3416 2279 3469 in
2311 3409 2619 3468 sacrarium
2644 3401 2988 3476 projiciatur.

2295 3501 2452 3568 Quod
2482 3498 2529 3553 si
2556 3468 2711 3550 locus
2739 3468 2834 3546 ubi
2867 3486 3130 3543 ceciderit
3152 3480 3447 3538 manifeste
3475 3468 3808 3548 deprehendi

2224 3588 2552 3665 nequiverit,
2588 3590 2644 3638 et
2669 3587 2863 3636 tamen
2893 3578 3153 3631 deorsum
3183 3569 3447 3625 cecidisse
3477 3561 3803 3625 constiterit,

2226 3685 2280 3739 in
2312 3683 2431 3736 loco
2461 3681 2519 3731 et
2556 3674 2703 3728 circa
2744 3670 2947 3733 locum,
2979 3665 3039 3719 in
3079 3678 3245 3734 quem
3284 3657 3527 3712 maxime
3558 3650 3809 3708 cecidisse

2225 3767 2582 3829 crediderint,
2614 3759 2875 3816 similiter
2903 3753 3215 3823 colligatur,
3247 3747 3497 3811 radatur,
3532 3739 3810 3797 abscinda-

2222 3868 2318 3916 tur
2346 3865 2402 3913 et
2438 3857 2498 3910 in
2540 3848 2850 3908 sacrarium
2892 3841 3268 3904 recondatur;
3318 3835 3377 3889 hi
3420 3849 3551 3887 vero
3583 3840 3809 3902 quorum

2224 3945 2567 4021 negligentia
2597 3942 2701 3994 hoc
2718 3933 2985 3999 evenerit,
3005 3931 3062 3984 in
3085 3927 3342 4001 proximo
3371 3920 3620 3993 capitulo
3644 3913 3809 3972 humi-

2227 4001 2410 4021 “’“ῠ““0

2227 4041 2356 4094 liter
2374 4036 2593 4105 culpam
2620 4043 2781 4083 suam
2807 4024 3010 4084 dicant,
3034 4016 3307 4090 judicium
3335 4010 3644 4081 suscipiant
3663 4001 3805 4068 nudi,

2230 4092 2290 4183 et
2304 4092 2643 4197 injungatur
2670 4116 2749 4170 eis
2781 4107 3132 4185 pmnitentia,
3164 4103 3251 4157 vel
3274 4101 3342 4155 de
3367 4097 3608 4171 jejunio,
3630 4093 3709 4148 vel
3730 4092 3810 4162 ju-

2231 4180 2409 4279 diciis,
2446 4180 2532 4266 vel
2573 4180 2823 4280 psalmis,
2857 4199 2942 4253 vel
2985 4193 3197 4266 aliquid
3244 4186 3586 4260 hujusmodi.
3616 4180 3810 4249 Quibus

2232 4307 2302 4361 de
2342 4300 2554 4375 judicio
2592 4297 2662 4350 ad
2704 4294 2827 4347 loca
2863 4303 2967 4343 sua
2996 4282 3250 4345 reversis,
3281 4293 3475 4334 omnes
3504 4272 3809 4330 sacerdotes

2342 4400 2477 4447 tunc
2491 4389 2793 4460 praesentes
2816 4381 2984 4434 erunt
3000 4377 3252 4443 surgant,
3268 4374 3325 4423 et
3339 4368 3406 4422 ad
3423 4364 3640 4437 judicia
3654 4356 3809 4417 susci-

2239 4444 2330 4468 ‘l"'
2349 4444 2363 4447 '
2377 4444 2403 4446 "
2491 4444 2509 4460 ι

2231 4482 2437 4559 pienda
2464 4492 2590 4532 cum
2611 4471 2764 4527 omni
2791 4465 3084 4523 devotione
3103 4478 3163 4515 se
3184 4455 3603 4515 offerant.Tunc
3622 4451 3711 4507 ille
3722 4444 3807 4519 qui

3155 4557 3159 4559 λ
3559 4545 3571 4559 ι
3654 4558 3657 4559 ,
3681 4540 3719 4559 ξι
3750 4535 3804 4559 ,1-

2231 4535 2537 4645 capitulum
2584 4567 2758 4627 tenet,
2788 4563 3004 4629 septem
3045 4557 3267 4607 tantum
3309 4563 3449 4619 quos
3487 4540 3722 4599 voluerit
3745 4535 3806 4590 de

2237 4625 2317 4645 ml
2367 4625 2375 4627 τ
2749 4625 2753 4627 ν
2851 4625 2870 4629 _

2232 4662 2368 4735 ipsis
2397 4658 2468 4714 ad
2498 4648 2853 4724 suscipienda
2884 4642 3097 4717 judicia
3131 4639 3391 4703 retineat,
3414 4640 3472 4690 et
3499 4630 3710 4689 caeteris
3734 4625 3808 4680 ire

2234 4720 2451 4809 sessum
2480 4720 2783 4818 praecipiat.
2809 4734 2993 4791 Finito
3022 4728 3265 4802 capitulo
3284 4741 3478 4781 omnes
3507 4720 3671 4778 simul
3699 4730 3809 4789 pro-

2236 4839 2400 4898 strati
2436 4836 2627 4892 dicant
2669 4834 2883 4901 septem
2930 4822 3175 4895 psalmos
3215 4818 3273 4871 in
3302 4810 3656 4875 monasterio,
3682 4803 3807 4861 inci-

2234 4932 2453 5005 pientes
2482 4942 2577 4980 eos
2609 4896 2866 4992 psallere,
2902 4928 3029 4968 cum
3057 4912 3261 4965 exeunt
3286 4905 3355 4959 de
3384 4900 3646 4974 capitulo.
3672 4896 3810 4960 Quos

2236 4987 2505 5091 sequatur
2532 4987 2692 5068 Pater
2718 5012 2918 5069 noster,
2942 5016 3070 5056 cum
3099 4998 3187 5053 his
3214 4992 3473 5067 capitulis
3494 4996 3549 5046 et
3572 4987 3806 5047 collecta,

2235 5112 2303 5166 Et
2329 5122 2490 5176 super
2518 5119 2611 5157 nos
2640 5094 3020 5153 misericordia
3043 5096 3159 5155 tua,
3185 5087 3446 5147 Domine;
3468 5082 3551 5137 Ne
3570 5076 3811 5133 memine‘

2233 5203 2316 5255 ris
2354 5195 2723 5264 iniquitatum
2753 5189 3077 5240 nostrarum
3117 5178 3517 5244 antiquarum;
3559 5166 3808 5224 Dominus

2233 5290 2535 5349 vobiscum;
2564 5266 2806 5336 'Oremus
2830 5292 2843 5335 ;
2880 5269 3120 5334 Exaudi,
3144 5265 3392 5325 Domine,
3411 5274 3593 5330 preces
3613 5257 3809 5311 nostras

2234 5381 2281 5431 et
2302 5372 2679 5441 conﬁtentium
2698 5365 2799 5419 tibi
2810 5375 2972 5430 parce
2989 5356 3241 5426 peccatis.
3256 5356 3315 5406 ut
3339 5367 3470 5420 quos
3491 5340 3807 5403 conscientia

2234 5469 2419 5519 reatus
2434 5460 2670 5521 accusat,
2687 5449 3040 5517 indutgentia
3055 5452 3160 5497 tua:
3176 5440 3548 5495 miserationis
3564 5429 3803 5490 absolvat,

2232 5556 2353 5620 Per,
2374 5555 2475 5606 aut
2500 5515 2963 5603 illam'collectam
2991 5554 3003 5590 :
3031 5535 3167 5589 Deus
3198 5532 3290 5585 cui
3315 5528 3607 5598 proprium
3625 5523 3696 5576 est
3715 5515 3807 5570 mi-

2232 5644 2405 5699 sereri
2430 5651 2657 5707 semper,
2689 5635 2789 5688 aut
2817 5627 2986 5684 aliam
3009 5640 3110 5696 pro
3140 5618 3399 5693 peccatis.
