3892 6394
120 424 206 480 l193
1011 417 1341 473 DECRETA
1377 416 1520 472 PRO
1560 413 1834 470 ORDINE
1873 416 1929 469 S.
1971 415 2376 472 BENEDICTI.
3229 424 3338 483 494

176 547 226 602 Si
253 553 368 601 vero
395 563 569 616 super
595 545 881 616 corporale
911 544 995 597 vel
1017 560 1186 613 super
1205 543 1449 613 aliquem
1482 543 1657 595 hone-
1677 540 1828 599 Avel
1887 546 2056 610 caput
2101 541 2310 605 abluat,
2343 541 2431 595 vel
2485 558 2706 613 ungues
2751 545 2980 611 incidat,
3032 563 3134 602 nec
3177 554 3335 603 extra

116 642 241 690 stum
267 651 498 705 pannum
537 633 764 704 sanguis
805 631 1086 692 ceciderit,
1122 637 1450 700 certumque
1493 629 1664 683 fuerit
1744 628 2047 682 claustrum
2080 630 2200 683 sine
2227 630 2450 683 licentia
2475 630 2556 684 ire
2594 641 2918 702 przesumat.
2960 636 3161 691 Finitis
3190 639 3336 708 psal-

116 741 207 794 quo
225 723 489 779 ceciderit.
514 739 642 793 pars
674 722 770 774 illa
791 720 962 791 panni
991 720 1048 773 in
1071 719 1258 789 aliquo
1280 719 1451 772 calice
1471 718 1663 772 ablua-
1743 717 1851 770 mis
1882 718 2031 770 dicat
2057 717 2250 782 abbas,
2283 719 2367 771 vel
2399 719 2552 788 prior
2599 723 2917 788 Benedicite,
2971 729 3029 778 et
3067 742 3336 797 responso

115 819 206 876 tur,
225 818 275 864 et
298 811 470 881 prima
484 811 694 864 ablutio
714 827 745 862 a
768 809 1038 862 fratribus
1058 808 1408 868 absumatur,
1435 806 1661 876 reliqua;
1743 807 2029 869 Dominus,
2071 813 2267 876 postea
2302 808 2624 877 loquantur.
2657 811 2814 866 Tunc
2852 813 3057 867 lesciva
3096 815 3154 868 in
3179 815 3333 869 clau-

114 900 214 953 duze
255 900 306 952 in
359 900 662 952 sacrarium
709 897 1095 969 projiciantur.
1143 897 1207 950 In
1257 896 1437 967 primo
1470 900 1660 948 autem
1741 901 1920 949 strum
1971 896 2272 963 deferatur,
2312 901 2369 949 et
2400 899 2493 966 qui
2537 899 2655 952 vult
2683 907 2851 972 caput
2896 902 3061 968 lavet,
3096 905 3334 975 quisque

115 989 320 1058 capitulo
347 987 492 1040 dicta
521 988 701 1057 culpa,
747 986 804 1039 hi
850 986 952 1039 soli
996 991 1238 1049 tantum,
1282 1000 1521 1054 quorum
1561 999 1660 1036 ne-
1743 983 2071 1044 sibi,nullus
2099 985 2215 1048 alii,
2237 991 2442 1055 praeter
2463 988 2761 1056 magistros
2783 990 3335 1064 infantum,quipar—

113 1077 343 1147 gligentia
370 1077 471 1130 hoc
499 1075 699 1141 evenit,
721 1075 1101 1145 supradictam
1118 1073 1470 1142 disciplinam
1495 1072 1662 1125 susti-
1746 1073 1888 1127 vulis
1918 1073 2126 1144 pueris,
2170 1073 2265 1144 qui
2295 1074 2353 1126 id
2383 1090 2494 1128 non
2520 1089 2772 1146 possunt,
2807 1079 2992 1149 capita
3019 1081 3207 1134 lavare
3241 1083 3334 1137 de-

115 1171 281 1231 neant;
321 1165 517 1218 fratres
537 1180 668 1218 vero
689 1180 881 1218 omnes
903 1169 1116 1232 septem
1143 1161 1388 1231 psalmos
1417 1177 1543 1214 cum
1567 1177 1660 1214 ca-
1744 1162 1896 1216 bent.

112 1254 288 1324 pitulis,
330 1261 385 1308 et
435 1255 686 1319 collecta,
737 1253 881 1307 sicut
928 1251 1186 1321 superius
1225 1251 1436 1304 dictum
1465 1257 1569 1316 est,
1602 1250 1657 1302 in
1814 1250 2012 1304 Frater
2041 1251 2174 1304 dum
2207 1251 2444 1318 raditur,
2470 1252 2514 1305 si
2557 1252 2779 1322 signum
2809 1255 2880 1308 ad
2905 1255 3101 1309 horam
3132 1272 3334 1312 sonue-

114 1342 412 1396 monasterio
441 1343 649 1396 dicant.
681 1342 737 1396 Si
767 1342 888 1412 ipsa
917 1341 1007 1395 die
1038 1341 1227 1394 Brevis
1255 1358 1356 1412 pro
1400 1341 1661 1394 defuncto
1744 1339 1838 1400 rit,
1871 1339 2069 1392 induat
2094 1340 2370 1393 cucullain
2408 1357 2578 1409 super
2615 1341 2881 1408 froccum,
2934 1348 2990 1397 et
3037 1351 3235 1416 pergat
3277 1347 3338 1401 in

114 1431 157 1482 in
197 1431 422 1500 capitulo
451 1431 630 1484 lectus
661 1429 844 1495 fuerit,
900 1430 1052 1499 prius
1097 1435 1302 1483 canant
1351 1431 1513 1482 Verba
1544 1446 1663 1482 mea
1745 1429 1975 1482 chorum
2007 1422 2051 1480 si
2081 1433 2271 1481 tamen
2299 1429 2527 1482 omnino
2577 1429 2805 1484 barbam
2845 1448 3029 1486 rasam
3070 1440 3170 1488 aut
3215 1451 3337 1490 om-

113 1524 366 1588 pergentes
387 1519 442 1572 in
476 1519 796 1581 ecclesiam;
826 1525 1022 1588 postea
1046 1524 1259 1588 septem
1288 1518 1530 1587 psalmos
1554 1517 1662 1570 sic-
1745 1517 1878 1569 nino
1906 1516 2084 1569 adhuc
2110 1516 2381 1569 intactam
2401 1516 2588 1583 habet,
2630 1519 2880 1590 alioquin
2920 1529 3077 1575 extra
3106 1523 3340 1578 chorum

113 1614 161 1660 ut
184 1608 421 1677 superius
451 1607 665 1661 dictum
697 1613 799 1660 est.
1750 1609 1977 1658 maneat
2025 1606 2152 1674 Ipso
2173 1604 2262 1658 die
2294 1622 2403 1675 quo
2433 1622 2494 1659 se
2533 1607 2741 1661 radunt
2791 1609 2995 1664 fratres
3039 1626 3254 1682 mappae
3281 1613 3342 1666 in

167 1697 215 1750 Si
240 1714 360 1750 vero
375 1697 484 1764 alio
505 1698 694 1766 aliquo
719 1697 884 1750 modo
897 1695 966 1749 de
989 1697 1094 1750 hoc
1118 1701 1468 1750 sacramento
1493 1694 1666 1747 levior
1748 1693 2040 1746 refectorio
2080 1694 2363 1747 mutandae
2392 1698 2542 1747 sunt.
2588 1695 2728 1749 Aliis
2758 1696 2955 1750 diebus
2986 1699 3208 1768 quando
3237 1699 3345 1754 fra-

111 1785 416 1854 negligentia
441 1785 708 1847 evenerit,
743 1802 807 1838 ex
847 1785 1059 1854 judicio
1091 1785 1308 1838 abbatis
1338 1785 1423 1836 vel
1464 1783 1664 1853 prioris
1690 1853 1715 1854 7
1747 1787 1860 1833 tres
1891 1781 1947 1834 in
1971 1781 2215 1835 claustro
2245 1782 2572 1852 loquuntur,
2614 1784 2712 1854 qui
2743 1801 2968 1840 necesse
3011 1787 3183 1842 habet
3221 1794 3346 1843 ton-

112 1853 277 1927 leniori
318 1874 562 1928 vindicta
612 1874 802 1938 frater,
838 1853 997 1943 cujus
1023 1874 1188 1944 culpa
1216 1874 1319 1927 hoc
1345 1873 1662 1942 contigerit,
1687 1853 1734 1912 Β
1751 1870 1869 1924 deri
1888 1875 2070 1940 potest
2088 1870 2147 1924 in
2158 1871 2422 1937 claustro,
2440 1872 2537 1925 sed
2558 1853 2659 1942 per
2677 1873 2968 1929 licentiam
2989 1875 3210 1931 abbatis
3231 1878 3345 1933 sive

111 1962 356 2030 puniatur.
1748 1959 1969 2028 prioris.

694 2051 929 2105 CAPUT
957 2053 1054 2106 XI.
2353 2049 2586 2104 CAPUT
2611 2051 2735 2107 XII.

574 2142 650 2194 De
672 2156 876 2193 rasura
897 2142 1166 2207 fratrum.
2155 2137 2228 2190 De
2255 2141 2551 2205 sanguinis
2579 2142 2927 2198 minutione.

168 2229 273 2292 Qua
297 2229 384 2282 die
409 2228 652 2282 radendi
681 2232 814 2280 sunt
841 2227 1043 2280 fratres
1072 2227 1236 2280 citius
1279 2226 1442 2280 solito
1488 2226 1671 2296 pulse-
1822 2225 2074 2278 Licentia
2123 2224 2415 2279 minuendi
2473 2228 2807 2296 sanguinem
2872 2232 3025 2285 omni
3090 2236 3344 2304 tempore

117 2320 191 2370 tur
214 2318 422 2387 signum
453 2318 525 2372 ad
563 2317 826 2386 primam,
845 2317 928 2368 vel
954 2316 1024 2369 ad
1055 2316 1303 2373 tertiam.
1337 2317 1384 2368 si
1411 2316 1533 2385 ipsa
1561 2321 1670 2368 ter-
1753 2310 1941 2364 statim
1973 2317 2098 2380 post
2125 2312 2432 2381 capitulum
2463 2315 2704 2383 petenda
2730 2320 2834 2382 est,
2857 2322 2914 2370 et
2943 2319 3235 2374 cellerario
3265 2320 3348 2374 in-

114 2404 176 2458 tia
202 2414 318 2459 ante
346 2406 657 2476 capitulum
689 2405 797 2458 dici
827 2405 1010 2458 debet.
1046 2404 1108 2458 In
1147 2404 1391 2474 capitulo
1422 2420 1534 2457 non
1572 2403 1669 2456 diu
1753 2399 1990 2453 dicanda
2011 2401 2151 2453 hora
2179 2401 2470 2454 minuendi
2490 2408 2608 2470 est;
2642 2403 2698 2456 in
2722 2403 2926 2473 hieme,
2959 2413 3087 2477 post
3115 2425 3349 2479 evange-

114 2495 325 2560 sedeant,
362 2496 459 2548 sed
491 2494 824 2548 necessariis
862 2494 1031 2547 rebus
1064 2493 1336 2563 explicitis
1376 2497 1669 2561 surgentes
1751 2488 1889 2541 lium
1927 2489 2154 2552 maioris
2184 2489 2397 2556 missae;
2443 2491 2501 2544 in
2540 2497 2754 2558 aestate,
2789 2499 2916 2564 post
2959 2511 3168 2550 nonam
3218 2503 3350 2552 ante

113 2583 299 2652 pulsata
326 2583 536 2648 tabula,
568 2584 828 2653 dictoque
849 2584 1148 2636 Benedicite
1178 2588 1377 2635 exeant
1401 2582 1457 2634 in
1488 2581 1670 2635 claus-
1751 2593 2042 2646 vesperas;
2096 2578 2155 2630 in
2204 2577 2645 2648 Quadragesima
2674 2587 2800 2651 post
2822 2599 3100 2654 vesperas.
3137 2587 3279 2641 Cum
3309 2586 3351 2640 ii

113 2676 252 2724 trum.
275 2672 520 2726 Infantes
551 2671 672 2742 ipsa
703 2672 792 2724 die
822 2671 1128 2740 capitulum
1158 2687 1270 2724 non
1300 2674 1547 2735 teneant,
1573 2670 1671 2723 sed
1755 2666 1850 2734 qui
1903 2664 2191 2718 minuendi
2240 2672 2373 2720 sunt
2401 2668 2630 2722 calceati
2681 2673 3104 2729 nocturnalibus
3133 2676 3248 2730 suis
3280 2677 3352 2731 ad

114 2761 273 2813 statim
300 2767 421 2830 post
447 2761 594 2814 alios
624 2766 840 2823 exeant,
878 2766 935 2813 et
974 2759 1030 2812 in
1060 2759 1308 2812 scholam
1352 2775 1509 2812 suam
1544 2775 1672 2829 per-
1753 2754 1936 2806 locum
1964 2754 2058 2824 qui
2078 2755 2208 2808 huic
2246 2756 2400 2825 operi
2430 2757 2733 2828 deputatus
2774 2766 2859 2814 est
2899 2764 3172 2830 venerint,
3207 2765 3352 2819 versi

115 2855 225 2918 sunt
247 2850 622 2904 residentibus
667 2849 900 2914 cunctis,
934 2855 990 2902 et
1019 2849 1089 2901 ad
1122 2848 1430 2901 radendum
1463 2847 1674 2918 paratis
1756 2843 1825 2895 ad
1857 2843 2129 2895 orientem
2160 2849 2291 2896 ante
2320 2849 2377 2897 et
2403 2851 2552 2898 retro
2578 2848 2868 2915 inclinent,
2919 2851 3120 2905 deinde
3160 2853 3347 2922 priore

113 2937 310 3007 incipiat
335 2937 530 3004 abbas,
585 2943 684 2991 aut
723 2937 892 3008 prior,
921 2937 1168 3006 quinque
1197 2937 1457 3006 psalmos,
1498 2937 1552 2990 id
1592 2941 1677 2989 est
1758 2949 1953 2985 eorum
1974 2931 2273 3001 incipiente
2289 2949 2510 2986 versum
2533 2937 2694 3001 Deus,
2718 2939 2781 2991 in
2796 2939 3145 3006 adjutorium
3162 2957 3350 2996 meum

121 3027 253 3080 Verba
279 3044 394 3082 mea
421 3045 527 3099 pro
559 3027 856 3080 defunctis.
905 3025 1173 3080 Sacerdos
1203 3024 1675 3078 hebdomadarius
1759 3022 1998 3085 intende,
2046 3025 2133 3072 ter
2170 3021 2375 3087 dicant,
2407 3027 2456 3074 et
2481 3029 2691 3089 cetera,
2725 3025 2872 3079 sicut
2905 3026 2963 3079 in
2993 3032 3188 3082 aestate
3219 3035 3346 3100 post

112 3115 278 3169 sedens
323 3117 473 3170 dicat
514 3116 813 3181 collectas;
861 3115 1006 3168 alter
1035 3130 1256 3183 quoque
1301 3113 1962 3187 hebdomada-nnonam
2024 3109 2083 3162 in
2138 3110 2401 3180 capitulo,
2447 3113 2670 3182 quando
2713 3113 2913 3169 fratres
2939 3116 3247 3187 loquuntur
3292 3119 3355 3174 in

108 3202 202 3257 rius
221 3205 376 3274 juxta
413 3222 552 3260 eum
583 3204 794 3267 sedeat,
831 3210 886 3257 et
916 3220 1045 3256 cum
1074 3220 1140 3256 eo
1163 3203 1407 3272 psalmos
1436 3207 1629 3255 teneat
1655 3220 1668 3268 ;
1695 3173 1736 3233 C
1759 3199 2021 3251 claustro.
2058 3198 2115 3252 Si
2153 3214 2299 3252 unus
2346 3204 2566 3254 tantum
2611 3201 2800 3270 fuerit,
2835 3204 2988 3258 solus
3017 3205 3120 3260 hoc
3157 3207 3345 3264 faciat.

110 3300 211 3360 post
235 3295 475 3365 quinque
515 3294 760 3364 psalmos
791 3293 981 3345 dicant
1021 3308 1218 3345 omnes
1260 3291 1554 3344 canonicas
1579 3291 1675 3344 ho-
1757 3288 1960 3341 Postea
1978 3292 2183 3340 exuant
2212 3287 2440 3354 froccos,
2476 3295 2533 3343 et
2559 3297 2760 3360 parent
2781 3309 2840 3346 se
2861 3293 2931 3347 ad
2961 3295 3350 3352 minuendum.

109 3396 196 3447 ras,
242 3383 296 3436 in
334 3400 580 3456 quarum
613 3383 722 3435 ﬁne
756 3398 933 3451 usque
964 3382 1034 3434 ad
1063 3396 1324 3450 vesperas
1375 3396 1484 3433 non
1526 3379 1676 3432 dicat
1829 3376 2128 3430 Silentium
2158 3375 2236 3428 ibi
2275 3377 2502 3431 omnino
2528 3383 2777 3446 teneant,
2802 3381 2912 3435 nisi
2942 3386 3248 3440 necessitas
3273 3386 3352 3441 lo-

110 3473 338 3526 sacerdos
363 3475 641 3526 Dominus
671 3473 984 3537 vobiscum;
1016 3486 1118 3523 nec
1159 3471 1546 3523 Benedieamus
1576 3471 1674 3522 Do-
1758 3465 1852 3535 qui
1892 3471 2054 3534 cogat
2089 3482 2212 3535 quae
2255 3465 2467 3520 differri
2497 3473 2596 3521 aut
2619 3485 2732 3523 non
2763 3471 2956 3540 possit,
2985 3478 3085 3527 aut
3111 3489 3224 3528 non
3251 3475 3352 3530 de-

112 3562 256 3625 mino,
278 3561 370 3614 sed
402 3567 537 3630 post
566 3563 665 3612 Per
694 3561 884 3612 omnia
914 3562 1110 3612 sweula
1129 3557 1672 3622 saeculoruin,statim
1758 3553 1903 3606 beat.
1939 3554 2096 3617 Quod
2127 3554 2173 3607 si
2198 3556 2463 3622 evenerit,
2497 3555 2757 3624 breviter,
2789 3563 2845 3613 et
2876 3561 3126 3616 modeste
3168 3569 3225 3619 et
3253 3565 3355 3620 hu-

109 3646 308 3718 incipiat
327 3651 690 3717 Adjutorium
723 3661 926 3708 meum;
946 3653 1072 3717 post
1089 3664 1348 3717 vesperas
1375 3663 1502 3700 vero
1529 3647 1675 3700 dicto
1759 3643 1994 3695 millima
2010 3659 2139 3696 voce
2166 3643 2221 3696 id
2245 3644 2361 3697 ﬁat.

111 3735 467 3791 Benedicamus
505 3739 758 3796 Domino.
785 3737 1102 3806 psallantur
1134 3753 1375 3805 vesperae
1429 3741 1675 3788 mortuo-
1828 3732 2073 3786 Cborum
2089 3749 2202 3785 non
2222 3739 2495 3802 cogantur
2516 3735 2730 3790 intrare.
2759 3753 2937 3807 usque
2956 3739 3014 3792 in
3044 3742 3352 3798 crastinum

111 3839 233 3889 rum,
259 3826 455 3880 dehinc
493 3824 920 3895 completorium
954 3833 1018 3878 ut
1047 3824 1326 3891 canonici;
1362 3829 1560 3894 postea
1599 3825 1676 3877 fa-
1757 3825 1884 3890 post
1921 3820 2230 3874 orationem
2248 3822 2463 3892 primae,
2485 3825 2568 3877 vel
2593 3825 2790 3890 tertiae,
2811 3843 2920 3895 quo
2948 3832 3201 3898 tempore
3221 3836 3353 3884 ante

111 3911 324 3968 miliares
348 3914 555 3986 psalmi
583 3914 866 3967 horarum.
1758 3909 2067 3979 capitulum
2124 3910 2292 3963 tertia
2346 3910 2578 3967 dicitur:
2617 3914 2664 3966 si
2695 3914 2820 3983 plus
2858 3915 3129 3984 indigent,
3177 3919 3354 3988 petita

166 4003 348 4059 Nullus
377 4005 434 4058 in
460 4004 684 4057 cuculla
711 4003 960 4063 radatur,
990 4003 1086 4056 sed
1124 4003 1280 4072 prius
1309 4003 1526 4056 cuculla
1551 4018 1678 4056 exu-
1758 3998 1982 4052 licentia
2003 3999 2214 4052 diutius
2247 4005 2403 4053 extra
2431 4001 2663 4055 chorum
2696 4009 3041 4059 remaneant.

109 4095 200 4155 tus,
234 4099 286 4146 et
325 4095 513 4148 frocco
564 4093 814 4157 indutus,
862 4092 1079 4145 cuculla
1111 4092 1314 4161 plicata
1343 4097 1398 4145 et
1422 4093 1581 4160 juxta
1618 4107 1676 4144 se
1829 4087 2088 4140 Crastina
2129 4087 2220 4140 die
2251 4090 2605 4143 nocturnales
2636 4107 2765 4144 suos
2812 4092 3081 4159 calceent,
3125 4094 3346 4151 duobus

110 4181 266 4248 posita
292 4182 544 4236 radatur.
575 4182 674 4234 Ille
704 4181 799 4251 qui
827 4181 973 4234 radit
1008 4181 1190 4233 frocco
1221 4187 1422 4234 exutus
1452 4180 1544 4233 sit.
1759 4175 1953 4229 diebus
1983 4176 2210 4230 mistum
2249 4177 2553 4246 accipiant;
2587 4195 2716 4232 cum
2759 4180 2831 4234 ad
2876 4181 3060 4251 ipsum
3118 4185 3353 4240 mistum

167 4269 388 4324 Juvenes
413 4270 513 4342 qui
543 4276 676 4323 sunt
702 4269 761 4322 in
808 4270 1062 4323 custodia
1110 4270 1368 4324 custodes
1412 4285 1544 4322 suos
1592 4284 1677 4322 ra-
1758 4271 1987 4317 ventum
2017 4265 2204 4327 fuerit,
2255 4265 2301 4318 si
2332 4272 2553 4336 tempus
2583 4267 2657 4320 sit
2688 4285 2796 4338 quo
2836 4268 3038 4324 fratres
3065 4275 3239 4328 semel
3267 4291 3353 4329 re-

112 4353 226 4410 dant
250 4378 260 4412 ε
287 4367 342 4414 et
363 4360 646 4418 custodes,
679 4359 829 4430 ipsos
853 4359 1273 4428 juvenes.Quod
1299 4359 1347 4412 si
1376 4363 1563 4411 custos
1586 4373 1677 4410 ne-
1760 4353 1976 4417 ficiunt,
2008 4353 2174 4406 simul
2196 4370 2390 4408 omnes
2412 4355 2601 4410 dicant
2620 4373 2862 4425 versum,
2881 4365 3078 4414 etante
3099 4362 3350 4432 mistum,

113 4446 323 4510 quiverit
351 4456 448 4503 aut
479 4448 741 4502 nescierit
765 4448 983 4513 radere,
1018 4454 1178 4517 roget
1224 4447 1468 4517 aliquem
1499 4450 1743 4547 matu-D
1762 4448 1818 4495 et
1841 4447 1964 4512 post
1995 4441 2246 4507 mistum,
2270 4459 2393 4496 cum
2421 4446 2634 4514 psalmo
2667 4448 2920 4501 Miserere
2951 4453 3078 4516 mei,
3105 4453 3263 4520 Deus,
3297 4459 3356 4508 et

113 4544 217 4586 rum
249 4535 496 4600 fratrem,
516 4543 580 4590 ut
607 4553 733 4590 eum
753 4536 916 4590 radat
947 4554 957 4588 :
992 4537 1111 4606 ipse
1140 4542 1331 4590 tamen
1360 4531 1741 4589 custodiens”
1762 4531 1990 4600 reliquis
2028 4547 2092 4584 eo
2124 4531 2288 4584 modo
2329 4550 2438 4602 quo
2484 4534 2689 4588 dicitur
2715 4553 2748 4590 a
2777 4544 3072 4602 conventu,
3105 4557 3232 4595 cum
3269 4541 3354 4596 bis

113 4618 270 4688 ipsum
303 4626 464 4695 juxta
484 4642 613 4679 eum
645 4625 854 4679 sedeat.
889 4627 1128 4680 Juvenes
1153 4642 1392 4696 quoque,
1435 4625 1550 4677 sive
1579 4640 1680 4677 nu-
1761 4620 2020 4673 reficiunt
2035 4636 2228 4674 omnes
2243 4621 2800 4679 fratres.Benedictio
2820 4643 2852 4680 a
2870 4629 3356 4697 prioresacerdote

114 4709 231 4772 triti,
263 4713 372 4768 sive
393 4715 464 4768 de
484 4715 684 4768 saeculo
716 4715 1018 4778 venientes,
1052 4716 1276 4786 utrique
1303 4721 1496 4768 tamen
1526 4719 1681 4767 extra
1762 4709 1947 4774 detur,
1999 4708 2160 4762 lectio
2207 4709 2276 4762 ab
2323 4727 2436 4763 uno
2466 4712 2655 4782 aliquo
2687 4715 3010 4770 memoriter
3049 4719 3350 4789 recitatur;

115 4794 408 4868 hujusmodi
430 4802 743 4856 custodiam
774 4803 1074 4857 existentes
1105 4820 1216 4857 non
1246 4808 1589 4874 praesumant
1619 4807 1684 4856 ut
1764 4798 1822 4852 in
1850 4798 2143 4852 refectorio
2172 4803 2350 4851 totum
2383 4800 2500 4852 ﬁat.

115 4885 238 4942 alter
262 4891 501 4946 alterum
543 4892 761 4956 radant,
798 4893 894 4946 sed
924 4893 1171 4946 seniores
1202 4893 1270 4946 ab
1310 4893 1418 4946 illlS
1453 4899 1508 4946 et
1537 4892 1616 4944 illi
1649 4907 1683 4944 a
1835 4889 1900 4940 1n
1936 4886 2539 4942 crastinominutionis
2564 4890 2838 4946 clamatus
2876 4893 3079 4964 aliquis
3112 4897 3357 4953 minuto-

115 4977 400 5034 senioribus
431 4981 723 5035 radantur.
757 4981 1010 5051 Magistri
1037 4999 1238 5052 pueros
1260 4982 1462 5035 radant
1491 4986 1546 5034 et
1575 4980 1680 5051 ipsi
1765 4995 1888 5032 rum
1921 4985 2133 5049 surgat,
2164 4985 2220 5032 et
2247 4980 2314 5033 ad
2347 4981 2645 5050 petendam
2671 4985 2891 5038 veniam
2912 5003 2970 5039 se
2996 4988 3228 5056 offerat;
3262 4989 3360 5043 ali-

117 5077 145 5114 a
170 5068 341 5133 pueris
383 5070 675 5137 radantur,
708 5070 757 5124 si
785 5076 976 5124 tamen
1025 5071 1344 5140 hujusmodi
1390 5070 1681 5124 scientiam
1765 5068 1888 5138 quis
1948 5085 2079 5122 vero
2135 5085 2326 5122 eorum
2368 5069 2570 5139 quibus
2601 5071 2838 5126 minutio
2876 5079 3011 5128 nota
3047 5082 3151 5140 est,
3185 5078 3360 5146 priori

116 5149 315 5210 habent,
1765 5157 1951 5210 dicere
1981 5157 2146 5211 debet
2176 5159 2320 5228 quod
2372 5159 2549 5214 frater
2575 5161 2668 5215 ille
2699 5163 2949 5218 minutus
2978 5165 3069 5228 sit,
3105 5172 3161 5220 et
3207 5167 3360 5237 prior

177 5242 402 5301 Hiemali
431 5253 704 5320 tempore,
730 5250 952 5320 quando
983 5249 1162 5320 pueri,
1195 5255 1250 5304 et
1281 5249 1552 5320 sanguine
1582 5249 1684 5302 mi-
1765 5247 1817 5300 ei
1846 5247 2148 5318 pracipere
2177 5253 2238 5301 ut
2270 5249 2468 5302 stando
2500 5250 2780 5320 loquatur,
2833 5257 2890 5306 et
2941 5254 3181 5308 maxime
3207 5256 3252 5309 si
3291 5256 3362 5310 de

117 5332 414 5404 nuti,atque
429 5335 635 5390 inﬁrmi
652 5339 1097 5409 posteapitulum
1128 5338 1408 5409 accipiunt
1431 5338 1678 5402 mistum,
1764 5353 1907 5389 vena
1949 5336 2162 5390 brachii
2214 5338 2460 5391 minutus
2493 5339 2586 5402 sit,
2615 5341 2660 5393 si
2691 5341 2854 5411 culpa
2891 5343 3024 5396 levis
3075 5343 3363 5415 indulgea-

119 5419 437 5478 refectorarii
470 5427 635 5496 primi
667 5444 725 5480 se
754 5428 973 5493 radant,
1024 5435 1080 5480 et
1118 5433 1244 5498 post
1272 5427 1534 5497 psalmos,
1569 5431 1684 5480 tam
1767 5431 1861 5479 tur
1889 5425 1939 5479 ei
1968 5445 1979 5491 ;
2014 5428 2060 5478 si
2101 5431 2289 5479 autem
2320 5427 2448 5480 talis
2470 5427 2640 5480 fuerit
2667 5445 2788 5498 quae
2828 5430 2948 5484 sine
2978 5434 3252 5503 corporali
3283 5434 3364 5488 di-

120 5508 213 5562 cito
238 5523 566 5583 apparatum
602 5516 881 5570 refectorii
921 5516 1146 5578 faciant,
1198 5521 1263 5569 ut
1306 5517 1507 5569 fratres
1537 5532 1688 5570 acce-
1770 5515 2006 5584 sciplina
2039 5515 2246 5568 dimitti
2272 5532 2384 5569 non
2413 5516 2629 5582 debeat,
2671 5517 2728 5570 in
2759 5519 2912 5572 aliud
2943 5525 3165 5592 tempus
3197 5523 3352 5578 diffe-

122 5599 252 5664 pturi
279 5603 508 5657 mistum
536 5605 726 5660 omnia
750 5611 948 5677 parata
974 5605 1284 5660 inveniant.
1769 5611 1945 5658 ratur.

180 5687 433 5753 Quandiu
455 5694 657 5765 psalmi
683 5695 944 5753 dicuntur
970 5711 1136 5751 nemo
1155 5693 1475 5763 tondeatur,
1499 5699 1688 5763 284
1840 5693 1970 5748 Haec
2001 5697 2133 5748 sunt
2148 5696 2408 5765 tempora
2435 5694 2638 5767 quibus
2665 5695 2868 5754 fratres
2907 5699 3086 5756 minui
3125 5717 3238 5758 non
3263 5703 3363 5762 de-
