3892 6384
575 397 683 454 495

1558 396 1621 450 Β.
1665 396 2076 453 LANFRANC-l
2121 399 2477 452 CANTUAR.
2521 399 2853 452 ARCHIEP.

3727 405 3816 459 496

572 521 726 587 bent,
760 520 871 575 nisi
896 519 1200 576 necessitas
1230 523 1392 588 cogat
1419 537 1430 571 :
1463 519 1510 573 si
1534 519 1590 574 in
1621 523 1863 574 crastino
1899 522 2166 576 festivitas
2185 526 2231 582 A
2259 538 2366 591 que
2385 520 2849 577 benedictionem.
2868 522 3123 576 veniendi
3153 523 3365 578 scilicet
3391 530 3561 595 atque
3579 528 3814 580 exeundi»

573 609 868 666 duodecim
889 608 1190 664 lectionum
1221 607 1315 671 sit,
1350 609 1591 679 exceptis
1634 609 1891 664 Sabbatis
1921 611 2166 673 Quadra-

570 699 799 770 gesimae
827 714 1005 769 usque
1042 697 1114 750 ad
1158 697 1483 750 Passionem
1535 697 1777 760 Domini,
1830 699 1877 752 si
1926 699 2166 752 crastina

569 788 662 842 die
684 787 955 843 festivitas
982 785 1159 840 trium
1191 784 1493 839 lectionum
1519 787 1611 851 sit,
1663 787 1721 840 in
1753 803 1867 858 qua
1910 788 2080 842 missa
2109 789 2167 842 in

566 877 759 948 cappis
787 876 1123 944 celebretur,
1159 874 1310 928 sicut
1328 880 1463 928 sunt
1489 882 1604 929 tres
1633 876 1751 930 dies
1776 883 1902 946 post
1930 878 2162 942 Pascha,

566 971 625 1021 et
649 972 765 1020 tres
801 969 932 1036 post
969 965 1358 1032 Pentecosten,
1415 965 1839 1034 quatuordecim
1869 965 1988 1019 dies
2032 973 2163 1020 ante

565 1054 800 1119 Pascha,
826 1053 874 1108 si
904 1053 1030 1124 ipsa
1055 1053 1144 1106 die
1172 1053 1259 1106 vel
1285 1051 1344 1106 in
1374 1053 1618 1107 crastino
1650 1055 1918 1109 canonica
1939 1056 2160 1126 jejunia

562 1144 695 1204 sint.
741 1159 865 1214 quae
911 1142 1108 1198 violari
1137 1159 1250 1196 non
1279 1142 1528 1212 possint;
1563 1143 1838 1198 festivitas
1889 1145 2157 1199 Omnium

562 1233 912 1298 Sanctorum,
945 1231 1079 1303 quia
1108 1231 1167 1285 in
1192 1231 1438 1285 crastino
1483 1247 1677 1286 omnes
1706 1233 2027 1288 sacerdotes
2056 1251 2157 1305 pro

558 1319 845 1375 Defunctis
874 1321 1076 1374 missas
1107 1318 1410 1385 celebrare,
1442 1325 1499 1374 et
1528 1320 1730 1392 reliqui
1769 1322 2018 1392 psalmos
2056 1339 2156 1394 pro

557 1409 742 1465 missis
761 1409 1050 1465 ordinatos
1078 1409 1264 1463 dicere
1292 1407 1518 1462 debent.

1147 1497 1381 1552 CAPUT
1411 1497 1564 1551 XIII.

843 1590 918 1642 De
945 1588 1371 1641 hebdomadario
1402 1587 1580 1640 missae
1603 1589 1864 1655 majoris.

628 1677 771 1732 Cum
796 1675 1074 1730 sacerdoti
1103 1674 1337 1745 majoris
1367 1675 1553 1729 missae
1582 1674 2021 1730 hebdomadario
2049 1676 2154 1730 ali-

2249 627 2352 664 nec
2381 610 2454 663 sit
2479 610 2529 662 ei
2560 617 2935 679 opportunum
2965 611 3176 676 statim,
3217 613 3301 666 vel
3331 614 3498 667 etiam
3534 632 3630 684 per
3657 622 3814 670 totam

2249 699 2427 770 ipsam
2474 699 2622 752 diem
2665 699 2833 764 exire,
2868 700 2936 752 ad
2969 707 3326 771 quotcunque
3357 703 3522 757 horas
3551 704 3609 758 in
3639 722 3817 759 mona-

2249 788 2420 843 sterio
2438 787 2612 841 fuerit
2626 787 2864 857 accipiat
2877 788 3152 842 benedicti
3160 807 3294 844 ones
3308 791 3582 857 veniendi,
3598 795 3817 848 exeundi

2247 893 2377 930 vero
2409 876 2666 942 minime;
2701 876 2804 929 nisi
2839 877 2981 930 forte
3031 879 3332 947 contigerit
3359 882 3632 952 eumipsa
3673 889 3819 938 nocte

2246 965 2304 1018 in
2334 964 2672 1019 monasterio
2703 981 3014 1030 remanere,
3056 973 3191 1022 tunc
3219 970 3368 1023 enim
3393 968 3452 1023 in
3472 971 3732 1039 crastino,
3776 973 3816 1026 si

2245 1055 2395 1109 exire
2424 1055 2681 1118 voluerit,
2710 1055 2978 1125 suscipiat
3007 1072 3150 1109 eam.

2309 1145 2394 1198 Ad
2421 1161 2697 1215 vesperas,
2718 1145 2801 1198 vel
2823 1145 2893 1198 ad
2914 1146 3340 1216 completorium
3363 1165 3654 1220 nunquam
3670 1149 3818 1204 debet

2241 1233 2362 1286 dari
2374 1233 2687 1287 benedictio
2707 1233 2964 1300 exeundi;
2985 1234 3412 1307 frater,accepta
3425 1238 3816 1307 benedictione,

2239 1323 2287 1375 si
2342 1323 2668 1392 priusquam
2714 1321 2783 1375 de
2826 1323 3070 1376 claustro
3114 1332 3275 1377 exeat
3304 1325 3526 1394 signum
3559 1328 3818 1398 regularis

2238 1411 2388 1465 horse
2436 1411 2707 1472 sonuerit,
2757 1427 2882 1465 cum
2916 1412 3131 1466 caeteris
3161 1414 3219 1467 in
3267 1415 3499 1468 chorum
3528 1422 3741 1487 pergat,
3771 1423 3819 1471 et

2239 1498 2387 1552 dicta
2433 1499 2589 1561 hora.
2623 1499 2680 1552 in
2705 1499 2854 1553 viam
2891 1516 3052 1553 suam
3097 1501 3291 1570 vadat;
3341 1503 3389 1555 si
3431 1510 3622 1558 autem
3672 1511 3814 1558 extra

2238 1588 2542 1641 claustrum
2573 1587 2762 1653 fuerit,
2783 1593 2838 1642 et
2859 1589 3186 1659 priusquam
3208 1596 3427 1660 portam
3457 1593 3627 1648 curiae
3648 1611 3816 1664 egres-

2238 1692 2334 1730 sus
2362 1677 2453 1740 sit,
2484 1677 2554 1729 ad
2577 1677 2890 1747 regularem
2924 1677 3118 1731 horam
3148 1679 3370 1748 signum
3403 1682 3688 1751 pulsatum
3711 1684 3815 1737 fue-

555 1765 1002 1836 quiddormienti
1026 1763 1292 1828 evenerit,
1321 1770 1553 1834 prOpter
1578 1757 1728 1834 quod
1758 1764 1882 1834 ipsa
1909 1764 1999 1818 die
2024 1765 2201 1838 mis:
2234 1765 2326 1830 rit,
2359 1766 2430 1819 ad
2463 1766 2754 1820 ecclesiam
2793 1766 2989 1819 redeat
3017 1775 3070 1820 et
3098 1769 3414 1838 regularem
3442 1772 3644 1825 horam
3674 1779 3819 1826 extra

552 1835 672 1909 eam
721 1853 1004 1908 celebrare
1032 1867 1144 1907 non
1193 1851 1412 1917 debeat,
1461 1853 1509 1906 si
1555 1853 1725 1906 fuerit
1763 1855 1981 1924 privata
2007 1854 2146 1920 dies,
2165 1835 2211 1894 Β
2233 1854 2465 1908 chorum
2485 1855 2654 1915 dicat,
2678 1860 2734 1909 et
2752 1862 2948 1925 postea
2977 1855 3121 1910 viam
3151 1835 3311 1911 suam
3343 1865 3553 1914 teneat.

549 1959 664 1998 non
712 1943 961 1997 dimittat
1008 1942 1314 2012 quidquam
1343 1941 1526 1995 facere
1556 1942 1626 1995 de
1651 1959 1752 1996 suo
1794 1943 1995 2008 officio,
2039 1944 2150 1998 nisi

547 2033 800 2098 missam,
829 2037 888 2086 et
909 2030 1354 2085 benedictionem
1378 2029 1437 2083 in
1467 2030 1778 2096 refectorio,
1821 2038 1879 2086 et
1905 2034 2150 2102 comple-

547 2123 920 2195 torium,quia
943 2137 1091 2194 aqua
1115 2121 1411 2176 benedicta
1434 2127 1562 2192 post
1584 2123 2008 2193 completorium
2030 2124 2144 2177 fra-

543 2217 661 2268 tres
699 2229 998 2284 aspergere
1018 2212 1088 2266 ad
1117 2212 1300 2283 ipsum
1329 2211 1573 2282 pertinet
1591 2212 1689 2283 qui
1708 2213 2141 2283 completorium

455 2366 459 2372 η
544 2301 685 2356 dixit
713 2308 771 2356 et
796 2302 1026 2356 missam
1056 2300 1374 2355 celebravit.

615 2391 776 2455 ραοᾶ
831 2391 878 2444 si
925 2390 1218 2444 duodecim
1277 2389 1544 2443 lectiones
1609 2388 1837 2455 fuerint,
1895 2391 2144 2444 dimittat

543 2479 716 2534 etiam
752 2494 1032 2550 vesperas,
1083 2478 1395 2532 matutinas
1449 2495 1672 2549 quoque
1727 2480 1939 2545 laudes,
1976 2481 2023 2534 si
2071 2481 2140 2534 ad

540 2569 698 2640 ipsas
722 2567 977 2622 revestiri
1005 2566 1206 2621 debeat
1241 2567 1522 2621 sacerdos.
1561 2567 1749 2622 Finita
1780 2573 1968 2622 autem
1989 2570 2140 2639 prin-

543 2658 712 2730 cipali
736 2659 1010 2724 oratione,
1034 2671 1160 2711 cum
1189 2657 1451 2711 sacerdos
1479 2657 1794 2722 revestitus,
1831 2659 1927 2728 qui
1952 2675 2052 2729 pro
2073 2676 2137 2714 eo

535 2747 672 2802 facit
699 2748 962 2814 officium,
990 2746 1188 2800 exierit
1215 2747 1285 2800 de
1322 2746 1512 2812 choro,
1536 2748 1798 2800 sacerdos
1829 2747 2134 2802 hebdoma-

535 2837 729 2891 darius
749 2838 807 2890 in
828 2851 1160 2908 quacunque
1181 2840 1342 2906 parte
1368 2835 1524 2889 chori
1545 2836 1798 2900 sit,nullo
1819 2843 2132 2907 exspectato

534 2927 695 2998 signo
725 2926 1004 2996 compleat
1030 2924 1248 2996 reliqua
1273 2924 1460 2980 omnia
1487 2939 1609 2995 quae
1641 2933 1979 2996 sequuntur.

606 3017 747 3070 Cum
773 3020 964 3069 autem
987 3014 1110 3085 ipse
1125 3013 1598 3068 hebdomadarius
1624 3015 1922 3068 revestitus
1943 3019 2133 3069 cantat

2303 1943 2663 2006 Fasciolatus,
2717 1950 2813 1997 aut
2845 1944 3076 2009 cinctus,
3127 1945 3240 1998 sive
3278 1963 3404 2001 cum
3449 1965 3648 2020 cappa,
3682 1966 3818 2005 nun-

2234 2047 2400 2100 quam
2419 2031 2476 2084 in
2499 2032 2804 2086 claustrum
2837 2032 3102 2086 introeat.
3133 2033 3358 2088 Fratres
3376 2035 3589 2091 inviam
3609 2038 3814 2105 directi,

2227 2136 2354 2174 cum
2376 2121 2571 2175 horam
2593 2122 2907 2191 regularem
2927 2122 3123 2176 dicunt
3140 2129 3242 2177 aut
3264 2125 3575 2180 orationem
3589 2127 3810 2194 faciunt,

2225 2215 2326 2262 aut
2357 2211 2493 2263 Deus
2537 2213 2602 2263 in
2641 2212 2993 2278 adjutorium
3038 2228 3241 2278 meum,
3285 2229 3411 2267 cum
3443 2215 3639 2270 Gloria
3666 2219 3814 2271 Patri

2226 2298 2436 2364 dicunt,
2468 2299 2513 2351 si
2543 2299 2663 2352 dies
2686 2299 2817 2352 talis
2845 2305 2950 2358 est.
2980 2299 3126 2354 sicut
3156 2301 3216 2354 in
3249 2304 3612 2366 monasterio,
3643 2321 3815 2376 genua

2224 2387 2470 2451 ﬂectant,
2492 2388 2588 2441 sed
2620 2395 2751 2442 ante
2774 2395 2831 2441 et
2855 2393 3004 2442 retro
3025 2405 3304 2460 nusquam
3337 2391 3680 2458 faciant,nec
3698 2399 3812 2448 cum

2225 2476 2516 2540 falluntur,
2531 2478 2750 2531 veniam
2776 2483 2987 2547 petant,
3007 2478 3113 2531 nisi
3136 2479 3251 2532 sint
3278 2479 3335 2532 in
3357 2481 3611 2547 ecclesia,
3628 2483 3812 2537 diebus

2223 2565 2424 2635 quibus
2454 2581 2625 2635 super
2652 2566 2859 2619 formas
2887 2573 3052 2619 orant
3079 2566 3284 2621 dicturi
3319 2569 3566 2639 aliquam
3601 2573 3807 2638 horam,

2221 2655 2266 2707 si
2297 2655 2552 2725 equitant
2592 2654 2662 2709 de
2699 2655 2857 2726 equis
2886 2655 3246 2721 descendant,
3278 2663 3335 2710 et
3361 2658 3630 2715 inchoata
3659 2662 3808 2724 hora,

2219 2760 2284 2797 ac
2329 2745 2489 2797 venia
2518 2744 2712 2814 petita,
2745 2761 2778 2797 a
2808 2744 3067 2797 manibus
3095 2745 3462 2808 chirothecas,
3495 2757 3553 2802 et
3589 2766 3628 2802 a
3667 2751 3804 2821 capi-

2216 2832 2364 2888 tibus
2411 2834 2618 2904 capitia
2643 2833 2919 2899 auferant,
2951 2840 3009 2887 et
3047 2833 3128 2887 sic
3152 2835 3396 2889 ascensis
3433 2838 3592 2907 equis
3617 2840 3808 2893 horam

2213 2922 2432 2976 ﬁniant.

2287 3011 2446 3074 Quod
2498 3011 2545 3064 si
2592 3010 2741 3064 inter
2787 3011 3139 3081 psallendum
3188 3013 3493 3068 necessitas
3541 3015 3804 3085 loquendi

530 3108 929 3176 Vesperas,aut
953 3103 1262 3158 matutinas
1291 3103 1506 3168 laudes,
1527 3108 1583 3157 et
1613 3105 1893 3174 completa
1922 3105 2131 3174 princi-
2214 3099 2451 3164 eveniat,
2503 3098 2664 3152 ﬁnita
2709 3099 3010 3161 locutione,
3045 3100 3249 3154 iterum
3301 3119 3335 3155 a
3384 3103 3567 3174 capite
3620 3106 3811 3160 horam

530 3195 646 3266 pali
675 3193 927 3247 oratione
957 3192 1245 3262 egreditur
1271 3193 1504 3246 chorum
1521 3198 1586 3246 ut
1609 3199 1865 3259 exuatur,
1884 3199 2019 3247 tunc
2037 3195 2132 3248 uni
2154 3196 2196 3255 ί]
2219 3187 2489 3258 incipiant
2515 3206 2526 3254 ;
2578 3188 2711 3240 dum
2741 3187 2878 3241 hora
2909 3187 2969 3240 in
3015 3189 3256 3259 hospitio
3288 3191 3526 3254 canitur,
3559 3201 3668 3248 aut
3693 3210 3811 3248 eum

531 3284 602 3338 de
629 3298 731 3337 suo
767 3282 936 3336 choro
966 3281 1056 3335 cui
1082 3281 1324 3335 voluerit
1349 3282 1572 3350 signum
1593 3281 1762 3335 faciat
1792 3291 1853 3335 ut
1878 3289 2010 3352 agat
2032 3301 2133 3354 pro
2217 3277 2577 3342 manducent,
2629 3276 2829 3330 froecis
2876 3277 3060 3331 induti
3114 3277 3248 3345 sint,
3295 3285 3394 3333 aut
3421 3281 3555 3334 solis
3583 3283 3811 3338 cucullis

530 3386 597 3425 eo
620 3367 1209 3424 commemorationem
1241 3369 1594 3422 Sanctorum.
1626 3375 1815 3435 285
1843 3370 1968 3434 Qua
1986 3387 2134 3425 com-
2215 3372 2471 3419 cunctam
2523 3365 2914 3436 psalmodiam,
2967 3383 3136 3436 quam
3185 3367 3246 3421 in
3302 3375 3463 3423 nocte
3509 3371 3594 3424 eis
3625 3372 3807 3426 dicere

528 3459 700 3531 pleta,
730 3457 1202 3512 hebdomadarius
1231 3473 1488 3512 reversus
1512 3457 1571 3511 in
1591 3456 1829 3514 chorum
1851 3461 2132 3532 compleat
2213 3453 2566 3508 commodum
2612 3470 2725 3507 non
2768 3459 2870 3519 est,
2919 3455 3237 3524 equitantes
3267 3473 3366 3526 per
3405 3457 3551 3512 viam
3598 3460 3801 3527 dicant,

531 3563 656 3620 quas
674 3551 1007 3620 sequuntur.
2209 3549 2413 3614 praeter
2441 3559 2566 3596 eam
2596 3559 2766 3613 quam
2795 3543 2853 3596 in
2884 3543 2975 3596 die
3005 3544 3187 3598 dicere
3215 3545 3396 3600 solent
3422 3548 3491 3601 ad
3521 3550 3805 3620 complen-

1126 3635 1360 3690 CAPUT
1388 3635 1535 3690 XlV.
2211 3632 2345 3686 dum
2376 3632 2650 3694 ordinem,
2696 3633 2767 3686 ad
2811 3632 3096 3686 vitandam
3122 3633 3524 3702 curiositatem,
3555 3639 3804 3693 scurrili-

917 3726 992 3779 De
1018 3725 1420 3778 itinerantibus
1447 3726 1745 3792 fratribus.

603 3815 819 3882 Frater,
850 3813 911 3869 in
933 3813 1162 3886 aliquod
1190 3812 1299 3867 iter
1330 3813 1682 3884 profecturus
1709 3818 1763 3868 et
1791 3813 1850 3868 in
1881 3815 2126 3870 crastino

437 3947 442 3952 .
527 3919 642 3960 non
670 3919 1016 3971 reversurus,
1052 3901 1291 3972 accipiat
1311 3900 1758 3956 benedictionem
1787 3904 2053 3971 exeundi;
2077 3905 2125 3958 si

525 4011 660 4050 vero
681 3993 980 4064 contigerit
1007 3997 1071 4046 ut
1097 3992 1275 4045 altera
1290 3991 1380 4044 die
1400 3997 1734 4056 revertatur,
1749 4007 1862 4045 non
1891 3993 2127 4063 accipiat

524 4081 973 4136 benedictionem
1021 4079 1378 4146 revertendi;
1431 4079 1479 4133 si
1528 4085 1718 4133 autem
1771 4079 2124 4149 profecturus

526 4175 718 4242 sperat
753 4186 813 4224 se
834 4170 893 4223 in
918 4168 1162 4222 crastino
1192 4167 1524 4233 rediturum,
1553 4184 1666 4221 non
1695 4168 1933 4238 accipiat
1966 4170 2126 4223 bene-

527 4259 831 4314 dictionem
859 4258 1049 4312 eundi.
1079 4257 1240 4320 Quod
1267 4257 1314 4310 si
1337 4256 1586 4328 evenerit
1615 4265 1678 4310 ut
1707 4258 1857 4310 ultra
1884 4257 2114 4313 biduum

524 4354 796 4416 moretur,
828 4363 1084 4401 reversus
1134 4346 1452 4400 revertendi
1482 4346 1924 4400 benedictionem
1971 4347 2117 4401 acci-

2211 3726 2406 3784 tatem,
2463 3720 2822 3784 otiositatem,
2887 3725 3188 3791 antequam
3241 3723 3547 3778 dormitum
3577 3728 3802 3794 vadant,

2211 3809 2636 3880 completorium
2693 3810 2899 3863 dicant.
2953 3811 3074 3873 Quo
3121 3811 3268 3865 dicto
3307 3813 3354 3866 si
3393 3814 3650 3883 grandis,
3685 3831 3803 3887 quae

2208 3899 2371 3952 vitari
2401 3915 2514 3952 non
2543 3898 2762 3964 debeat,
2793 3899 3097 3953 necessitas
3122 3901 3383 3970 loquendi
3411 3903 3801 3970 eveniat,dicto

2207 4003 2564 4058 versu,quam
2578 3986 2798 4040 brevius
2824 3987 2945 4041 ﬁeri
2969 3989 3144 4058 possit
3163 3990 3484 4060 loquantur.
3515 3993 3582 4046 Et
3601 3994 3652 4046 si
3673 3998 3799 4048 ante

2205 4077 2514 4131 matutinas
2531 4077 2632 4130 hoc
2657 4076 2892 4141 accidat,
2915 4079 3339 4148 completorium
3358 4080 3564 4138 iterum
3585 4082 3793 4149 dicant,

2205 4172 2262 4220 et
2291 4171 2486 4238 postea
2515 4165 2800 4219 silentium
2829 4172 3079 4220 teneant.
3130 4167 3457 4240 Ubicunque
3487 4171 3799 4226 monachus

2205 4256 2295 4322 sit,
2329 4261 2450 4309 tota
2479 4260 2640 4309 nocte
2670 4261 2801 4308 ante
2826 4271 2954 4308 eum
2987 4257 3178 4310 lumen
3208 4259 3425 4313 ardeat.

2269 4346 2350 4398 De
2383 4344 2667 4398 monachis
2695 4344 2753 4398 in
2773 4344 2916 4397 viam
2952 4345 3178 4400 directis
3197 4346 3345 4401 hunc
3374 4363 3590 4403 morem
3621 4366 3802 4405 caeno-

525 4439 665 4511 piat.
705 4439 805 4493 Ille
847 4453 977 4492 vero
1031 4437 1204 4490 frater
1251 4437 1367 4507 qui,
1401 4443 1626 4508 accepta
1653 4438 1925 4508 pergendi
1955 4432 2293 4535 bene-Dbia
2320 4433 2417 4487 illa
2460 4440 2652 4488 tenent
2702 4449 2824 4504 quae
2869 4445 3060 4488 nostro
3089 4440 3341 4507 tempore
3378 4439 3558 4492 nostri
3588 4439 3800 4495 ordinis

524 4528 787 4593 dictione,
820 4527 971 4581 ultra
1003 4526 1238 4580 biduum
1267 4533 1520 4580 moratus
1563 4525 1751 4591 fuerit,
1802 4526 1850 4579 si
1875 4526 1998 4597 ipso
2027 4527 2118 4580 die
2139 4524 2181 4535 “’
2204 4524 2476 4593 majorem
2500 4524 2890 4578 auctoritatem
2919 4524 3145 4578 habent.
3179 4526 3384 4580 Beatus
3406 4534 3596 4582 tamen
3621 4529 3798 4583 Bene-

523 4633 636 4690 quo
665 4617 897 4672 redierit
919 4617 978 4670 in
1009 4616 1256 4687 aliquem
1310 4616 1496 4670 locum
1527 4621 1684 4669 extra
1713 4615 2119 4670 monasterium
2204 4613 2384 4666 dictus
2412 4629 2628 4667 moram
2654 4613 2871 4667 dierum
2901 4630 3014 4668 non
3043 4615 3402 4680 determinat,
3418 4617 3515 4671 sed
3545 4616 3798 4672 absolute

522 4709 851 4778 perrexerit,
889 4710 946 4760 et
983 4705 1151 4760 unius
1179 4704 1357 4759 noctis
1399 4720 1613 4757 moram
1645 4704 1856 4770 fecerit,
1902 4705 1958 4758 in
2004 4720 2120 4759 cra-

522 4797 671 4852 stino
703 4811 959 4850 reversus
990 4811 1183 4848 omnes
1224 4794 1540 4848 revertendi
1579 4794 1991 4848 benedictiones
2033 4811 2119 4848 ac-

520 4886 709 4958 cipiat,
745 4885 877 4956 quia
905 4901 971 4939 ex
997 4900 1106 4956 quo
1133 4883 1382 4954 primum
1413 4882 1552 4936 abiit
1580 4899 1692 4936 non
1715 4883 1902 4953 jacuit
1925 4884 1980 4937 in
2004 4900 2118 4939 mo-

519 4976 787 5030 nasterio.
822 4975 880 5029 Si
911 4987 1045 5029 vero
1094 4973 1217 5026 sine
1248 4971 1636 5026 benedictione
1657 4979 1853 5050 _exeat,
1885 4990 2117 5044 sperans

517 5079 578 5120 se
607 5064 667 5118 in
695 5062 940 5118 crastino
977 5061 1314 5124 rediturum,
1346 5067 1401 5113 et
1422 5060 1502 5114 ita
1531 5060 1767 5126 eveniat,
1796 5069 1964 5132 atque
1998 5062 2118 5133 ipsa

2201 4703 2442 4774 imperat
2469 4709 2534 4756 ut
2557 4703 2626 4756 de
2655 4702 2857 4756 itinere
2875 4719 3130 4758 reversus
3145 4707 3450 4761 monachus
3476 4723 3576 4777 per
3595 4723 3796 4761 omnes

2201 4793 2496 4846 canonicas
2525 4792 2693 4846 horas
2713 4791 3158 4847 benedictionem
3182 4794 3436 4866 accipiat.

2797 4881 3030 4936 CAPUT
3069 4883 3186 4936 XV.

2693 4971 2767 5023 De
2794 4971 3014 5023 silentio
3043 4974 3316 5038 regulari.

2270 5059 2410 5112 Cum
2466 5057 2742 5127 regularis
2797 5058 2956 5120 hora,
3003 5066 3208 5128 praeter
3258 5059 3706 5131 completorium,
3740 5060 3797 5113 in

517 5151 610 5206 die
638 5168 750 5222 qua
794 5149 962 5206 rediit
1007 5155 1164 5203 extra
1193 5149 1618 5216 monasterium,
1665 5149 1762 5203 ubi
1811 5165 1923 5203 una
1953 5158 2115 5203 nocte
2198 5147 2538 5200 monasterio
2567 5148 2807 5213 canitur,
2844 5149 3031 5201 nullus
3076 5148 3316 5203 fratrum
3345 5149 3610 5220 loquatur
3643 5150 3798 5203 intra

517 5249 788 5308 moretur,
821 5241 879 5294 in
911 5238 1157 5309 aliquem
1208 5239 1392 5292 locum
1433 5244 1648 5310 pergat,
1697 5254 1954 5292 reversus
1993 5239 2114 5308 ipsa
2196 5237 2446 5290 ofﬁcinas
2469 5237 2642 5290 totius
2671 5237 3021 5304 monasterii,
3051 5253 3152 5292 nec
3175 5238 3320 5292 infra
3348 5243 3526 5292 totam
3553 5239 3797 5308 curiam,

517 5331 607 5384 die
638 5347 833 5386 omnes
880 5327 1198 5384 revertendi
1250 5327 1665 5381 benedictiones
1697 5327 1952 5396 accipiat.
1993 5328 2110 5381 Hoc
2193 5343 2295 5379 nec
2346 5327 2516 5380 etiam
2548 5327 2606 5380 in
2635 5328 2801 5380 domo
2835 5328 3211 5395 inﬁrmorum,
3264 5334 3468 5398 praeter
3492 5329 3619 5381 illos
3653 5343 3793 5398 quos

512 5428 812 5492 propterea
839 5420 922 5486 ﬁt,
949 5418 1081 5490 quia
1117 5417 1334 5471 duabus
1355 5419 1636 5471 continuis
1665 5416 1920 5469 noctibus
1949 5423 2108 5470 extra
2190 5421 2350 5469 tanta
2375 5415 2676 5470 inlirmitas
2708 5417 2998 5486 angustiat
3023 5422 3086 5470 ut
3115 5433 3210 5470 eos
3240 5417 3469 5470 interim
3504 5417 3795 5471 silentium

513 5509 916 5563 monasterium
934 5508 1129 5562 fuit.In
1157 5509 1410 5561 exeundo
1425 5507 1638 5560 nullam
1662 5505 2105 5559 benedictionem
2188 5511 2382 5559 tenere
2409 5523 2521 5559 non
2547 5507 2712 5560 sinat.
2749 5507 3190 5577 Completorium
3221 5523 3350 5560 vero
3379 5507 3510 5560 dum
3545 5509 3790 5572 canitur,

512 5597 770 5670 accipiat,
788 5597 898 5654 nisi
918 5599 1070 5653 ultra
1085 5596 1320 5653 biduum
1345 5613 1406 5652 se
1425 5600 1782 5651 moraturum
1804 5595 2100 5651 existimet.
2185 5594 2317 5649 licet
2340 5595 2513 5667 priori
2542 5601 2600 5650 et
2627 5597 2707 5650 eis
2731 5597 2828 5667 qui
2866 5613 2967 5668 per
2995 5596 3279 5651 licentiam
3324 5596 3395 5650 de
3423 5594 3792 5666 completorio

582 5687 643 5743 Si
668 5687 843 5742 frater
871 5686 1107 5759 quilibet
1133 5686 1203 5740 de
1229 5685 1365 5742 foris
1387 5685 1616 5742 veniens
1637 5683 1871 5756 accipiat
1891 5690 2103 5741 utram-
2185 5691 2499 5753 remanent,
2532 5687 2601 5742 de
2631 5686 2862 5743 utilibus
2891 5692 2948 5742 et
2975 5685 3309 5743 necessari-is
3335 5684 3507 5741 rebus
3535 5684 3713 5755 loqui.
