3892 6354
509 276 617 336 499

1499 282 1564 338 Β.
1604 283 2020 340 LANFRANCI
2058 279 2416 339 CANTUAR.
2457 276 2791 333 ARCHIEP.

3675 271 3780 327 500

511 407 779 478 gnentur.
806 405 1009 462 Postea
1035 405 1292 477 designet
1315 405 1488 462 abbas
1516 409 1568 463 ei
1594 410 1778 464 locum
1808 409 1904 465 ubi
1942 410 2170 469 debetA
2188 407 2309 478 ipsa
2338 403 2717 460 satisfactione
2744 401 2952 455 habeat
2986 416 3064 465 se,
3115 400 3259 454 sicut
3285 396 3545 470 superius
3572 395 3783 451 dictum

513 509 655 561 esse,
680 499 739 548 et
766 511 831 548 eo
855 495 1212 567 praecipiente
1230 512 1446 551 sessum
1471 497 1653 552 vadat.

588 584 719 638 Haec
747 584 974 655 quidem
1020 585 1185 654 culpa
1214 584 1285 637 ad
1313 584 1569 640 abbatem
1596 587 1821 658 praprie
1864 588 2110 659 pertinet

514 672 875 742 corrigenda;
909 673 1004 744 qui
1027 678 1220 727 tamen
1248 672 1294 727 si
1314 674 1461 727 desit
1485 691 1521 727 a
1539 675 1742 746 patria,
1770 693 1874 730 nec
1892 677 1960 730 ad
1976 693 2112 747 prae-

517 778 666 826 sens,
691 767 756 816 ut
770 763 959 817 veniat
975 767 1345 833 exspectatur,
1377 779 1410 815 a
1446 763 1632 833 priore
1676 765 1879 834 corrigi
1926 770 2111 835 potest

513 850 691 905 totius
719 850 1165 921 congregationis
1183 866 1433 905 assensu.

591 938 650 992 Si
676 939 853 993 frater
887 955 1121 1009 peccans
1150 943 1439 1009 peccatum
1467 955 1631 994 suum
1675 940 1973 996 defendere
2007 958 2108 1013 po-

515 1026 631 1081 tius
658 1042 826 1097 quam
854 1043 1187 1097 cognoscere
1207 1028 1265 1081 et
1293 1029 1594 1083 emendare
1619 1029 1871 1094 voluerit,
1894 1031 2111 1100 procla-

517 1120 706 1169 matus
743 1115 913 1169 etiam
958 1115 1146 1169 abbati
1171 1116 1257 1169 vel
1276 1116 1450 1187 priori
1471 1119 2115 1190 contumaciterrespon-

514 1202 650 1258 dere
669 1204 1105 1274 praesumpserit,
1133 1204 1454 1260 admonitus
1484 1222 1706 1277 quoque
1734 1214 1799 1262 ut
1824 1209 2114 1278 resipiscat

514 1291 576 1346 in
606 1308 709 1347 sua
732 1293 1039 1363 pertinacia
1066 1309 1397 1364 permanere
1421 1295 1746 1356 decreverit.
1778 1296 1927 1351 hunc
1940 1298 2112 1350 talem

516 1382 814 1451 Surgentes
840 1381 1046 1436 fratres
1068 1387 1206 1452 quot
1225 1388 1281 1435 et
1313 1382 1514 1453 quibus
1546 1383 1766 1454 jussum
1796 1385 1967 1439 fuerit
1993 1385 2111 1439 vio-

514 1471 700 1525 lenter
725 1469 1019 1540 arripiant,
1053 1475 1111 1523 et
1136 1470 1196 1524 in
1215 1486 1492 1525 carcerem
1512 1472 1834 1541 hujusmodi
1850 1489 2113 1543 arrogan-

2193 503 2296 562 est,
2324 511 2451 549 cum
2480 494 2549 547 de
2577 491 2732 562 gravi
2759 491 2924 562 culpa
2950 488 3232 559 ageretur.

2267 585 2326 640 Si
2345 582 2577 653 abjectis
2602 581 2859 635 monachi
2888 577 3237 633 vestimentis
3262 577 3322 630 in
3347 575 3603 630 saeculari
3626 573 3785 628 habi-

2193 680 2257 728 tu
2287 674 2356 727 ad
2383 670 2783 726 monasterium
2809 668 2973 733 redit,
2988 666 3223 721 servatis
3242 665 3390 719 circa
3403 681 3530 718 eum
3547 662 3784 727 caeteris,

2191 778 2313 833 quae
2340 760 2600 831 superius
2618 759 2768 813 dicta
2794 763 2945 822 sunt,
2968 754 3222 811 saeculari
3252 759 3400 807 veste
3440 753 3498 805 in
3539 769 3654 822 qua
3700 768 3787 805 re-

2190 866 2383 905 versus
2402 854 2489 903 est
2509 847 2956 909 circumcinctus,
2980 845 3127 898 sicut
3145 858 3315 913 supra
3334 842 3405 895 de
3424 840 3695 895 staminia
3713 840 3793 894 di-

2192 944 2343 992 ctum
2369 942 2472 1003 est,
2501 941 2559 990 et
2582 952 2692 989 non
2716 940 2944 1006 portans
2962 932 3258 993 cucullum,
3282 929 3590 1000 capitulum
3608 928 3791 997 ingre-

2193 1028 2401 1087 diatur.
2429 1031 2485 1079 et
2512 1030 2640 1096 post
2667 1029 2982 1093 susceptam
3004 1020 3376 1091 disciplinam,
3401 1018 3622 1072 cuculla
3640 1033 3676 1070 a
3698 1033 3791 1073 ca-

2197 1114 2437 1170 merario
2466 1120 2597 1168 ante
2624 1113 2807 1184 ipsum
2839 1111 3037 1182 posita,
3068 1109 3136 1164 ab
3156 1125 3221 1162 eo
3251 1106 3609 1178 suscipiatur,
3645 1111 3704 1159 et
3716 1105 3795 1159 ibi

2193 1205 2384 1260 statim
2411 1203 2699 1258 induatur.

2769 1290 3002 1345 CAPUT
3031 1290 3202 1343 XVII.

2620 1382 2689 1433 De
2721 1381 2944 1432 novitiis
2973 1377 3351 1445 suscipiendis.

2265 1469 2510 1524 Veniens
2548 1467 2750 1538 aliquis
2788 1466 2858 1519 ad
2897 1465 3316 1522 conversionem
3358 1463 3428 1516 de
3471 1461 3697 1525 szeculo,
3735 1460 3795 1513 in

513 1558 666 1613 tibus
681 1557 1011 1628 deputatum
1032 1558 1278 1623 trahant,
1299 1560 1385 1612 vel
1406 1559 1608 1627 ferant,
1629 1560 2113 1632 ibiquedepositus
2196 1559 2412 1630 primis,
2454 1557 2599 1610 sicut
2635 1555 2729 1609 alii
2770 1553 3039 1625 hospites,
3070 1552 3483 1623 suscipiaturin
3506 1548 3794 1620 hospitio;

516 1644 718 1699 tandiu
745 1650 967 1699 servata
1002 1645 1338 1700 discretione
1375 1647 1680 1717 afﬂigatur,
1722 1665 2011 1719 quousque
2026 1666 2116 1703 su-
2196 1650 2355 1718 cujus
2377 1646 2661 1701 voluntate
2675 1651 2860 1709 239
2879 1640 3586 1713 cognita,frater,quicellee
3607 1637 3800 1708 hospi-

515 1733 771 1805 perbiam
831 1734 1094 1805 deponat,
1166 1735 1388 1805 culpam
1452 1742 1769 1806 cognoscat,
1825 1738 2115 1792 humiliter
2132 1726 2176 1784 Β
2196 1743 2315 1791 tum
2338 1739 2665 1806 procurator
2678 1738 2781 1798 est,
2797 1732 3003 1797 abbati,
3037 1732 3119 1784 vel
3137 1730 3367 1785 absente
3385 1729 3604 1792 abbate,
3623 1728 3677 1782 ei
3697 1728 3799 1798 qui

515 1822 968 1877 emendationem
1007 1822 1316 1893 promittat.
1360 1824 1519 1888 Quod
1556 1826 1603 1879 si
1649 1825 1961 1896 inspirante
2000 1828 2114 1880 Deo
2196 1827 2448 1880 ordinem
2473 1830 2628 1878 tenet
2653 1840 2769 1877 rem
2794 1822 3034 1878 nuntiet.
3058 1822 3347 1891 Loquatur
3361 1836 3485 1873 cum
3504 1834 3570 1872 eo
3594 1817 3794 1881 abbas,

518 1910 784 1975 evenerit,
801 1927 891 1964 res
904 1911 1061 1981 prius
1088 1912 1146 1965 in
1176 1912 1423 1983 capitulo
1449 1915 1796 1981 ostendatur,
1843 1915 2045 1968 dehinc
2082 1932 2117 1968 a
2198 1916 2282 1969 vel
2312 1915 2480 1985 prior,
2507 1914 2591 1967 vel
2618 1911 2822 1982 aliquis
2842 1910 3151 1981 spiritualis
3171 1910 3343 1962 frater
3368 1907 3801 1976 cuiinjunctum

514 2000 712 2063 fratre,
745 1999 833 2053 cui
861 1999 1184 2069 hujusmodi
1203 2016 1338 2054 cura
1350 2001 1601 2071 injuncta
1621 2003 1713 2069 sit,
1728 2003 1787 2057 in
1806 2005 2112 2074 capitulum
2196 2003 2383 2057 fuerit.
2414 2001 2575 2066 Quod
2597 2001 2643 2054 si
2674 1999 3011 2054 desiderium
3037 1998 3278 2069 petentis
3302 2013 3366 2050 ex
3396 1996 3512 2050 Deo
3540 2012 3667 2049 esse
3706 2012 3800 2051 co-

514 2088 846 2150 deducatur,
899 2088 1145 2142 introeat
1195 2094 1386 2143 autem
1422 2092 1507 2144 vel
1547 2093 1748 2159 nudus,
1789 2092 1933 2147 sicut
1966 2092 2114 2161 fugi-
2196 2093 2471 2162 gnoverit,
2505 2090 2832 2144 ostendatur
2850 2105 2940 2140 res
2977 2086 3245 2141 fratribus
3273 2086 3332 2139 in
3353 2084 3618 2155 capitulo,
3651 2100 3802 2155 quo-

515 2177 663 2231 tivus
684 2175 1012 2239 monachus,
1044 2177 1130 2230 vel
1158 2176 1409 2244 indutus,
1455 2185 1623 2250 prout
1658 2198 1748 2235 res
1778 2180 2111 2252 poposcerit,
2198 2198 2321 2235 rum
2354 2180 2545 2234 audito
2575 2178 2825 2240 consilio,
2846 2177 2893 2231 si
2906 2176 3319 2246 suscipiendum
3338 2190 3465 2228 eum
3487 2171 3801 2227 esseabbas

515 2265 868 2320 considerata
905 2265 1177 2335 qualitate
1213 2271 1270 2320 et
1307 2268 1622 2337 quantitate
1640 2270 1726 2323 vel
1752 2270 2116 2340 praecedentis
2197 2269 2521 2333 decreverit,
2555 2273 2769 2321 statuta
2792 2266 2902 2331 die,
2947 2266 3184 2319 ducente
3213 2279 3342 2317 eum
3390 2261 3657 2332 praedicto
3692 2262 3802 2315 ho-

513 2354 692 2423 culpa:
728 2353 814 2406 vel
851 2352 1242 2422 subsequentis
1280 2358 1653 2427 arrogantiae;
1696 2365 1890 2428 postea
1918 2364 2118 2412 tracte-
2198 2358 2405 2429 spitum
2439 2361 2777 2427 susceptore,
2813 2361 2870 2408 et
2906 2355 3103 2408 doctus
3131 2353 3201 2407 ab
3230 2352 3425 2406 eodem
3441 2350 3690 2421 qualiter
3708 2367 3807 2420 pe-

514 2447 612 2497 ιω·
648 2440 795 2495 sicut
812 2440 1072 2510 superius
1099 2440 1312 2496 dictum
1334 2449 1437 2508 est,
1460 2445 1703 2506 hoc-est,
1732 2446 1816 2499 vel
1844 2447 2113 2515 graviter,
2198 2448 2455 2501 titionem
2476 2447 2659 2500 facere
2686 2444 2904 2509 debeat,
2931 2443 2987 2496 in
3013 2442 3321 2513 capitulum
3349 2440 3549 2494 veniat.
3570 2439 3630 2493 in
3651 2439 3799 2505 loco,

519 2531 568 2586 si
592 2528 785 2600 gravi;
826 2528 915 2581 vel
950 2527 1166 2593 leviter,
1206 2530 1254 2583 si
1310 2530 1415 2585 levi
1455 2533 1629 2603 culpae
1664 2534 1836 2587 fuerit
1879 2536 2119 2605 deputa-
2199 2536 2294 2591 ubi
2324 2536 2605 2607 prosterni
2635 2534 2794 2596 solet,
2817 2549 2877 2586 se
2899 2536 3234 2602 prosternat,
3259 2530 3639 2597 interrogatus
3661 2528 3800 2599 quid

516 2628 631 2677 ωε·
2200 2625 2368 2691 dicat,
2402 2641 2571 2695 quam
2611 2622 2899 2678 humiliter
2923 2620 3145 2691 poterit,
3176 2619 3234 2673 in
3266 2618 3370 2683 his,
3400 2618 3484 2671 vel
3508 2617 3567 2670 in
3597 2616 3807 2670 simili-

524 2734 531 2739 '
588 2716 749 2780 Quod
775 2715 822 2769 si
851 2715 1050 2787 spiritu
1080 2711 1354 2769 diabolica
1389 2712 1589 2783 plenus
1616 2711 1909 2783 superbire
1938 2713 2116 2783 magis
2198 2713 2301 2768 bus
2327 2713 2506 2767 verbis
2534 2711 2862 2783 petitionem
2885 2726 3046 2763 suam
3071 2707 3272 2762 faciat:
3307 2724 3333 2761 α
3359 2705 3457 2760 Dei
3488 2704 3808 2761 misericor-

519 2820 688 2876 quam
719 2803 1045 2875 promittere
1073 2801 1521 2858 emendationem
1544 2801 1795 2872 elegerit,
1820 2802 2120 2856 adhibean-
2199 2804 2370 2869 diam,
2403 2808 2460 2856 et
2484 2806 2724 2855 vestram
2748 2799 3091 2862 societatem,
3115 2802 3173 2851 et
3191 2794 3605 2850 fraternitatem
3630 2794 3804 2864 hujus

518 2898 616 2948 tur
635 2893 1187 2948 eidetotoconventu
1210 2890 1528 2945 orationum
1563 2890 1848 2960 suliragia.
1891 2891 1949 2945 Si
1989 2907 2117 2945 vero
2200 2892 2306 2947 loci
2326 2890 2587 2961 requiro;
2620 2890 2679 2944 in
2728 2890 2831 2943 hoc
2853 2886 3190 2942 monasterio
3219 2884 3525 2939 monachus
3554 2883 3701 2949 ﬁeri,
3744 2890 3807 2937 et

518 2980 691 3037 abbas
750 2998 852 3036 nec
907 2981 987 3035 sic
1034 2997 1197 3035 suam
1248 2979 1585 3033 industriam
1633 2980 1933 3049 praevalere
1983 2997 2110 3033 con~
2135 3038 2180 3061 η
2199 2982 2315 3035 Deo
2334 2980 2542 3034 servire
2571 2979 2847 3032 desidero.
2879 2996 2900 3027 ι
2958 2975 3279 3046 Respondet
3296 2974 3347 3027 ei
3375 2972 3565 3038 abbas,
3589 2972 3677 3026 vel
3701 2973 3804 3043 qui

520 3070 782 3141 spexerit,
816 3070 1124 3141 prudenter
1174 3071 1380 3121 tractet
1415 3083 1543 3121 cum
1590 3039 1823 3121 consilio
1864 3039 2181 3121 omniumC
2201 3071 2321 3123 loco
2350 3068 2568 3122 abbatis
2581 3066 2763 3120 ordini
2785 3070 2989 3137 praeest
3020 3083 3030 3117 :
3070 3039 3473 3125 sSocietatem,
3496 3066 3554 3115 et
3573 3039 3806 3117 consor-

519 3156 759 3211 fratrum
792 3161 985 3211 utrum
1019 3153 1279 3225 exp6diat
1315 3169 1445 3207 eum
1471 3154 1560 3206 Vel
1601 3152 1812 3207 diutius
1857 3153 2115 3215 detineri.
2201 3159 2343 3212 tium
2375 3158 2678 3211 electorum
2703 3172 2932 3209 suorum
2965 3153 3234 3208 concedat
3258 3151 3412 3205 vobis
3440 3150 3806 3221 omnipotens

520 3245 608 3299 vel
647 3245 715 3297 de
736 3243 1076 3298 monasterio
1097 3241 1318 3312 expelli-
2204 3248 2388 3313 Deus;
2433 3263 2459 3298 ν
2501 3252 2559 3300 et
2586 3260 2855 3315 responso
2909 3260 2943 3297 a
2990 3250 3108 3297 toto
3146 3246 3440 3305 conventu,
3478 3258 3506 3291 ut
3531 3241 3735 3304 Amen,
3775 3259 3801 3291 ι

595 3332 885 3402 Fugitivus
906 3332 975 3385 de
1001 3330 1340 3385 monasterio
1369 3330 1695 3396 monachus,
1750 3331 1798 3385 si
1837 3349 2122 3387 reversum
2199 3337 2389 3405 jussus
2418 3350 2650 3404 surgere
2680 3338 2893 3402 surgat,
2927 3331 3363 3403 pronuntientur
3382 3330 3433 3383 ei
3454 3329 3597 3382 dura
3626 3334 3687 3383 et
3716 3345 3808 3382 as-

528 3421 600 3475 ad
620 3420 1025 3474 monasterium
1040 3418 1454 3489 suscipiendum
1482 3435 1610 3473 eum
1644 3436 1764 3474 esse
1792 3421 1963 3475 abbas
1979 3421 2125 3491 judi-
2205 3408 2501 3494 peraiquae
2532 3422 2588 3476 in
2619 3422 2723 3477 hoc
2749 3422 2943 3475 ordine
2972 3419 3262 3491 perferunt
3285 3418 3381 3489 qui
3402 3417 3490 3488 pie
3501 3423 3560 3471 et
3581 3417 3809 3487 regula-

526 3509 757 3576 caverit,
792 3508 897 3563 hoc
924 3509 1092 3562 modo
1129 3507 1497 3578 suscipiatur.
1543 3509 1608 3563 In
1659 3509 1921 3580 hospitali
1958 3510 2125 3563 domo
2206 3513 2344 3566 riter
2372 3511 2554 3565 vivere
2578 3512 2786 3564 volunt.
2820 3512 2961 3565 Item
2987 3509 3218 3563 duriora
3237 3513 3293 3561 et
3321 3505 3628 3577 asperiora,
3655 3522 3803 3576 quae,

527 3597 832 3669 aliquantis
870 3596 1066 3651 diebus
1116 3597 1360 3667 primum
1401 3603 1646 3661 maneat,
1686 3598 1758 3652 ad
1795 3598 2121 3665 claustrum,
2208 3602 2255 3654 si
2283 3599 2694 3670 indisciplinate
2722 3616 2782 3651 se
2811 3598 3031 3661 habeat,
3081 3596 3187 3651 sibi
3235 3600 3502 3667 poterunt
3555 3594 3801 3648 evenire.

526 3687 615 3742 vel
652 3687 723 3741 ad
761 3686 1013 3741 officinas
1050 3685 1299 3747 claustri,
1339 3686 1423 3739 vel
1461 3687 1531 3740 ad
1568 3688 1993 3752 monasterium,
2018 3687 2127 3741 nisi
2209 3689 2423 3754 Quibus
2442 3689 2668 3754 auditis,
2699 3688 2747 3741 si
2773 3686 3031 3742 adhucin
3053 3685 3449 3757 propositosuo
3468 3684 3802 3755 perstiterit,

523 3777 715 3847 jussus
743 3775 1063 3830 nullatenus
1101 3774 1347 3839 accedat,
1390 3780 1452 3829 ut
1498 3776 1721 3830 interim
1762 3776 2127 3846 paenitudinis
2209 3786 2266 3834 et
2288 3779 2517 3833 duriora
2542 3785 2599 3831 et
2623 3777 2911 3848 asperiora
2947 3793 3007 3830 se
3035 3780 3292 3846 paratum
3323 3774 3570 3845 perferre
3589 3773 3809 3842 promi-

528 3880 664 3932 suae,
697 3870 755 3920 et
783 3863 1136 3927 humilitatis,
1173 3869 1231 3917 et
1266 3864 1551 3934 patientia
1575 3865 1802 3935 aliquod
1831 3865 2129 3919 documen-
2210 3868 2365 3934 serit,
2402 3867 2810 3938 respondeatur
2847 3866 2899 3919 ei
2928 3864 2997 3918 ab
3030 3880 3095 3919 eo
3128 3863 3222 3934 qui
3254 3864 3562 3933 capitulum
3606 3867 3803 3915 tenet:

524 3958 651 4009 tum
710 3955 987 4021 ostendat,
1042 3954 1232 4009 nullus
1276 3952 1452 4006 frater
1506 3970 1695 4007 secum
1747 3959 2123 4019 conversetur,
2217 3977 2238 4009 ι
2277 3956 2549 4010 Dominus
2576 3956 2737 4009 Jesus
2761 3954 3017 4008 Christus
3044 3953 3122 4007 sic
3141 3953 3468 4024 perficiatin
3490 3950 3809 4020 vobisquod

528 4043 718 4098 nullus
749 4043 800 4096 ei
829 4043 889 4096 in
917 4043 1108 4113 aliquo
1137 4042 1437 4107 consortio,
1468 4043 1555 4097 vel
1586 4042 1860 4113 colloquio
1899 4045 2130 4114 conjun-
2210 4062 2313 4117 pro
2339 4047 2462 4115 ejus
2475 4061 2666 4099 amore
2694 4043 3024 4114 promittitis
3050 4055 3114 4097 ut
3141 4044 3261 4111 ejus
3284 4042 3528 4112 gratiam
3554 4047 3613 4095 et
3632 4041 3807 4094 vitam

530 4137 722 4202 gatur,
742 4131 853 4184 nisi
875 4130 926 4184 ei
956 4130 1024 4184 ab
1053 4130 1391 4202 abbateﬁvel
1413 4147 1447 4184 a
1473 4131 1677 4202 priore,
1710 4132 1793 4186 vel
1832 4132 1902 4186 ab
1940 4150 2004 4187 eo
2034 4132 2130 4203 qui
2213 4140 2479 4189 aeternam
2510 4133 2717 4187 habere
2744 4132 2988 4203 possitis.
3034 4153 3061 4184 ιι
3096 4132 3165 4185 Et
3194 4130 3665 4201 respondentibus
3692 4146 3809 4182 om-

532 4224 719 4274 servat
744 4218 999 4273 ordinem
1025 4219 1309 4289 jubeatur.

603 4309 830 4362 Eavero
858 4307 948 4361 die
981 4325 1092 4378 qua
1116 4309 1175 4363 in
1218 4310 1528 4380 capitulum
1559 4310 1872 4366 intraturus
1926 4318 2029 4378 est,
2071 4312 2129 4366 in

530 4396 805 4451 locutorio
817 4396 1160 4452 vestimentis
1177 4399 1294 4452 suis
1305 4415 1364 4453 se
1379 4404 1566 4463 exuat,
1590 4400 1876 4465 staminia,
1907 4402 1951 4455 si
1975 4402 2127 4455 habi-

532 4490 655 4540 tum
670 4501 781 4539 non
793 4485 1038 4555 reliquit,
1064 4485 1273 4540 circum
1279 4487 1462 4557 posito
1479 4487 1701 4559 cingulo
1720 4506 1780 4544 se
1795 4490 2127 4545 circumcin-

530 4574 881 4646 gat,sinistro
899 4574 1123 4629 brachio
1139 4576 1411 4630 cucullam
1431 4577 1717 4648 plicatam,
1741 4583 1797 4633 et
1824 4579 1880 4633 in
1902 4580 2130 4634 dextera

535 4679 707 4717 manu
725 4663 908 4733 virgas
923 4670 1195 4731 sumat,et
1211 4664 1290 4719 sic
1306 4665 1473 4719 nudis
1492 4666 1745 4736 pedibus.
1772 4674 1829 4722 et
1850 4668 2000 4722 nudo
2030 4669 2129 4723 de-

530 4754 941 4823 Supercorpore
951 4752 1191 4807 ducente
1202 4769 1331 4806 eum
1344 4753 1517 4808 fratre
1527 4755 1613 4808 cui
1633 4756 1944 4825 injunctum
1965 4758 2132 4811 fuerit

532 4839 593 4895 in
614 4841 923 4910 capitulum
953 4841 1152 4895 veniat.
1183 4841 1304 4905 Quo
1326 4843 1632 4913 ingressus,
1662 4845 1719 4898 in
1744 4846 1862 4899 loco
1885 4846 1980 4900 ubi
2001 4863 2131 4916 pro-

531 4929 709 4984 sterni
722 4930 865 4983 solet
883 4930 1075 4984 statim
1108 4947 1169 4984 se
1196 4936 1535 5001 prosternat,
1561 4933 1939 5004 interrogatus
1979 4952 2133 4989 more

534 5018 700 5073 solito
730 5019 953 5089 culpam
982 5019 1162 5086 dicat;
1188 5019 1391 5074 dehinc
1412 5022 1611 5075 sedens
1651 5025 1995 5094 corporalem
2046 5025 2132 5077 di-

533 5106 827 5177 sciplinam
858 5107 929 5161 ad
957 5108 1251 5179 imperium
1283 5109 1500 5164 abbatis
1539 5112 1824 5183 suscipiat.
1865 5113 1987 5176 Qua
2015 5129 2133 5167 sus-

532 5202 715 5267 cepta,
747 5197 966 5253 cuculla
994 5202 1213 5252 tantum
1252 5199 1328 5252 ibi
1377 5200 1593 5265 induta,
1625 5201 1772 5255 sicut
1816 5202 1984 5267 venit,
2035 5204 2131 5257 sed

533 5299 647 5340 non
673 5284 860 5339 ferens
894 5284 1097 5356 virgas,
1134 5286 1192 5340 in
1222 5287 1556 5342 locutorium
1588 5288 1800 5349 redeat.
1829 5290 1906 5343 ibi
1936 5308 1994 5345 se
2017 5292 2130 5345 cal-

534 5378 658 5428 ceet
677 5379 734 5428 et
755 5374 1091 5445 regulariter
1119 5375 1336 5442 induat,
1368 5382 1424 5429 et
1454 5377 1513 5430 in
1541 5378 1847 5447 capitulum
1888 5379 2127 5446 rediens,

534 5462 735 5518 tandiu
783 5481 842 5518 se
877 5469 1213 5535 prosternat,
1246 5465 1423 5520 donec
1461 5466 1531 5520 ab
1561 5466 1763 5521 abbate
1787 5468 2004 5525 dicatur
2032 5470 2081 5523 ei
2114 5489 2124 5523 :

538 5550 808 5622 Sufficiat.
840 5554 1174 5624 Injungatur
1198 5554 1250 5609 ei
1270 5556 1575 5626 satisfactio
1585 5556 1772 5627 gravis
1793 5558 2051 5630 culpaa,ct
2071 5559 2131 5613 in

2213 4223 2398 4289 nibus,
2435 4244 2455 4272 α
2487 4224 2689 4287 Amen,
2723 4238 2750 4273 ι
2778 4220 3107 4291 subjungat:
3130 4219 3237 4273 «Et
3255 4236 3357 4273 nos
3370 4234 3469 4289 pro
3481 4219 3809 4287 ejusamore

2217 4313 2321 4366 hoc
2346 4318 2542 4366 tenore
2559 4310 2915 4366 concedimus
2937 4309 3105 4374 vobis,
3140 4309 3289 4379 quod
3334 4313 3449 4361 tam
3492 4307 3803 4371 humiliter,

2213 4407 2270 4455 et
2297 4407 2413 4455 tam
2436 4406 2758 4456 constanter
2787 4398 3088 4470 requiritis.
3129 4418 3152 4449 ι
3183 4399 3300 4452 Hoc
3320 4397 3514 4451 audito
3562 4396 3810 4451 novitius

2209 4491 2393 4555 vadat,
2437 4496 2493 4543 et
2549 4489 2839 4545 humiliter
2891 4488 3175 4542 osculetur
3210 4487 3379 4557 pedes
3406 4486 3605 4556 ipsius.
3655 4486 3811 4540 Tunc

2210 4580 2330 4650 ipso
2359 4579 2711 4650 praecipiente
2736 4578 2905 4631 ducat
2933 4593 3063 4630 eum
3094 4576 3360 4646 magister
3386 4575 3728 4629 novitiorum
3752 4575 3809 4629 in

2212 4668 2520 4732 ecclesiam,
2542 4666 2731 4737 ibique
2763 4682 2948 4719 coram
2980 4665 3230 4735 quolibet
3257 4664 3420 4718 altari
3480 4670 3637 4718 extra
3686 4665 3815 4718 cho-

2211 4774 2337 4811 rum
2394 4757 2594 4810 sedens
2641 4755 3012 4825 praestoletur,
3064 4754 3239 4808 donec
3282 4754 3593 4824 capitulum
3646 4754 3811 4807 tinia-

2212 4851 2323 4899 tur.

2288 4934 2409 4998 Quo
2434 4934 2612 4999 linito,
2637 4934 2805 4988 ducat
2826 4950 2952 4988 eum
2976 4934 3273 5004 praedictus
3294 4933 3564 5004 magister
3588 4950 3727 4988 suus
3755 4934 3811 4987 in

2215 5024 2410 5077 cellam
2436 5023 2751 5087 camerarii,
2784 5023 2869 5076 vel
2893 5024 2949 5077 in
2971 5023 3137 5077 aliam
3167 5023 3415 5087 domum,
3453 5022 3548 5077 ubi
3576 5023 3631 5076 id
3663 5022 3811 5093 quod

2216 5113 2494 5182 agendum
2546 5119 2650 5177 est,
2682 5114 3053 5184 opportunius
3100 5115 3222 5168 fieri
3275 5114 3466 5184 possit,
3517 5113 3812 5167 benedicta

2215 5201 2317 5255 sibi
2344 5201 2498 5272 prius
2522 5219 2745 5269 corona,
2779 5203 2825 5256 si
2863 5203 3038 5258 laicus
3069 5204 3160 5267 sit,
3215 5220 3340 5257 cum
3381 5202 3727 5274 antiphonis,
3758 5208 3814 5257 et

2214 5291 2465 5360 psalmis,
2493 5297 2550 5345 et
2577 5292 2842 5355 collectis,
2874 5292 2943 5346 ad
2992 5293 3096 5347 hoc
3135 5292 3378 5346 ofﬁcium
3406 5292 3701 5358 ordinatis,
3728 5292 3812 5345 vel

2215 5380 2272 5433 in
2304 5381 2535 5434 ecclesia
2556 5387 2687 5435 ante
2707 5380 2998 5434 introitum
3023 5381 3207 5434 missae
3236 5382 3303 5434 ad
3324 5381 3565 5452 gradum
3588 5380 3687 5436 ubi
3715 5380 3812 5435 be-

2213 5469 2557 5525 nedictiones
2575 5471 2778 5525 fratres
2798 5470 3095 5540 accipiunt,
3131 5471 3216 5524 vel
3238 5470 3295 5524 in
3314 5470 3527 5540 capella
3555 5470 3814 5527 inﬁrmo-

2214 5576 2362 5627 rum,
2398 5560 2579 5614 autin
2609 5561 2825 5631 capella
2873 5558 3109 5626 abbatis,
3161 5559 3469 5616 secundum
3508 5559 3660 5630 quod
3709 5552 3815 5633 ipsi
