3892 6354
141 287 228 346 501
1075 297 1401 354 DECRETA
1439 302 1582 356 PRO
1621 301 1892 357 ORDINE
1933 302 1987 356 S.
2033 295 2430 356 BENEDICTI.
3293 286 3400 345 502

139 413 315 469 abbati
345 417 635 487 placuerit.
669 419 878 473 Ductus
909 420 1099 491 itaque
1130 420 1371 476 novitius
1386 423 1498 478 sive
1519 425 1712 490 laicus,
1733 425 1784 484 Α
1803 424 2110 488 sinistram,
2129 422 2344 492 gratias
2373 420 2620 475 referens
2650 415 2918 473 fratribus
2945 431 3048 486 pro
3075 410 3392 467 misericor-

137 503 242 558 sive
270 504 524 568 clericus,
555 507 610 560 in
643 507 970 578 praedictum
998 510 1177 562 locum
1204 511 1522 578 tondeatur,
1551 519 1608 567 et
1637 529 1721 567 ra-
1803 512 1893 565 dia
1917 527 2108 566 eorum
2122 510 2378 582 precibus
2392 507 2501 562 sibi
2520 509 2795 578 impensa.
2820 507 3020 560 Postea
3038 501 3392 574 praecipiente

137 593 291 692 datur
307 610 465 648 more
491 597 913 664 monachorum;
966 597 1169 651 dehinc
1219 600 1463 655 vestibus
1495 603 1719 656 saecula-
1801 601 2002 654 abbate
2030 617 2155 654 cum
2184 599 2455 669 magistro
2485 614 2586 652 suo
2625 602 2803 659 exeat,
2830 594 3101 663 finitoque
3124 590 3388 662 capitulo,

135 680 275 735 ribus
302 689 542 738 exuatur
570 691 626 738 et
657 685 819 739 rebus
843 685 1166 739 monasterii
1186 689 1556 756 regularibus,
1582 708 1718 761 prae-
1800 691 1846 744 si
1901 689 2181 744 scribendi
2227 687 2518 741 scientiam
2574 687 2745 740 habet
2790 682 3190 756 professionem
3230 695 3391 734 suam

134 775 212 824 ter
239 772 535 837 cucullam,
567 774 770 844 capitio
792 781 982 828 assuto
1009 776 1212 829 tunicae
1249 776 1534 832 induatur.
1571 781 1713 834 Dum

135 859 238 914 haec
264 867 513 930 aguntur
540 879 574 916 a
611 863 878 918 fratribus
923 863 1126 934 quibus
1167 865 1479 934 injunctum
1525 868 1710 937 fuerit,

135 954 327 1019 septem
351 952 766 1020 pmnitentiales
800 953 998 1023 psalmi
1025 953 1083 1007 in
1111 952 1383 1009 directum
1433 957 1712 1014 dicantur.

136 1035 211 1090 Sic
232 1047 462 1108 paratus
492 1040 734 1095 ducatur
761 1042 817 1096 in
850 1051 1181 1096 conventum
1217 1043 1484 1111 fratrum;
1518 1045 1576 1099 in
1589 1047 1715 1100 cho-

133 1143 203 1189 ro,
241 1127 286 1180 si
333 1128 574 1183 clericus
605 1135 707 1192 est,
742 1130 974 1184 ultimus
1011 1131 1084 1184 sit
1134 1131 1191 1185 in
1240 1133 1434 1187 ordine
1491 1135 1714 1189 clerico-

132 1231 268 1279 rum;
301 1217 348 1270 si
375 1217 574 1284 laicus,
609 1219 897 1284 laicorum,
933 1225 989 1274 et
1017 1220 1088 1274 ad
1110 1222 1538 1291 processionem,
1558 1224 1714 1278 simi-

132 1303 245 1358 liter
272 1304 330 1358 in
379 1306 650 1376 capitulo,
686 1313 741 1362 et
787 1308 1100 1375 refectorio,
1137 1310 1282 1364 sicut
1306 1317 1392 1365 est
1423 1312 1560 1366 ordo
1590 1330 1716 1367 con-

129 1393 380 1447 versionis
410 1395 556 1464 ejus.

187 1481 246 1536 In
274 1483 411 1537 cella
441 1485 782 1540 novitiorum
804 1486 1064 1549 dormiat,
1085 1491 1183 1542 aut
1202 1487 1259 1540 in
1281 1487 1628 1554 dormitorio,
1663 1491 1712 1545 si

127 1570 418 1625 caenobium
436 1572 973 1644 hujusmodicellam
1006 1593 1117 1630 non
1135 1575 1320 1631 habet.
1348 1578 1411 1630 ln
1434 1584 1710 1634 conventu

126 1674 222 1714 non
240 1660 404 1731 legat,
438 1663 595 1716 solus
628 1680 738 1718 non
769 1670 974 1729 cantet,
1013 1665 1082 1718 ad
1114 1665 1340 1718 missam
1356 1682 1467 1720 non
1489 1667 1705 1735 oilerat,

1798 780 2020 842 scribat,
2047 785 2146 834 aut
2170 779 2216 832 si
2239 777 2417 831 nescit
2434 776 2675 831 scribere
2696 775 2864 830 alium
2895 777 3076 842 roget,
3091 771 3184 841 qui
3209 785 3310 840 pro
3335 784 3396 822 se

1797 865 2023 927 scribat;
2051 864 2170 934 ipse
2185 868 2374 916 tamen
2395 861 2452 914 in
2472 862 2582 914 ﬁne
2598 860 2776 930 ipsius
2793 875 2892 929 pro
2901 855 3153 911 fessionis
3168 854 3394 924 signum

1797 954 1975 1009 crucis
2007 953 2192 1014 faciat,
2219 951 2420 1005 deinde
2455 951 2644 1004 ablato
2675 965 2710 1002 a
2736 947 2928 1002 tunica
2959 944 3182 1016 caputio
3213 958 3392 1014 usque

1797 1045 1868 1100 ad
1893 1045 2088 1096 horam
2109 1039 2510 1096 benedictionis
2530 1055 2663 1103 suae,
2686 1036 3082 1092 extrachorum
3107 1037 3354 1092 maneat.

1869 1134 2078 1187 Cantor
2105 1146 2233 1184 vero
2265 1145 2565 1200 procurare
2590 1127 2697 1182 sibi
2727 1125 2894 1180 debet
2915 1123 3303 1178 membranam
3335 1126 3394 1176 et

1796 1223 2130 1286 incaustum,
2163 1225 2220 1273 et
2247 1219 2594 1289 scriptorem,
2639 1216 2687 1270 si
2715 1215 2895 1270 nescit
2932 1213 3209 1277 scribere;
3253 1211 3393 1264 hora

1797 1309 2161 1366 benedicendi
2181 1309 2238 1362 in
2259 1307 2490 1361 arbitrio
2506 1304 2722 1359 abbatis
2747 1310 2851 1370 est,
2877 1302 3134 1356 videlicet
3144 1305 3244 1354 aut
3259 1303 3388 1354 ante

1796 1401 2091 1455 introitum
2125 1399 2327 1460 missae,
2359 1396 2407 1450 si
2456 1396 2686 1449 missam
2714 1410 2826 1448 non
2855 1391 3119 1456 celebrat,
3145 1395 3244 1444 aut
3262 1393 3390 1460 post

1795 1489 2164 1560 evangelium,
2189 1487 2304 1541 sive
2325 1486 2555 1540 missam
2579 1483 2840 1546 celebret,
2856 1481 2972 1536 sive
2995 1497 3128 1538 non.
3157 1480 3283 1550 Ipse
3304 1484 3388 1533 ta-

1792 1596 1922 1634 men
1938 1580 1994 1633 in
2015 1576 2430 1632 consecratione
2458 1573 2738 1636 monachi,
2759 1572 2805 1627 si
2826 1572 2876 1625 ei
2900 1569 3261 1625 commodum
3277 1571 3380 1634 est,

1794 1669 2022 1722 missam
2037 1665 2321 1721 celebrare
2338 1664 2521 1728 debet,
2550 1665 2697 1717 sicut
2712 1677 2953 1716 canones
2967 1658 3315 1732 praecipiunt.

125 1763 298 1817 pacem
325 1765 435 1804 non
468 1759 679 1816 sumat,
703 1753 759 1806 in
790 1754 1033 1807 claustro
1056 1755 1358 1824 separatim
1380 1757 1710 1811 sedeatcum
1729 1745 1772 1803 Β
1863 1760 2030 1813 Lecto
2058 1757 2231 1827 igitur
2259 1754 2565 1825 evangelio,
2603 1753 2852 1806 intrante
2880 1752 3113 1804 chorum
3155 1747 3385 1814 novitio,

127 1837 371 1905 magistro
400 1856 506 1893 suo
536 1841 730 1894 inloco
761 1843 984 1896 novitiis
1014 1843 1300 1913 deputato,
1330 1845 1519 1898 nullus
1551 1846 1602 1898 ei
1636 1847 1712 1899 lo-

127 1933 310 1995 quatur
321 1935 420 1982 aut
441 1929 668 1999 signum
695 1929 860 1984 faciat
873 1932 1084 2002 absque
1102 1933 1352 2003 magistri
1362 1933 1447 1986 sui
1463 1934 1706 2003 licentia;

128 2014 373 2085 magister
405 2017 536 2071 talis
569 2019 646 2071 sit
663 2020 757 2090 qui
773 2021 1025 2091 exemplo
1049 2021 1175 2075 vitae
1190 2028 1246 2076 et
1262 2021 1426 2075 verbo
1442 2022 1709 2078 doctrina:

127 2104 414 2173 possiteum
432 2107 504 2160 de
534 2108 725 2162 anima
751 2125 854 2163 sua
873 2127 1099 2164 monere
1130 2117 1186 2165 et
1204 2112 1454 2166 ordinem
1487 2112 1706 2167 docere.

185 2193 564 2266 Loquentibus
589 2197 643 2250 in
675 2198 917 2252 claustro
950 2199 1234 2267 fratribus,
1270 2201 1316 2254 si
1351 2201 1475 2272 quis
1517 2219 1709 2257 amore

126 2280 211 2336 Dei
239 2291 292 2337 et
315 2285 432 2339 zelo
457 2287 700 2356 justitiae
732 2288 801 2341 ad
835 2305 963 2342 eum
994 2290 1203 2356 venire,
1238 2307 1482 2361 eumque
1515 2292 1600 2345 vel
1625 2309 1712 2345 ar-

125 2386 273 2439 guere
303 2374 386 2427 vel
419 2391 657 2430 monere
689 2377 944 2442 voluerit,
994 2378 1122 2432 licet
1173 2385 1236 2433 ut
1265 2380 1468 2440 veniat,
1505 2387 1580 2447 et,
1615 2398 1708 2435 ac-

125 2467 260 2532 cepta
279 2479 312 2516 a
339 2465 616 2535 magistro
643 2465 886 2528 licentia,
911 2468 1057 2538 quod
1069 2467 1254 2522 dicere
1274 2469 1512 2524 voluerit
1524 2471 1704 2539 dicat;

124 2547 246 2604 facto
287 2558 478 2608 autem
520 2554 782 2622 clamore,
815 2556 1005 2610 statim
1036 2573 1271 2627 surgens
1302 2574 1489 2612 coram
1528 2559 1707 2630 magi-

125 2645 223 2694 stro
250 2657 367 2708 suo,
401 2643 562 2697 sicut
583 2644 786 2699 fratres
809 2645 866 2698 in
892 2646 1153 2717 capitulo,
1178 2648 1393 2702 veniam
1416 2654 1572 2720 petat
1595 2665 1708 2704 non

126 2744 372 2791 sessurus,
409 2731 614 2798 donec,
643 2735 1032 2789 emendatione
1063 2736 1354 2806 promissa,
1389 2737 1538 2792 idem
1583 2755 1707 2792 ma-

124 2819 276 2888 gister
301 2822 614 2894 praecipiat.
651 2824 718 2878 Et
758 2825 827 2879 de
857 2825 1068 2879 levibus
1113 2827 1337 2897 quidem
1370 2828 1546 2898 culpis
1600 2828 1705 2882 hoc

127 2909 269 2962 modo
296 2916 512 2980 agatur
545 2930 557 2978 ;
593 2929 692 2982 pro
725 2914 1028 2982 majoribus
1051 2922 1240 2969 autem
1287 2917 1486 2987 culpis.
1519 2921 1618 2970 aut
1646 2917 1704 2970 in

125 2996 360 3066 capitulo,
392 3016 504 3069 pro
527 3000 841 3070 quantitate
870 3004 1044 3074 culpae
1061 3004 1396 3076 corripiatur
1419 3011 1534 3071 aut,
1559 3005 1606 3058 si
1627 3005 1702 3058 ibi

125 3085 245 3138 cella
274 3088 615 3142 novitiorum
644 3096 746 3157 est,
781 3092 838 3145 in
869 3109 936 3146 ea
967 3094 1435 3163 quemadmodum
1466 3094 1526 3148 in
1555 3067 1757 3164 capi-C

125 3173 226 3228 tulo
255 3175 582 3248 increpetur
613 3185 669 3232 et
715 3179 1074 3248 verberetur;
1131 3183 1200 3236 de
1256 3184 1520 3254 capitulo,
1558 3183 1702 3237 facto

125 3276 373 3330 sermone,
403 3267 672 3337 quotidie
691 3275 868 3333 exeat,
899 3277 955 3324 et
985 3270 1212 3325 interim
1250 3272 1309 3326 in
1358 3271 1701 3326 monasterio

124 3360 340 3419 maneat,
371 3355 485 3410 nisi
515 3373 614 3426 pro
637 3358 839 3427 majori
875 3360 1057 3430 culpa,
1086 3367 1148 3414 ut
1180 3361 1386 3415 dictum
1410 3367 1515 3425 est,
1540 3361 1702 3416 casti-

124 3443 316 3510 gandus
365 3452 664 3500 remaneat
696 3466 707 3513 ;
767 3447 835 3501 de
875 3448 961 3502 his
1003 3449 1200 3519 culpis,
1241 3467 1380 3521 quas
1411 3451 1466 3504 in
1498 3450 1699 3504 saeculo

122 3532 286 3600 gessit,
319 3540 374 3588 et
403 3552 533 3606 quae
554 3535 609 3588 in
627 3536 730 3589 hoc
761 3538 955 3590 ordine
987 3538 1091 3591 sibi
1122 3546 1447 3603 evenerunt,
1466 3542 1550 3594 vel
1572 3555 1696 3593 eve-

123 3619 278 3684 niunt,
311 3623 638 3695 frequentes
669 3625 1042 3680 confessiones
1071 3627 1238 3682 faciat
1270 3628 1479 3696 abbati,
1503 3633 1694 3702 priori,

123 3707 483 3778 spiritualibus
508 3712 774 3767 fratribus
794 3715 994 3785 quibus
1020 3717 1136 3769 haec
1159 3733 1292 3770 cura
1313 3718 1560 3788 injuncta
1587 3727 1693 3777 est.

177 3797 487 3856 Transactis
515 3802 796 3873 plerisque
844 3804 1058 3869 diebus,
1123 3806 1170 3859 si
1225 3807 1336 3860 vita
1365 3810 1487 3879 ejus
1515 3811 1698 3867 fratri-

1793 1849 2142 1920 praecedente
2170 1861 2298 1899 eum
2328 1845 2596 1913 magistro
2634 1858 2756 1901 suo,
2810 1839 3113 1911 incipiente
3159 1837 3388 1892 dextero

1792 1939 1980 1998 choro,
2015 1937 2164 1990 dicat
2191 1939 2496 1989 conventus
2522 1933 2800 2002 psalmum
2818 1932 3072 1984 Miserere
3084 1931 3210 1992 mei,
3225 1929 3382 1981 Deus.

1791 2026 2045 2080 Novitius
2075 2031 2205 2078 ante
2235 2023 2412 2076 altare
2444 2021 2670 2075 veniens
2709 2035 2880 2090 super
2904 2017 3142 2088 gradum
3172 2033 3232 2070 se
3262 2031 3387 2087 pro-

1790 2120 2023 2180 sternat,
2050 2114 2308 2185 dictoque
2329 2111 2541 2182 psalmo
2555 2125 2792 2180 surgens
2810 2107 3211 2179 professionem
3225 2120 3386 2160 suam

1790 2208 1958 2276 legat,
1989 2212 2045 2260 et
2073 2221 2241 2275 super
2275 2203 2451 2257 altare
2475 2205 2664 2273 ponat.
2681 2199 2840 2264 Quod
2857 2199 2902 2252 si
2919 2199 3148 2269 ignarus
3165 2197 3385 2252 littera-

1791 2309 1916 2346 rum
1939 2298 2042 2354 est,
2066 2289 2334 2360 magister
2363 2304 2497 2342 suus
2519 2286 2686 2341 debet
2715 2301 2838 2340 eam
2867 2301 2969 2356 pro
2999 2301 3064 2338 eo
3093 2285 3299 2354 legere,
3331 2287 3390 2337 et

1791 2383 1909 2454 ipse
1938 2379 2180 2434 novitius
2207 2395 2376 2449 super
2394 2378 2574 2431 altare
2602 2392 2829 2447 ponere.
2865 2375 2988 2438 Quo
3016 2373 3183 2438 facto,
3227 2371 3386 2428 ﬂexis

1791 2488 1976 2526 coram
2007 2469 2172 2524 altari
2198 2467 2453 2539 genibus,
2482 2466 2700 2520 veniam
2738 2469 2913 2536 petat,
2931 2469 2988 2518 et
3000 2469 3196 2535 postea
3211 2462 3281 2516 ad
3302 2463 3387 2516 lo-

1790 2577 1916 2615 cum
1938 2560 2033 2615 ubi
2063 2576 2122 2614 se
2141 2558 2442 2630 prostravit
2496 2556 2720 2610 rediens
2760 2570 2982 2608 versum
3013 2552 3234 2622 Suscipe
3280 2567 3383 2616 me,

1791 2653 2036 2712 Domine,
2071 2655 2159 2704 ter
2187 2649 2355 2713 dicat,
2377 2646 2568 2718 ibique
2583 2645 2733 2699 inter
2755 2643 3053 2698 dicendum
3082 2647 3171 2696 ter
3202 2657 3388 2712 genua

1792 2741 1979 2793 flectat
1995 2758 2006 2800 ;
2042 2755 2206 2809 quem
2225 2753 2446 2792 versum
2467 2741 2556 2790 ter
2574 2740 2832 2805 repetens
2849 2731 3385 2802 conventus,adjun-

1784 2833 1883 2898 gat
1910 2827 1980 2880 ad
2011 2827 2274 2880 ultimum
2299 2826 2489 2881 Gloria
2515 2825 2700 2885 Patri,
2743 2823 2911 2889 Kyrie
2938 2822 3160 2884 eleison,
3177 2819 3387 2873 Christe

1787 2917 2182 2984 eteison,Kyrie
2192 2915 2579 2978 eteison,Pater
2595 2915 2794 2964 noster.
2811 2910 3100 2964 Conventu
3117 2905 3386 2977 incipien-

1786 3010 1860 3067 te,
1895 3005 2085 3060 Gloria
2131 3005 2302 3067 Patri,
2349 2996 3212 3068 novitiusinclinatuspervolvat
3242 3011 3302 3048 se
3326 2993 3385 3049 in

1786 3093 2102 3156 circuitum,
2127 3097 2183 3146 et
2206 3091 2398 3145 statim
2429 3093 2750 3162 prosternat
2769 3104 2848 3142 se.
2895 3086 3100 3149 Abbas,
3147 3085 3295 3138 dicto
3315 3085 3382 3138 Et

1787 3200 1852 3237 ne
1870 3199 1965 3237 nos
1978 3184 2209 3236 inducas
2230 3184 2292 3235 in
2320 3183 2696 3243 tentationem,
2725 3182 3056 3247 etresponso
3087 3174 3384 3230 Sedtibera

1785 3290 1880 3326 nos
1901 3289 1935 3324 a
1963 3275 2128 3335 mata,
2160 3270 2391 3340 incipiat
2412 3269 2690 3340 psalmum
2707 3269 2780 3322 De
2802 3266 3134 3335 profundis;
3173 3279 3284 3335 quo
3323 3263 3385 3317 ﬁ-

1784 3361 1903 3415 nito
1932 3377 1964 3414 a
1988 3366 2283 3425 conventu,
2309 3375 2436 3413 cum
2457 3360 2645 3414 Gloria
2662 3355 3122 3426 Patri,adjungat
3151 3354 3382 3409 Salvum

1782 3453 1872 3518 fac
1897 3466 2112 3504 servum
2137 3454 2318 3509 tuum,
2345 3451 2399 3502 Μ
2404 3453 2496 3501 itte
2516 3451 2585 3513 ei,
2608 3448 2856 3510 Domine,
2880 3447 3165 3498 auxilium
3184 3444 3386 3496 desun-

1783 3543 1882 3604 σεο,
1919 3539 2075 3592 Nihil
2113 3541 2363 3607 proﬁciat
2387 3539 2654 3590 inimicus
2685 3538 2749 3588 in
2779 3551 2854 3600 eo,
2881 3535 3001 3588 Esto
3031 3537 3099 3599 ei,
3131 3534 3380 3598 Domine,

1784 3631 1961 3682 turris
1973 3629 2130 3695 fortit
2143 3629 2344 3691 udinis,
2369 3627 2614 3691 Domine,
2632 3625 2838 3678 exaudi
2852 3626 3158 3677 orationem
3177 3637 3376 3686 meam,

1786 3718 2050 3770 Dominus
2064 3717 2338 3769 vobiscum
2346 3714 3002 3782 ;deindecollectamDeus
3020 3712 3381 3779 indulgentia:

1781 3808 1943 3859 Pater
1970 3825 1987 3870 ;
2022 3806 2154 3859 item
2179 3806 2348 3859 aliam
2395 3807 2536 3859 Deus
2565 3807 2664 3873 qui
2686 3819 2786 3872 per
2837 3806 3197 3859 coaeternum;
3240 3799 3376 3852 item

122 3883 224 3951 bus,
249 3897 301 3943 et
324 3890 566 3945 fratrum
613 3893 958 3947 conversatio
989 3894 1093 3948 sibi
1127 3895 1416 3965 placuerit,
1469 3915 1695 3956 monen-
1777 3894 1946 3947 aliam
1973 3896 2196 3948 Domine
2222 3897 2349 3947 Jesu
2370 3894 2593 3956 Christe,
2629 3894 2729 3960 qui
2750 3907 2803 3944 es
2825 3893 2934 3944 via.
2965 3887 3138 3942 Dictis
3167 3886 3256 3940 his
3269 3885 3373 3940 tri-

121 3973 207 4074 dus
233 3985 313 4032 est
342 3996 374 4033 a
404 3982 680 4051 magistro
712 3999 813 4035 suo
839 3988 1115 4052 quatenus
1154 3992 1314 4055 roget
1355 3987 1596 4057 priorem
1638 3997 1695 4046 et
1778 3982 1880 4038 bus
1906 3983 2150 4037 collectis
2179 3982 2412 4054 singulis
2425 3999 2553 4036 cum
2584 3981 2803 4049 integro
2832 3981 2935 4033 Per
2961 3979 3258 4031 Dominum
3281 3991 3374 4030 no-

122 4063 312 4136 aliquos
341 4071 586 4140 majores
607 4069 827 4133 fratres,
856 4073 1096 4142 utetipsi
1128 4091 1228 4144 pro
1251 4092 1316 4128 eo
1339 4075 1690 4135 intercedant
1774 4073 2215 4144 strum,incipiat
2234 4072 2403 4126 abbas
2419 4072 2690 4142 hymnum
2709 4071 2833 4122 Veni
2851 4068 3075 4123 Greater
3099 4065 3368 4134 Spiritus.

121 4155 244 4224 apud
272 4157 527 4213 abbatem
560 4176 660 4230 pro
692 4158 1075 4215 benedictione
1128 4162 1445 4230 tribuenda,
1481 4173 1536 4221 et
1569 4186 1691 4239 pro-
1773 4162 1894 4226 Quo
1917 4179 1949 4215 a
1971 4168 2246 4216 conventu
2275 4162 2471 4215 devote
2503 4165 2559 4214 et
2587 4157 2914 4213 solemniter
2936 4157 3254 4219 decantato,
3283 4152 3371 4209 di-

119 4240 326 4300 fessione
373 4248 748 4318 suscipienda.
782 4249 940 4312 Quod
973 4250 1020 4303 si
1050 4267 1178 4304 eum
1213 4251 1539 4310 benedicere
1597 4259 1690 4312 ab-
1771 4258 1862 4305 cat
1881 4252 2167 4305 collectam
2185 4252 2378 4308 Sancte
2406 4250 2653 4318 Spiritus
2681 4252 2780 4318 qui
2810 4254 2856 4303 te
2883 4250 3056 4303 Deum
3085 4263 3150 4301 ac
3176 4248 3366 4300 Domi-

122 4327 214 4386 bati
239 4350 342 4389 non
371 4335 666 4407 placueiit,
691 4342 904 4390 statuta
919 4339 1008 4392 die
1031 4339 1088 4392 in
1116 4341 1358 4411 capitulo
1391 4343 1547 4398 ﬁnito
1570 4363 1688 4400 ser-
1711 4349 1928 4407 DWm-
1963 4342 2085 4404 Qua
2121 4341 2284 4403 dicta,
2319 4345 2516 4410 surgat
2552 4338 2812 4404 novmus:
2849 4346 2906 4392 et
2934 4341 3166 4408 spargat
3198 4351 3369 4406 super

121 4434 277 4488 mone,
301 4424 357 4478 in
379 4425 498 4479 loco
531 4424 625 4478 ubi
651 4427 791 4479 solet
811 4444 870 4480 se
897 4435 1233 4498 prosternat,
1254 4439 1680 4506 prostratusque
1772 4448 1898 4485 eum
1929 4431 2098 4484 abbas
2131 4447 2336 4502 aquam
2361 4430 2706 4484 benedictam
2733 4449 2744 4497 ;
2781 4445 2959 4500 eoque
2979 4433 3164 4482 stante
3194 4426 3368 4481 bene-

120 4523 202 4576 pro
250 4513 601 4584 impetranda
647 4514 1033 4571 benedictione
1101 4519 1426 4588 petitionem
1490 4525 1680 4581 faciat.
1765 4521 1985 4574 dicatur
2004 4521 2243 4582 cuculla,
2274 4526 2330 4574 et
2352 4525 2685 4591 aspergatur
2713 4536 2859 4591 aqua
2899 4518 3216 4586 benedicta;
3251 4533 3364 4590 qua

119 4595 256 4696 iusso
282 4619 632 4696 eo‘surgere,
668 4612 970 4659 narrentur
999 4607 1050 4660 ei
1081 4625 1268 4663 rerum
1315 4611 1456 4665 dura
1481 4619 1536 4666 et
1557 4631 1683 4684 gra-
1767 4609 2058 4664 benedicta
2076 4610 2306 4664 accedat
2335 4609 2576 4664 novitius
2605 4610 2675 4663 ad
2704 4609 2963 4664 abbatem
2997 4614 3054 4662 et
3084 4608 3240 4663 flexis
3267 4624 3364 4679 ge-

119 4699 326 4786 flalquae
355 4692 428 4786 in;
450 4699 644 4786 nostro
693 4695 887 4748 ordine
930 4713 964 4749 a
995 4698 1200 4751 sanctis
1260 4700 1519 4755 Patribus
1551 4710 1682 4759 sunt
1764 4701 1948 4758 nibus.
1972 4707 2082 4754 stet
2110 4708 2240 4754 ante
2262 4717 2584 4772 eum,quem
2621 4701 2812 4755 tunica
2844 4717 3051 4754 exuens
3072 4698 3242 4754 abbas
3273 4698 3358 4752 di-

119 4782 362 4834 lnstituta.
395 4783 502 4846 Qui
543 4782 588 4836 si
630 4782 746 4836 haec
790 4786 980 4839 omnia
1017 4793 1073 4840 et
1101 4788 1284 4842 adhuc
1313 4791 1596 4859 graviora,
1634 4794 1682 4847 si
1763 4798 1881 4845 cat:
1906 4791 2126 4844 «Exuat
2151 4807 2203 4844 te
2221 4790 2492 4844 Dominus
2511 4796 2752 4844 veterem
2771 4789 3054 4844 hominem
3076 4805 3204 4844 cum
3228 4787 3364 4843 acti-

119 4875 312 4923 necesse
340 4871 525 4933 fuerit,
553 4871 844 4926 humiliter
865 4881 919 4928 et
951 4876 1228 4946 patienter
1255 4896 1314 4932 se
1341 4880 1487 4934 ferre
1515 4898 1680 4951 para-
1763 4881 1867 4935 bus
1899 4881 2034 4934 suis.
2058 4901 2079 4932 »
2115 4881 2183 4934 Et
2206 4879 2444 4933 induens
2468 4895 2594 4932 eum
2622 4878 2837 4932 cuculla
2865 4878 3196 4948 subjungat:
3225 4898 3246 4929 ε
3271 4879 3358 4932 In-

120 4954 217 5038 tum
243 4973 354 5013 esse
372 4961 738 5032 responderit,
773 4962 1086 5035 interroget
1113 4965 1284 5021 abbas
1330 4969 1679 5025 considentes
1762 4970 1900 5024 duat
1943 4975 1998 5022 te
2029 4969 2301 5023 Dominus
2330 4985 2536 5022 novum
2581 4967 2885 5033 hominem,
2915 4967 3010 5038 qui
3048 4965 3355 5022 secundum

119 5036 289 5098 fratres
313 5048 440 5118 quid
476 5050 605 5104 inde
631 5053 890 5116 sentiant,
927 5061 982 5107 et
1034 5061 1224 5108 utrum
1257 5058 1511 5125 precibus
1555 5060 1676 5129 ejus
1761 5059 1936 5113 Deum
1959 5067 2179 5113 creatus
2203 5065 2287 5113 est
2310 5057 2365 5112 in
2382 5057 2623 5128 justitia,
2650 5062 2706 5112 et
2725 5036 3023 5112 sanctitate
3047 5056 3351 5112 veritatis.»

121 5137 438 5236 Tglliaudum
453 5156 572 5195 esse
582 5143 890 5196 concedant
917 5143 1129 5206 Quibus
1141 5146 1604 5215 respondentibus
1616 5167 1675 5204 se
1757 5149 1839 5202 Ad
1854 5155 1982 5203 utru
1991 5167 2040 5202 m
2049 5165 2155 5220 que
2168 5149 2542 5219 respondeant
2552 5147 2845 5202 audientes
2857 5147 3074 5210 fratres,
3087 5167 3108 5197 ι
3120 5148 3316 5201 Amen.
3329 5167 3351 5198 ι

121 5220 526 5320 περιίδωμεν
547 5232 870 5297 concedere,
907 5233 1400 5304 adjungat:Etnos
1418 5238 1672 5290 concedi-
1758 5237 2144 5309 Subsequatur
2186 5255 2356 5310 super
2398 5255 2528 5292 cum
2560 5237 2714 5292 ﬂexis
2740 5237 2977 5308 genibus
3019 5237 3350 5292 inclinatum

121 5318 282 5408 {nasia
299 5318 516 5408 nomine
531 5320 774 5374 Domini.
810 5322 931 5385 Quo
949 5322 1096 5376 dicto
1119 5323 1283 5377 vadat
1302 5325 1371 5378 ad
1393 5326 1559 5396 pedes
1581 5326 1674 5381 ab-
1758 5327 1950 5381 Oratio
1982 5330 2121 5381 Deus
2154 5331 2484 5394 misericors,
2539 5330 2676 5381 Deus
2707 5331 2962 5385 clemens.
3012 5327 3134 5391 Qua
3177 5328 3346 5396 dicta,

121 5389 338 5465 batis,vel
352 5407 469 5476 ejus
483 5409 576 5480 qui
598 5410 1012 5483 ordinipraaest,
1036 5411 1264 5466 siabbas
1280 5389 1452 5477 deest,
1473 5415 1675 5470 dehinc
1757 5418 2040 5472 osculetur
2061 5435 2188 5471 cum
2214 5416 2403 5483 abbas,
2435 5389 2674 5473 induens
2712 5425 2880 5490 caput
2908 5389 3051 5488 ejus'
3075 5419 3298 5490 caputio

123 5497 339 5587 l‘evsrsus
367 5496 430 5587 in
458 5498 661 5565 locum,
703 5501 760 5555 in
797 5518 906 5573 quo
933 5501 1142 5571 stabat,
1172 5504 1326 5558 ﬂexis
1363 5505 1432 5558 ad
1462 5511 1672 5561 terram
1755 5506 1953 5562 dehinc
1985 5509 2225 5564 ducatur
2248 5525 2346 5579 per
2377 5507 2609 5562 chorum
2639 5509 2706 5563 ad
2757 5509 3120 5564 osculandum
3153 5526 3347 5566 omnes

120 5577 340 5650 ﬁnibus,
366 5584 650 5644 humiliter
678 5589 908 5646 inclinet
932 5597 1063 5647 ante
1092 5597 1149 5647 et
1167 5593 1235 5647 ad
1258 5594 1510 5649 dextram
1528 5600 1585 5651 et
1602 5597 1670 5650 ad
1754 5597 1972 5664 fratres,
2008 5577 2586 5654 ultimus-collocetur.
