3892 6354
499 271 602 330 503
1485 273 1548 328 Β.
1590 274 2006 332 LANFRANCI
2046 277 2105 332 Ct

2197 276 2403 332 TUAR.
2443 273 2782 331 ARCHIEP.
3667 267 3768 326 50!

565 397 770 455 Tribus
793 396 991 452 diebus
1010 395 1464 452 communionem
1493 398 1742 470 corporis
1771 405 1826 455 et
1870 401 2093 472 sangui-
2111 401 2360 464 Adinem
2389 401 2658 470 tenentis,
2684 399 2860 472 petita
2897 397 3300 464 benedictione,
3348 397 3509 453 lectis
3540 403 3599 453 et
3643 413 3774 470 pro-

495 488 586 543 nis
637 488 844 542 Christi
876 486 1130 556 accipiat.
1187 487 1378 541 Tertia
1437 487 1525 541 die
1571 489 1641 542 ad
1679 506 1872 559 pacem
1912 491 2094 544 missze
2177 492 2448 546 nuntiatis
2479 509 2600 562 quae
2650 490 2758 559 legi
2788 495 2844 543 et
2893 488 3236 543 considerari
3265 487 3614 542 consuetudo
3669 493 3772 553 est,

498 578 722 632 auferat
749 577 799 631 ei
823 576 1113 647 caputium
1143 576 1211 628 de
1234 577 1415 645 capite
1447 576 1638 642 abbas,
1689 579 1772 631 vel
1801 579 1889 632 cui
1923 580 2094 634 abbas
2176 581 2320 636 facto
2347 597 2622 641 sermone,
2645 581 2792 634 dicto
2821 601 2842 630 ι
2865 581 3186 649 Loquamur
3211 579 3277 632 de
3307 579 3504 632 ordine
3521 581 3772 640 nostro»

499 667 848 738 praeceperit,
881 665 928 719 si
960 667 1078 736 ipsc
1112 664 1168 717 id
1198 664 1439 719 faciendi
1469 668 1945 736 opportunitatem
1982 686 2093 723 non
2178 670 2223 724 si
2245 671 2521 723 clamatur
2549 669 2753 740 aliquis
2781 669 2874 739 qui
2899 684 3198 722 commune
3222 684 3346 721 cum
3376 684 3502 730 uno,
3531 673 3633 722 aut
3661 667 3778 736 plu-

499 755 690 811 habet.
719 757 864 816 Ante
923 755 1068 808 hanc
1113 753 1328 819 horam,
1361 769 1427 807 ex
1459 771 1570 824 quo
1616 754 1938 810 benedictus
1985 763 2089 820 est,
2177 759 2330 814 ribus
2351 775 2556 813 nomen
2573 759 2775 813 habeat
2797 757 2904 812 nisi
2925 758 3174 810 clamans
3195 757 3275 811 ita
3295 757 3582 812 discernat
3600 762 3662 809 et
3689 756 3780 810 de-

453 903 461 912 .
501 859 784 898 summum
805 843 1092 896 silentium
1122 846 1314 896 teneat
1341 860 1354 909 ;
1405 843 1474 896 de
1512 844 1776 914 capitulo,
1817 847 1962 899 facto
1984 864 2096 900 ser-
2178 847 2447 902 terminet
2466 853 2530 901 ut.
2558 848 2710 900 nulla
2741 846 3016 900 dubitatio
3049 845 3225 916 possit
3253 862 3392 909 esse,
3428 861 3626 899 omnes
3684 843 3780 912 qui

501 949 687 998 mone,
715 937 894 997 exeat,
925 932 996 984 ad
1027 931 1440 1002 processionem
1486 948 1599 986 non
1645 934 1828 997 vadat,
1882 936 2099 988 cuculla
2181 936 2430 1006 ejusdem
2455 935 2696 988 nominis
2734 940 2885 997 sunt,
2916 935 3077 1002 cujus
3105 940 3191 988 est
3229 933 3322 988 ille
3351 933 3447 1003 qui
3478 933 3778 995 clamatur,

501 1023 732 1077 indutus
761 1020 1038 1074 cucullato
1064 1019 1246 1090 capite
1288 1020 1549 1074 dormiat.
1602 1023 1664 1076 In
1696 1022 1876 1092 primo
1907 1032 2095 1078 autem
2180 1025 2370 1080 statim
2405 1023 2610 1076 debent
2628 1039 2876 1092 surgere,
2899 1027 3034 1076 etad
3061 1023 3248 1076 venias
3271 1022 3628 1077 humiliterse
3643 1037 3782 1093 prae

502 1109 765 1181 capitulo,
799 1125 909 1180 quo
930 1109 982 1162 ei
1011 1109 1143 1161 licet
1172 1109 1346 1179 loqui,
1386 1109 1548 1164 debet
1579 1111 1848 1180 magister
1877 1114 1996 1181 ejus
2028 1113 2096 1166 de
2180 1121 2422 1179 sentare,
2444 1115 2620 1168 donec
2646 1114 2920 1168 clamator
2946 1113 3318 1167 determinate
3363 1113 3539 1183 eligat
3567 1113 3639 1166 de
3670 1129 3781 1183 quo

502 1215 570 1254 eo
596 1197 922 1252 memoriam
954 1197 1161 1252 habere
1185 1214 1374 1252 coram
1403 1199 1622 1265 abbate,
1657 1201 1846 1254 dicens
1875 1220 1885 1254 :
1928 1225 1949 1250 ι
1985 1203 2095 1256 Do-
2180 1203 2356 1267 dicat;
2389 1203 2510 1273 ipsa
2531 1209 2716 1256 autem
2749 1202 3142 1256 determinatio
3173 1201 3244 1255 ab
3265 1202 3573 1264 ordinibus,
3597 1201 3685 1256 vel
3706 1200 3785 1256 of.

503 1288 675 1350 mine,
717 1287 763 1341 si
787 1288 1032 1358 placeret
1059 1286 1213 1340 vobis
1245 1288 1563 1358 precipere,
1589 1296 1780 1359 posset
1797 1291 1902 1344 iste
1924 1291 2098 1345 frater
2180 1293 2342 1358 ficiis,
2366 1291 2412 1345 si
2430 1292 2602 1361 possit
2627 1291 2770 1353 ﬁeri,
2815 1290 2979 1344 debet
3007 1307 3127 1344 esse
3157 1291 3261 1344 hoc
3291 1291 3455 1344 modo
3483 1309 3493 1344 :
3526 1292 3784 1344 Domnus

503 1377 574 1431 ab
597 1377 700 1431 hac
719 1377 808 1430 die
827 1376 884 1430 in
902 1381 1069 1430 antea
1093 1377 1278 1446 legere
1309 1381 1367 1430 et
1393 1383 1620 1431 cantare
1646 1379 2010 1444 inconventu,
2029 1381 2098 1434 si-
2181 1381 2475 1434 Eduardus
2506 1380 2822 1451 presbyter,
2856 1380 3143 1443 diaconus,
3175 1379 3568 1442 subdiaconus,
3601 1394 3786 1432 secre-

503 1472 600 1521 cut
641 1466 739 1520 alii
791 1465 995 1519 fratres
1023 1483 1034 1518 :
1068 1483 1092 1517 i:
1143 1466 1514 1536 respondente
1563 1466 1764 1522 abbate
1795 1487 1806 1522 :
1853 1489 1875 1519 «
1911 1469 2102 1523 Faciat
2181 1470 2378 1535 tarius,
2411 1468 3014 1538 magisterinfantium,
3044 1468 3129 1521 vel
3153 1467 3544 1536 juvenum,vel
3566 1465 3782 1537 aliquid

503 1572 634 1613 cum
662 1554 764 1609 Dei
805 1553 1208 1620 benedictione,
1239 1573 1262 1605 ι
1318 1554 1548 1610 inclinet
1590 1556 1712 1627 ipse
1761 1558 2001 1613 novitius
2029 1559 2101 1614 ad
2182 1557 2524 1627 hujusmodi,
2557 1573 2664 1610 non
2697 1556 3138 1620 archidiaconus,
3193 1572 3302 1608 non
3352 1555 3782 1620 Londoniensis,

507 1645 768 1700 abbatem
789 1643 859 1697 de
880 1643 999 1697 loco
1028 1643 1086 1697 in
1116 1659 1226 1713 quo
1246 1644 1422 1698 sedet.
2117 1683 2162 1742 B
2183 1664 2293 1702 non
2324 1646 2535 1716 aliquid
2565 1645 3018 1715 cognominatum
3048 1645 3118 1699 de
3149 1645 3368 1699 saeculo.

579 1735 659 1788 Ex
681 1733 780 1787 illa
805 1733 897 1786 die
923 1733 1303 1804 cujuscunque
1350 1733 1562 1788 ordinis
1603 1734 1678 1789 sit
1705 1735 1911 1790 habeat
1934 1733 2161 1790 licem"
2257 1737 2562 1796 Clamator,
2594 1735 2643 1788 ei
2672 1751 2840 1804 super
2858 1750 3025 1804 quem
3049 1733 3407 1788 clamatorem
3444 1733 3535 1806 [[.,
3570 1735 3788 1789 clamo-

507 1823 650 1878 tiam
711 1821 1048 1892 exsequendi
1079 1822 1267 1876 omnia
1295 1839 1418 1893 qua:
1443 1825 1529 1878 sui
1560 1825 1770 1878 ordinis
1799 1834 1950 1886 sunt,
1995 1827 2102 1880 ni31
2185 1825 2494 1893 rem]facit,
2524 1824 2582 1878 in
2606 1823 2726 1893 ipso
2746 1823 2992 1893 capitulo
3012 1823 3283 1891 judicium
3319 1839 3430 1876 non
3471 1822 3644 1876 faciat
3699 1823 3789 1876 In—

508 1913 584 1967 sit
611 1912 888 1977 sacerdos,
919 1911 1027 1982 ipsi
1057 1911 1206 1965 enim
1249 1912 1396 1966 infra
1428 1913 1671 1983 primum
1729 1916 2103 1970 conversionis
2183 1919 2502 1983 terrogatus
2534 1929 2686 1966 more
2706 1913 2888 1977 solito,
2923 1912 3016 1983 qui
3047 1911 3438 1982 prosternitur,
3485 1911 3556 1965 ad
3586 1927 3789 1965 omnes

505 2018 624 2061 suae
654 2017 866 2056 annum
887 2001 1116 2054 missam
1143 2001 1426 2056 celebrare
1455 2019 1566 2057 non
1603 2003 1754 2071 licet,
1778 2005 1886 2058 nisi
1911 2005 1970 2059 in
1999 2023 2102 2058 sae-

508 2092 635 2146 culo
673 2091 919 2162 probatae
960 2091 1235 2144 castitatis
1263 2092 1452 2157 fuerit,
1501 2099 1558 2148 et
1585 2093 1757 2148 abbas
1786 2111 1885 2164 pro
1913 2095 2015 2148 hac
2043 2111 2104 2148 re

509 2180 807 2252 specialem
841 2180 892 2234 ei
912 2179 1195 2234 licentiam
1213 2179 1448 2234 dederit.
1888 2189 1894 2195 '

583 2268 914 2324 Otlerendus
943 2285 1102 2340 puer,
1135 2270 1282 2323 facta
1301 2270 1407 2324 sibi
1431 2271 1585 2341 prius
1603 2287 1826 2338 corona,
1848 2272 2105 2328 manibus

510 2363 744 2430 portans
768 2359 1030 2424 hostiam,
1051 2364 1107 2412 et
1117 2359 1344 2416 calicem
1371 2377 1498 2414 cum
1524 2361 1669 2423 vino,
1695 2363 1840 2416 sicut
1855 2379 1975 2416 mos
1999 2367 2102 2423 est.

512 2452 642 2519 post
669 2448 1022 2517 evangelium
1079 2448 1354 2502 sacerdoti
1385 2449 1478 2519 qui
1526 2450 1756 2504 missam
1783 2451 2028 2506 celebrat
2074 2469 2107 2506 a

513 2536 841 2608 parentibus
871 2536 1158 2590 offeratur.
1183 2538 1306 2600 Qua
1333 2537 1614 2592 oblatione
1632 2556 1666 2593 a
1693 2542 1980 2594 sacerdote
1991 2558 2108 2596 sus-

517 2631 698 2698 cepta,
741 2625 1025 2679 involvant
1045 2626 1294 2696 praedicti
1325 2633 1587 2698 parentes
1632 2645 1833 2683 manus
1862 2631 2019 2700 pucri
2050 2632 2105 2685 in

515 2716 685 2790 palla,
709 2733 821 2786 qua
839 2715 1018 2770 altare
1044 2722 1369 2787 coopertum
1393 2723 1496 2780 est,
1525 2723 1582 2771 et
1609 2720 1769 2789 cujus
1801 2736 1930 2790 pars
1958 2727 2110 2775 ante-

516 2807 634 2860 rius
665 2805 891 2876 pendet,
922 2810 984 2859 et
1007 2810 1142 2860 tunc
1178 2806 1446 2876 suscipiat
1473 2823 1600 2861 eum
1633 2807 1826 2865 abbas.
1875 2810 1995 2874 Quo
2026 2811 2109 2864 fa-

515 2900 623 2960 cto,
655 2893 870 2966 praefati
892 2901 1153 2964 parentes
1181 2911 1366 2949 coram
1394 2897 1510 2950 Deo
1539 2903 1596 2951 et
1622 2899 1831 2951 sanctis
1857 2900 1976 2969 ejus
1995 2905 2108 2953 sta-

515 2984 620 3038 tim
670 2983 1004 3054 promittant
1031 2985 1181 3055 quod
1210 3001 1311 3056 per
1351 3002 1430 3051 se,
1476 2992 1573 3040 aut
1605 3003 1638 3040 a
1677 3004 1736 3041 se
1764 2989 2111 3059 suppositam

517 3089 818 3146 personam
839 3079 1159 3144 susceptum
1191 3074 1445 3129 ordinem
1477 3092 1618 3146 puer
1634 3093 1922 3147 nunquam
1947 3079 2111 3132 relin-

517 3169 672 3235 quat,
704 3179 887 3234 neque
917 3180 978 3217 se
1011 3164 1062 3216 ei
1092 3164 1305 3234 aliquid
1361 3166 1604 3220 scienter
1658 3168 1907 3232 daturos,
1963 3170 2111 3223 unde

514 3269 676 3324 puer,
697 3259 889 3318 που
915 3251 1064 3322 quod
1085 3252 1260 3305 absit!
1287 3255 1470 3323 perire
1487 3255 1693 3324 possit;
1717 3257 1860 3310 hanc
1879 3259 2112 3328 promis-

517 3342 737 3395 sionem
787 3341 942 3411 prius
995 3341 1263 3410 scriptam
1317 3358 1503 3396 coram
1539 3344 1775 3400 testibus
1821 3347 2005 3401 verbis
2038 3347 2112 3402 ibi

519 3431 678 3503 prius
707 3430 946 3493 edicant,
980 3435 1038 3483 et
1065 3436 1260 3500 postea
1287 3447 1457 3502 super
1484 3431 1661 3485 altare
1683 3440 1914 3502 ponant.

591 3521 691 3574 His
723 3519 1286 3590 expletis,benedicat
1304 3519 1474 3574 abbas
1504 3522 1796 3587 cucullam,
1830 3529 1886 3577 et
1905 3540 2113 3578 exuens

518 3627 756 3683 puerum
788 3625 980 3680 cappa,
1023 3609 1107 3661 vel
1144 3608 1398 3679 pellibus,
1440 3610 1526 3663 vel
1554 3611 1742 3682 aliqua
1793 3613 2114 3682 huiusmodi

520 3699 834 3772 chlamyde,
868 3699 1018 3753 dicat
1041 3716 1052 3750 :
1085 3719 1106 3750 ι
1133 3699 1377 3752 Exuatte
1393 3699 1916 3756 Dominusveterem
1940 3703 2116 3756 homi-

518 3806 670 3855 nem,
703 3809 730 3843 »
772 3794 837 3843 ut
862 3805 1050 3859 supra,
1081 3793 1140 3841 et
1177 3789 1416 3842 induens
1445 3807 1573 3844 eum
1609 3792 1844 3856 cuculla,
1881 3791 2114 3860 subjun-

520 3885 620 3950 gat
669 3898 679 3932 :
731 3899 753 3930 α
795 3879 1001 3933 Induat
1038 3884 1093 3931 te
1125 3879 1395 3933 Dominus
1417 3896 1621 3934 novum
1652 3880 1956 3946 hominem,
1993 3901 2016 3931 ι
2058 3888 2115 3936 et

518 3973 739 4024 cetera.
765 3967 976 4022 Dehinc
995 3966 1234 4021 ducatur
1247 3967 1318 4020 ad
1341 3968 1651 4022 radendum
1667 3975 1724 4022 et
1737 3969 2108 4036 vestiendum,

519 4060 666 4114 sicut
687 4057 866 4110 nostri
896 4055 1108 4110 ordinis
1129 4057 1474 4111 consuetudo
1497 4064 1600 4110 est.
1635 4059 1776 4111 Cum
1799 4074 1925 4112 vero
1953 4059 2114 4113 adul-

2187 2003 2375 2057 venias
2410 2024 2431 2048 ιι
2467 2002 2591 2056 Mea
2618 2001 2782 2070 culpa
2810 2002 2976 2066 dicat,
3012 2022 3036 2053 »
3069 2008 3296 2072 excepto
3311 2017 3438 2054 cum
3457 2001 3788 2056 societatem

2188 2093 2451 2160 postulat,
2484 2097 2584 2145 aut
2611 2090 2938 2144 obedientiae
2963 2090 3391 2154 absolutionem,
3423 2096 3522 2144 aut
3536 2107 3664 2144 cum
3687 2090 3791 2144 ali-

2189 2180 2314 2250 quis
2331 2180 2803 2234 fraterminimam
2823 2179 3087 2250 petit,pro
3107 2197 3209 2234 suo
3224 2179 3789 2250 propinquo.noviter

2187 2275 2246 2322 et
2270 2275 2565 2338 postquam
2581 2267 2652 2321 ad
2673 2269 2926 2321 ordinem
2949 2269 3101 2322 venit
3117 2269 3563 2339 defuncto,patre
3574 2268 3792 2322 scilicet

2187 2364 2386 2422 matre,
2419 2358 2610 2422 fratre,
2654 2373 2864 2412 sorore.
2898 2358 2980 2410 vel
3009 2375 3134 2412 cum
3153 2374 3318 2423 unus,
3353 2365 3453 2412 aut
3478 2359 3666 2428 plures
3688 2375 3790 2427 pro

2189 2465 2254 2503 eo
2282 2448 2378 2518 qui
2398 2448 2454 2502 in
2479 2447 2662 2518 gravis
2693 2447 2866 2518 culpa
2887 2447 3266 2502 satisfactione
3297 2448 3510 2518 positus
3548 2454 3653 2512 est,
3688 2447 3794 2502 mi-

2187 2537 2552 2591 sericordiam
2574 2542 2792 2607 petunt.
2815 2537 2903 2590 vel
2921 2553 3046 2591 cum
3063 2537 3266 2608 aliquis
3280 2537 3453 2591 frater
3473 2537 3530 2590 in
3555 2536 3792 2606 longum

2189 2630 2298 2683 iter
2318 2629 2670 2699 profecturus
2700 2633 2802 2691 est,
2829 2635 2924 2682 aut
2946 2643 3070 2681 cum
3102 2627 3312 2697 aliquid
3331 2643 3596 2696 magnum
3625 2633 3684 2680 et
3704 2642 3795 2680 ar-

2191 2719 2385 2785 duum,
2411 2724 2466 2773 et
2495 2719 2611 2773 suis
2637 2717 2847 2771 viribus
2876 2718 3058 2788 impar
3074 2717 3234 2771 fratri
3257 2716 3595 2786 injungitur;
3625 2715 3684 2770 in
3703 2716 3794 2770 his

2195 2811 2333 2863 etin
2377 2807 2715 2878 hujusmodi,
2756 2808 2860 2860 hoc
2889 2807 3052 2860 modo
3081 2806 3484 2876 respondetur:
3511 2824 3534 2856 «
3560 2805 3662 2860 Dei
3692 2805 3796 2859 mi-

2194 2899 2574 2961 sericordiam,
2617 2903 2673 2950 et
2710 2905 2952 2950 vestram
3004 2896 3248 2966 requiro;
3301 2900 3358 2948 et
3390 2895 3638 2960 obsecro,
3672 2915 3697 2946 ι
3735 2902 3794 2949 et

2193 2995 2413 3053 caetera,
2438 2988 2583 3042 sicut
2610 2986 2753 3040 ratio
2785 2986 2884 3049 rei,
2919 3002 3018 3056 pro
3059 3001 3169 3056 qua
3188 2985 3418 3055 petitur,
3454 2984 3720 3055 postulat.

2135 3040 2178 3101 ϐ
2267 3077 2638 3145 Suscepturus
2663 3073 2957 3143 judicium,
2992 3079 3091 3125 aut
3108 3072 3224 3125 sola
3235 3071 3503 3142 grossiori
3522 3071 3677 3140 virga
3704 3086 3796 3123 su-

2193 3183 2294 3236 per
2313 3164 2650 3218 stamineum
2683 3161 3024 3224 verberetur,
3060 3167 3116 3214 et
3136 3167 3450 3231 prostratus
3471 3161 3674 3230 jaceat,
3697 3163 3798 3214 aut

2193 3254 2447 3324 pluribus
2461 3250 2850 3322 gracilioribus
2875 3250 3126 3318 virgis,et
3143 3250 3326 3303 nudus
3342 3249 3553 3310 sedeat.
3577 3254 3797 3303 utrum-

2194 3360 2304 3414 que
2333 3343 2401 3397 ad
2431 3341 2726 3396 arbitrium
2760 3341 2878 3409 ejus
2907 3340 3003 3410 qui
3033 3346 3236 3410 praeest
3263 3339 3798 3400 ordini,considera-

2193 3439 2254 3486 ta
2285 3431 2555 3502 qualitate
2586 3436 2643 3484 et
2669 3429 2983 3500 quantitate
3009 3429 3204 3499 culpae,
3229 3429 3364 3482 dum
3379 3429 3689 3502 corporalis
3710 3428 3796 3482 di—

2194 3521 2428 3592 sciplina
2455 3519 2711 3577 infertur,
2745 3519 2946 3573 fratres
2977 3535 3171 3572 omnes
3203 3518 3470 3572 inclinato
3492 3518 3676 3588 capite
3705 3519 3798 3573 de-

2199 3608 2331 3671 bent
2357 3625 2497 3670 esse,
2532 3615 2588 3661 et
2626 3607 2718 3678 pio
2744 3613 2801 3660 et
2829 3607 3074 3660 fraterno
3105 3608 3303 3661 all‘ectu
3348 3609 3796 3678 compassionem

2197 3716 2364 3772 super
2390 3716 2517 3753 eum
2547 3697 2772 3752 habere.
2805 3697 3038 3751 Interim
3070 3698 3126 3751 in
3157 3698 3400 3768 capitulo
3435 3715 3605 3754 nemo
3631 3699 3799 3754 debet

2197 3790 2370 3860 loqui,
2401 3805 2565 3842 nemo
2595 3788 2662 3840 ad
2687 3787 2841 3840 illum
2867 3788 3114 3857 aspicere
3133 3787 3374 3857 exceptis
3391 3789 3657 3858 gravibus
3676 3807 3798 3860 per-

2197 3880 2369 3943 sonis,
2403 3877 2606 3949 quibus
2656 3877 2786 3930 licet
2815 3893 2913 3946 pro
2958 3893 3022 3930 eo
3081 3876 3444 3932 intercedere.
3479 3877 3790 3942 Clamatus,

2196 3984 2365 4038 super
2387 3983 2514 4020 eum
2546 3983 2579 4019 a
2600 3981 2709 4035 quo
2731 3965 3002 4019 clamatus
3033 3970 3136 4020 est.
3166 3964 3222 4018 in
3262 3963 3380 4035 ipso
3404 3965 3654 4035 capitulo
3682 3967 3795 4020 cla-

2199 4074 2412 4112 morem
2447 4056 2625 4110 facere
2655 4071 2764 4108 non
2793 4055 2938 4118 licet,
2963 4053 3314 4124 disciplinam
3343 4055 3693 4124 corporalem
3717 4055 3796 4110 in-

511 4152 576 4202 ta
605 4150 768 4201 aetate
805 4145 1058 4198 facturus
1099 4145 1500 4215 professionem
1547 4146 1736 4213 fuerit,
1769 4148 1908 4201 fiant
1937 4148 1987 4202 ei
2017 4165 2116 4203 caa-
2196 4146 2359 4200 ferat.
2393 4142 2818 4216 quicunqueille
2848 4142 2922 4198 sit
2949 4142 3039 4196 cui
3067 4143 3134 4198 ab
3157 4142 3359 4196 abbate
3383 4143 3469 4196 vel
3501 4143 3688 4213 priore
3717 4144 3798 4198 in-

516 4237 661 4298 tera,
689 4249 812 4303 quae
838 4233 1094 4304 superius
1123 4233 1325 4289 debere
1368 4235 1489 4290 fieri
1525 4252 1790 4290 converso
1831 4237 1949 4306 jam
1979 4238 2115 4292 dixi-
2191 4234 2472 4307 jungitur,
2498 4234 2603 4288 hoc
2631 4231 2942 4293 observato,
2961 4231 3352 4286 neinfantibus
3379 4233 3793 4301 veljuvenibus,

517 4339 645 4378 mus
669 4341 682 4389 ;
723 4324 828 4378 hoc
865 4323 1035 4393 enim,
1071 4324 1220 4394 quod
1248 4326 1414 4379 modo
1433 4327 1645 4381 factum
1663 4332 1768 4393 est,
1794 4327 2293 4386 itcrapinonDaut
2320 4323 2544 4378 novitiis
2567 4323 2623 4376 id
2654 4322 2836 4376 facere
2856 4322 3211 4392 injungatur;
3241 4338 3408 4376 nemo
3428 4321 3506 4375 ibi
3536 4339 3666 4376 cum
3685 4340 3796 4379 uno

518 4418 757 4485 oportet.

1088 4539 1321 4594 CAPUT
1340 4539 1542 4598 XVIII.

988 4667 1064 4720 De
1093 4668 1334 4735 capitulo
1365 4669 1643 4734 regulari.

589 4773 755 4829 Omni
768 4772 858 4827 die
871 4772 1089 4826 minimi
1101 4771 1342 4843 signi,ad
1358 4773 1765 4843 designandum
1779 4777 2086 4846 capitulum
2096 4819 2110 4844 ,

515 4863 815 4935 incipiente
841 4881 996 4929 sono,
1028 4863 1231 4916 fratres
1261 4878 1456 4916 omnes
1486 4863 1581 4934 qui
1619 4865 1816 4919 sedent
1845 4865 1903 4919 in
1943 4867 2111 4920 choro

517 4954 709 5009 statim
739 4969 988 5024 surgere,
1015 4956 1071 5006 et
1099 4952 1245 5005 versi
1275 4952 1344 5006 ad
1368 4953 1642 5006 orientem
1669 4954 1890 5008 interim
1909 4955 2116 5009 debent

519 5048 704 5110 stare;
739 5043 941 5096 fratres
970 5057 1212 5112 quoque,
1259 5041 1353 5110 qui
1398 5041 1602 5095 alicubi
1659 5043 1716 5096 in
1773 5044 2112 5098 monasterio

517 5138 667 5198 sunt,
691 5132 922 5186 chorum
957 5130 1167 5184 intrare
1215 5131 1416 5184 Nullus
1447 5148 1639 5186 eorum
1663 5131 1868 5186 librum
1900 5137 2108 5198 teneat,

517 5223 704 5276 nullus
725 5221 783 5275 in
807 5221 949 5274 libro
974 5219 1186 5290 aliquid
1215 5220 1383 5290 legat,
1421 5227 1520 5274 aut
1547 5221 1807 5291 incipiat;
1838 5222 2022 5274 nullus
2051 5222 2108 5275 in

516 5310 760 5364 claustro
787 5325 888 5380 pro
919 5307 1169 5378 qualibet
1185 5309 1624 5363 occasionetunc
1648 5309 1874 5374 sedeat;
1907 5310 2108 5379 praedi-

515 5399 589 5454 cti
628 5398 774 5469 signi
803 5404 1056 5453 cessante
1084 5400 1290 5462 sonitu,
1326 5398 1728 5469 praecedentem
1761 5398 2004 5467 priorem
2027 5416 2110 5453 se-

517 5493 762 5558 quantur
789 5487 904 5555 alii,
935 5489 1080 5543 sicut
1109 5495 1194 5544 est
1207 5489 1342 5544 ordo
1368 5488 1742 5543 Conversionis
1772 5504 1982 5542 eorum.

587 5576 1017 5634 Considentibus
1045 5579 1310 5635 fratribus
1332 5579 1390 5634 in
1411 5578 1677 5651 capitulo,
1703 5578 1774 5633 ad
1793 5584 1992 5635 nutum
2015 5596 2106 5634 or-

2194 4419 2292 4467 aut
2323 4412 2574 4484 pluribus
2594 4421 2808 4466 secreto
2833 4412 3129 4482 loquatur;
3171 4412 3442 4484 quidquid
3462 4411 3590 4482 quis
3620 4413 3798 4484 loqui-

2195 4507 2290 4560 tur
2319 4519 2354 4556 a
2380 4507 2595 4556 rectore
2626 4501 2858 4566 ordinis,
2893 4508 2950 4556 et
2978 4518 3011 4556 a
3040 4507 3158 4555 toto
3191 4507 3464 4556 conventu
3495 4502 3787 4559 audiatur.

2269 4593 2463 4647 Sermo
2482 4597 2703 4646 tantum
2725 4591 2800 4645 sit
2820 4591 2888 4644 de
2909 4591 3159 4656 utilibus,
3195 4597 3250 4644 et
3274 4591 3342 4644 de
3368 4591 3434 4644 iis
3455 4608 3583 4661 quae
3604 4592 3677 4646 ad
3706 4608 3797 4646 or-

2196 4681 2382 4736 dinem
2415 4682 2714 4752 pertinent.
2751 4681 3014 4750 loquente
3061 4697 3171 4734 uno
3210 4686 3436 4735 taceant
3465 4680 3590 4745 alii;
3625 4680 3797 4735 verba

2194 4772 2474 4842 loquentis
2503 4788 2666 4825 nemo
2695 4770 3074 4841 interrumpat
3101 4776 3304 4841 przeter
3331 4787 3457 4824 eum
3491 4770 3585 4840 qui
3612 4776 3798 4825 rector

2198 4867 2282 4916 est
2302 4861 2531 4925 ordinis,
2563 4860 2648 4914 cui
2681 4860 2810 4914 licet
2838 4860 3088 4931 loquenti
3121 4861 3418 4932 praecipere
3443 4868 3507 4914 ut
3534 4860 3720 4923 sileat,
3748 4859 3794 4913 si

2197 4952 2339 5004 forte
2357 4950 2406 5004 ei
2425 4966 2608 5004 sermo
2627 4951 2717 5003 ille
2734 4966 2797 5004 su
2807 4951 3133 5019 perﬂuus.et
3147 4951 3360 5004 inutilis
3383 4950 3795 5004 videatur.Rec~

2196 5044 2318 5094 tore
2337 5037 2858 5108 ordinisincipiente
2871 5038 3040 5108 loqui.
3059 5038 3279 5092 etiamsi
3300 5039 3504 5108 aliquis
3522 5037 3790 5109 loqueba-

2196 5132 2516 5195 tur,taceat,
2534 5134 2590 5182 et
2612 5127 2681 5182 ab
2702 5126 2962 5180 omnibus
2983 5126 3265 5181 silentium
3283 5144 3566 5181 summum
3595 5128 3713 5181 fiat.

2785 5217 3018 5270 CAI'UT
3048 5218 3190 5271 XlX.

2426 5305 2489 5358 Si
2513 5308 2636 5373 quis
2655 5306 2834 5372 frater
2872 5308 3066 5358 altiori
3089 5307 3270 5372 gradu
3299 5307 3556 5363 donetur.

2264 5396 2319 5450 Si
2352 5397 2534 5466 placet
2552 5396 2736 5450 abbati
2769 5395 3013 5466 aliquem
3035 5397 3262 5451 fratrem
3297 5413 3397 5468 pro
3433 5396 3549 5450 suis
3573 5397 3790 5451 meritis

2193 5485 2560 5550 honorare,et
2587 5488 2939 5542 considerata
2968 5503 3215 5557 personae
3237 5487 3357 5559 ejus
3380 5487 3698 5550 honestate.
3729 5487 3787 5544 in

2192 5581 2466 5652 superiori
2495 5583 2616 5636 loco
2644 5587 2915 5648 statuere,
2936 5582 3149 5648 audito,
3174 5582 3350 5638 frater
3367 5582 3483 5648 ille,
3501 5581 3574 5637 ab
3585 5581 3789 5638 abbate
