3892 6352
117 307 225 362 sos
1081 304 1411 363 uacuam
1446 303 1589 360 PRO
1629 285 1904 362 osa-mn
1945 307 2005 363 s.
2049 301 2454 362 cnnamum.
3288 293 3392 352 506

110 431 352 488 sedente
377 431 439 486 in
460 429 724 502 capitulo,
757 429 842 485 Ite
869 429 1125 501 superius
1163 430 1359 486 sedere
1371 431 1532 500 juxta
1556 430 1717 487 illum
1733 431 1791 493 Α
2397 423 2633 490 CAPUT
2659 421 2808 480 XXI.

108 521 347 575 fratrem
370 539 383 586 ;
418 520 613 574 statim
645 535 883 587 surgens
903 519 970 572 ad
1004 519 1172 589 pedes
1199 518 1416 574 abbatis
1444 519 1628 582 vadat,
1661 525 1720 574 et
2225 521 2299 573 De
2323 515 2624 582 disciplina
2642 525 2968 580 puerorum.

113 616 311 681 postea
331 609 403 663 ad
455 610 640 663 locum
667 609 760 662 ubi
794 608 1116 678 przecipitur
1142 625 1360 662 sessum
1403 614 1619 678 pergat,
1661 614 1720 662 et
1868 610 2145 664 Talihora
2161 607 2316 678 prior
2328 619 2493 658 mane
2509 600 2919 681 adexcitandos
2936 598 3397 654 fratressonitum

115 716 181 754 ex
210 699 310 753 illa
331 697 425 751 die
472 702 648 762 τοι
700 697 759 750 in
791 696 1151 764 monasterio,
1191 701 1248 750 et
1278 696 1629 767 processione
1661 701 1720 752 et
1798 698 1963 753 debet
1991 699 2190 760 facere,
2236 701 2302 748 ut
2344 691 2504 764 pueri
2535 678 2696 744 factis
2723 688 2903 744 solitis
2931 686 3297 752 orationibus,
3337 687 3397 744 in

117 787 416 844 refectorio
438 787 624 857 ipsum
654 787 836 840 locum
876 785 1110 852 habeat;
1145 786 1353 840 laicum
1387 803 1717 841 conversum
1800 789 2044 843 claustro
2063 787 2283 840 valeant
2301 780 2761 851 legere.Quicum
2777 779 2964 848 legere
2978 777 3244 833 inchoent
3263 777 3392 841 alte,

117 877 317 931 beatus
348 875 689 930 Benedictus
729 891 840 930 non
871 875 1124 946 praecipit
1151 874 1342 928 taliter
1378 875 1714 945 promoveri.
1801 877 2052 949 quandiu
2082 877 2277 945 legunt
2295 870 2540 943 separati
2563 869 2634 922 ab
2674 868 2910 924 invicem
2959 867 3039 922 ita
3067 867 3302 921 sedeant
3336 871 3402 922 ut

121 967 175 1020 Si
203 971 402 1020 tamen
426 963 618 1018 abbati
649 979 969 1035 promovere
1000 980 1129 1018 cum
1177 963 1470 1034 placuerit,
1510 964 1714 1028 locum,
1803 967 1946 1021 alter
1970 966 2210 1020 alterum
2241 978 2342 1017 nec
2370 958 2628 1014 manibus
2657 973 2762 1012 nec
2788 955 3033 1011 vestibus
3071 955 3400 1024 contingere

124 1071 284 1124 quem
303 1054 365 1108 in
395 1052 644 1123 capitulo
665 1052 914 1122 suscipit,
949 1052 1006 1106 in
1043 1051 1336 1107 refectorio
1365 1053 1534 1106 etiam
1558 1057 1720 1107 tene-
1801 1055 1998 1126 possit.
2022 1053 2212 1108 Infans
2230 1049 2430 1106 infanti
2460 1064 2572 1104 non
2592 1047 2750 1115 signo
2784 1045 3056 1108 minuere,
3090 1061 3202 1099 non
3231 1044 3399 1100 verbo

123 1144 218 1207 bit,
253 1144 312 1198 in
341 1143 687 1198 monasterio
727 1158 874 1204 vero,
925 1147 982 1196 et
1007 1142 1378 1212 processione,
1419 1159 1591 1212 super
1626 1159 1721 1198 eos
1804 1142 2012 1213 aliquid
2031 1139 2357 1204 dicere,nisi
2384 1137 2608 1193 vidente
2637 1141 2805 1206 atque
2832 1133 3098 1190 audiente
3127 1132 3398 1202 magistro

125 1248 420 1287 conversos
467 1249 588 1287 esse
628 1231 935 1302 jubebitur,
969 1230 1170 1301 quibus
1199 1232 1372 1287 frater
1412 1233 1525 1298 ille,
1561 1233 1724 1302 juxta
1803 1236 2126 1304 praesumat,
2158 1246 2268 1283 non
2294 1229 2364 1283 de
2391 1229 2510 1284 loco
2540 1225 2598 1280 in
2630 1240 2742 1296 quo
2767 1223 2927 1278 sedet
2953 1222 3074 1277 sine
3117 1225 3394 1292 praecepto

126 1339 284 1392 quem
319 1323 507 1377 locum
538 1321 726 1376 habet.
750 1322 904 1392 prior
922 1336 1045 1374 esse
1074 1320 1434 1390 dignoscitur.
1804 1322 1889 1375 vel
1919 1319 2145 1374 licentia
2169 1323 2383 1388 surgat.

191 1408 435 1464 Evenire
467 1414 652 1480 potest
672 1425 797 1462 cum
841 1408 1165 1477 hujusmodi
1193 1408 1471 1478 promotio
1496 1407 1724 1462 ordina-
1876 1411 2224 1479 Quocunque
2252 1409 2498 1481 pergunt
2525 1403 2767 1462 infantes
2787 1417 2934 1456 unus
2963 1398 3231 1470 magister
3251 1397 3400 1454 inter

129 1504 214 1552 tur
235 1504 302 1553 ut
333 1497 598 1552 absentes
628 1497 742 1552 sint
776 1496 950 1567 aliqui
989 1496 1192 1550 fratres
1234 1497 1457 1550 honesti
1482 1502 1539 1551 et
1563 1496 1724 1552 bonis
1805 1501 1946 1554 duos
1967 1499 2208 1552 infantes
2228 1497 2315 1551 sit.
2341 1497 2721 1550 Transeuntes
2741 1497 2872 1545 ante
2900 1490 3102 1544 fratres
3129 1487 3400 1543 inclinent

128 1586 444 1642 actionibus
472 1585 725 1657 pmditi;
759 1583 962 1655 quibus
982 1583 1133 1654 prior
1153 1585 1224 1639 sit
1243 1585 1546 1648 fraterille,
1561 1585 1722 1653 juxta
1804 1589 2092 1653 fratribus,
2144 1592 2202 1641 et
2237 1586 2444 1641 fratres
2471 1583 2553 1639 eis
2581 1581 2842 1637 sedentes
2878 1583 3138 1644 tantum;
3181 1575 3398 1632 duobus

126 1691 283 1745 quem
315 1683 608 1745 promotus
637 1674 830 1728 sedere
842 1672 1103 1742 jubetur;
1123 1678 1180 1727 et
1203 1673 1328 1728 ideo
1354 1673 1724 1728 determinate
1805 1695 1919 1734 una
1939 1675 2439 1740 laternasufﬁciat;
2471 1672 2519 1726 si
2547 1677 2663 1726 tres
2681 1669 2920 1731 fuerint,
2942 1667 3148 1722 tertius
3163 1666 3398 1720 alterum

126 1769 343 1834 oportet
372 1764 427 1818 ei
446 1763 505 1817 in
535 1763 780 1834 capitulo
809 1762 920 1815 dici
941 1768 1132 1816 utrum
1168 1779 1338 1833 super
1364 1763 1514 1834 ipsos
1553 1763 1722 1816 etiam
1740 1749 1785 1807 Β
1804 1773 2016 1840 portet;
2045 1766 2091 1818 si
2111 1766 2301 1836 plures
2320 1762 2550 1826 fuerint,
2573 1761 2678 1814 hoc
2691 1759 2886 1813 ordine
2905 1757 3308 1828 disponantur:
3342 1753 3400 1809 in

125 1852 398 1916 absentes,
430 1868 559 1907 cum
614 1851 903 1915 redierint,
960 1867 1079 1905 esse
1121 1851 1340 1905 debeat.
1395 1851 1722 1921 Ingrediens
1803 1857 2013 1911 nullius
2043 1870 2273 1908 manum
2301 1851 2512 1922 aliquid
2541 1850 2714 1915 dent;
2747 1849 2818 1901 de
2845 1846 3056 1902 nullius
3106 1860 3276 1898 manu
3305 1843 3401 1897 ali.

125 1940 292 1995 frater
317 1941 630 2010 capitulum
663 1939 1020 2010 loquentibus
1049 1939 1175 1994 aliis
1221 1941 1520 1994 Benedictis
1549 1941 1719 1995 dicat.
1803 1947 1935 2017 quid
1967 1944 2244 2015 accipiant
2271 1942 2377 1995 nisi
2397 1939 2634 2001 abbatis,
2654 1937 2859 2008 prioris
2874 1935 3121 2004 majoris,
3141 1933 3401 2004 magistri

127 2030 432 2100 Egrediens
461 2046 592 2084 vero
643 2029 690 2083 si
718 2035 805 2084 est
833 2045 1161 2083 reversurus
1188 2045 1288 2083 nec
1318 2034 1448 2083 ante
1478 2034 1536 2084 et
1568 2035 1719 2085 retro
1803 2051 2014 2090 eorum.
2050 2037 2108 2086 et
2131 2033 2236 2085 hoc
2257 2045 2370 2083 non
2399 2026 2730 2098 ubique,sed
2760 2025 2816 2079 in
2847 2021 3109 2093 congruis
3131 2021 3284 2083 locis,
3294 2019 3401 2106 .ubi

129 2116 303 2183 faciat,
329 2135 438 2172 nec
467 2121 769 2173 Benedicitc
814 2119 992 2184 dicat;
1025 2117 1074 2170 si
1103 2134 1216 2173 non
1244 2124 1332 2173 est
1367 2135 1716 2186 reversurus,
1803 2125 1966 2178 aliter
1994 2138 2115 2176 esse
2147 2137 2258 2174 non
2280 2118 2474 2190 possit,
2507 2121 2606 2170 aut
2641 2131 2754 2169 non
2774 2112 3008 2174 debeat;
3043 2115 3239 2164 cantor
3258 2124 3398 2180 que-.-

129 2212 430 2278 ιιιωωίιηθ
460 2212 609 2278 ³8⁸³⁵·
1806 2229 1932 2285 que,
1968 2228 2094 2266 cum
2125 2210 2182 2264 in
2214 2207 2417 2263 scholis
2443 2221 2638 2260 eorum
2660 2209 2765 2266 est,
2787 2206 2970 2273 potest
2984 2200 3190 2254 librum
3211 2198 3270 2252 in
3289 2213 3400 2268 qua

731 2296 966 2352 CAPUT
995 2297 1114 2351 ΧΧ-
1806 2301 2021 2357 cantari
2051 2305 2150 2354 aut
2178 2298 2288 2368 legi
2309 2295 2493 2361 debet,
2517 2295 2652 2349 dare
2682 2293 2782 2358 eis,
2817 2297 2874 2345 et
2901 2289 3152 2361 accipere
3198 2286 3268 2341 ab
3297 2286 3398 2350 eis.

625 2385 699 2438 De
727 2386 1203 2452 callfraternitate.
1804 2393 1890 2447 Ad
1926 2391 2104 2444 altare
2127 2388 2173 2443 si
2202 2387 2472 2449 serviunt,
2503 2385 2642 2438 dant
2670 2383 2842 2437 etiam
2892 2379 2973 2434 ibi
3002 2386 3059 2433 et
3095 2376 3398 2448 accipiunt,

195 2473 506 2530 Monachus
535 2473 814 2544 petiturus
867 2474 1094 2528 concedi
1151 2472 1258 2528 sibi
1310 2473 1638 2529 societatem
1669 2478 1728 2528 et
1807 2483 1952 2536 sicut
1980 2479 2207 2534 ordines
2236 2493 2430 2532 eorum
2463 2477 2787 2545 exposcunt.
2822 2472 2886 2524 In
2911 2469 3157 2540 capitulo
3183 2482 3287 2521 suo
3305 2481 3402 2519 να·-

131 2561 460 2620 beneﬁcium
491 2563 843 2630 monasterii,
891 2562 1245 2618 introductus
1282 2565 1340 2616 in
1395 2564 1724 2634 capitulum,
1810 2570 2026 2641 putent,
2056 2567 2203 2622 sicut
2227 2566 2468 2635 majores
2497 2562 2555 2616 in
2577 2560 2774 2631 majori
2804 2557 3066 2630 capitulo-

133 2654 433 2708 Benedictis
463 2651 649 2715 dicat;
675 2651 876 2706 deinde
901 2658 1216 2722 prostratus
1245 2653 1316 2706 ad
1362 2653 1600 2722 gradum
1633 2651 1726 2707 ubi
1881 2656 2204 2714 Confessuri
2233 2655 2301 2709 ad
2332 2653 2612 2716 abbatem,
2645 2650 2733 2704 vel
2781 2649 2853 2703 ad
2903 2647 3145 2719 priorem
3173 2643 3401 2710 vadunt,

128 2741 475 2796 consuetudo
498 2745 602 2802 est.
638 2740 1021 2811 interrogatus
1064 2742 1197 2811 quid
1239 2742 1408 2803 dicat,
1443 2742 1645 2796 humili
1674 2747 1730 2796 et
1814 2749 1896 2802 vel
1933 2747 2003 2800 ad
2035 2763 2130 2800 eos
2159 2761 2298 2815 quos
2329 2742 2648 2814 specialiter
2673 2741 2732 2794 in
2760 2737 3004 2808 capitulo
3031 2732 3408 2804 designaverit

131 2831 327 2885 devoto
351 2830 524 2883 corde
544 2829 602 2884 in
632 2829 719 2884 his
768 2829 949 2884 verbis
976 2831 1312 2901 respondeat
1342 2849 1352 2884 :
1383 2852 1407 2883 (ι
1456 2832 1591 2885 Peto
1630 2847 1730 2902 per
1810 2836 2004 2902 abbas,
2025 2837 2159 2891 dum
2179 2835 2480 2888 conﬁtetur
2507 2847 2673 2894 unus,
2697 2828 2892 2884 sedeat
2927 2827 3072 2880 alter
3109 2825 3169 2878 in
3198 2839 3405 2894 suppe-

131 2917 580 2998 miserieordiam
623 2919 725 2973 Dei
751 2924 810 2973 et
833 2924 1096 2984 vestram,
1129 2924 1184 2973 et
1212 2919 1462 2974 omnium
1490 2919 1724 2974 itorum
1809 2926 2008 2988 daneo,
2044 2924 2314 2993 magistro
2342 2936 2538 2975 eorum
2569 2923 2726 2974 extra
2751 2915 3059 2987 capitulum
3086 2912 3317 2976 sedente
3343 2911 3405 2964 in

131 3009 423 3066 seniorum
449 3007 780 3062 societatem
809 3013 866 3062 et
895 3007 1224 3063 beneﬁcium
1253 3009 1423 3080 hujus
1448 3015 1728 3063 monaste-
1750 3071 1788 3086 Α
1810 3013 2081 3086 proximo.

132 3098 199 3151 rii
226 3117 238 3151 :
276 3117 305 3151 ι
339 3113 452 3168 quo
479 3096 650 3158 dicto,
681 3097 1021 3168 respondeat
1047 3097 1254 3151 abbas:
1293 3071 1790 3169 c'OmnipotensC
1811 3071 1828 3086 ³
1886 3102 1944 3156 Si
1975 3106 2102 3172 post
2126 3115 2369 3159 versum.
2417 3097 2513 3169 qui
2562 3100 2696 3150 ante
2738 3093 2928 3148 cibum
2967 3089 3192 3155 dicitur,
3217 3089 3406 3159 iligna,

133 3186 410 3240 Dominus
431 3186 702 3240 concedat
729 3184 883 3240 vobis
905 3186 1052 3257 quod
1081 3187 1330 3257 quaeritis
1361 3192 1418 3241 et
1444 3187 1564 3258 ipse
1595 3204 1733 3258 prae-
1815 3191 2052 3245 diuntur
2078 3189 2458 3252 refectorium,
2489 3186 2574 3240 vel
2597 3189 2726 3256 post
2751 3179 3178 3251 Gloriamprimi
3207 3177 3408 3249 paulun

129 3280 238 3329 stet
266 3274 430 3329 vobis
459 3275 801 3329 consortium
832 3275 1135 3329 electorum
1175 3291 1426 3330 suorum.
1465 3293 1491 3328 ν
1534 3277 1734 3330 Postea
1817 3281 1885 3335 ad
1915 3281 2083 3334 horas
2102 3280 2318 3332 intrant
2346 3277 2603 3336 chorum,
2635 3273 2742 3345 ipsi
2799 3271 3027 3343 quidem
3055 3268 3128 3322 ad
3155 3267 3280 3322 loca
3304 3281 3411 3321 sua

123 3365 314 3434 jussus
335 3379 572 3434 surgere
597 3364 827 3423 accedat
852 3364 923 3418 ad
978 3363 1256 3428 abbatem,
1291 3371 1347 3418 et
1401 3364 1472 3418 ab
1530 3381 1595 3418 eo
1633 3382 1733 3432 per
1812 3370 2039 3435 vadant,
2075 3368 2238 3423 solito
2266 3383 2423 3420 more
2451 3364 2753 3428 inclinent;
2787 3359 3199 3431 magistervero
3215 3371 3411 3412 eorum

128 3453 333 3509 librum
364 3453 576 3522 regulae
613 3458 801 3507 sumat
848 3453 1177 3508 monasterii
1235 3454 1578 3508 societatem.
1609 3454 1732 3518 Qua
1813 3459 1884 3514 ad
1919 3459 2040 3514 loca
2069 3475 2192 3529 quae
2219 3453 2574 3511 tardantibus
2604 3451 2866 3506 instituta
2892 3453 3026 3504 sunt
3046 3451 3158 3506 89‘3-

131 3547 377 3614 sumpta.
410 3546 752 3612 acceptoque
775 3540 845 3596 ab
871 3558 936 3595 eo
973 3542 1160 3596 osculo
1188 3542 1420 3597 inclinet
1441 3560 1501 3597 se
1528 3543 1600 3597 ad
1627 3559 1726 3614 pe-
1881 3553 2071 3613 πω
2099 3548 2301 3610 Puero,
2336 3544 2428 3616 qui
2463 3549 2595 3597 ante
2649 3555 2902 3594 mensam
2957 3536 3177 3592 abbatis
3215 3535 3407 3602 servit,

130 3630 227 3685 des
252 3629 499 3695 abbatis,
536 3629 738 3683 deinde
770 3631 1056 3685 osculetur
1101 3647 1295 3686 omnes
1323 3632 1525 3686 fratres
1548 3633 1606 3686 in
1625 3631 1728 3685 cir-
1809 3636 2150 3691 abstinentia
2179 3635 2289 3690 cibi
2316 3633 2402 3688 vel
2433 3639 2598 3704 potus
2626 3631 2749 3685 sine
2775 3630 2898 3699 ejus
2915 3631 3196 3699 pracepte
3241 3623 3413 3679 mini-

133 3719 310 3776 cuitu.
351 3719 477 3783 Quo
496 3718 645 3773 facto
674 3726 987 3774 revertatur
1000 3721 1069 3774 ad
1092 3721 1273 3775 locum
1291 3721 1383 3775 ubi
1409 3738 1468 3776 se
1483 3726 1729 3792 prostra-
1815 3742 1906 3779 me
1935 3725 2286 3795 injungatur.
2311 3721 2470 3787 Quod
2515 3720 2561 3774 si
2590 3718 2950 3791 praecipiente
2976 3731 3044 3770 eo
3072 3714 3409 3784 injungitur,

133 3809 228 3875 vit,
250 3809 449 3879 ibique
468 3814 585 3863 tres
597 3825 844 3878 genuum
864 3810 1130 3864 ﬂexiones
1153 3811 1320 3865 solito
1349 3827 1505 3864 more
1543 3811 1728 3866 faciat.
1815 3820 1915 3870 aut
1943 3815 1994 3868 ei
2022 3815 2400 3884 indulgeatur,
2435 3816 2534 3866 aut
2556 3807 2780 3863 interim
2811 3822 2846 3859 α
2882 3820 3078 3858 mensa
3092 3802 3311 3856 abbatis
3328 3816 3414 3855 νϐ’

132 3897 358 3951 Fratres
388 3913 518 3950 vero
541 3896 813 3952 inclinent
843 3898 1131 3955 ei.dehinc
1153 3898 1508 3970 praecipiente
1532 3898 1734 3953 abbate
1814 3909 2124 3963 moveatur,
2159 3903 2218 3956 in
2247 3902 2415 3955 choro
2445 3903 2718 3971 prasente
2745 3895 2964 3957 abbate,
2997 3891 3106 3946 nisi
3133 3893 3411 3962 praecepto

132 4003 350 4042 sessum
394 3985 580 4050 vadat,
624 3986 916 4057 des-ignoto
954 3986 1006 4041 ei
1046 3988 1202 4058 prius
1229 3988 1370 4056 loco,
1404 3989 1500 4043 ubi
1537 3989 1730 4042 sedere
1815 3993 1958 4064 ejus,
2011 3992 2201 4046 nullus
2249 4006 2345 4044 eos
2394 3987 2689 4060 percutiat,
2737 3983 2927 4042 nullus
2979 3995 3186 4034 exuere
3220 3977 3410 4032 faciat.

132 4075 353 4130 debeat
1814 4082 2060 4137 Absente
2088 4097 2172 4144 eo,
2197 4084 2394 4133 cantor
2420 4078 2490 4131 de
2519 4076 2586 4129 iis
2637 4091 2764 4145 quae
2813 4071 2899 4127 sui
2951 4068 3118 4125 ofﬁcii
3152 4071 3290 4122 sunt
3316 4082 3412 4120 eos

199 4166 380 4220 Porro
408 4163 458 4219 si
488 4164 660 4219 abbas
706 4163 895 4230 fuerit,
937 4163 1290 4236 ingrediente
1331 4182 1396 4220 eo
1425 4166 1485 4220 in
1513 4167 1732 4238 capitu-
1815 4172 2069 4241 castiget.
2103 4169 2267 4224 Prior
2285 4183 2412 4221 vero
2437 4167 2507 4220 de
2533 4163 2750 4218 cat-eris
2788 4162 2848 4216 in
2893 4158 3098 4232 quibus
3124 4174 3187 4213 se
3216 4157 3414 4212 leviter

132 4256 269 4322 lum,
303 4260 464 4309 totus
521 4260 825 4309 conventus
879 4254 930 4309 ei
978 4260 1256 4326 assurgat,
1287 4259 1344 4310 et
1369 4256 1568 4311 tandiu
1623 4261 1736 4311 stet
1815 4261 2044 4314 habent.
2081 4258 2409 4328 Ubicunque
2457 4254 2571 4309 sint
2625 4256 2828 4324 praiter
2855 4264 3126 4323 personas
3151 4245 3412 4318 superius

134 4360 427 4416 quousque
451 4343 625 4398 humo
653 4349 990 4415 prostratus,
1032 4344 1176 4399 sicut
1203 4345 1479 4416 superius,
1509 4346 1798 4420 petitio-n
1818 4350 2158 4420 designatas,
2191 4346 2379 4401 nullus
2405 4344 2486 4399 eis
2541 4344 2770 4415 signum
2821 4340 3010 4406 faciat,
3045 4338 3232 4392 nullus
3268 4333 3414 4390 arri-

133 4449 259 4488 nem
286 4432 476 4498 faciat,
508 4439 566 4486 et
596 4438 816 4488 erectus
848 4450 976 4488 cum
1031 4433 1318 4487 monachis
1355 4435 1471 4488 suis
1497 4432 1798 4490 societa-"
1818 4441 1968 4494 deat.

131 4527 244 4578 tem
273 4521 564 4593 suscipiat,
588 4539 766 4594 eaque
794 4527 1054 4593 suscepta
1079 4524 1242 4594 juxta
1267 4523 1528 4578 abbatem
1549 4525 1733 4580 consi-
1888 4529 1953 4584 In
1976 4527 2222 4582 scholam
2240 4540 2435 4580 eorum
2453 4523 2642 4578 nullus
2667 4519 3037 4593 ingrediatur,
3064 4516 3258 4572 nullus
3281 4529 3414 4570 cum

133 4612 260 4667 deat
286 4629 300 4677 ;
332 4611 594 4666 monachi
617 4628 769 4679 vero,
795 4613 914 4681 ejus
939 4612 1206 4667 societate
1234 4619 1512 4684 suscepta,
1527 4615 1733 4669 reversi
1818 4619 1899 4673 eis
1930 4615 2133 4671 alicubi
2158 4617 2442 4686 loquatur,
2474 4613 2582 4668 nisi
2612 4612 2719 4666 sibi
2762 4610 2832 4665 ab
2883 4608 3087 4664 abbate
3114 4606 3202 4661 vel
3227 4604 3414 4677 priore

137 4702 204 4756 ad
231 4703 444 4766 locum,
473 4699 570 4754 ubi
617 4717 677 4755 se
733 4707 1176 4772 prostraverunt,
1208 4708 1325 4758 tres
1367 4720 1615 4774 genuum
1641 4706 1735 4759 fle-
1817 4705 2166 4778 ingrediendi
2192 4705 2279 4758 vel
2307 4702 2572 4774 loquendi
2602 4700 2829 4760 licentia
2849 4698 3207 4753 concedatur.

135 4790 347 4856 xiones,
377 4789 793 4862 sicutsuperius
814 4791 1024 4846 dictum
1049 4797 1153 4858 est,
1187 4792 1412 4854 faciant.
1427 4791 1738 4863 Egredien-
1891 4793 2216 4850 Meridianis
2265 4791 2418 4846 horis
2464 4791 2523 4844 in
2548 4789 2707 4843 lectis
2732 4788 2849 4842 suis
2881 4801 3170 4857 nunquam
3200 4785 3410 4855 legant,

135 4885 216 4935 tes
249 4883 459 4935 fratres
487 4880 816 4952 decapitulo
846 4881 1173 4937 osculantur
1201 4882 1374 4937 abbas
1395 4887 1451 4936 et
1479 4884 1737 4938 monachi
1819 4884 1959 4939 nihil
1981 4883 2132 4938 aliud
2155 4882 2230 4937 ibi
2249 4885 2441 4952 agant,
2461 4878 2554 4933 sed
2571 4877 2819 4948 cooperti
2845 4881 3068 4931 tantum
3083 4874 3376 4944 quiescant
3399 4887 3410 4923 :

135 4971 278 5040 θέσει
1820 4991 1986 5034 unus,
2017 4989 2188 5044 super
2241 4971 2380 5025 alios
2425 4967 2742 5039 magistros,
2791 4966 2870 5020 sit
2919 4963 3192 5034 magister
3217 4975 3416 5016 eorum

201 5058 261 5113 Si
294 5059 478 5128 major
533 5057 891 5130 congregatio
934 5057 1125 5126 fuerit,
1181 5059 1252 5114 ab
1301 5061 1489 5114 osculo
1531 5061 1737 5116 cessari
1819 5071 2075 5119 maturus
2096 5061 2456 5124 etdiscretus,
2477 5058 2592 5131 qui,
2611 5055 2819 5111 auditis
2851 5052 3206 5117 clamoribus,
3219 5051 3414 5122 culpas

137 5153 336 5218 potest,
359 5147 510 5219 quod
524 5148 584 5202 in
617 5148 810 5203 multis
825 5149 945 5218 jam
976 5147 1241 5203 coenobiis
1266 5151 1387 5204 ﬁeri
1411 5151 1732 5218 consuevit;
1820 5153 2268 5224 delinquentium
2298 5149 2587 5204 moderata
2605 5144 2939 5202 discretione
2961 5142 3105 5196 sciat
3119 5140 3203 5194 vei
3215 5137 3414 5211 punire

142 5238 185 5292 si
214 5237 500 5292 saecularis
521 5254 763 5309 persona
791 5239 962 5293 fuerit
991 5244 1124 5294 ante
1154 5238 1435 5305 abbatem,
1467 5241 1553 5295 vel
1576 5243 1738 5312 juxta
1820 5243 1904 5296 vel
1929 5243 2240 5312 indulgere.
2273 5237 2570 5295 Collocatis
2595 5236 2652 5291 in
2681 5234 2837 5291 lectis
2857 5232 2974 5288 suis
3006 5229 3274 5286 assistant
3301 5243 3417 5282 me;

141 5324 434 5393 abbatem;
469 5325 516 5379 si
545 5325 887 5380 honorabilis
915 5343 1157 5397 persona
1186 5327 1276 5389 sit.
1297 5328 1488 5383 sedeat
1511 5337 1738 5401 ;postea
1817 5333 1998 5403 gistri,
2031 5332 2164 5386 dum
2196 5331 2311 5385 sint
2365 5327 2632 5400 cooperti,
2685 5325 2743 5379 in
2794 5327 2958 5378 nocte
2985 5336 3114 5376 cum
3168 5315 3414 5374 accensis

139 5421 361 5470 ostensa
391 5415 440 5486 ej
449 5432 516 5470 us
535 5415 804 5487 petitione
819 5415 1108 5479 fratribus,
1126 5434 1228 5489 per
1242 5423 1457 5473 textum
1481 5420 1734 5492 Evange-
1817 5420 2083 5477 candelis.

139 5502 194 5558 lii
221 5505 554 5561 societatem
580 5505 874 5578 suscipiat;
905 5505 1110 5560 dehinc
1135 5505 1209 5560 ad
1230 5508 1598 5566 osculandum
1626 5511 1735 5566 fra-
1886 5512 2150 5577 Iuvenes,
2193 5513 2316 5565 tam
2347 5505 2546 5564 nutriti
2583 5519 2754 5578 quam
2792 5503 2868 5558 de
2899 5499 3108 5560 secuto
3130 5497 3418 5556 venientes

138 5603 270 5666 tres,
291 5598 340 5655 si
358 5599 574 5657 mulier
591 5615 704 5656 non
729 5600 820 5668 ait,
845 5598 903 5654 in
929 5597 1171 5662 circuitu
1192 5604 1409 5670 pergat.
1818 5599 1915 5671 qui
1927 5599 2224 5672 magistris
2242 5594 2592 5660 custodiendi
2618 5587 3176 5660 commendantur,“
3190 5583 3412 5655 multis,
