3892 6372
492 292 596 351 507
1437 337 1442 342 -
1482 303 1546 357 Β.
1586 302 2000 357 LANFRANCI
2039 302 2090 356 α

2180 299 2396 357 TUAR.
2441 301 2780 359 ARCHIEP.
3663 299 3775 359 ωδ

491 423 638 479 sicut
664 425 908 482 infantes
931 429 1001 483 de
1021 430 1222 500 quibus
1248 430 1508 502 superius
1528 429 1738 483 dictum
1762 433 1863 494 est,
1899 432 2084 482 custo-
2102 429 2151 488 Λ
2170 427 2555 495 inﬁrmorum;
2593 428 2652 482 in
2679 444 2790 498 qua
2836 428 3001 482 domo
3044 430 3322 483 serviatur
3373 427 3426 482 ei
3454 425 3770 481 secundum

492 511 739 568 diantur.
779 513 1018 582 Remoti,
1053 526 1116 573 ut
1146 537 1336 590 supra,
1374 537 1407 573 a
1438 536 1497 573 se
1545 518 1779 571 invicem
1813 517 2080 581 sedeant;
2163 517 2271 571 loci
2300 515 2748 587 possibilitatem,
2782 522 2898 570 tam
2929 517 2999 571 de
3025 516 3414 572 communibus
3429 515 3568 570 cibis
3595 532 3770 587 quam

494 606 652 655 extra
679 602 860 657 locum
890 607 1155 662 custodiae
1205 624 1319 662 suae
1361 608 1482 660 sine
1531 605 1758 660 custode
1808 621 2086 676 nusquam
2166 606 2236 660 de
2266 621 2362 660 esu
2388 605 2590 667 carnis,
2623 611 2688 659 ut
2715 606 2924 660 nullius
2942 606 3098 669 rei,si
3127 606 3246 660 fieri
3277 605 3470 676 possit.
3501 605 3772 673 indigen—

493 691 826 761 procedant;
855 693 988 759 duo,
1023 701 1080 748 et
1106 697 1216 750 duo
1248 697 1492 750 laternas
1518 695 1703 748 ferant
1725 712 1738 759 ;
1764 693 1972 756 abbati,
2003 694 2086 748 vel
2165 692 2304 746 tiam
2330 693 2596 763 patiatur.
2624 693 2701 746 Ex
2745 710 2855 763 quo
2904 710 3129 748 carnem
3176 693 3469 748 comedere
3510 692 3771 762 incipiet,

494 779 668 850 priori
698 784 755 834 et
781 783 919 836 nulli
951 784 1068 848 alii,
1091 784 1200 838 nisi
1245 784 1562 856 specialiter
1605 782 1960 852 designatum
1992 781 2082 846 sit,
2169 797 2501 851 quocunque
2529 787 2728 852 perget
2751 787 2921 852 caput
2967 788 3195 852 opertus
3225 781 3446 852 capitio,
3473 787 3530 835 et
3565 781 3775 835 baculo

493 868 870 924 confessiones
892 888 1020 926 suas
1044 872 1266 927 faciant.
1300 872 1625 928 Meridianis
1653 871 1806 925 horis
1837 872 1892 925 in
1929 871 2086 925 lectis
2169 885 2230 923 se
2255 875 2576 924 sustentans
2600 870 2858 924 incedere
2882 869 3065 924 debet.

492 957 611 1010 suis
634 973 746 1011 non
768 957 975 1013 debent
999 961 1202 1031 legere,
1222 978 1332 1016 non
1365 961 1626 1025 scribere,
1659 977 1770 1014 non
1796 959 2084 1031 quidpiam
2241 958 2363 1023 Qua
2383 975 2512 1013 vero
2543 959 2633 1012 die
2653 958 2894 1013 sanitate
2919 970 3145 1031 recepta
3165 959 3236 1012 ad
3266 961 3604 1012 conventum
3638 957 3776 1012 red-

493 1045 676 1116 operis
699 1045 898 1112 facere,
933 1048 1028 1101 sed
1052 1051 1300 1121 cooperti
1330 1056 1552 1105 tantum
1576 1050 1881 1121 quiescere,
1917 1049 2089 1103 lectos
2171 1047 2253 1101 ire
2275 1048 2529 1111 voluerit,
2556 1048 2604 1101 si
2632 1065 2858 1102 carnem
2907 1048 3228 1111 comederit,
3265 1048 3420 1118 prius
3469 1062 3653 1107 rasus,
3695 1045 3774 1099 ad

493 1149 626 1188 suos
655 1139 785 1188 ante
816 1136 899 1190 vel
927 1137 1076 1191 inter
1106 1139 1278 1193 lectos
1335 1139 1735 1210 magistrorum
1774 1137 2000 1192 habere.
2030 1137 2088 1192 Si
2172 1136 2388 1202 horam,
2425 1154 2548 1208 quae
2576 1142 2707 1190 ante
2739 1137 3044 1208 capitulum
3074 1137 3312 1201 canitur,
3332 1137 3563 1190 chorum
3595 1135 3780 1188 intro-

493 1237 720 1278 necesse
740 1224 950 1279 habent
977 1243 1227 1298 surgere,
1251 1228 1408 1300 prius
1427 1229 1727 1298 magistros
1757 1227 2013 1293 excitent,
2034 1232 2092 1282 et
2172 1230 2282 1289 eat,
2317 1231 2375 1280 et
2402 1226 2445 1279 si
2477 1232 2604 1297 post
2634 1226 2812 1297 ipsam
2835 1227 3029 1279 horam
3059 1226 3116 1279 in
3140 1230 3412 1280 conventu
3444 1225 3619 1278 missa
3636 1223 3779 1277 dici-

491 1316 688 1382 postea
715 1329 950 1368 accensa
991 1316 1226 1380 laterna,
1261 1317 1308 1370 si
1336 1335 1445 1372 nox
1474 1322 1578 1381 est,
1613 1317 1682 1371 ad
1730 1316 2089 1374 necessitates
2170 1319 2284 1381 tur,
2317 1315 2386 1368 ad
2410 1315 2591 1386 ipsam
2621 1331 2731 1368 non
2751 1316 2966 1369 offerat.
2995 1317 3288 1385 Ingressus
3307 1314 3777 1386 capitulum,cum

492 1415 622 1455 suas
641 1403 965 1473 explendas,
995 1420 1120 1458 cum
1146 1406 1431 1477 magistris
1459 1405 1767 1460 ambulent.
2171 1403 2441 1458 indictum
2472 1403 2642 1458 fuerit
2672 1403 2740 1458 de
2771 1403 2964 1458 ordine
2992 1404 3165 1475 loqui,
3199 1405 3413 1475 primus
3432 1406 3625 1468 $93
3649 1418 3781 1456 sur-

561 1491 776 1545 Praeter
807 1491 1084 1556 abbatem,
1113 1495 1356 1565 priorem
1405 1495 1819 1566 magistrosque
1870 1511 2084 1560 eorum,
2169 1497 2285 1562 gat,
2317 1497 2374 1545 et
2404 1491 2461 1545 in
2511 1492 2650 1554 loco,
2675 1491 2771 1546 ubi
2801 1491 3146 1546 consuetudo
3175 1498 3278 1558 est,
3329 1496 3646 1562 prostratus
3683 1507 3784 1544 ve-

492 1578 633 1633 nulli
661 1579 898 1634 liberum
926 1582 1002 1636 sit
1028 1583 1083 1635 in
1114 1584 1234 1637 loco
1266 1584 1530 1638 custodiae
1575 1600 1766 1638 eorum
1822 1584 2089 1654 deputato
2171 1581 2323 1634 niam
2353 1585 2526 1652 petat.
2554 1582 2943 1651 Interrogatus
2967 1587 3023 1634 et
3050 1581 3412 1653 respondens,
3435 1585 3501 1634 ut
3523 1580 3650 1634 fieri
3679 1596 3780 1633 so-

494 1667 709 1730 sedere,
743 1684 845 1722 nec
872 1669 1040 1724 verbo
1060 1686 1161 1724 nec
1179 1672 1338 1741 signo
1365 1671 1574 1743 aliquid
1603 1671 1683 1725 eis
1710 1670 2085 1736 innotescere,
2171 1669 2267 1734 let,
2295 1671 2489 1740 jussus
2517 1687 2750 1740 surgere
2771 1671 2891 1724 haec
2905 1671 2990 1724 vel
3013 1670 3222 1724 similia
3242 1669 3410 1723 verba
3429 1669 3578 1723 dicat
3609 1669 3783 1723 :«Do-

495 1753 604 1808 nisi
625 1761 851 1826 accepta
879 1756 1105 1811 licentia
1133 1757 1202 1811 ab
1231 1757 1452 1822 abbate,
1501 1760 1585 1812 vel
1615 1759 1826 1830 priore;
1869 1776 1992 1829 quae
2029 1744 2152 1812 li-B
2174 1758 2681 1821 mine,infirmitate
2698 1775 2825 1813 mea
2843 1769 3108 1829 gravatus
3131 1758 3188 1812 in
3220 1760 3385 1812 domo
3413 1759 3782 1812 inﬁrmorum

495 1842 681 1897 centia
701 1859 825 1897 cum
858 1846 1199 1910 conceditur,
1227 1848 1495 1917 magister
1525 1848 1719 1902 sedere
1757 1847 1924 1901 debet
1943 1848 2093 1901 inter
2173 1847 2270 1900 diu
2298 1847 2408 1914 fui;
2445 1847 2503 1902 in
2534 1847 2676 1912 cibo,
2710 1853 2768 1902 et
2793 1853 2947 1919 potu,
2991 1854 3049 1901 et
3077 1848 3202 1901 aliis
3233 1848 3426 1901 multis
3451 1847 3682 1913 olIendi,
3715 1851 3784 1900 et

489 1932 754 2002 juvenem
786 1939 843 1987 et
869 1951 998 1988 eum
1031 1935 1124 2004 qui
1164 1937 1354 2005 juveni
1412 1937 1678 2007 loquitur.
1707 1937 1932 1991 Juvenis
1961 1953 2088 1991 cum
2173 1941 2370 1990 contra
2395 1936 2648 1990 ordinem
2678 1941 2932 1990 nostrum
2963 1936 3085 2002 feci,
3119 1941 3176 1990 et
3221 1936 3351 1989 inde
3393 1941 3521 2007 peto
3550 1933 3784 1989 absolu-

486 2021 696 2104 juvlene
720 2038 832 2076 non
865 2024 1147 2094 loquatur,
1184 2025 1294 2078 nisi
1341 2025 1606 2080 audiente
1649 2032 1705 2079 et
1744 2026 2091 2096 intelligente
2172 2025 2384 2079 tionem
2412 2031 2713 2079 vestram.»
2743 2027 2860 2080 Hoc
2888 2026 3035 2080 dicto
3064 2025 3316 2080 absolvat
3339 2042 3466 2080 eum
3495 2025 3670 2080 abbas
3684 2026 3782 2079 di-

492 2109 762 2180 magistro
793 2111 924 2182 quid
957 2112 1222 2183 utrinque
1242 2113 1482 2168 dicatur.
1522 2115 1776 2186 Magistri
1820 2115 1970 2168 inter
1998 2131 2093 2169 eos
2174 2130 2305 2168 cens
2336 2133 2345 2166 :
2385 2135 2406 2165 α
2434 2115 2803 2186 Omnipotens
2839 2116 3111 2169 Dominus
3156 2114 3406 2168 absolvat
3441 2131 3536 2168 vos
3565 2113 3636 2167 ab
3683 2114 3780 2168 his

492 2197 744 2264 sedeant,
769 2201 854 2254 vel
884 2206 1015 2254 ante
1044 2201 1187 2267 illos,
1213 2202 1292 2256 sic
1317 2207 1383 2256 ut
1408 2219 1523 2269 eos,
1554 2220 1679 2258 cum
1711 2203 1922 2270 volunt,
1955 2220 2091 2257 con-

493 2287 708 2358 spicere
735 2289 981 2346 valeant.

563 2376 704 2430 Cum
733 2377 1036 2431 dormitum
1079 2379 1309 2443 vadunt,
1343 2380 1539 2434 tandiu
1599 2385 1747 2435 stent
1778 2386 1909 2435 ante
1940 2381 2090 2452 ipsos

494 2464 771 2534 magistri,
805 2482 983 2536 usque
1008 2467 1141 2521 dum
1171 2467 1279 2539 ipsi
1298 2470 1533 2538 juvenes
1579 2469 1637 2524 in
1668 2470 1825 2524 lectis
1867 2471 2091 2540 jaceant

494 2552 757 2624 cooperti.
787 2553 843 2606 Si
860 2570 967 2607 nox
997 2560 1082 2608 est
1108 2572 1234 2610 cum
1260 2557 1504 2610 candelis
1535 2558 1780 2611 accensis
1801 2557 2085 2612 assistant.

495 2642 562 2696 In
591 2643 950 2705 monasterio,
987 2644 1251 2715 capitulo,
1276 2645 1587 2711 refectorio,
1608 2647 1962 2717 processione
1984 2646 2091 2700 mi-

495 2730 568 2785 sti
597 2729 712 2784 sint
738 2730 1071 2794 senioribus,
1095 2749 1204 2786 non
1237 2732 1548 2800 observato,
1581 2735 1628 2788 si
1651 2751 1876 2790 necesse
1896 2736 1987 2802 sit,
2007 2752 2094 2789 or-

493 2819 626 2874 dine
654 2820 1028 2875 conversionis
1056 2837 1271 2876 eorum.
1308 2823 1365 2877 Si
1397 2823 1469 2877 ad
1500 2840 1750 2878 mensam
1781 2825 1993 2895 legunt,
2007 2826 2092 2878 vel

497 2909 567 2962 de
597 2908 838 2979 coquina
858 2909 1126 2974 serviunt,
1160 2911 1521 2981 surgentibus
1541 2928 1576 2965 a
1604 2929 1801 2967 mensa
1827 2912 2092 2968 fratribus

495 3012 622 3052 cum
644 2997 724 3052 eis
746 2997 816 3052 ad
842 2999 1244 3053 monasterium
1275 3001 1498 3066 vadant,
1523 3006 1579 3055 et
1593 3001 1760 3068 dicto,
1798 3003 1860 3055 Et
1886 3017 1953 3055 ne
1975 3018 2089 3068 nos,

2178 2208 2235 2258 et
2254 2202 2323 2256 ab
2353 2203 2613 2258 omnibus
2636 2204 2762 2257 aliis
2782 2204 2982 2258 vestris
3011 2204 3248 2258 delictis.
3283 2223 3312 2254 υ
3338 2203 3628 2258 Conventu
3659 2219 3781 2258 res-

2174 2292 2477 2362 pondente,
2523 2311 2545 2343 ι
2575 2293 2776 2357 Amen,
2803 2313 2824 2343 ι
2861 2293 3060 2348 offerat
3082 2309 3143 2347 se
3169 2293 3345 2346 frater
3363 2292 3457 2346 ille
3476 2292 3545 2346 ad
3568 2291 3780 2363 pedem

2173 2379 2420 2448 abbatis;
2449 2386 2643 2452 postea
2669 2397 2925 2436 reversus
2954 2383 3022 2436 ad
3051 2382 3233 2436 locum
3254 2381 3350 2436 ubi
3379 2397 3439 2435 se
3467 2381 3782 2452 prostravit

2171 2470 2384 2540 gratias
2421 2470 2669 2525 referens
2695 2469 2903 2530 abbati.
2937 2477 2994 2525 et
3018 2471 3123 2526 toti
3153 2469 3467 2536 conventui,
3498 2469 3633 2541 quia
3662 2471 3778 2524 mi-

2172 2558 2411 2613 nistrata
2425 2565 2558 2614 sunt
2569 2559 2770 2631 ei,quae
2792 2560 3110 2614 infirmitati
3132 2577 3245 2615 suae
3274 2560 3504 2614 fuerunt
3515 2575 3781 2614 necessa-

2172 2646 2277 2713 ria,
2302 2652 2418 2701 tres
2439 2648 2858 2717 genuﬂexiones
2881 2648 3044 2702 solito
3066 2665 3222 2703 more
3251 2648 3436 2702 faciat.
3486 2648 3616 2718 Ipsa
3653 2648 3771 2713 die,

2173 2740 2231 2789 et
2255 2735 2536 2807 deinceps,
2570 2741 2842 2807 quantum
2873 2753 3013 2808 opus
3045 2737 3235 2804 fuerit,
3259 2736 3523 2807 jubeatur
3538 2735 3779 2791 mistum

2175 2823 2446 2896 accipere.

2249 2913 2307 2967 Si
2339 2929 2467 2968 vero
2494 2931 2721 2969 carnem
2743 2930 2855 2968 non
2877 2913 3136 2979 comedit,
3173 2914 3232 2968 in
3283 2914 3648 2986 dispositione
3675 2913 3783 2968 ab-

2177 3001 2326 3055 batis
2351 3001 2425 3056 sit
2445 3019 2557 3073 qua
2581 3004 2722 3056 hora
2748 3003 2804 3056 in
2829 3010 3161 3057 conventum
3203 3003 3381 3074 petita
3402 3003 3628 3058 licentia
3657 3003 3788 3057 red-

495 3102 624 3142 cum
653 3087 979 3143 custodibus
1009 3089 1080 3142 ad
1129 3089 1484 3144 refectorium
1541 3097 1898 3145 revertantur
1925 3109 1936 3154 ;
1979 3091 2090 3144 duo
2108 3076 2150 3135 C
2173 3089 2276 3156 ire,
2310 3095 2368 3144 et
2400 3092 2679 3161 quomodo
2704 3109 2764 3145 se
2788 3092 2857 3145 de
2885 3098 3084 3145 caetero
3115 3090 3321 3145 habere
3351 3091 3568 3146 debeat.

496 3175 682 3240 simul,
708 3181 808 3230 aut
834 3177 1048 3248 plures,
1070 3177 1115 3230 si
1141 3177 1263 3232 ﬁeri
1290 3179 1487 3250 possit,
1521 3179 1590 3233 de
1619 3185 1892 3234 conventu
1913 3196 2091 3233 rema-

495 3269 686 3318 neant.
715 3265 875 3328 Quod
909 3265 956 3318 si
979 3267 1232 3336 paucitas
1254 3269 1553 3338 majorum,
1596 3274 1654 3322 et
1681 3269 1973 3340 pluralitas
1997 3269 2091 3338 ju-

494 3369 699 3408 venum
727 3353 890 3407 aliter
909 3355 1189 3424 agendum
1210 3357 1472 3426 coegerit,
1506 3357 1844 3412 sufficientes
1865 3358 1944 3411 eis
1972 3374 2092 3412 cus-

494 3440 655 3495 todes
683 3441 1039 3512 deputentur.

569 3529 762 3594 Porro,
792 3529 840 3584 si
867 3530 1123 3584 custodia
1151 3530 1245 3585 illa
1265 3532 1556 3603 juvenum,
1578 3549 1699 3604 quae
1719 3533 1776 3586 in
1807 3533 2091 3588 nonnullis

497 3617 763 3672 coenobiis
783 3623 1026 3683 tenetur,
1047 3619 1226 3690 magis
1242 3622 1443 3692 placet,
1457 3629 1522 3676 ut
1545 3621 1804 3676 videlicet
1829 3622 1889 3676 in
1917 3623 2095 3677 diver-

497 3706 576 3761 sis
597 3723 662 3761 ac
685 3709 962 3779 separatis
984 3708 1054 3763 ab
1081 3709 1315 3764 invicem
1347 3711 1483 3764 locis
1530 3727 1630 3782 per
1672 3711 1979 3766 claustrum
2012 3728 2096 3766 se-

496 3795 686 3862 deant,
719 3797 928 3869 singuli
953 3798 1221 3869 singulos,
1253 3805 1353 3853 aut
1405 3800 1612 3871 plures,
1648 3800 1696 3854 si
1747 3807 1904 3854 tanta
1933 3802 2093 3873 copia

497 3889 602 3950 est,
633 3887 894 3941 custodes
913 3886 1188 3952 habeant;
1218 3888 1422 3959 singuli
1466 3889 1717 3960 singulas
1760 3890 2005 3944 laternas
2034 3892 2092 3946 in

498 3979 662 4029 nocte
690 3975 892 4031 ferant.
926 3976 1127 4032 Custos
1151 3978 1413 4048 juvenem
1473 3994 1585 4032 non
1643 3977 1942 4049 relinquat,
1983 3980 2092 4035 nisi

495 4065 954 4120 commendatum
982 4066 1146 4121 alicui
1181 4067 1362 4133 fratri,
1398 4067 1457 4121 in
1483 4083 1613 4137 quo,
1642 4073 1700 4121 et
1718 4067 1786 4121 de
1817 4083 1927 4138 quo
1951 4067 2092 4125 bene

499 4153 977 4210 confidat.0mnis
991 4156 1236 4227 denique
1262 4157 1516 4211 custodia
1544 4157 1597 4210 ei
1625 4155 2093 4228 adhibeaturque

495 4241 755 4311 superius
775 4242 1053 4314 descripta
1083 4250 1186 4299 est.

1066 4334 1298 4389 CAPUT
1327 4335 1500 4390 XXII.

747 4422 818 4474 De
845 4424 1232 4477 misericordia
1259 4440 1503 4478 concessa
1532 4425 1818 4478 debilibus.

566 4509 766 4564 Frater
792 4510 982 4582 aliqua
1001 4512 1088 4567 sui
1117 4512 1364 4584 corporis
1404 4511 1862 4568 incommoditate
1891 4512 2088 4568 deten-

493 4603 606 4664 tus,
638 4599 685 4653 si
713 4607 1045 4656 conventum
1067 4602 1228 4672 sequi
1255 4618 1366 4656 non
1387 4606 1590 4672 potest,
1612 4602 1902 4657 humiliter
1929 4602 2089 4674 prius

493 4687 553 4743 in
575 4689 818 4761 capitulo
843 4690 1019 4762 petita
1037 4691 1220 4754 venia,
1240 4691 1434 4761 jussus
1456 4707 1685 4761 surgere
1717 4697 1872 4746 stans
1919 4690 2088 4745 fatea-

495 4783 590 4833 tur
617 4795 676 4834 se
705 4796 818 4834 non
848 4797 1011 4852 posse
1042 4779 1340 4834 conventui
1369 4779 1642 4835 interesse
1673 4787 1902 4852 propter
1927 4781 2086 4834 inﬁr-

492 4866 750 4922 mitatem
787 4885 971 4922 suam.
1003 4869 1106 4922 Cui
1132 4867 1435 4938 respondet
1470 4867 1660 4934 abbas,
1721 4870 1803 4922 vel
1842 4869 1936 4939 qui
1968 4868 2088 4922 loco

490 4954 710 5011 abbatis
733 4957 915 5012 ordini
940 4956 1262 5028 praesidetzc
1294 4957 1660 5028 Omnipotens
1677 4958 2090 5012 Dominuscon-

491 5045 653 5099 cedat
679 5044 833 5100 vobis
859 5046 1053 5100 utilem
1083 5046 1403 5106 sanitatem.
1446 5046 1591 5101 sicut
1647 5046 1800 5101 vobis
1829 5044 2088 5116 expedire

491 5134 789 5203 cognoscit.
823 5135 1041 5189 Amodo
1059 5141 1298 5191 tractata
1317 5153 1432 5200 vos,
1465 5136 1770 5191 secundum
1795 5135 2090 5188 infirmita-

494 5225 606 5277 tem
634 5229 898 5287 vestram,
932 5230 990 5278 et
1010 5231 1297 5280 remanete
1328 5225 1396 5279 de
1417 5231 1711 5290 conventu,
1744 5224 1890 5278 sicut
1935 5221 2086 5276 vobis

489 5311 692 5367 melius
719 5312 898 5368 visum
937 5313 1122 5369 fuerit.
1168 5334 1196 5370 n

562 5400 622 5456 Si
641 5401 916 5473 aegritudo
939 5403 1079 5458 adeo
1099 5403 1402 5459 invaluerit
1426 5408 1492 5458 ut
1518 5404 1577 5458 in
1594 5407 1870 5458 conventu
1898 5417 2084 5457 rema-

490 5503 626 5543 nere
653 5505 764 5545 non
792 5491 987 5564 possit,
1018 5493 1304 5567 praecipiat
1337 5492 1509 5548 abbas
1560 5492 1742 5558 fratri,
1774 5492 1864 5548 cui
1892 5491 2086 5565 hujus-

492 5576 644 5632 modi
675 5593 810 5634 cura
838 5581 1099 5654 imposita
1131 5589 1235 5652 est,
1258 5587 1324 5639 ut
1351 5582 1522 5639 ducat
1552 5597 1765 5652 agrum
1796 5581 1853 5638 in
1885 5581 2084 5638 cellam

2747 3180 2981 3234 CAPUT
3007 3178 3213 3233 XXIII.

2458 3271 2531 3324 De
2561 3271 2950 3337 aegrotantibus
2980 3271 3150 3322 morti
3172 3272 3464 3338 promimis.

2247 3360 2305 3414 Si
2332 3359 2592 3413 infirmus
2616 3358 2795 3428 magis
2834 3357 2905 3411 ad
2937 3363 3174 3410 mortem
3203 3373 3373 3428 quam
3430 3357 3497 3411 ad
3529 3358 3776 3414 salutem

2171 3448 2403 3503 tendere
2415 3447 2690 3512 videatur,
2705 3452 2763 3501 et
2781 3463 2841 3500 se
2855 3446 3236 3518 petatinungi,
3250 3446 3425 3501 frater
3455 3447 3551 3518 qui
3575 3447 3773 3502 domui

2173 3538 2526 3591 infirmorum
2555 3540 2759 3607 praeest
2784 3551 2904 3589 rem
2929 3535 3194 3589 fratribus
3212 3534 3268 3588 in
3299 3535 3771 3607 capitulonarret;

2176 3631 2310 3680 tunc
2331 3625 2567 3696 jubente
2590 3624 2810 3690 abbate,
2832 3625 2916 3678 vel
2946 3623 3040 3695 qui
3067 3625 3187 3678 loco
3206 3623 3421 3678 abbatis
3447 3625 3504 3678 in
3526 3625 3775 3696 capitulo

2175 3715 2350 3781 sedet,
2385 3719 2586 3768 exeant
2612 3713 2870 3767 sacerdos
2890 3713 3382 3776 hebdomadarius,
3412 3713 3770 3781 secretarius,

2175 3810 2417 3875 quatuor
2439 3802 2708 3866 conversi,
2729 3807 2786 3856 et
2800 3807 3134 3874 parentque
3165 3803 3234 3856 ad
3256 3802 3578 3873 hujusmodi
3608 3819 3775 3874 nego-

2174 3894 2315 3948 tium
2347 3891 2533 3964 parari
2563 3897 2802 3963 oportet.

2247 3981 2460 4045 Quibus
2476 3981 2706 4052 paratis,
2731 3980 3077 4051 expletisque
3093 3997 3215 4051 quae
3236 3980 3294 4034 in
3323 3979 3568 4051 capitulo
3581 3980 3674 4051 agi
3687 3997 3774 4034 or-

2175 4069 2244 4122 do
2276 4067 2530 4139 requirit,
2567 4073 2832 4121 exeuntes
2857 4067 2925 4120 de
2954 4067 3294 4121 monasterio
3320 4071 3613 4120 transeant
3643 4071 3774 4121 ante

2174 4157 2501 4228 capitulum,
2535 4157 2640 4210 hoc
2661 4155 2858 4210 ordine
2886 4155 3250 4226 procedentes
3282 4171 3292 4204 :
3323 4155 3543 4226 primus
3559 4172 3627 4209 ex
3646 4173 3772 4210 con-

2174 4245 2347 4300 versis
2363 4262 2510 4300 unus
2528 4261 2653 4299 cum
2676 4244 2847 4298 situla
2862 4260 3019 4314 aqua:
3037 4243 3356 4308 benedictae,
3395 4245 3597 4298 dehinc
3626 4244 3772 4298 alius

2172 4351 2298 4389 cum
2328 4351 2512 4401 cruce,
2537 4340 2666 4404 post
2691 4333 2792 4387 hos
2838 4333 2949 4387 duo
2979 4350 3104 4387 cum
3135 4333 3502 4398 candelabris,
3536 4333 3771 4388 extremi

2106 4396 2154 4453 D
2173 4423 2510 4478 secretarius
2537 4439 2666 4477 cum
2698 4423 2841 4485 oleo,
2869 4427 2926 4475 et
2963 4423 3220 4476 sacerdos
3276 4421 3402 4476 alba
3429 4422 3684 4488 indutus,
3716 4427 3772 4476 et

2171 4513 2334 4578 stola,
2357 4529 2485 4566 cum
2507 4511 2793 4582 manipulo
2823 4516 3054 4581 portans
3068 4510 3292 4566 librum.

2241 4601 2370 4656 Istis
2385 4599 2806 4655 transeuntibus
2817 4615 3054 4670 surgens
3065 4605 3388 4665 conventus,
3395 4615 3770 4672 percussaque

2169 4689 2381 4754 tabula,
2414 4689 2461 4744 si
2482 4689 2602 4743 dies
2619 4688 2749 4743 talis
2769 4693 2872 4753 est,
2891 4687 3182 4757 egrediens
3207 4688 3276 4741 de
3305 4688 3552 4758 capitulo
3566 4689 3770 4759 junga-

2169 4784 2266 4833 tur
2294 4778 2392 4843 eis,
2429 4783 2486 4832 et
2515 4778 2816 4849 psallentes
2846 4783 3060 4847 septem
3090 4777 3335 4848 psalmos
3350 4777 3422 4830 ad
3437 4793 3654 4847 aegrum
3675 4793 3769 4831 ve-

2169 4868 2360 4935 niant;
2397 4873 2453 4921 et
2480 4865 2737 4921 ordinate
2767 4865 3149 4931 circumstent,
3195 4866 3340 4920 sicut
3367 4866 3542 4930 locus,
3571 4865 3629 4919 in
3659 4882 3769 4938 quo

2163 4958 2331 5027 jacet,
2361 4956 2482 5010 fieri
2514 4954 2808 5027 permittit.
2834 4955 3086 5009 Primum
3107 4959 3406 5026 spargatur
3428 4971 3577 5026 aqua
3605 4954 3772 5010 bene-

2170 5045 2337 5108 dicta,
2371 5045 2576 5100 dehinc
2603 5045 2779 5099 ﬁnitis
2801 5045 3030 5116 psalmis
3061 5049 3330 5116 sequatur
3342 5046 3511 5114 Kyric
3540 5047 3764 5109 cleison,

2171 5141 2228 5189 et
2264 5135 2528 5206 capitula,
2553 5141 2610 5189 et
2623 5135 2866 5189 collecta:
2895 5152 3018 5206 quae
3048 5134 3317 5189 ordinatae
3346 5139 3479 5188 sunt
3503 5149 3682 5204 usque
3695 5132 3765 5187 ad

2170 5224 2607 5292 confessionem;
2643 5224 2789 5279 facta
2817 5223 3162 5279 confessione
3196 5223 3516 5278 absolvatur
3542 5223 3613 5276 ab
3652 5239 3766 5276 om-

2169 5313 2352 5380 nibus,
2386 5320 2444 5368 et
2471 5314 2592 5386 ipse
2617 5313 2869 5368 absolvat
2900 5329 3115 5367 omnes.
3148 5311 3362 5367 Dehinc
3385 5312 3671 5366 osculetur
3696 5311 3764 5365 ab

2167 5403 2446 5458 omnibus.
2485 5403 2717 5458 Interim
2739 5403 3000 5458 dicantur
3041 5402 3163 5457 aliae
3206 5402 3449 5456 collectae
3475 5416 3658 5472 usque
3694 5399 3763 5454 ad

2166 5493 2522 5560 unctionem;
2554 5492 2698 5548 facta
2744 5492 3026 5559 unctione,
3076 5493 3223 5546 lavet
3249 5491 3510 5547 sacerdos
3539 5506 3758 5554 manus,

2169 5586 2226 5638 et
2254 5582 2584 5654 projiciatur
2608 5597 2756 5654 aqua
2782 5581 2839 5637 in
2869 5581 3077 5652 ignem,
3113 5580 3196 5636 vel
3225 5580 3282 5636 in
3326 5580 3634 5635 sacrarium
3660 5579 3756 5634 de-
