3892 6346
119 299 212 359 509

1047 299 1375 358 DECRETA
1413 302 1555 358 PRO
1595 300 1868 358 ORDINE
1907 301 1963 358 S.
2006 302 2407 360 BENEDICTI.

3257 292 3366 351 510

115 425 323 480 feratur.
358 425 479 489 Quo
517 427 664 481 facto
691 426 852 481 dictis
890 426 1136 482 collectis
1180 445 1303 498 quae
1346 433 1675 500 sequuntur,
1698 431 1748 490 Α
1765 443 1978 499 :egrum
2007 434 2256 495 currant,
2286 436 2343 485 et
2371 432 2618 488 meliocri
2641 448 2772 488 voce
2809 433 3072 486 canentes
3102 423 3269 481 Credo
3296 423 3365 474 in

112 513 262 566 vadat
315 515 595 580 sacerdos,
645 516 1084 586 praecedentibus
1139 517 1356 572 duobus
1407 518 1688 572 conversis

112 622 223 659 cum
246 607 594 660 candelabris
621 609 782 662 vadat
803 606 906 679 {67;
941 613 997 661 et
1015 610 1215 663 tertius
1238 611 1310 664 ad
1337 611 1688 664 thuribulum

113 694 470 748 deferendum.
529 697 743 760 Quibus
791 697 1197 752 revertentibus
1246 698 1402 753 ﬂexis
1449 699 1688 769 genibus

111 783 326 835 adorent
379 799 578 838 omnes
622 801 822 854 corpus
869 785 1092 839 Domini
1142 787 1290 857 quod
1328 803 1363 840 a
1402 788 1689 841 sacerdote

111 869 335 923 affertur.
372 869 495 934 Quo
526 871 720 934 allato,
753 872 942 926 abluto
971 872 1122 943 prius
1142 890 1238 926 ore
1272 875 1416 944 ejus,
1446 891 1691 928 commu-

110 956 304 1011 nicetur
322 958 718 1024 inﬁrmus,nisi
736 961 876 1013 forte
893 961 1015 1030 ipsa
1035 960 1125 1013 die
1140 961 1583 1014 communicatus
1592 961 1684 1014 sit.

173 1045 223 1098 Si
270 1045 475 1099 fratres
537 1043 661 1118 ipsa
705 1048 794 1102 die
839 1055 967 1119 post
1016 1049 1326 1118 capitulum
1385 1050 1690 1120 psallentes

119 1134 263 1186 Verba
291 1150 429 1198 mea,
464 1133 524 1187 in
577 1136 978 1189 monasterium
1021 1137 1155 1190 ituri
1186 1143 1336 1203 sunt,
1372 1139 1602 1208 expletis
1629 1139 1689 1193 in

109 1221 256 1274 choro
283 1222 535 1292 psalmis,
573 1223 830 1294 dictaque
851 1225 1099 1289 collecta,
1120 1225 1332 1296 paratis
1352 1232 1482 1281 ante
1508 1229 1688 1298 majus

110 1310 281 1374 altare,
315 1328 438 1381 quae
468 1329 646 1382 supra
675 1313 824 1366 dicta
861 1320 1009 1377 sunt,
1044 1320 1263 1382 exeant,
1295 1321 1352 1369 et
1380 1323 1690 1387 sequantur

109 1414 163 1451 eo
192 1400 383 1453 ordine
416 1417 532 1471 quo
567 1401 827 1472 superius
856 1402 1160 1456 indicatum
1191 1409 1294 1458 est.
1329 1405 1487 1467 Quod
1519 1405 1687 1460 etiam

109 1486 260 1540 ﬁnitis
288 1487 638 1558 quibuslibet
665 1489 816 1542 horis
847 1506 880 1542 a
907 1489 1086 1560 prima
1099 1507 1276 1562 usque
1292 1491 1362 1545 ad
1384 1493 1690 1563 completo-

108 1575 236 1627 rium
289 1576 707 1630 observandum
756 1584 858 1642 est,
892 1579 938 1632 si
995 1580 1299 1634 necessitas
1343 1587 1542 1649 urgeat
1577 1598 1691 1635 non

110 1670 412 1732 exspectare
443 1666 778 1735 capitulum.
813 1666 986 1720 Porro
1027 1667 1073 1719 si
1112 1683 1214 1720 nec
1244 1668 1381 1721 hora
1408 1668 1548 1738 ipsa,
1582 1685 1693 1739 qua

1769 533 1950 571 unum
1981 519 2173 582 Deum,
2205 520 2275 573 ad
2305 536 2432 573 eum
2454 522 2716 588 veniant;
2756 521 2960 574 fratres
2985 531 3114 570 vero
3143 511 3239 584 qui
3269 524 3360 563 re-

1770 613 2116 669 manserunt,
2168 610 2386 678 expleto
2441 610 2588 681 quod
2614 613 2915 681 coeperant,
2958 604 3150 659 eodem
3197 598 3362 652 modo

1772 701 2079 761 currentes,
2111 701 2166 750 et
2213 703 2478 751 canentes
2534 699 2604 752 ad
2655 697 2988 752 morientem
3041 692 3360 764 prOpel‘ent.

1770 784 2086 855 ubicunque
2131 802 2259 839 vero
2289 786 2447 851 alias,
2481 787 2566 840 vel
2596 801 2930 858 quocunque
2973 781 3083 836 alio
3141 776 3365 848 negotio

1770 877 2066 942 occupatos
2107 873 2404 943 praedictus
2447 891 2636 937 sonus,
2685 871 2982 928 invenerit.
3028 868 3149 923 sine
3175 865 3365 936 aliqua

1769 961 2123 1015 excusatione
2165 963 2250 1016 vel
2299 979 2456 1016 mora
2491 962 2752 1016 similiter
2778 964 3086 1015 currentes.
3115 961 3172 1009 et
3199 955 3365 1010 Credo

1770 1052 1834 1102 in
1855 1065 2036 1103 unum
2068 1051 2234 1104 Deum
2272 1055 2552 1117 canentes,
2592 1051 2663 1104 ad
2708 1066 2918 1120 aegrum
2964 1045 3208 1100 veniant.
3243 1042 3365 1104 Quo

1771 1137 2176 1208 pervenientes,
2207 1144 2264 1192 et
2288 1140 2455 1193 Credo
2487 1142 2550 1193 in
2579 1155 2762 1192 unum
2791 1141 2961 1192 Deum
2992 1129 3367 1188 communiter

1772 1227 2074 1296 explentes,
2134 1233 2340 1281 canant
2388 1233 2601 1298 septem
2651 1227 2894 1298 psalmos
2951 1218 3366 1294 puenitentiales

1768 1314 1890 1368 sine.
1920 1317 2107 1371 Gloria
2141 1319 2314 1370 Patri.
2342 1316 2554 1380 Quibus
2582 1315 2814 1388 expletis
2842 1312 3148 1382 subjungat
3177 1322 3366 1361 sacer-

1771 1403 1872 1456 dos
1910 1403 2218 1473 capitulum
2257 1405 2442 1469 Parce,
2476 1405 2724 1466 Domine,
2771 1418 2934 1471 parce
2990 1401 3203 1467 famulo
3251 1400 3360 1457 tuo,

1772 1508 1935 1560 quem
1959 1494 2225 1545 redimere
2244 1494 2508 1560 dignatus
2527 1510 2579 1546 es
2593 1495 2825 1560 pretioso
2844 1491 3119 1556 sanguine
3143 1491 3235 1539 tuo
3260 1503 3272 1546 ;
3296 1498 3367 1536 ne

1773 1583 1836 1635 in
1866 1587 2133 1634 aeternum
2158 1585 2423 1635 irascaris
2434 1582 2629 1635 ei.Hoc
2651 1581 2819 1636 tertio
2849 1597 2881 1634 a
2910 1577 3196 1633 sacerdote
3220 1574 3368 1628 dica-

1772 1675 1886 1736 tur,
1919 1675 1974 1723 et
2003 1687 2103 1740 per
2127 1670 2375 1740 singulas
2401 1671 2547 1724 vices
2563 1687 2596 1724 a
2615 1676 2734 1724 toto
2763 1672 3036 1723 conventu
3057 1668 3364 1736 repetatur,

110 1758 417 1820 percantata
448 1753 507 1806 id
535 1754 660 1807 ﬁeri
678 1753 860 1819 debet,
884 1756 1190 1826 exspectari
1208 1760 1408 1826 potest,
1431 1745 1752 1827 disponatB
1775 1758 1976 1812 deinde
2005 1764 2276 1829 sequatur
2307 1759 2519 1820 litania,
2548 1776 2671 1830 quae
2701 1758 2861 1812 solet.
2891 1771 3058 1828 quam
3090 1750 3363 1825 protrahi,

112 1838 280 1905 abbas,
312 1841 397 1894 vel
429 1842 592 1912 prior
614 1843 759 1897 sicut
786 1844 984 1897 melius
1005 1844 1199 1914 possit,
1227 1845 1359 1915 quia
1388 1847 1692 1900 necessitas
1772 1847 1858 1900 vel
1886 1847 2122 1900 breviari
2154 1853 2389 1919 Oportet,
2436 1848 2741 1902 secundum
2772 1846 2919 1917 quod
2969 1842 3158 1897 fratris
3189 1839 3368 1894 exitus

111 1927 216 1996 lege
244 1945 351 1982 non
380 1935 634 1984 tenetur.
671 1932 769 1984 His
816 1932 1047 2002 expletis
1105 1939 1416 1987 revertatur
1457 1951 1692 1989 conven—
1772 1936 1922 1989 visus
1953 1935 2122 1989 fuerit
2153 1937 2492 2004 admonere;
2531 1936 2576 1990 si
2604 1942 2813 2001 autem,
2847 1940 2912 1987 ut
2953 1930 3252 2002 aliquando
3283 1929 3369 1993 fit,

112 2020 188 2070 tus
213 2016 266 2070 in
295 2017 755 2073 claustrum.Sed
779 2019 1022 2074 infantes
1042 2021 1271 2075 minime
1303 2022 1694 2092 ingrediantur

114 2105 170 2157 ad
195 2107 497 2162 tenendum
531 2125 698 2162 suum
725 2109 1049 2179 capitulum.
1082 2109 1166 2162 Ab
1196 2111 1299 2163 hac
1325 2110 1416 2163 die
1441 2111 1548 2164 nisi
1580 2128 1693 2165 me-

113 2193 322 2248 lioretur
348 2195 618 2252 inﬁrmus
648 2214 871 2251 carnem
903 2215 1014 2252 non
1044 2199 1316 2254 comedat.

172 2282 421 2346 Quotidie
447 2286 606 2340 istud
636 2303 736 2357 pro
762 2304 826 2340 eo
855 2287 1142 2342 servitium
1187 2289 1548 2359 impendatur
1579 2308 1589 2343 :
1622 2290 1692 2344 ad

114 2372 317 2427 missam
369 2375 772 2430 matutinalem
818 2377 1066 2442 collecta,
1111 2379 1463 2446 Omnipotens
1500 2382 1695 2446 sempi-

119 2465 246 2516 terne
284 2464 443 2527 Deus,
477 2469 636 2518 salus
677 2471 879 2520 gterna
909 2468 1270 2533 credentium,
1305 2483 1431 2521 cum
1479 2468 1694 2522 caeteris

116 2548 308 2604 duabus
340 2569 351 2604 :
386 2553 697 2624 aliquando
718 2553 765 2607 si
794 2555 911 2608 dies
941 2571 1146 2608 vacuus
1163 2555 1335 2609 fuerit
1363 2556 1485 2626 ipsa
1515 2563 1695 2610 matu-

118 2638 285 2694 tinalis
313 2642 487 2696 missa
519 2659 624 2713 pro
653 2659 717 2697 eo
749 2649 985 2696 canatur
1011 2662 1024 2709 ;
1057 2644 1124 2697 ad
1157 2646 1432 2712 majorem
1464 2645 1690 2699 missam

1773 2025 1966 2078 [itania
1995 2025 2215 2094 expleta
2235 2025 2484 2078 nondum
2509 2024 2849 2094 migraverit,
2871 2026 3176 2076 conventus
3195 2016 3371 2070 disce-

1772 2114 1887 2178 dat,
1923 2113 2201 2184 aliquibus
2229 2112 2518 2178 fratribus,
2558 2113 2759 2183 quibus
2797 2113 3017 2181 jussum
3056 2106 3241 2168 fuerit,
3289 2104 3368 2158 ibi

1773 2201 2214 2267 remanentibus,
2247 2201 2342 2272 qui
2393 2202 2721 2272 psalterium
2773 2217 2836 2254 ex
2881 2198 3077 2252 ordine
3133 2193 3370 2266 psallere

1772 2289 2063 2360 incipiant.
2115 2290 2255 2344 Cum
2281 2294 2469 2344 autem
2498 2289 2715 2344 venerit
2757 2289 2912 2352 hora,
2946 2291 3012 2340 ut
3037 2284 3242 2339 iterum
3272 2298 3371 2335 vo-

1775 2379 1888 2432 cari
1916 2379 2175 2443 debeant,
2195 2379 2517 2450 supradicto
2546 2379 2712 2433 modo
2739 2380 3009 2431 vocentur
3035 2379 3093 2428 et
3115 2371 3367 2426 veniant.

1849 2469 2086 2538 Egressa
2107 2469 2224 2538 jam
2255 2468 2324 2522 de
2341 2484 2572 2538 corpore
2597 2465 2992 2530 anima,tribus
3004 2462 3370 2526 vicibus,cum

1776 2558 1958 2627 parvis
2000 2557 2328 2622 intervallis,
2363 2557 2659 2628 pulsentur
2694 2556 2874 2626 signa,
2916 2557 3113 2608 cantor
3141 2548 3374 2620 incipiat

1772 2647 2189 2716 responsorium
2215 2647 2524 2712 Subvenite,
2557 2647 2739 2700 sancti
2759 2646 2874 2698 Dei.
2909 2643 3030 2706 Quo
3057 2656 3184 2695 cum
3209 2653 3373 2693 versu

116 2734 224 2797 post
248 2730 483 2785 Sanctus
514 2732 764 2802 psalmus
792 2733 1008 2803 primus
1032 2735 1279 2799 Domine,
1323 2749 1390 2787 ne
1420 2736 1482 2787 in
1501 2735 1692 2801 furore
1775 2740 1832 2788 et
1853 2752 2112 2804 regressu
2143 2735 2380 2806 expleto,
2411 2734 2718 2805 subjungat
2738 2732 2996 2787 sacerdos
3011 2732 3370 2797 Proﬁciscere,

121 2821 197 2869 tuo
221 2818 285 2872 ab
305 2836 651 2892 unoquoque
679 2821 782 2874 sub
819 2821 1043 2875 silentio
1073 2822 1293 2875 dicatur
1321 2840 1331 2874 :
1366 2824 1536 2890 Kyrie
1565 2826 1692 2876 etei—
1776 2826 1971 2876 anima
2004 2824 2345 2877 Christiana.
2381 2823 2502 2886 Quo
2533 2822 2679 2876 dicto
2712 2821 2985 2891 incipiant
3012 2815 3372 2873 commenda-

121 2921 219 2970 son,
242 2910 398 2962 Pater
441 2915 649 2973 noster,
681 2910 910 2965 Salvum
953 2912 1044 2977 fac
1089 2927 1307 2963 servum
1339 2916 1519 2975 tuum,
1547 2912 1695 2964 Mitte
1777 2910 1986 2964 tionem
2033 2911 2258 2977 animae;
2310 2911 2570 2981 dictaque
2626 2910 2809 2981 prima
2837 2909 3068 2962 collecta
3111 2908 3247 2970 Tibi,
3274 2906 3374 2958 Do-

123 2997 178 3058 ei,
212 2997 444 3062 Domine,
470 3001 764 3053 auxilium
794 3000 856 3051 de
886 3003 1091 3063 sancto,
1120 2999 1470 3066 Omnipotens
1495 3003 1696 3067 sempi-
1717 3055 1753 3067 Α
1779 3002 1946 3065 mine,
1973 3002 2436 3065 commendamus,
2470 2999 2758 3053 sacerdote
2779 3003 2837 3050 et
2863 2999 3138 3050 conventu
3183 3008 3370 3064 prose-

121 3055 250 3138 terne
279 3055 441 3155 Deus,
467 3088 626 3141 salus
654 3093 859 3142 eterna
884 3055 1244 3141 credentium.
1268 3055 1338 3141 Et
1364 3088 1467 3141 hoc
1498 3055 1756 3141 tandiuG
1780 3055 1986 3158 quente
2029 3093 2249 3152 caetera,
2303 3055 2558 3159 portetur
2595 3103 2798 3157 corpus
2840 3085 2909 3139 ad
2940 3083 3259 3147 lavandum,
3303 3079 3374 3134 ab

121 3179 298 3241 agatur
325 3193 623 3246 quousque
651 3176 720 3228 ad
750 3176 1049 3229 sanitatem
1082 3175 1264 3230 redire
1292 3176 1564 3230 videatur.

179 3262 339 3318 Porro
379 3265 424 3318 si
473 3265 550 3319 ad
589 3265 887 3319 sanitatem
936 3265 1167 3318 minime
1205 3265 1388 3319 redire
1419 3265 1698 3336 mortique

121 3351 284 3418 potius
298 3354 753 3424 appropinquare
781 3354 1221 3424 dignoscitur,ex
1241 3371 1350 3424 quo
1375 3359 1528 3408 certa
1552 3355 1610 3408 in
1633 3371 1698 3407 eo

122 3441 296 3494 mortis
323 3442 488 3513 signa
515 3459 788 3513 apparere
809 3443 1160 3513 incoeperint,
1193 3443 1312 3496 sine
1338 3442 1556 3497 duobus
1586 3443 1697 3497 fra-

121 3527 280 3583 tribus
305 3547 426 3586 esse
452 3548 570 3586 non
589 3531 773 3594 debet,
795 3531 890 3602 qui
911 3531 1107 3584 diebus
1136 3536 1193 3584 et
1220 3531 1497 3598 noctibus,
1515 3548 1696 3602 quan-

126 3613 205 3669 diu
249 3617 592 3674 intellectum
633 3625 807 3684 tenet,
840 3621 1032 3689 legant
1071 3636 1258 3673 coram
1299 3635 1364 3672 eo
1411 3619 1698 3690 passiones

125 3702 323 3760 Domini
371 3715 428 3763 et
487 3708 804 3778 Evangelia,
853 3714 910 3762 et
944 3725 1070 3762 cum
1112 3708 1397 3762 intellectu
1447 3708 1698 3778 privatus

126 3790 290 3858 fuerit,
333 3797 586 3867 quandiu
625 3797 1007 3867 supervixerit,
1044 3797 1370 3868 psalterium
1412 3814 1478 3850 ex
1506 3796 1699 3851 ordine

127 3879 397 3940 decantare
426 3903 543 3940 non
574 3891 793 3940 cessent
858 3887 928 3940 Et
961 3887 1040 3940 sic
1081 3886 1372 3940 ordinetur
1409 3890 1490 3949 ut,
1520 3885 1700 3939 disce-

129 3968 360 4027 dentibus
389 3974 629 4030 duobus.
665 3975 968 4028 succedant
1016 3974 1126 4028 duo
1163 3974 1296 4039 alii;
1352 3975 1520 4028 horas
1568 3990 1700 4027 vero

129 4061 386 4128 regulares
413 4063 493 4116 ibi
519 4063 743 4129 dicant;
775 4079 924 4133 aegro
957 4069 1145 4118 autem
1176 4063 1234 4116 in
1264 4063 1468 4133 agonia
1493 4062 1694 4134 posito,

133 4152 180 4199 et
198 4149 417 4220 jamjam
437 4152 486 4205 si
515 4151 597 4205 ita
617 4151 796 4205 visum
818 4153 987 4206 fuerit
1015 4153 1307 4216 morituro,
1334 4151 1701 4222 famulus,qui

134 4235 192 4288 ad
215 4237 310 4292 hoc
344 4241 648 4312 deputatus
677 4247 779 4302 est.
814 4241 1054 4295 cilicium
1105 4241 1400 4312 expandat,
1429 4247 1487 4295 et
1534 4258 1705 4313 supra

1777 3176 1865 3232 his
1893 3177 1962 3230 de
1994 3193 2233 3247 quorum
2265 3177 2460 3231 ordine
2480 3175 2604 3240 fuit,
2637 3176 2694 3229 id
2724 3179 2811 3230 est
2838 3172 3099 3229 sacerdos
3125 3188 3160 3225 a
3185 3185 3373 3224 sacer-

1779 3265 2023 3330 dotibus,
2056 3266 2324 3320 diaconus
2356 3283 2390 3319 a
2414 3265 2683 3331 diaconis,
2723 3269 2780 3318 et
2805 3263 2886 3318 sic
2918 3261 2977 3315 in
3016 3260 3250 3331 reliquis
3281 3275 3374 3312 or-

1781 3355 2022 3419 dinibus,
2066 3371 2364 3409 conversus
2414 3371 2449 3408 a
2487 3353 2806 3419 conversis;
2834 3351 3020 3406 infans
3046 3355 3237 3404 tamen
3263 3363 3376 3402 non

1778 3444 1848 3498 ab
1876 3444 2202 3508 infantibus,
2231 3445 2325 3498 sed
2358 3461 2393 3498 a
2421 3443 2720 3498 conversis.

1851 3534 1921 3588 Hi
1953 3550 2082 3588 vero
2114 3539 2248 3588 sunt
2275 3533 2370 3603 qui
2395 3533 2583 3586 lavare
2623 3547 2736 3586 non
2775 3530 2982 3586 debent
3027 3544 3228 3600 corpus
3277 3526 3378 3581 de-

1779 3623 1984 3677 functi:
2012 3623 2272 3677 sacerdos
2299 3621 2790 3686 hebdomadarius,
2817 3625 2874 3674 et
2900 3618 3104 3690 reliqui
3133 3615 3377 3671 ministri

1781 3712 1877 3783 qui
1926 3711 2073 3766 circa
2119 3712 2298 3765 altare
2325 3711 2595 3775 serviunt,
2632 3715 2690 3763 et
2736 3726 2868 3763 vasa
2899 3712 3119 3761 sacrata
3151 3711 3386 3759 contre-

1782 3805 1954 3854 ctant.
1983 3799 2418 3854 Hebdomadarii
2437 3791 3375 3870 coquinae,cellerarii,refectorarii;

1782 3891 1916 3944 dum
1945 3890 2164 3944 lavatur
2191 3905 2412 3958 corpus,
2432 3885 2776 3940 camerarius
2807 3888 3006 3956 priesto
3037 3897 3162 3936 esse
3190 3879 3374 3943 debet,

1785 3979 1997 4032 habens
2025 3978 2358 4032 vestimenta
2388 3976 2606 4034 idonea.
2643 3980 2699 4027 et
2736 3974 2848 4036 ﬁla,
2882 3977 2939 4025 et
2967 3987 3099 4025 acus
3135 3969 3206 4022 ad
3245 3984 3380 4023 con-

1783 4068 2080 4130 suendum,
2115 4072 2172 4120 et
2200 4072 2400 4120 caetera
2430 4080 2553 4135 quae
2580 4063 2666 4116 sui
2687 4061 2855 4117 ofﬁcii
2883 4065 3016 4114 sunt
3040 4064 3097 4113 et
3125 4074 3226 4113 suo
3254 4073 3382 4128 ope-

1784 4157 1834 4210 ri
1888 4156 2223 4210 necessaria.
2283 4153 2441 4208 Inter
2498 4151 2800 4206 lavandum
2849 4147 3278 4204 circumcinctus
3307 4146 3383 4201 sit

1786 4245 2081 4309 staminea,
2128 4261 2241 4315 qua
2281 4243 2512 4297 indutus
2550 4245 2721 4296 antea
2749 4245 2889 4304 erat,
2916 4238 3065 4293 circa
3091 4236 3381 4310 pudendas

136 4321 251 4379 illud
267 4328 331 4381 ad
356 4345 680 4383 mensuram
703 4329 1068 4400 longitudinis
1085 4335 1142 4383 et
1170 4330 1505 4394 latitudinis,
1532 4347 1699 4401 quam
1719 4368 1769 4427 D
1787 4335 1875 4388 sui
1903 4333 2152 4404 corporis
2181 4338 2385 4404 partes.

137 4411 294 4480 ipsum
320 4418 564 4472 cilicium
612 4417 800 4481 habet,
833 4419 1056 4489 signum
1087 4419 1264 4473 crucis
1312 4419 1381 4473 de
1425 4420 1704 4474 cineribus

139 4498 294 4568 faciat,
343 4507 790 4577 morientemque
821 4507 1053 4561 fratrem
1084 4508 1326 4577 desuper
1367 4514 1558 4579 ponat.
1603 4509 1706 4562 Cui

139 4597 307 4656 postea
334 4594 717 4650 indesinenter
730 4601 914 4662 294
939 4596 1192 4650 assidens
1203 4596 1709 4651 studioseconside-

137 4683 356 4750 ret,quia
377 4685 518 4738 hora
531 4684 740 4739 exitum
758 4686 877 4756 ejus
895 4686 1190 4740 conventui
1206 4685 1409 4740 debeat
1435 4685 1702 4741 indicare.

200 4768 436 4844 Cumque
484 4789 612 4828 eum
658 4774 776 4844 jam
807 4774 866 4828 in
912 4775 1162 4828 exeundo
1199 4773 1402 4828 viderit
1429 4774 1703 4841 laborare,

141 4863 339 4923 gestans
371 4879 544 4916 manu
573 4862 822 4916 tabulam
873 4863 944 4916 ad
987 4863 1190 4917 ostium
1237 4863 1467 4917 claustri
1495 4870 1702 4929 currat,

146 4940 338 5018 ictuque
359 4950 695 5005 creberrimo
720 4951 928 5005 acriter
943 4968 1066 5006 eam
1091 4951 1166 5005 ibi
1196 4951 1488 5023 percutiat,
1499 4970 1706 5023 quous-

145 5047 235 5100 que
261 5037 313 5091 in
342 5045 617 5094 conventu
647 5040 902 5094 auditum
934 5057 1055 5094 esse
1075 5046 1390 5111 cognoscat.
1429 5041 1550 5105 Quo
1578 5058 1706 5112 per-

149 5129 281 5192 cepto
307 5129 486 5183 sonitu
519 5129 566 5182 si
593 5129 663 5183 ad
694 5130 987 5199 majorem,
1022 5130 1107 5183 vel
1145 5129 1420 5183 minorem
1455 5129 1708 5191 missam,

149 5212 219 5264 Vel
244 5215 306 5269 ad
333 5209 648 5289 regularem
681 5218 878 5272 horam
921 5219 1150 5284 fuerint,
1202 5217 1625 5273 remanentibus
1653 5220 1710 5274 in

150 5298 291 5358 choro
333 5307 634 5362 infantibus
686 5323 812 5361 cum
862 5309 1147 5379 magistris
1177 5308 1312 5369 suis,
1346 5312 1403 5361 et
1434 5308 1712 5378 aliquibus

150 5385 399 5460 fratribus,
433 5394 636 5468 quibus
681 5397 904 5465 jussum
939 5397 1128 5465 fuerit,
1176 5396 1382 5467 reliqui
1408 5414 1602 5453 omnes
1641 5399 1710 5452 ad

1859 4423 2032 4477 Lotus
2061 4425 2248 4475 autem
2278 4421 2550 4475 vestiatur
2569 4418 2846 4475 staminea
2873 4433 3033 4483 nova,
3057 4416 3144 4472 vel
3168 4415 3385 4473 noviter

1790 4513 1922 4575 lota,
1958 4517 2012 4564 et
2032 4511 2267 4575 cuculla,
2297 4511 2427 4565 etin
2447 4511 2628 4583 capite
2657 4511 2780 4581 ejus
2810 4514 3050 4580 ponatur
3070 4506 3378 4572 sudarium,

1790 4601 1848 4655 in
1870 4600 2098 4654 modum
2127 4599 2334 4670 caputii
2357 4600 2426 4654 de
2455 4601 2730 4654 staminea
2753 4599 2962 4653 factum
2989 4617 3001 4665 ;
3032 4597 3165 4652 huic
3194 4611 3386 4667 super-

1789 4689 2028 4743 ducatur
2051 4689 2336 4759 caputium
2358 4689 2605 4752 cucullaa,
2623 4694 2678 4742 et
2695 4705 2819 4743 cum
2846 4687 2938 4742 ﬁlo
2967 4688 3026 4742 in
3050 4685 3232 4740 tribus
3251 4684 3386 4739 locis

1789 4777 2144 4832 adnectatur.
2167 4777 2460 4832 Calceetur
2486 4778 2680 4847 caligis
2707 4777 3030 4848 supradicto
3058 4791 3244 4849 panno
3275 4774 3387 4828 fac-

1787 4865 1880 4932 tis,
1915 4866 2179 4936 usquead
2201 4882 2390 4936 genua
2411 4865 2836 4936 attingentibus,
2866 4870 2924 4919 et
2942 4863 3383 4919 nocturnalibus.

1787 4955 1987 5010 Manus
2018 4955 2244 5010 cuculla’
2263 4955 2377 5009 sint
2399 4961 2692 5025 cooperta.
2727 4953 2957 5009 Cuculla
2999 4953 3130 5006 hinc
3164 4958 3222 5007 et
3257 4951 3389 5006 inde

1793 5049 2114 5109 consuatur,
2152 5050 2211 5098 et
2248 5043 2394 5098 circa
2447 5059 2614 5098 crura
2668 5043 2958 5109 similiter;
3008 5040 3384 5106 nocturnales,

1795 5133 1939 5186 alter
1989 5133 2151 5187 alteri
2188 5133 2282 5187 ﬁlo
2308 5137 2731 5198 connectantur,
2761 5131 2953 5186 taliter
2980 5136 3240 5202 paratum
3264 5145 3389 5184 cor-

1795 5237 1901 5291 pus
1930 5221 2135 5277 feretro
2155 5223 2477 5294 imponatur
2505 5228 2562 5277 et
2590 5222 2759 5294 pallio
2786 5221 3158 5293 cooperiatur.

1869 5311 1990 5375 Quo
2037 5313 2276 5383 expleto,
2307 5312 2653 5384 expletisque
2693 5329 2815 5384 quae
2861 5311 2919 5366 in
2973 5313 3253 5366 conventu
3281 5308 3391 5364 dici

1795 5406 2101 5472 coeperant,
2137 5401 2415 5474 percutiat
2447 5402 2603 5473 prior
2649 5401 2899 5457 tabulam
2939 5417 3052 5456 uno
3089 5399 3226 5455 ictu.
3272 5399 3395 5464 Quo

213 5568 311 5643 (67)
334 5577 498 5646 Deest,
531 5578 603 5633 ad
633 5577 929 5634 ecclesiam
958 5593 1061 5649 pro
1084 5576 1392 5634 venerabili
1424 5582 1798 5649 sacramento,
1821 5582 1904 5636 vel
1932 5581 2068 5649 quid
2090 5581 2294 5635 simile.
