3892 6356
518 277 613 333 9H

1515 279 1580 334 Β.
1626 277 2039 336 LANFBANCI
2078 278 2434 336 CANTUAB.
2476 277 2812 336 ARCHIEF.

3693 280 3785 334 5ίῖ

518 400 711 456 audite
729 403 990 464 inclinati
1005 409 1214 465 iratus
1231 405 1422 460 dicant
1438 406 1602 458 Pater
1623 407 1822 456 noster.
1847 403 2119 462 Sacerdos
2132 405 2181 466 A
2193 403 2273 460 Ea
2289 411 2483 462 autem
2509 404 2666 468 bona,
2685 407 2880 474 postea
2903 419 3105 459 omnes
3123 405 3375 460 calceant
3403 421 3489 470 se,
3517 410 3575 459 et
3593 405 3784 471 lavent,

517 489 666 545 sima
681 508 888 564 corpus
909 514 1115 568 aquam
1138 494 1488 552 henedictam
1511 496 1755 563 spergat,
1772 492 2104 548 etincenset.

518 577 734 633 Dehinc
761 583 912 638 dicat
942 587 1008 639 Et
1037 602 1104 641 ne
1132 602 1245 648 nos,
1275 583 1317 639 A
1349 587 1512 650 porta
1553 583 1746 646 inferi,
1781 587 1977 650 postea
2003 583 2112 638 col-

515 667 740 723 lectam.
757 672 856 727 His
877 674 956 728 ita
972 675 1145 744 gestis
1156 674 1451 744 pulsentur
1467 671 1646 739 signa.
1667 675 1868 724 cantor
1880 671 2113 742 incipiat

517 761 937 827 responsorium
955 763 1451 826 Subvenite,saacti
1466 759 1657 814 Dci.Et
1667 760 2110 829 praecedentibus

519 844 611 899 his
652 848 748 918 qui
784 851 1009 905 situlam
1065 868 1192 906 cum
1242 866 1408 920 aqua,
1461 864 1704 908 crucem.
1753 848 2106 918 candelabra,

517 933 867 992 thuribulum
896 945 1143 1010 portant,
1173 936 1537 1008 sequentibus
1555 937 1881 1003 infantibus,
1900 944 1958 993 et
1977 939 2112 993 reli-

521 1037 631 1091 quo
653 1031 947 1092 conventu,
979 1027 1243 1082 extremis
1281 1026 1362 1081 eis
1394 1025 1490 1096 qui
1520 1041 1722 1096 corpus
1750 1026 2029 1092 lavarunt,
2057 1031 2115 1081 et

519 1116 766 1179 portant.
799 1115 1026 1171 veniant
1056 1116 1114 1170 in
1162 1114 1496 1180 ecclesiam;
1547 1114 1840 1186 positoque
1881 1132 2113 1187 corpore

516 1197 576 1252 in
600 1199 739 1261 loco.
771 1201 866 1257 ubi
891 1205 1024 1275 poni
1056 1206 1219 1270 solet,
1271 1209 1491 1260 cessent
1531 1202 1710 1272 signa.
1744 1204 1952 1273 ﬁgatur
1977 1221 2114 1260 crux

515 1287 587 1340 ad
615 1295 784 1360 caput
827 1292 967 1362 ejus.
996 1299 1282 1364 ponantur
1309 1293 1419 1348 duo
1445 1291 1798 1357 candelabra,
1837 1309 2008 1348 unum
2039 1295 2116 1349 ad

516 1383 702 1447 caput,
738 1385 796 1433 et
841 1381 1081 1436 alterum
1126 1383 1197 1436 ad
1229 1382 1418 1454 pedes,
1464 1397 1589 1436 cum
1644 1381 1822 1435 cereis
1872 1382 2114 1454 desuper

516 1466 784 1529 accensis,
833 1469 929 1539 qui
979 1471 1243 1525 continue
1299 1470 1375 1524 ibi
1420 1471 1657 1524 ardeant
1697 1486 1986 1542 usquequo
2040 1472 2112 1528 ad

514 1554 864 1624 sepulturam
899 1558 1206 1616 deferatur.
1239 1559 1419 1614 Finito
1448 1564 1615 1612 cantu
1644 1558 1896 1614 inclinati
1923 1561 2115 1615 dicant

515 1643 681 1696 Pater
716 1651 926 1710 noster;
980 1649 1239 1702 sacerdos
1291 1649 1352 1702 Et
1396 1665 1460 1702 ne
1490 1664 1603 1712 nos,
1636 1650 1676 1702 Α
1725 1655 1886 1716 porta
1915 1651 2108 1716 inferi,

2190 498 2248 551 et
2274 494 2578 565 pectinent,
2601 492 2904 564 solitasque
2933 494 3216 548 orationes
3237 494 3472 558 faciant,
3499 510 3640 564 quas
3665 495 3786 548 ordo

2190 583 2341 642 illius
2361 582 2628 653 temporis
2657 581 2852 652 poscit.
2873 583 3144 636 Sedentes
3172 584 3419 654 psallant
3449 583 3561 637 nisi
3590 584 3659 636 ad
3689 586 3790 638 Ma-

2190 676 2436 742 gnz‘ﬁcat,
2469 677 2527 726 et
2552 671 2624 728 ad
2656 673 2970 726 Benedictus
2992 689 3014 738 ,'
3038 679 3171 726 tunc
3203 673 3358 728 enim
3400 677 3559 726 stare
3601 672 3793 727 debent

2190 763 2274 818 Ad
2296 764 2454 816 Pater
2475 765 2676 822 noster,
2715 765 2773 814 et
2799 759 2868 814 ad
2917 760 3177 815 collectas
3203 778 3340 831 quas
3373 761 3645 815 sacerdos
3673 762 3794 816 dicit

2190 849 2447 904 inclinati
2491 849 2607 903 sint
2644 865 2813 919 super
2850 865 3037 918 genua
3063 866 3184 903 sua.
3221 850 3280 904 Si
3317 855 3459 904 ante
3499 856 3793 904 nocturnas

2191 938 2409 1008 vigilias
2433 939 2608 992 frater
2636 937 2856 1000 abierit,
2887 943 3047 991 tanta
3065 939 3185 1008 jam
3213 939 3396 992 noctis
3421 943 3590 1009 parte
3619 945 3794 992 trans-

2194 1031 2320 1083 acta
2349 1033 2415 1082 ut
2439 1027 2580 1082 duas
2606 1026 2828 1096 vigilias
2847 1026 3027 1081 facere
3055 1028 3420 1081 commodum
3448 1044 3568 1081 non
3595 1027 3688 1091 sit,
3718 1027 3792 1081 lo-

2195 1121 2318 1171 cato
2343 1116 2403 1170 in
2427 1116 2659 1171 ecclesia
2681 1132 2933 1186 corpore,
2967 1116 3169 1171 fratres
3192 1133 3394 1171 omnes
3413 1117 3714 1188 vigilantes
3743 1122 3792 1171 et

2194 1206 2498 1277 psallentes
2541 1204 2619 1258 ibi
2670 1210 3036 1271 remaneant;
3072 1205 3316 1269 infantes
3351 1222 3488 1260 curn
3521 1206 3793 1276 magistris

2193 1295 2309 1349 suis
2338 1294 2647 1349 dormitum
2680 1294 2742 1348 in
2770 1293 3162 1348 dormitorium
3191 1295 3452 1350 redeant.

2265 1382 2524 1447 Quandiu
2552 1398 2755 1453 corpus
2783 1398 2952 1453 super
2970 1387 3181 1436 terram
3210 1389 3314 1445 est,
3344 1383 3544 1437 nullus
3563 1382 3623 1437 in
3652 1382 3792 1437 clau-

2193 1477 2310 1526 stro
2338 1472 2620 1542 loquatur.
2653 1470 2868 1526 Tabula
2893 1475 3104 1537 tamen,
3126 1471 3173 1525 si
3201 1473 3322 1526 dies
3349 1472 3490 1526 talis
3509 1473 3600 1535 sit,
3634 1471 3688 1527 in
3708 1488 3791 1525 οι.

2194 1557 2372 1628 pitulo
2406 1556 2680 1627 pulsetur,
2703 1561 2761 1611 et
2774 1558 3047 1611 Benedicit
3095 1557 3333 1620 dicatur,
3352 1557 3510 1612 sicut
3533 1557 3658 1610 aliis
3684 1557 3791 1611 die-

2195 1645 2298 1701 bus
2323 1665 2335 1714 ;
2368 1645 2416 1701 si
2443 1652 2632 1700 tamen
2661 1646 2781 1717 ipsa
2811 1645 2900 1698 die
2924 1651 3047 1716 post
3089 1647 3400 1717 capitulum
3441 1645 3671 1717 sepeliri
3703 1646 3792 1700 de-

515 1730 805 1787 collectam
838 1734 984 1794 sicut
1011 1737 1268 1807 superius
1295 1735 1505 1794 dictum
1528 1743 1633 1791 est.
1658 1736 1758 1791 llis
1778 1738 2037 1808 peractis,
2066 1720 2176 1793 siB
2197 1733 2306 1800 bet,
2338 1734 2664 1806 priusquam
2695 1735 3000 1805 sepeliatur
3037 1734 3175 1788 nulli
3225 1735 3393 1789 liceat
3430 1742 3595 1789 extra
3629 1735 3791 1790 claus-

515 1819 735 1875 eenitus
785 1823 992 1878 tabulas
1043 1826 1114 1880 de
1158 1825 1452 1880 refectorio
1507 1825 1712 1879 fratres
1782 1827 2108 1894 adduxerat,

518 1908 725 1964 ablutis
752 1913 1011 1968 manibus
1038 1914 1110 1968 ad
1155 1914 1508 1968 refectorium
1540 1918 1911 1978 revertantur,
1945 1916 2113 1984 perﬁ,

515 1996 778 2070 sientque
794 2003 946 2071 quod
971 2003 1355 2073 imperfectum
1381 2009 1747 2065 remanserat,
1778 2003 2114 2057 remanenti-

2195 1828 2347 1878 trum
2373 1823 2700 1878 monasterii
2727 1823 2894 1883 exire,
2946 1823 3053 1877 nisi
3083 1829 3199 1877 tam
3233 1840 3409 1894 prope
3437 1823 3517 1878 sit
3545 1824 3700 1878 locus
3733 1828 3790 1877 ut

2191 1907 2268 1967 ad
2297 1913 2678 1984 sepeliendum
2710 1913 2941 1966 fratrem
2970 1913 3147 1984 possit
3168 1914 3372 1968 redire.

2269 2003 2476 2057 Omnes
2503 2003 2598 2073 qui
2629 2008 2865 2074 possunt
2903 2003 3024 2073 ipso
3055 2002 3146 2056 die
3177 2019 3276 2073 pro
3307 2019 3374 2056 eo
3399 2003 3636 2057 missam
3666 2002 3792 2056 cele-

516 2083 620 2140 bus
648 2103 774 2142 cum
798 2106 1032 2161 corpore
1051 2091 1332 2164 aliquibus
1361 2091 1891 2162 tratribus,quot,et
1910 2091 2114 2162 quibus
2194 2090 2377 2145 brent.
2439 2092 2609 2146 Missa
2659 2090 3010 2144 matutinalis
3060 2107 3160 2160 pro
3217 2108 3283 2145 eo
3331 2091 3534 2146 festive
3580 2098 3785 2162 agatur,

513 2173 829 2246 injunctum
864 2180 1053 2246 fuerit,
1087 2181 1183 2252 qui
1226 2181 1469 2252 psalmos
1503 2181 1580 2234 ibi
1629 2181 1856 2235 interim
1884 2187 2108 2247 canant,
2195 2179 2417 2234 etiamsi
2462 2179 2582 2233 dies
2634 2179 2925 2250 praecipuae
2970 2178 3288 2233 festivitatis
3345 2180 3443 2234 sit.
3496 2181 3584 2235 Ad
3633 2195 3788 2251 quam

514 2279 806 2336 nunquam
835 2269 983 2322 enim
1010 2269 1130 2323 sine
1169 2271 1480 2342 psalmodia
1507 2287 1710 2340 corpus
1752 2286 1874 2324 esse
1921 2270 2108 2337 debet,
2194 2269 2425 2323 missam
2454 2268 2675 2338 quoties
2721 2268 2989 2323 diaconus
3023 2268 3278 2323 incensat
3313 2269 3519 2334 altare,
3563 2269 3631 2323 ad
3683 2284 3788 2322 cor-

517 2359 747 2423 eaeapto
787 2359 1011 2426 quando
1049 2359 1109 2412 in
1135 2359 1306 2414 choro
1343 2358 1556 2430 aliquid
1602 2358 1916 2413 communis
1945 2359 2111 2414 ofﬁcii
2192 2375 2298 2429 pus
2328 2373 2551 2429 quoque
2580 2357 2985 2412 incensandum
3029 2373 3156 2412 cum
3197 2357 3492 2412 thuribulo
3523 2357 3688 2413 debet
3711 2372 3787 2410 ac-

515 2440 850 2498 celebratur.
2192 2447 2408 2502 cedere.

587 2532 906 2589 Conventns
931 2535 990 2589 in
1020 2535 1112 2590 die
1135 2536 1284 2592 circa
1308 2552 1510 2608 corpus
1538 2552 1761 2608 semper
1777 2537 1945 2592 debet
1967 2555 2111 2605 esse,
2269 2537 2439 2590 Facto
2469 2535 2526 2590 in
2548 2534 2793 2606 capitulo
2815 2551 3075 2589 sermone
3094 2534 3350 2591 absolvat
3362 2552 3499 2591 eum
3519 2534 3786 2600 abbas,vel

517 2619 628 2674 nisi
662 2623 889 2692 quando
916 2630 1132 2680 canunt
1158 2626 1324 2680 horas
1343 2626 1429 2680 vel
1451 2625 1670 2689 missas,
1700 2627 1785 2680 vel
1816 2628 2118 2698 processio-
2199 2625 2724 2696 quiordinipmest.
2748 2625 2960 2678 Deinde
2987 2626 3276 2696 praecipiat
3301 2643 3404 2697 pro
3436 2643 3506 2680 eo
3530 2623 3785 2681 celebrari

519 2725 648 2766 nem
676 2711 824 2766 circa
851 2714 1157 2768 claustrum
1183 2715 1266 2768 vel
1287 2719 1444 2769 extra
1471 2716 1864 2778 claustrum,si
1886 2716 1966 2770 ita
1989 2733 2116 2770 con-
2197 2714 2434 2784 triginta
2471 2713 2666 2768 diebus
2709 2713 2982 2784 tringinta
3020 2713 3240 2780 missas,
3271 2714 3516 2786 singulis
3547 2714 3786 2769 videlicet

516 2799 718 2871 tingat,
745 2801 976 2869 faciunt,
1013 2803 1093 2857 vel
1119 2803 1177 2858 in
1207 2804 1452 2875 capitulo
1489 2811 1640 2869 sunt,
1676 2811 1776 2859 aut
1794 2805 1851 2859 in
1876 2807 2112 2860 refecto-
2196 2803 2395 2858 diebus
2419 2802 2670 2872 singulas
2695 2802 2912 2868 missas,
2946 2808 3148 2874 praeter
3171 2820 3266 2858 eas
3285 2821 3410 2876 qua;
3433 2805 3494 2860 in
3524 2807 3784 2860 conventu

516 2888 621 2946 rio.
673 2895 775 2944 aut
810 2891 866 2945 in
902 2892 1236 2947 dormitorio
1277 2892 1602 2957 meridianis
1655 2894 1827 2958 horis,
1873 2900 1930 2948 et
1979 2900 2114 2950 tunc
2196 2891 2540 2947 celebrandm
2581 2897 2731 2956 sunt,
2778 2891 2858 2946 ita
2883 2900 2946 2946 ut
2988 2893 3176 2947 nullus
3208 2899 3511 2965 praetereat
3545 2894 3663 2948 dies
3685 2905 3783 2963 quo

517 2981 736 3033 tantum
759 2979 1106 3052 deputentur
1123 2981 1296 3053 aliqui
1319 2981 1520 3036 fratres
1547 2982 1641 3054 qui
1670 2982 1743 3037 ibi
1761 2989 2108 3051 remaneant,

512 3067 841 3138 psalterium
866 3086 932 3124 ex
949 3071 1144 3124 ordine
1165 3076 1356 3137 ,οὔ
1384 3072 1644 3142 psallant,
1678 3073 2113 3128 commendatio-

514 3171 643 3210 nem
667 3158 870 3213 animm
898 3165 1087 3229 agant,
1113 3176 1393 3231 vesperas.
1409 3159 1646 3230 vigilias,
1671 3177 1798 3214 cum
1829 3161 2107 3229 laudibus,

525 3245 689 3297 Wrba
718 3262 858 3310 mea,
885 3252 941 3300 et
975 3248 1090 3302 haec
1117 3249 1313 3302 eadem
1343 3248 1683 3319 frequenter.

585 3333 760 3388 Nocte
777 3351 910 3390 vero
935 3341 1060 3407 post
1087 3337 1536 3408 completorium,
1573 3337 1843 3408 incipiens
1870 3338 2111 3410 primam

512 3421 760 3492 vigiliam
811 3425 1006 3479 dexter
1046 3426 1250 3480 chorus
1299 3426 1485 3489 faciat,
1526 3427 1830 3481 secundam
1860 3427 2112 3497 sinister,

515 3512 892 3581 persolventes
945 3515 1172 3586 utrique
1223 3514 1549 3586 supradicta
1604 3515 1889 3586 obsequia.
1943 3521 2112 3587 prout

515 3599 802 3670 quantitas
851 3603 1099 3666 noctium
1135 3603 1259 3658 ﬁeri
1298 3604 1632 3675 permiserit,
1685 3605 1790 3660 hoc
1817 3604 2109 3660 observato

513 3688 812 3760 diligenter
839 3707 909 3745 ne
937 3693 1162 3763 utrique
1189 3694 1405 3764 priores
1426 3693 1482 3748 in
1499 3710 1614 3748 una
1633 3693 1824 3765 vigilia
1841 3695 2110 3765 deputen-

513 3779 791 3836 tur.Circa
812 3781 980 3835 ﬁnem
1007 3781 1201 3852 primae
1229 3782 1432 3853 vigiliae
1456 3789 1616 3837 exeat
1642 3784 1798 3854 prior
1816 3783 2002 3838 ferens
2017 3784 2112 3838 εὶ)-

511 3876 858 3929 sconsam.et
873 3870 1040 3924 vadat
1054 3871 1112 3932 in
1132 3871 1546 3938 dormitorium,
1573 3872 1886 3943 excitetque
1906 3873 2110 3927 fratres

511 3957 606 4028 qui
631 3958 934 4013 secundam
964 3958 1209 4029 vigiliam
1231 3959 1431 4014 facturi
1461 3965 1612 4014 sunt.
1642 3961 1778 4014 Post
1805 3961 2110 4015 matutinas

511 4045 726 4109 laudes,
751 4046 915 4102 dictis
929 4047 988 4102 in
1011 4049 1180 4103 choro
1210 4065 1333 4120 quae
1351 4049 1460 4103 dici
1487 4050 1623 4104 ordo
1650 4049 1917 4120 deposcit,
1939 4051 2108 4121 quid-

511 4135 648 4206 quid
691 4147 950 4207 superest
993 4136 1172 4192 noctis
1218 4137 1458 4192 infantes
1505 4155 1635 4192 cum
1681 4138 1968 4208 magistris
2020 4156 2107 4194 cas

509 4224 696 4278 nardo
727 4225 1062 4296 expendant,
1097 4227 1360 4281 intersint
1393 4243 1614 4298 quoque
1652 4227 1862 4282 infirmi
1902 4227 1983 4282 illi
2011 4228 2108 4299 qui

2197 2981 2369 3036 missa
2400 2998 2499 3052 pro
2531 2997 2598 3035 eo
2627 2997 2740 3034 non
2759 2980 3090 3047 celebretur,
3117 2982 3227 3036 nisi
3259 2983 3574 3037 Parasceve
3595 2983 3682 3047 sit,
3697 2985 3783 3036 aut

2196 3069 2502 3125 Sabbatum
2532 3075 2818 3136 sanctum;
2844 3075 2901 3124 et
2930 3071 3025 3141 qui
3045 3071 3274 3125 inchoat
3300 3087 3414 3126 non
3431 3073 3559 3143 ipsa
3577 3071 3667 3125 die
3685 3084 3784 3140 qua

2194 3158 2515 3230 sepelietur,
2539 3159 2636 3212 sed
2669 3157 2728 3211 in
2744 3159 3010 3213 crastimo
3030 3159 3296 3213 inchoare
3318 3159 3510 3215 debet.
3544 3157 3784 3214 Celebra-

2195 3248 2266 3302 tis
2293 3247 2532 3318 quisque
2556 3247 2663 3302 sibi
2691 3248 2960 3319 injunctis
2992 3247 3177 3301 missis
3206 3248 3327 3318 ipso
3351 3249 3447 3303 die
3476 3249 3534 3302 id
3564 3249 3622 3302 in
3642 3245 3780 3316 capi-

2193 3337 2313 3391 tulo
2341 3337 2509 3398 dicat,
2539 3343 2816 3408 quatenus
2847 3336 2963 3402 alii,
2991 3337 3083 3406 qui
3132 3336 3396 3408 subsequi
3440 3337 3661 3400 debeat,
3691 3333 3782 3388 ibi-

2193 3425 2322 3480 dem
2349 3425 2523 3480 abbas
2542 3427 2626 3479 vel
2647 3427 2802 3496 prior
2819 3426 2967 3480 idem
2989 3426 3265 3497 iniunget.
3283 3427 3411 3497 Ipso
3427 3427 3522 3483 die
3552 3425 3780 3481 infantes

2193 3531 2356 3570 suum
2387 3515 2695 3586 capitulum
2725 3531 2837 3570 non
2865 3522 3113 3580 teneant,

2262 3607 2607 3675 Quacumque
2637 3605 2794 3665 hora,
2826 3620 2926 3675 per
2961 3610 3140 3658 totam
3185 3604 3353 3669 diem,
3384 3610 3519 3675 post
3545 3602 3776 3658 sonitum

2193 3709 2359 3764 quem
2384 3693 2541 3764 prior
2559 3693 2629 3746 ad
2660 3693 2980 3747 excitandos
3001 3693 3205 3747 fratres
3233 3709 3398 3747 mane
3425 3694 3610 3747 facere
3629 3691 3772 3752 solet,

2190 3781 2367 3835 frater
2399 3781 2694 3835 moriatur.
2730 3781 3024 3850 sepultura
3070 3782 3190 3850 ejus
3232 3798 3410 3852 usque
3444 3787 3571 3852 post
3601 3775 3776 3834 crasti-

2191 3886 2327 3924 num
2363 3870 2672 3940 capitulum
2708 3869 3017 3935 differatur,
3072 3870 3181 3923 nisi
3229 3869 3582 3924 rationabilis
3619 3881 3774 3922 causa

2193 3959 2395 4014 existat
2423 3975 2545 4030 quae
2576 3959 2659 4012 vel
2685 3965 2810 4030 post
2840 3960 3112 4029 majorem
3143 3959 3392 4024 missam,
3427 3960 3512 4013 vel
3537 3963 3660 4030 post
3684 3970 3772 4009 no-

2189 4065 2321 4102 nam
2351 4048 2576 4120 sepeliri
2606 4065 2734 4102 eum
2757 4048 3010 4113 suadeat,
3035 4053 3094 4101 et
3111 4049 3352 4101 maxime
3373 4047 3418 4102 si
3445 4053 3578 4102 ante
3595 4047 3773 4099 horam

2191 4154 2313 4208 qua:
2345 4138 2428 4192 vel
2455 4143 2672 4197 aestate.
2711 4138 2796 4192 vel
2827 4137 3011 4191 hieme
3040 4142 3172 4191 ante
3217 4137 3526 4208 capitulum
3563 4134 3768 4197 dicitur,

2191 4227 2334 4281 mori
2367 4243 2497 4283 eum
2525 4227 2833 4296 contingat.
2867 4226 3027 4291 Quod
3054 4243 3182 4281 cum
3217 4227 3418 4280 accidit
3446 4231 3646 4299 praeter
3675 4235 3772 4276 ser-

509 4311 570 4366 in
591 4313 756 4367 domo
787 4314 1139 4370 inﬁrmorum
1167 4316 1391 4371 assidue
1417 4321 1820 4371 conversantur
1847 4322 1904 4371 et
1930 4316 2390 4415 facul-Dvitium
2439 4317 2588 4386 quod
2644 4332 2744 4386 pro
2789 4321 3011 4370 mortuo
3047 4315 3222 4370 fratre
3267 4315 3446 4370 facere
3475 4315 3655 4370 solent
3679 4308 3773 4362 fra-

508 4404 685 4455 tatern
740 4401 846 4457 hoc
883 4403 1124 4458 faciendi
1165 4404 1372 4459 habere
1416 4405 1693 4459 videntur.
1732 4405 1932 4459 Ceteri
1975 4421 2108 4459 vero

508 4489 713 4545 fratres
739 4491 798 4546 in
827 4492 984 4546 lectis
1011 4494 1128 4548 suis
1147 4493 1436 4564 quiescant
1457 4510 1748 4565 usquequo
1767 4496 1916 4549 facto
1945 4509 2110 4556 mane

509 4587 824 4651 surgentes,
855 4582 1105 4647 calceati,
1134 4583 1253 4648 loti,
1286 4589 1344 4638 et
1370 4582 1494 4654 pexi
1511 4583 1790 4654 factisque
1837 4583 2111 4638 orationi-

509 4667 616 4724 bus
641 4676 1021 4742 aggregentur
1047 4677 1104 4726 et
1139 4671 1252 4742 ipsi
1290 4671 1363 4726 ad
1403 4688 1628 4744 corpus.
1663 4672 1883 4737 Quibus
1911 4688 2108 4742 aggre.

507 4759 654 4831 gaﬁs
682 4766 922 4832 pergant
943 4760 1188 4816 infantes
1227 4777 1289 4815 se
1329 4761 1605 4826 calceare,
1641 4761 1848 4824 lavare,
1881 4766 1939 4816 et
1985 4777 2108 4831 pec-

508 4853 651 4916 tere,
681 4849 987 4920 solitasque
1018 4850 1306 4904 orationes
1331 4850 1514 4904 facere
1541 4869 1552 4919 ;
1587 4855 1646 4905 et
1673 4855 1801 4922 post
1840 4850 2110 4905 accedant

504 4943 566 4994 et
590 4937 716 5009 ipsi,
751 4945 809 4993 et
839 4939 945 4992 hoc
959 4939 1044 5000 ﬁt,
1069 4938 1117 4992 si
1141 4939 1260 4993 dies
1296 4939 1426 5003 talis
1453 4940 1527 4994 sit
1553 4946 1618 4995 ut
1645 4945 1773 5011 post
1805 4939 2112 4994 matutinae

509 5027 706 5082 laudes
751 5027 821 5081 ad
872 5027 1045 5082 lectos
1090 5027 1273 5082 redire
1328 5029 1596 5084 fratribus
1643 5029 1860 5084 licitum
1918 5027 2011 5082 sit.
2044 5029 2110 5082 In

507 5115 693 5171 hieme
719 5132 872 5178 vero,
894 5116 1117 5185 quando
1133 5116 1426 5172 intervalla
1453 5119 1614 5183 ﬁunt,
1635 5118 1684 5172 si
1710 5123 1837 5189 post
1856 5117 2110 5171 litaniam

509 5205 722 5276 aliquid
746 5210 1001 5276 superest
1029 5205 1226 5272 noctis,
1262 5205 1392 5262 licet
1419 5208 1699 5279 pmdictis
1743 5206 1973 5278 reliquis
1999 5206 2108 5261 fra-

507 5293 690 5349 tribus
715 5294 776 5349 in
802 5294 959 5349 lectis
988 5293 1106 5350 suis
1135 5311 1314 5366 usque
1331 5296 1404 5350 ad
1430 5297 1581 5352 diem
1605 5296 1920 5367 quiescere;
1944 5296 2110 5351 vesti-

505 5383 555 5437 ti
577 5389 772 5442 tamen
791 5389 851 5439 et
878 5384 1110 5440 calceati
1131 5386 1442 5456 quiescant.

578 5471 846 5532 Infantes.
903 5473 1050 5530 sicut
1094 5475 1353 5547 superius
1407 5474 1620 5531 dictum
1665 5477 1770 5540 est,
1824 5488 1952 5529 cum
1991 5489 2108 5529 ma-

508 5559 703 5631 gistris
725 5567 782 5618 et
791 5562 1032 5621 inﬁrmis
1049 5580 1212 5622 suam
1243 5565 1392 5622 circa
1414 5581 1619 5638 corpus
1646 5567 1820 5635 agant
1836 5563 2104 5636 vigiliam.

2191 4408 2326 4471 tres,
2359 4404 2644 4475 integrum
2677 4404 3025 4476 psalterium,
3045 4419 3172 4457 rum
3193 4403 3415 4474 integra
3442 4407 3772 4456 mortuorum

2192 4493 2526 4564 psalmodia,
2559 4510 2660 4565 pro
2698 4511 2766 4548 eo
2815 4493 3051 4564 singulis
3082 4498 3168 4547 est
3205 4491 3475 4546 fratribus
3499 4491 3771 4561 injungen-

2191 4583 2347 4637 dum.

2260 4671 2319 4725 Si
2366 4675 2498 4726 ante
2527 4674 2831 4725 nocturnas
2859 4671 3078 4740 vigilias
3109 4669 3370 4733 moritur,
3419 4663 3770 4737 subsequente

2190 4759 2450 4815 similiter
2486 4760 2577 4814 die
2622 4765 2749 4830 post
2787 4760 3099 4831 capitulum
3143 4758 3469 4830 sepeliatur.
3519 4756 3578 4812 Si
3631 4753 3764 4806 inter

2191 4848 2341 4921 ipsas
2364 4848 2601 4920 vigilias,
2618 4849 2702 4903 vel
2715 4853 2911 4920 postea
2934 4854 3065 4903 ante
3087 4847 3414 4920 praedictum
3444 4845 3682 4902 sonitum
3708 4836 3768 4890 de

2192 4937 2297 4992 hoc
2317 4938 2518 4994 seculo
2548 4938 2767 5008 migret,
2789 4943 2918 5009 post
2938 4939 3210 5008 majorem
3234 4937 3462 4990 missam
3478 4932 3623 4990 tradi
3649 4939 3764 4982 eum

2191 5028 2492 5098 sepulturae
2537 5033 2778 5099 oportet.
2839 5027 2897 5082 Si
2947 5026 3219 5082 festivitas
3261 5025 3553 5080 duodecim
3600 5014 3767 5074 lectio-

2192 5133 2348 5182 num,
2383 5122 2484 5171 aut
2506 5116 2700 5182 trium,
2727 5117 2787 5170 in
2807 5132 2920 5186 qua
2948 5117 3006 5170 in
3043 5116 3288 5170 claustro
3309 5114 3535 5168 minime
3560 5111 3766 5178 loquan‘

2187 5210 2284 5260 tur
2311 5205 2533 5270 fratres,
2568 5206 2690 5277 ipsa
2716 5206 2806 5260 die
2829 5205 3020 5272 fuerit,
3053 5210 3181 5276 post
3205 5204 3513 5275 capitulum
3543 5193 3762 5254 celebre-

2186 5300 2284 5349 tur
2309 5312 2408 5367 pro
2437 5311 2503 5350 eo
2532 5295 2702 5350 missa
2731 5294 3080 5354 matutinalis
3106 5294 3303 5348 festivo
3333 5308 3508 5356 more,
3523 5289 3658 5344 sicut
3682 5294 3760 5334 ευ·

2187 5385 2379 5457 perius
2399 5384 2610 5440 dictum
2633 5387 2737 5438 est.

2259 5474 2474 5530 Dehinc
2498 5473 2644 5528 dicta
2669 5471 2858 5538 tertia,
2874 5471 3156 5542 missaque
3183 5470 3416 5541 majore,
3450 5463 3675 5541 pergant
3697 5451 3756 5508 ad

2184 5564 2576 5636 sepeliendum
2606 5562 2858 5618 fratrem.
2901 5561 2984 5624 Ad
3013 5576 3182 5630 quem
3218 5558 3542 5615 accedentes
3567 5553 3672 5609 sive
3699 5544 3757 5598 de
