3892 6348
130 341 225 398 513

1060 341 1388 398 ΒΕΟΗΕἹἎ
1425 340 1567 395 PRO
1608 339 1883 399 ORD‘INR
1919 344 1980 400 8.
2021 343 2424 399 BENEDICTI.

3263 349 3370 407 5M

122 463 370 536 capitulo,
395 465 516 518 sive
540 465 610 519 de
645 465 814 521 choro
839 472 1056 531 exeant,
1091 467 1340 521 canendo
1381 467 1544 519 Verba
1573 481 1694 518 mea
1711 467 1763 525 Δ
1779 466 1944 528 dicta.
1970 474 2029 523 et
2056 467 2319 539 imposito
2348 467 2518 521 thure
2541 467 2756 524 tribuat
2773 469 3126 528 thuribulum
3150 472 3250 528 uni
3276 488 3374 529 ee-

124 556 185 608 ad
212 571 406 625 corpus
433 554 675 608 veniant.
710 555 942 610 Interim
973 557 1230 627 pulsetur
1257 555 1436 610 tribus
1483 553 1698 608 vicibus

125 659 282 698 unum
311 643 379 696 de
409 643 716 712 majoribus
737 644 932 714 signis,
955 649 1019 698 ut
1037 645 1082 698 si
1103 645 1198 715 qui
1227 645 1371 699 forte
1393 643 1600 699 absunt
1625 643 1695 696 ad

124 732 257 785 hunc
281 748 480 785 sonum
513 732 633 786 sine
661 749 822 787 mora
856 734 1208 788 conveniant.

185 820 524 874 Secretarius
566 821 772 888 abbati,
823 827 880 876 et
930 823 1122 894 priori,
1172 828 1228 877 et
1274 820 1551 876 sacerdoti
1601 819 1698 891 qui

123 908 435 980 obsequium
477 909 728 965 facturus
759 917 866 976 est,
896 916 1086 966 cereos
1137 910 1458 971 distribuat.
1493 909 1698 964 cande-

123 998 193 1052 las
219 998 442 1069 reliquis
461 997 750 1057 fratribus.
771 999 1039 1070 magister
1065 1000 1398 1058 infantibus.
1430 998 1698 1054 Sacerdos

123 1087 331 1142 indutus
361 1086 436 1142 sit
463 1087 614 1154 alba,
639 1105 766 1143 cum
795 1090 940 1144 stola
967 1096 1025 1144 et
1049 1089 1358 1160 manipulo,
1383 1095 1440 1144 et
1467 1088 1527 1142 in
1557 1086 1698 1142 albis

123 1176 219 1230 duo
268 1177 470 1231 fratres
518 1194 587 1232 ex
629 1177 699 1232 iis
737 1177 832 1249 qui
881 1184 1048 1233 antea
1097 1179 1351 1232 laverunt
1388 1182 1692 1232 mortuum.

123 1263 256 1318 Alba
282 1281 412 1320 vero
442 1266 564 1321 sint
592 1267 664 1338 ad
705 1267 1025 1336 hujusmodi
1070 1267 1356 1336 negotium
1381 1265 1700 1337 specialiter

121 1352 400 1423 deputatae.

179 1445 364 1506 206
405 1443 446 1496 li
479 1443 581 1514 qui
607 1449 837 1514 portant
864 1444 1092 1499 situlam
1130 1461 1256 1499 cum
1288 1459 1436 1514 aqua
1466 1442 1696 1497 benedi-

119 1533 210 1596 cta,
261 1547 506 1599 crucem,
567 1533 919 1597 candelabra,
973 1533 1344 1598 thuribulum,
1377 1537 1528 1587 stent
1567 1531 1698 1584 hinc

117 1625 164 1674 et
197 1619 341 1685 inde,
397 1621 472 1675 ad
527 1629 699 1693 caput
757 1621 1024 1688 defuncti,
1082 1621 1334 1692 reliquus
1391 1624 1696 1674 conventus

113 1708 174 1761 ad
199 1708 504 1775 dexteram,
539 1715 598 1764 et
624 1711 696 1764 ad
744 1710 1050 1766 sinistram.
1101 1711 1246 1764 sicut
1275 1715 1361 1764 est
1407 1709 1544 1763 ordo
1597 1723 1691 1762 eo-

1778 573 1903 630 rum
1925 558 2020 627 qui
2052 557 2194 611 albis
2227 555 2408 609 induti
2439 555 2571 610 illuc
2598 558 3021 623 descenderant.
3046 567 3102 616 et
3122 561 3374 618 incense-

1779 647 1873 699 tur
1901 646 2237 717 sepulcrum.
2285 643 2496 698 Dehinc
2535 645 2684 700 dicta
2728 648 2961 702 collecta
3013 649 3367 705 Obsecremus

1783 735 2219 787 misericordiam
2243 738 2418 797 tuam,
2444 733 2554 787 duo
2586 749 2652 787 ex
2680 735 2947 790 fratribus
2967 736 3064 808 qui
3084 737 3218 804 foris
3245 743 3379 796 sunt

1779 821 2011 891 pallium
2066 822 2308 892 desuper
2359 821 2688 888 extendant,
2735 824 2830 878 alii
2887 825 3017 890 duo,
3062 842 3264 897 corpus
3299 826 3378 884 de

1779 909 1985 965 feretro
2032 909 2386 980 accipientes,
2418 909 2528 963 illis
2557 910 2810 966 tribuant
2845 913 2942 983 qui
2993 913 3052 968 in
3091 916 3374 972 tumulum

1779 998 2201 1053 descenderant.
2225 997 2316 1052 Illi
2346 997 2645 1068 diligenter
2666 1000 2806 1054 illud
2839 1001 2899 1056 in
2935 1003 3194 1074 sepulcro
3220 1019 3376 1060 com-

1779 1092 2011 1157 ponant,
2059 1093 2116 1142 et
2154 1087 2562 1142 absolutionem
2609 1088 2878 1160 scriptam
2923 1096 2983 1146 et
3023 1108 3062 1146 a
3103 1091 3372 1150 fratribus

1780 1175 1982 1230 lectam
2028 1192 2200 1246 super
2245 1181 2438 1246 pectus
2485 1177 2606 1246 ejus
2652 1185 2864 1247 ponant
2910 1185 2967 1234 et
3007 1180 3283 1252 operiant,
3315 1187 3374 1238 et

1778 1265 1969 1318 statim
2005 1269 2288 1328 exeuntes,
2331 1269 2389 1318 et
2428 1264 2498 1318 ad
2549 1267 2956 1322 monasterium
3007 1275 3370 1337 revertentes,

1780 1353 1937 1408 exuti
1967 1353 2128 1418 albis,
2173 1359 2230 1407 et
2271 1353 2453 1407 induti
2482 1353 2727 1408 vestibus
2755 1356 2893 1422 suis,
2923 1357 2996 1410 ad
3041 1363 3373 1414 conventum

1779 1440 2031 1495 redeant.
2075 1440 2320 1511 Corpore
2355 1440 2412 1493 in
2442 1440 2735 1510 sepultura
2761 1443 2964 1512 posito,
2994 1445 3250 1515 protinus
3278 1463 3374 1502 ex-

1777 1529 2140 1598 stinguantur
2167 1527 2410 1583 candelae
2439 1533 2498 1582 et
2525 1534 2740 1583 cessent
2764 1529 2944 1600 signa.

1848 1618 2096 1689 Expletis
2125 1617 2373 1688 reliquis,
2401 1617 2547 1672 sicut
2578 1617 2636 1671 in
2665 1619 2854 1673 codice
2883 1619 2942 1674 in
2983 1637 3092 1691 quo
3123 1622 3228 1678 hoc
3249 1622 3374 1680 offi-

1775 1705 1924 1760 cium
1961 1707 2282 1761 ordinatum
2316 1712 2402 1761 est
2429 1706 2726 1776 reperitur,
2773 1706 3130 1765 revertantur
3171 1727 3374 1768 canen-

112 1812 238 1851 rum.
295 1799 576 1853 Sacerdos
621 1799 922 1854 adveniens
981 1800 1138 1871 prius
1175 1803 1440 1869 aspergat
1487 1813 1691 1868 corpus
1710 1777 1758 1839 Β
1778 1799 1864 1848 tes
1892 1801 2104 1866 septem
2131 1795 2376 1866 psalmos
2409 1793 2839 1864 poenitentiales.
2866 1798 3136 1853 Sacerdos
3164 1816 3374 1870 praece-

111 1902 236 1957 aqua
261 1887 582 1952 benedicta,
614 1887 815 1943 dehinc
833 1889 1101 1942 accedens
1131 1889 1202 1942 ad
1230 1894 1400 1958 caput
1419 1886 1686 1951 defuncti,

110 1979 204 2028 stet
219 1975 296 2030 ita
323 1983 385 2030 ut
412 1977 714 2048 praedictos
729 1977 1028 2048 portitores
1047 1977 1119 2031 ad
1140 1977 1428 2031 dexteram
1451 1993 1611 2030 suam
1635 1980 1693 2030 et

110 2061 369 2118 sinistram
391 2066 622 2120 habeat.
655 2066 937 2120 Accedant
962 2066 1073 2120 duo
1093 2071 1369 2130 cantores,
1396 2071 1454 2120 et
1475 2070 1691 2119 stantes

111 2150 241 2206 inter
265 2154 445 2208 altare
476 2155 634 2224 quod
679 2154 754 2208 ibi
793 2155 964 2210 situm
997 2161 1098 2218 est,
1140 2161 1196 2209 et
1224 2171 1447 2226 corpus,
1479 2154 1687 2220 dicant,

113 2241 254 2310 Kyrie
282 2246 505 2309 eleison,
538 2244 748 2298 Christe
803 2247 1021 2310 eteison,
1072 2246 1239 2312 Kyrie
1281 2247 1482 2298 eleison
1510 2283 1526 2308 ,
1555 2260 1688 2298 con-

111 2336 254 2385 ventu
273 2331 382 2386 duo
405 2332 597 2400 priora
618 2337 926 2404 repetente,
942 2337 999 2386 et
1017 2332 1278 2387 ultimum
1293 2334 1470 2399 ‘Kyrie
1488 2335 1688 2386 eleison

110 2433 215 2472 cum
260 2419 336 2474 eis
379 2421 624 2475 dicente.
659 2422 861 2476 Postea
896 2421 1172 2487 sacerdos,
1205 2417 1494 2476 humiliter
1535 2420 1690 2474 incli-

109 2508 234 2561 natis
258 2509 540 2575 omnibus,
575 2510 723 2564 dicat
750 2501 1039 2564 collectam
1075 2511 1323 2578 Oremus,
1357 2512 1481 2564 Non
1511 2512 1687 2563 intres

108 2597 159 2649 in
198 2600 497 2665 judicium.
535 2599 659 2662 Qua
685 2599 852 2663 dicta,
883 2599 1159 2670 praedictis
1201 2598 1523 2653 cantoribus
1549 2598 1686 2652 inci-

107 2683 378 2752 pientibus,
411 2693 656 2741 canatur
710 2689 1127 2758 responsorium
1183 2704 1310 2742 cum
1365 2703 1529 2741 versu
1581 2688 1688 2754 Qui

109 2773 374 2829 Lazarum.
436 2776 604 2839 Quod
647 2776 781 2830 dum
837 2777 1058 2830 canitur
1130 2777 1382 2830 incenset
1426 2776 1685 2830 sacerdos

107 2861 275 2926 altare,
300 2865 449 2935 quod
481 2865 565 2919 ibi
593 2870 694 2931 est,
725 2871 781 2919 et
799 2883 1019 2936 corpus.
1056 2867 1173 2920 Hoc
1202 2872 1404 2937 agatur
1435 2866 1682 2920 secundo

107 2957 153 3003 et
177 2953 348 3018 tertio,
369 2959 605 3024 excepto
636 2954 784 3024 quod
813 2953 934 3008 aliae
962 2955 1203 3008 collectae
1234 2961 1291 3008 et
1315 2955 1424 3008 alia
1446 2965 1682 3024 ‘respon-

108 3040 234 3093 soria
276 3041 379 3095 dici
422 3042 656 3107 debent,
709 3043 854 3096 sicut
880 3043 938 3096 in
981 3042 1157 3109 libris,
1200 3042 1294 3098 ubi
1335 3043 1480 3097 actio
1512 3043 1683 3114 hujus

110 3126 254 3182 ofﬁcii
283 3137 367 3184 est
393 3130 680 3189 ordinata.
706 3131 1042 3186 continetur.

165 3216 347 3272 Finitis
388 3219 646 3273 versibus
696 3220 845 3273 tertii
877 3221 1240 3290 responsorii,
1281 3220 1432 3290 quod
1486 3224 1685 3275 cantor

108 3308 366 3378 praecepit,
416 3314 713 3380 repetatur
758 3326 792 3363 a
846 3309 1025 3380 capite
1073 3310 1492 3381 responsorium
1527 3327 1539 3362 :
1573 3326 1682 3380 quo

107 3401 406 3464 percantato
437 3403 603 3468 roget
627 3398 886 3452 sacerdos
911 3415 1009 3469 pro
1031 3415 1094 3453 eo
1120 3399 1288 3464 orari,
1308 3399 1391 3452 ita
1414 3398 1679 3452 dicendo:

108 3485 250 3538 Pater
274 3493 475 3540 noster.
507 3487 578 3541 Et
607 3503 672 3541 ne
702 3504 822 3554 nos,
851 3487 976 3541 Non
1005 3491 1195 3553 intres,
1218 3489 1256 3541 A
1288 3492 1453 3556 porta
1483 3489 1678 3554 inferi,

110 3573 350 3628 Dominus
363 3575 920 3643 uobiscum,0remus,
938 3578 1178 3641 Inclina,
1194 3577 1444 3640 Domine,
1462 3591 1678 3641 aurem,

113 3666 159 3713 et
183 3663 408 3736 reliqua.

172 3750 262 3805 His
301 3753 379 3807 ita
420 3752 684 3824 peractis,
724 3758 952 3807 cantore
981 3753 1287 3824 incipiente
1318 3753 1683 3824 antiphonam

114 3839 168 3890 In
189 3843 532 3907 paradisum,
567 3846 768 3896 exeant
816 3847 1082 3896 canentes
1111 3842 1389 3913 psalmum
1432 3844 1500 3896 In
1529 3844 1684 3897 exitu

115 3925 281 3983 Israel.
313 3930 642 3985 Praecedant
669 3930 918 4001 praedicti
944 3931 1244 4002 portitores
1275 3946 1453 4001 aquae,
1481 3931 1680 3998 crucis,

113 4015 573 4085 candelabrorum,
608 4024 665 4072 et
705 4018 997 4073 thuribuli.
1032 4019 1354 4090 Sequantur
1402 4017 1681 4083 sacerdos,

113 4103 160 4154 et
173 4113 352 4160 cantor
378 4110 542 4179 cujus
571 4107 737 4162 officii
767 4107 1084 4179 specialiter
1115 4109 1350 4162 interest
1379 4107 1532 4162 omni
1571 4108 1686 4162 sol-

113 4187 372 4250 licitudine
418 4197 732 4269 providere,
777 4214 847 4251 ne
905 4197 964 4252 in
1019 4198 1124 4251 hoc
1179 4197 1444 4269 obsequio
1497 4197 1688 4269 aliqua

116 4283 268 4349 possit
295 4287 635 4358 negligentia
679 4287 921 4343 evenire.
953 4288 1088 4341 Post
1135 4287 1237 4340 hos
1265 4286 1570 4358 procedant
1598 4287 1686 4342 in-

117 4366 273 4426 fantes
317 4391 442 4430 cum
487 4375 770 4447 magistris
814 4376 953 4446 suis,
997 4375 1200 4430 dehinc
1229 4376 1430 4448 reliqui
1460 4376 1684 4437 fratres,

118 4463 350 4517 extremis
375 4464 675 4534 prioribus,
708 4463 1149 4536 praecedentibus
1171 4463 1513 4535 junioribus,
1543 4465 1688 4520 sicut

120 4553 191 4600 est
214 4551 341 4606 ordo
382 4569 578 4607 eorum
614 4553 1011 4609 conversionis.
1045 4553 1178 4607 Post
1222 4570 1416 4608 omnes
1462 4553 1688 4609 veniant

121 4637 201 4705 qui
222 4656 412 4714 corpus
456 4649 702 4714 portant,
733 4643 789 4697 hi
841 4656 967 4698 vero
993 4643 1124 4709 sint,
1157 4643 1204 4696 si
1245 4643 1537 4698 commode
1566 4643 1689 4697 ﬁeri

122 4728 290 4794 possit,
321 4733 414 4802 qui
442 4732 694 4787 laverant
719 4732 876 4796 illud,
911 4731 1306 4804 adjuvantibus
1336 4748 1450 4794 eos,
1471 4733 1520 4787 si
1549 4749 1689 4804 opus

123 4811 284 4886 fuerit,
313 4821 434 4875 aliis
460 4821 744 4887 fratribus,
783 4821 989 4892 quibus
1023 4821 1195 4875 abbas
1235 4826 1334 4876 aut
1371 4821 1525 4892 prior
1554 4839 1690 4893 prae-

125 4905 264 4975 cepit.
297 4910 432 4966 Cum
465 4911 615 4965 exire
651 4911 942 4983 incipiunt,
969 4909 1264 4982 pulsentur
1293 4909 1456 4981 signa
1480 4927 1688 4982 usque-

124 5009 216 5062 quo
233 5013 422 5070 corpus
444 5000 774 5054 collocatum
803 4999 877 5054 sit
897 4999 954 5054 in
979 4999 1293 5070 sepultura.

185 5083 310 5140 Cum
328 5106 456 5144 vero
483 5090 555 5144 ad
596 5089 944 5161 sepulturam
971 5087 1329 5161 pervenerint
1359 5091 1510 5142 stent
1538 5087 1689 5142 ordi-

126 5179 237 5228 nate
262 5175 382 5232 hinc
423 5185 479 5233 et
519 5179 667 5244 inde,
701 5179 846 5233 sicut
874 5178 930 5232 in
974 5179 1144 5233 choro
1173 5183 1324 5232 stare
1355 5179 1554 5232 solent.
1588 5177 1691 5232 Sa-

129 5263 294 5318 cerdos
309 5273 416 5321 stet
434 5269 582 5322 inter
601 5267 742 5323 duos
761 5268 980 5336 choros,
996 5283 1106 5321 non
1132 5267 1302 5337 longe
1323 5275 1358 5320 a
1376 5265 1684 5337 sepultura;

129 5350 186 5403 ad
225 5353 495 5412 dexteram
543 5359 666 5427 ejus
715 5363 772 5412 et
819 5358 890 5412 ad
938 5357 1250 5421 sinistram,
1312 5357 1408 5426 qui
1463 5361 1693 5426 portant

128 5451 306 5510 aquam
336 5454 390 5500 et
448 5463 690 5513 crucem,
723 5453 780 5502 et
825 5449 1026 5502 Caetera
1067 5446 1142 5500 ’de
1193 5445 1396 5516 quibus
1434 5437 1693 5517 superius

128 5525 312 5588 dictum
339 5544 451 5606 est;
481 5537 632 5592 dicta
650 5537 882 5592 collecta
907 5537 1018 5592 Pis
1048 5536 1446 5590 recordationis
1475 5538 1690 5603 aﬂ'ectu,

129 5622 328 5679 accedat
346 5627 620 5696 sacerdos,
646 5632 704 5684 et
729 5631 992 5700 aspergat
1019 5625 1337 5699 sepulcrum
1358 5639 1508 5698 aqua
1528 5623 1696 5682 bene-

1774 1883 1912 1938 dens
1927 1884 2186 1949 infantes,
2209 1900 2335 1938 cum
2357 1883 2427 1937 ad
2456 1884 2859 1939 monasterium
2882 1887 3114 1948 venerit,
3132 1888 3375 1946 divertat

1773 1972 1831 2026 in
1864 1973 2208 2038 vestiarium,
2241 1978 2314 2036 et,
2348 1972 2602 2042 deposita
2629 1973 2758 2027 alba
2786 1981 2844 2027 et
2869 1975 3372 2048 manipulo,hatque

1774 2060 2005 2116 indutus
2045 2060 2292 2115 vestibus
2338 2061 2475 2126 suis,
2530 2067 2844 2115 revertatur
2893 2063 2951 2116 in
2997 2063 3251 2132 chorum,
3314 2071 3373 2121 et

1773 2157 2090 2220 prostratus
2120 2167 2246 2204 cum
2294 2149 2511 2204 caeteris
2558 2149 2875 2220 prostratis,
2904 2152 3052 2221 quod
3087 2153 3369 2224 reliquum

1773 2247 1859 2292 est
1893 2239 1964 2292 de
1990 2239 2218 2310 psalmis
2249 2239 2418 2293 dicat.
2451 2237 2665 2303 Quibus
2691 2239 2856 2294 dictis
2883 2239 3234 2311 subjungant
3268 2244 3368 2299 Re-

1770 2329 1955 2396 quiem
1975 2333 2238 2382 aternam
2272 2329 2418 2381 dona
2459 2330 2554 2388 eis,
2585 2327 2836 2394 Domine,
2876 2331 3038 2382 Pater
3069 2337 3270 2398 noster,
3301 2333 3370 2386 Et

1771 2431 1842 2469 ne
1867 2432 1978 2481 nos,
2022 2419 2063 2471 Α
2095 2421 2256 2484 porta
2288 2417 2483 2482 inferi,
2517 2416 2780 2470 Dominus
2806 2419 3100 2481 vobiscum,
3133 2420 3366 2474 collecta

1770 2503 2096 2572 Satis/‘aciat
2129 2506 2250 2568 tibi,
2283 2505 2514 2558 Domine
2544 2505 2686 2558 Deus
2717 2511 2938 2570 noster;
2970 2513 3098 2577 post
3123 2508 3238 2562 haec
3286 2526 3370 2564 re-

1767 2597 2060 2646 vertantur
2089 2593 2147 2646 in
2173 2593 2498 2657 claustrum,
2534 2597 2590 2646 et
2617 2593 2765 2647 dicto
2795 2593 2865 2647 ab
2894 2594 3106 2651 infante
3132 2600 3366 2652 Benedi-

1769 2684 1893 2742 cite,
1918 2682 2222 2752 loquantur
2244 2681 2302 2735 in
2329 2682 2591 2744 claustro,
2625 2681 2674 2735 si
2705 2682 2825 2737 dies
2861 2683 2990 2738 talis
3022 2691 3078 2739 et
3106 2686 3244 2740 hora
3273 2687 3366 2742 sit.

1772 2771 1997 2841 Septem
2026 2771 2194 2841 plena
2243 2770 2427 2824 officia
2469 2787 2570 2840 pro
2625 2787 2691 2824 eo
2741 2770 2798 2825 in
2837 2779 3113 2828 conventu
3155 2782 3364 2845 agant;

1770 2859 2007 2929 triginta
2035 2858 2232 2912 diebus
2276 2860 2435 2912 Verba
2464 2875 2605 2924 mea,
2635 2864 2693 2912 et
2719 2859 2790 2913 ad
2816 2877 3009 2916 omnes
3041 2863 3207 2918 horas
3251 2867 3368 2920 Voce

1769 2965 1907 3010 mea,
1941 2964 2041 3018 pro
2071 2965 2135 3001 eo
2156 2947 2364 3001 dicant.
2390 2947 2767 3017 Singulariter
2787 2950 3170 3021 unusquisque
3193 2969 3368 3022 quan-

1768 3042 1892 3091 tum
1912 3036 2082 3090 abbas
2115 3035 2381 3106 praecepit
2406 3052 2505 3106 pro
2533 3035 2723 3090 anima
2752 3037 2874 3107 ejus
2902 3038 3096 3107 faciat;
3129 3040 3367 3111 triginta

1708 3132 1988 3196 cquoque
2009 3125 2232 3188 diebus,
2266 3130 2366 3178 aut
2397 3123 2669 3195 pluribus,
2704 3125 2751 3180 si
2783 3126 2955 3182 abbas
2997 3129 3355 3198 ordinaverit,

1769 3230 1973 3285 panem
2005 3230 2182 3268 unum
2215 3229 2342 3266 cum
2376 3218 2513 3284 potu
2551 3219 2608 3268 et
2643 3215 2996 3285 regularibus
3025 3216 3182 3273 cibus
3212 3219 3360 3275 elee-

1771 3303 2132 3375 mosynarius
2171 3302 2426 3374 accipiat.

2332 3390 2564 3446 CAPUT
2592 3391 2788 3446 XXIV.

1999 3481 2072 3534 De
2112 3482 2477 3534 morientibus
2506 3486 2663 3534 extra
2702 3488 3126 3540 monasterium.

1838 3569 1896 3624 Si
1920 3569 2097 3623 frater
2125 3575 2289 3623 extra
2318 3568 2726 3624 monasterium
2761 3570 2831 3625 de
2870 3572 2974 3628 hac
3021 3573 3131 3628 vita
3161 3574 3366 3646 migra-

1765 3659 1930 3724 verit,
1964 3675 2066 3712 nec
2112 3659 2317 3712 fratres
2358 3673 2550 3713 secum
2593 3658 2805 3714 fuerint
2837 3661 2932 3732 qui
2963 3679 3088 3717 eum
3135 3663 3368 3720 abluant

1770 3752 2083 3818 ceteraque
2104 3765 2226 3818 quae
2252 3748 2511 3818 superius
2533 3748 2682 3802 dicta
2705 3755 2838 3803 sunt
2855 3750 3002 3805 circa
3025 3768 3153 3805 eum
3182 3753 3366 3807 adim-

1767 3836 1978 3907 pleant,
2006 3836 2331 3906 deportatus
2357 3837 2427 3890 ad
2449 3837 2849 3891 monasterium
2878 3838 2937 3892 in
2964 3840 3188 3904 feretro,
3215 3840 3364 3910 quod

1769 3925 1875 3979 sibi
1915 3925 2180 3996 praemitti
2209 3924 2396 3991 debet,
2434 3939 2561 3978 cum
2612 3924 2779 3995 pallio
2825 3942 2926 3996 per
2957 3933 3146 3996 portas
3192 3929 3361 3984 curiae

1766 4015 2135 4086 ingrediatur,
2173 4021 2231 4069 et
2267 4019 2601 4086 coeperante
2635 4013 2830 4078 fratre,
2853 4015 2942 4069 cui
2984 4016 3362 4085 inﬁrmorum,

1769 4121 1906 4159 cura
1925 4104 2225 4159 commissa
2243 4109 2344 4166 est,
2371 4104 2429 4157 in
2455 4103 2621 4156 domo
2645 4102 2997 4159 infirmorum
3019 4104 3361 4177 deponatur;

1769 4211 1880 4266 quo
1909 4193 2162 4266 deposito
2192 4193 2456 4257 famulus,
2490 4200 2553 4247 ut
2578 4191 2740 4261 solet,
2774 4193 2844 4247 ad
2877 4193 3084 4250 ostium
3129 4196 3364 4254 claustri

1767 4281 1976 4348 veniat,
2047 4283 2299 4337 tabulam
2362 4282 2660 4354 percutiat,
2717 4285 3022 4339 conventus
3081 4285 3364 4356 adVeniat,

1771 4373 2020 4442 ﬁantque
2071 4375 2290 4437 caetera,
2324 4387 2388 4426 ac
2428 4371 2476 4426 si
2523 4371 2593 4425 de
2642 4369 2748 4426 hac
2794 4371 2908 4427 vita
2949 4373 3255 4444 migrasset
3307 4377 3367 4431 in

1771 4461 1968 4516 eadem
1997 4461 2352 4515 inﬁrmorum
2381 4460 2540 4527 cella,
2567 4465 2806 4533 excepto
2842 4461 2993 4534 quod
3020 4479 3134 4518 non
3162 4465 3368 4521 dicitur

1769 4551 2130 4618 Proﬁciscere,
2155 4552 2351 4604 anima
2381 4550 2724 4617 Christiana.

1850 4640 2024 4694 Porro
2053 4638 2101 4692 si
2140 4638 2342 4693 fratres
2369 4655 2559 4694 secum
2587 4639 2818 4706 fuerint,
2850 4654 2998 4696 unus
3025 4647 3126 4697 aut
3151 4643 3363 4715 plures,

1771 4727 2026 4798 factaque
2055 4732 2185 4781 sunt
2231 4743 2298 4780 ea
2345 4743 2468 4798 quae
2507 4727 2566 4781 in
2601 4727 2702 4781 tali
2743 4728 2969 4798 negotio
3016 4735 3200 4796 πυτ
3243 4733 3368 4788 fleri

1772 4812 2019 4888 oportet,
2043 4815 2308 4887 procedat
2334 4815 2385 4870 ei
2413 4821 2716 4870 conventus
2743 4814 2961 4872 obviam
2991 4835 3092 4890 per
3121 4822 3364 4892 majores

1771 4913 1967 4977 portas
1993 4904 2338 4970 monasterii,
2375 4905 2667 4975 psallendo
2696 4905 2796 4960 hos
2833 4908 3081 4977 psalmos
3109 4911 3368 4966 Miserere

1772 4998 1900 5062 mei,
1924 4997 2080 5061 Deus,
2104 4995 2426 5059 secundum,
2457 4995 2598 5048 Deus
2629 4994 2692 5048 in
2722 4998 2946 5050 nomine
2972 5001 3084 5064 tuo,
3109 5000 3366 5056 Miserere

1773 5088 1900 5153 mei,
1910 5088 2063 5147 Deus,
2073 5085 2324 5139 Miserere
2345 5085 2452 5137 mei
2457 5085 2516 5150 ,A
2525 5084 2560 5138 ἁ
2571 5085 2873 5139 Dominum
2886 5101 3012 5140 cum
3029 5089 3360 5157 tribularer,

1776 5180 1834 5228 et
1861 5174 1956 5245 qui
1995 5177 2310 5244 sequuntur
2335 5173 2513 5227 donec
2551 5173 2623 5226 ad
2666 5189 2867 5244 corpus
2903 5175 3249 5245 perveniant.
3296 5179 3372 5233 At

1773 5263 1869 5318 ubi
1915 5262 2272 5334 pervenerint
2305 5262 2516 5317 faciant
2553 5261 2853 5316 stationem
2883 5263 3026 5318 versi
3079 5263 3147 5317 ad
3198 5265 3372 5320 alter-

1774 5359 1998 5415 utrum;
2031 5353 2309 5419 sacerdos,
2343 5352 2470 5406 alba
2498 5352 2731 5406 indutus
2769 5358 2826 5406 et
2861 5353 3024 5416 stola,
3056 5354 3286 5409 accedat
3313 5360 3374 5410 et

1777 5449 2039 5516 aspergat
2058 5459 2259 5514 corpus
2284 5457 2431 5512 aqua
2455 5441 2768 5505 benedicta,
2791 5447 2849 5495 et
2872 5441 3142 5509 incenset,
3167 5445 3370 5501 deinde

1777 5539 2007 5589 moneat
2033 5539 2098 5587 ut
2125 5536 2288 5586 orent
2305 5546 2403 5602 pro
2433 5546 2521 5598 eo,
2549 5530 2785 5586 dicendo
2809 5533 2972 5588 Pater
3001 5538 3202 5603 noster,
3221 5535 3288 5590 Et
3303 5552 3371 5590 ne

1779 5639 1896 5690 nos,
1930 5623 2055 5681 Non
2082 5623 2257 5676 intres
2285 5621 2350 5675 in
2381 5622 2689 5690 judicium,
2721 5621 2977 5691 Reguiem
3005 5628 3288 5692 sternam,
3321 5625 3368 5683 Α
