3892 6346
524 333 631 392 515

1513 328 1574 382 Β.
1619 326 2032 382 LANFRANCI
2071 327 2430 384 CANTUAR.
2471 331 2807 388 ARCHIEP.

3685 338 3799 393 516

513 465 681 530 porta
733 459 927 524 inferi,
971 457 1239 510 Dominus
1267 453 1561 516 vobiscum,
1601 452 1847 506 Oremus.
1880 453 2178 514 collectaA
2197 461 2490 524 surgentes
2520 463 2576 511 et
2617 459 2779 512 Verba
2806 475 2925 513 mea
2954 465 3218 515 canentes
3247 461 3579 516 sonantibus
3613 463 3796 534 signis

520 550 761 616 Suscipe,
801 547 1050 608 Domine,
1095 545 1350 596 animam
1403 544 1548 594 servi
1588 545 1674 594 tui
1703 560 1718 604 ;
1767 542 1936 595 aliam
1975 543 2110 597 Sus-

519 638 651 704 cipe,
686 635 934 695 Domine,
967 647 1184 685 seri-um
1219 636 1397 684 tuum.
1432 627 1571 682 Inde
1597 635 1952 683 revertantur
1979 645 2111 683 can-

516 729 642 779 tore
681 721 981 792 incipiente
1023 717 1438 790 responsorium
1479 715 1785 771 Subvenite.
1822 718 1966 771 Dum
2025 717 2113 770 in-

515 816 674 867 trant
715 811 775 864 in
815 809 1101 864 ecclesiam
1151 807 1444 877 pulsentur
1486 805 1676 859 omnia
1705 806 1885 876 signa,
1919 811 1975 860 et
2011 806 2109 858 de-

517 906 761 970 ponatur
784 899 842 952 in
871 898 991 951 loco
1010 897 1067 950 in
1100 912 1210 966 quo
1240 895 1423 948 cateri
1453 895 1654 948 fratres
1683 895 1884 965 deponi
1908 895 2106 960 solent,

516 994 575 1042 et
601 995 842 1059 agantur
869 993 1068 1040 catera
1094 1001 1216 1055 qua
1240 990 1562 1054 agerentur,
1596 984 1642 1038 si
1672 985 1731 1038 in
1760 984 1927 1038 domo
1953 983 2111 1036 inﬁr-

515 1093 737 1132 morum
777 1081 1034 1130 mortuus
1075 1080 1133 1127 et
1171 1073 1240 1126 de
1291 1073 1388 1128 illa
1423 1073 1589 1127 domo
1620 1073 1752 1127 illuc
1781 1073 2110 1143 deportatus

518 1173 735 1229 fuisset.

583 1263 927 1333 Quacunque
957 1262 1114 1326 hora,
1137 1277 1203 1314 ex
1233 1277 1342 1330 quo
1374 1259 1616 1313 infantes
1641 1275 1806 1313 mane
1831 1258 2110 1328 incipiunt

512 1354 699 1423 legere
724 1370 902 1423 usque
921 1353 989 1406 ad
1020 1351 1394 1412 collationem,
1417 1349 1487 1402 de
1517 1350 1790 1402 monacho
1811 1365 2111 1419 congrega-

511 1441 682 1496 tionis
713 1441 847 1496 alibi
876 1441 1140 1494 defuncto
1179 1445 1349 1509 atque
1393 1439 1630 1508 sepulto,
1667 1439 1750 1490 vel
1791 1437 2109 1508 sepeliendo

509 1537 695 1585 certus
725 1530 977 1596 nuntius,
1009 1533 1109 1583 aut
1127 1527 1308 1581 brevis
1330 1527 1399 1580 ad
1419 1527 1823 1580 monasterium
1856 1527 2106 1593 venerit;

509 1619 558 1673 si
585 1618 788 1673 fratres
822 1635 936 1673 non
963 1623 1097 1672 sunt
1144 1617 1202 1670 in
1241 1616 1503 1686 capitulo,
1546 1621 1645 1669 aut
1692 1615 1750 1668 in
1796 1615 2104 1681 refectorio,

511 1708 679 1761 autin
699 1706 1028 1761 dormitorio
1049 1705 1374 1760 meridianis
1389 1704 1560 1769 horis,
1581 1710 1679 1758 aut
1693 1705 1739 1757 si
1757 1705 1814 1758 in
1833 1710 2108 1758 monaste-

2193 542 2253 597 in
2293 546 2527 600 chorum
2573 548 2816 613 veniant,
2873 549 3215 620 expletisque
3269 550 3528 622 incoeptis
3558 552 3797 623 psalmis

2194 649 2320 687 cum
2355 636 2603 701 collecta,
2631 653 2888 707 vesperas
2919 637 3288 702 Mortuorum,
3311 644 3366 692 et
3394 639 3641 694 officium
3663 657 3796 694 cum

2195 738 2392 776 novem
2421 723 2752 778 lectionibus
2782 730 2839 778 et
2867 725 3127 779 laudibus
3151 725 3358 791 dicant,
3383 726 3633 781 accensis
3659 732 3797 781 ante

2195 811 2372 866 altare
2399 813 2616 866 duobus
2645 813 3013 867 lnminaribus
3039 832 3051 880 ;
3101 814 3272 868 missa
3301 815 3656 869 matutinalis
3692 832 3799 886 pro

2193 917 2258 954 eo
2288 901 2482 957 festive
2522 901 2759 958 dicatur.
2802 902 2912 956 nisi
2941 903 3061 956 dies
3090 903 3414 957 Dominicus
3454 910 3555 958 aut
3586 920 3800 974 magna

2193 990 2518 1045 solemnitas
2544 991 2635 1045 sit.
2663 991 2824 1054 Quod
2853 991 2900 1045 si
2927 992 3193 1058 evenerit,
3219 992 3278 1046 in
3302 992 3473 1047 alium
3503 993 3659 1046 diem
3685 993 3799 1046 dif-

2194 1078 2426 1136 feratur.
2459 1081 2594 1134 Post
2620 1081 2737 1134 hac
2761 1080 2819 1134 in
2858 1081 3040 1152 primo
3069 1082 3312 1152 capitulo
3333 1081 3688 1141 absolvatur.

2266 1170 2626 1224 Continuatio
2654 1171 2887 1241 triginta
2917 1171 3238 1238 missarum,
3269 1173 3318 1226 si
3347 1173 3405 1227 in
3434 1189 3499 1226 eo
3531 1173 3676 1237 loco,
3701 1171 3798 1226 ubi

2196 1266 2452 1314 mortuus
2499 1266 2602 1326 est,
2637 1277 2748 1314 non
2785 1261 2866 1323 ﬁt,
2902 1278 3001 1331 pro
3032 1277 3098 1316 eo
3144 1261 3490 1332 injungatur,
3537 1263 3798 1331 ﬁantque

2194 1355 2413 1414 catera,
2447 1367 2569 1420 qua
2598 1367 2698 1420 pro
2723 1350 2894 1403 fratre
2922 1351 3372 1422 congregationis
3399 1351 3456 1405 in
3485 1367 3799 1420 congrega-

2192 1438 2345 1492 tione
2374 1437 2634 1492 defuncto
2660 1439 2781 1492 fieri
2802 1439 3003 1493 solent.

2761 1531 2866 1582 Pro
2905 1532 3211 1582 cellcrario.

2263 1618 2425 1670 Pater
2453 1622 2652 1680 noster,
2673 1618 2740 1670 Et
2771 1634 2837 1670 ne
2861 1634 2974 1683 nos,
2991 1619 3227 1672 Salvum
3243 1618 3333 1685 fac
3352 1633 3575 1670 servum
3601 1622 3793 1681 tuum,

2191 1707 2342 1759 Mitte
2361 1709 2428 1770 ei,
2464 1707 2713 1770 Domine,
2750 1709 3036 1760 auxilium
3069 1709 3132 1760 de
3161 1711 3364 1768 sancto,
3392 1707 3668 1759 Dominus
3699 1722 3800 1758 vo-

511 1796 615 1860 rio,
666 1795 750 1849 vel
797 1801 953 1850 extra
992 1794 1395 1849 monasterium
1452 1809 1562 1847 non
1627 1793 1889 1848 intersint
1939 1757 2423 1852 alicuiBbiscum.
2464 1794 2709 1848 Oremus.
2746 1795 3097 1862 Omnipotens
3131 1797 3457 1862 sempiterne
3489 1795 3652 1857 Deus,
3681 1795 3800 1844 mi-

510 1882 796 1955 obsequio,
849 1884 994 1955 quod
1035 1883 1236 1949 deseri,
1297 1889 1354 1937 et
1407 1881 1796 1954 imperfectum
1865 1883 2105 1954 relinqui
2187 1898 2361 1936 serere
2389 1884 2605 1949 famulo
2628 1888 2718 1936 tuo
2745 1885 2836 1946 N.,
2872 1889 2918 1936 et
2942 1885 3121 1951 dirige
3150 1899 3278 1936 eum
3299 1883 3602 1936 secundum
3633 1886 3798 1934 tuam

509 1974 864 2028 commodum
885 1990 997 2028 non
1012 1974 1104 2038 sit,
1129 1973 1321 2027 statim
1351 1972 1505 2043 prior
1525 1970 1775 2026 tabulam
1805 1973 2101 2043 percutiat,
2187 1974 2535 2027 clementiam
2582 1974 2644 2024 in
2692 1975 2843 2025 viam
2889 1973 3088 2024 salutis
3119 1976 3349 2035 eterna,
3381 1974 3444 2022 ut
3477 1976 3521 2023 te
3549 1970 3800 2022 donante

508 2068 566 2118 et
593 2061 966 2116 residentibus
993 2063 1053 2116 in
1081 2062 1326 2133 capitulo
1355 2060 1641 2123 fratribus,
1675 2062 1864 2116 fratris
1888 2062 2105 2116 obitum
2189 2065 2292 2117 tibi
2313 2063 2523 2130 placita
2551 2062 2757 2128 cupiat,
2787 2064 2834 2112 et
2860 2064 2972 2112 tota
2997 2061 3201 2112 virtute
3224 2060 3505 2126 perﬁciat.
3551 2059 3657 2110 Per
3685 2057 3798 2111 Do-

508 2149 747 2212 nuntiet,
777 2156 834 2205 et
853 2150 1194 2222 subjungat:
1223 2172 1244 2202 ι
1271 2150 1503 2217 Eamus,
1523 2156 1581 2205 et
1599 2151 1867 2205 faciamus
1880 2151 1932 2204 ei
1954 2152 2102 2223 quod
2186 2155 2409 2207 minum
2435 2154 2688 2204 nostrum
2711 2150 2895 2202 Jesum
2924 2148 3225 2201 Christum-

504 2241 721 2310 justum
742 2245 846 2305 est,
879 2246 939 2294 et
957 2241 1136 2295 nostri
1160 2241 1373 2296 ordinis
1393 2241 1736 2296 consuetudo
1765 2240 1952 2307 habet,
1989 2261 2015 2295 »
2049 2247 2106 2296 et

1638 2395 1805 2450 Finis
1831 2403 2184 2452 statutorum
2214 2399 2284 2452 D.
2316 2397 2660 2467 Lanfranci.

2047 2547 3778 2575 Μ

511 2543 2042 2574 M

1232 2657 1830 2764 BEATI
1886 2663 2098 2766 LA

2210 2657 3049 2772 \lPBANCI

1559 2879 2141 2938 CANTUARIENSIS
2180 2882 2735 2939 ARCHIEPISCOPI

1162 3047 2445 3177 EPISTULABUM
2576 3050 3151 3180 LIBER.

699 3421 702 3428 '
753 3413 1168 3474 ﬁas-299
1215 3407 1562 3463 EPISTULA
1589 3406 1840 3463 PRIMA.
2112 3411 2156 3470 C
2248 3417 2421 3465 ventu
2450 3416 2704 3465 tractata
2735 3418 2787 3464 et
2815 3411 3081 3464 conclusa
3108 3411 3306 3478 fuerit,
3333 3409 3788 3480 perscriptceque

623 3517 704 3561 AD
732 3513 1140 3560 ALEXANDRUK
1169 3514 1214 3557 II
1248 3513 1607 3559 PONTIFICEM
1643 3515 1966 3558 ROMANUM.

507 3600 650 3656 Orat
677 3603 739 3653 ut
769 3614 910 3652 onus
934 3596 1272 3665 episcopale,
1303 3598 1455 3664 quod
1483 3594 1662 3664 ipsius
1691 3611 1951 3648 maxime
1980 3597 2095 3647 im-

575 3672 741 3740 perio
769 3680 996 3724 COactus
1015 3672 1364 3732 susceperat,
1391 3667 1461 3718 ab
1490 3667 1749 3740 numeris
1767 3666 1886 3718 suis
1913 3667 2096 3740 eximi

560 3735 759 3812 iubeat
783 3757 806 3808 ;
851 3745 1198 3812 earusatquf
1241 3753 1298 3789 se
1348 3737 1501 3806 quod
1549 3737 1787 3790 Romam
1839 3735 2092 3806 pra/iac

570 3808 827 3882 tempore
850 3825 968 3865 non
992 3808 1226 3862 venerit.

568 3905 800 3960 Summo
881 3904 1086 3954 sancta
1153 3895 1406 3950 Ecclesia
1479 3895 1692 3966 pastori
1758 3897 2093 3948 ALsxmnao

496 4010 671 4067 papa,
723 3993 1081 4046 LANFRANGUS
1132 3985 1397 4056 indignus
1450 3983 1705 4050 antistes,
1764 3985 2092 4038 canonicam

497 4080 892 4139 obedientiam.

564 4170 765 4226 Nescio
809 4167 900 4222 cui
959 4165 1144 4236 aptius
1200 4163 1550 4217 calamitates
1609 4177 1764 4215 meas
1819 4161 2091 4232 explicem

495 4275 664 4332 quam
691 4256 814 4322 tibi,
847 4256 1032 4315 Pater,
1067 4259 1172 4307 etc.
1203 4255 1331 4306 Jam
1361 4252 1608 4305 dedimus
1640 4253 1714 4304 ad
1746 4253 1946 4305 calcem
1983 4254 2091 4321 epi-

493 4351 768 4406 stularum
785 4343 1098 4400 Alexandri
1118 4343 1189 4404 II,
1210 4342 1531 4406 Patrologia
1561 4345 1599 4394 t.
1641 4340 1762 4396 θΧι
1779 4341 1840 4395 VI
1853 4383 1864 4395 .

935 4436 1129 4498 ποθ
1157 4427 1504 4484 EPISTOLA
1532 4427 1602 4482 II.

1090 4537 1170 4579 AD
1210 4533 1487 4580 EUMDEM.

489 4633 575 4684 De
605 4629 900 4680 Hermano
930 4615 1388 4689 eplsc0p0,7quod
1427 4613 1594 4689 senili
1625 4617 1793 4689 atate
1821 4612 2083 4689 prolixa-

557 4713 667 4770 que
713 4682 1062 4770 aegritudine
1086 4682 1386 4770 contectus
1432 4686 1634 4767 impar
1653 4682 1786 4765 jam
1815 4686 1978 4770 oneri
2006 4684 2083 4736 vi-

561 4755 814 4823 deatur':
861 4769 912 4818 et
962 4763 1029 4816 de
1076 4755 1459 4829 Lichfeldmsi
1498 4758 1598 4827 qui
1653 4755 1988 4824 episcOpatu
2025 4765 2146 4825 seD

563 4838 872 4900 abdicauit,
926 4850 1006 4887 an
1055 4837 1175 4901 ejus
1219 4831 1704 4901 consecrationem
1741 4829 2083 4897 permittere

555 4911 775 4978 debeat,
805 4924 904 4980 qui
935 4899 1096 4958 illius
1120 4905 1236 4956 loco
1263 4907 1343 4953 est
1372 4899 1739 4966 subrogatus.

554 4999 839 5056 Universa
855 4992 1066 5051 Christi
1087 4989 1350 5046 Ecclesia
1369 5002 1591 5041 summo
1613 4986 1814 5040 rectori
1834 4988 2086 5040 ALEXAN-

484 5089 888 5158 Dao,indignus
903 5083 1211 5152 Anglorum
1228 5075 1678 5146 archiepiscopus
1692 5075 2081 5140 Lanaeus,

483 5183 655 5237 linem
685 5177 892 5232 inferre
920 5173 1124 5226 bonum
1164 5167 1309 5221 bono
1348 5163 1640 5237 principio.

554 5266 902 5326 Necessitate
927 5264 1161 5332 urgente
1187 5261 1528 5327 exspectare,
1543 5257 1647 5306 etc.
1674 5253 1906 5319 Reliqua
1922 5251 2082 5306 habes

482 5363 547 5414 in
577 5356 898 5416 Alexandro
926 5352 1001 5415 II,
1035 5349 1132 5402 ubi
1179 5361 1369 5415 supra.

929 5443 1107 5506 θυι
1149 5429 1622 5500 EPISTOLAJII.

1084 5543 1162 5590 AD
1202 5539 1477 5587 EUIDEM.

2247 3483 2357 3535 sibi
2385 3483 2565 3551 juxta
2595 3483 2764 3534 illam
2816 3482 3142 3536 concordia:
3169 3483 3400 3533 mittens
3446 3483 3788 3548 exemplum

2250 3556 2391 3621 petit
2416 3563 2476 3606 ut
2495 3555 2866 3622 privilegium
2891 3554 3271 3622 apostolicum
3292 3551 3620 3622 indulgeat;
3639 3567 3788 3603 com-

2249 3621 2584 3677 memoratis
2610 3624 2738 3676 dein
2751 3621 3036 3692 pontiﬁcis
3057 3638 3196 3689 erga
3215 3637 3270 3674 se
3294 3621 3786 3691 beneﬁ.-iis,suam

2251 3694 2328 3747 ad
2374 3695 2786 3760 Berengarium
2819 3695 3128 3761 epistolam
3170 3694 3356 3746 mittit
3393 3709 3572 3763 quam
3611 3707 3786 3761 expe-

2253 3782 2446 3835 tierat.

2247 3887 2486 3942 Domino
2515 3889 2689 3942 totius
2715 3887 3046 3942 Christiana
3076 3885 3363 3956 religionis
3393 3901 3616 3940 summo
3648 3903 3778 3956 spe-

2174 3977 2411 4031 culatori
2439 3979 2794 4032 Auxmnao
2832 3992 3008 4047 papa,
3038 3976 3413 4031 Lmrnsncns
3441 3981 3651 4028 sancta
3678 3975 3783 4028 Do-

2175 4065 2533 4120 robernensis
2571 4065 2826 4119 Ecclesia
2877 4063 3134 4127 antistes,
3165 4061 3411 4116 debitam
3450 4078 3579 4116 cum
3623 4062 3779 4116 omni

2175 4156 2443 4210 servitute
2467 4153 2868 4208 obedientiam.

2247 4269 2567 4325 Meminisse
2597 4268 2762 4323 debet
2793 4267 3081 4322 humiliter
3115 4265 3388 4320 excellens
3418 4266 3779 4320 excellenter-

2175 4375 2283 4430 que
2315 4359 2542 4414 humilis
2578 4358 2865 4412 beatitudo
2897 4363 3095 4421 vestra,
3127 4361 3233 4410 etc.
3294 4357 3414 4409 Vide
3445 4357 3541 4410 ubi
3580 4371 3773 4424 supra.

2514 4486 2918 4550 εμπ-πιθα
2941 4480 3288 4536 EPISTOLA
3327 4479 3421 4534 IV.

2366 4625 2714 4670 ALEXANDRI
2754 4624 2795 4668 II
2820 4623 2986 4667 PAPE
3021 4623 3102 4666 AD
3148 4619 3579 4665 LANFRANCUM.

2171 4725 2662 4781 Prwdecessorum
2684 4737 2924 4776 suorum
2949 4722 3174 4774 decreta
3203 4718 3536 4789 conﬁrmat,
3567 4725 3632 4772 ut
3654 4735 3776 4774 mo-

2239 4797 2440 4850 nachis
2468 4796 2725 4849 ecclesias
2753 4794 3114 4846 cathedrales
3141 4791 3398 4844 obtinere
3427 4793 3594 4843 liceat
3629 4808 3768 4844 con-

2240 4874 2336 4921 tra
2359 4883 2450 4921 eos
2486 4869 2584 4937 qui
2617 4865 2962 4937 Cantuarios
3007 4863 3250 4937 aliisque
3295 4863 3430 4937 locis
3457 4863 3772 4916 monachos

2238 4933 2548 4993 exturbare
2576 4937 2914 5006 clericosque
2944 4934 3214 4988 inducere
3241 4933 3627 4987 conabantur.

2237 5047 2582 5101 ALBXANDEI
2611 5043 2921 5114 episcopus,
2971 5058 3164 5096 servus
3203 5055 3492 5095 servorum
3521 5038 3642 5105 Dei,
3678 5055 3768 5094 re-

2168 5134 2569 5189 verendissimo
2590 5133 2749 5187 fratri
2775 5132 2834 5186 in
2859 5131 3081 5186 Christo
3102 5131 3442 5185 LANFBANCO
3461 5126 3766 5182 venerabili

2166 5222 2600 5277 Cantuariorum
2627 5220 3063 5292 archiepiscopo,
3089 5218 3330 5273 salutem
3350 5222 3408 5271 et
3429 5216 3767 5287 apotolicam

2165 5311 2609 5366 benedictionem
2626 5355 2638 5367 .

2235 5418 2565 5489 Accepimus
2593 5435 2627 5473 a
2655 5416 2991 5488 quibusdam
3019 5413 3368 5469 venientibus
3407 5412 3476 5465 de
3508 5410 3764 5481 partibus

2161 5507 2378 5575 vestris,
2440 5513 2545 5562 etc.
2625 5509 2743 5561 Vide
2804 5510 2954 5560 inter
3008 5507 3258 5575 epistolas
3315 5503 3625 5557 Alexandri
3684 5502 3758 5569 II,

481 5633 857 5700 Eboracensis
873 5625 1144 5700 Ecclesia?
1164 5624 1436 5679 adversus
1460 5616 1931 5700 Cantugfiensem
1951 5632 2082 5672 con-

2210 5600 2484 5667 atrologia
2533 5601 2570 5651 t.
2606 5596 2820 5652 CXLVI.

551 5684 902 5764 asia-sani
928 5697 1176 5771 promit,
1202 5709 1311 5769 quo
1334 5697 1506 5764 pacto
1535 5691 1600 5746 in
1638 5684 1922 5748 chtano
1953 5703 2080 5745 eon-
