3892 6348
528 321 635 377 M9

529 446 796 503 barbaras
825 445 1082 501 nationes
1102 443 1412 516 positarum
1432 440 1632 494 virium
1665 440 1788 510 [al.,
1824 435 2092 504 matrum]
2139 440 2192 497 Α

529 537 818 608 Siquidem
841 535 992 588 venit
1021 534 1090 588 ad
1111 550 1211 587 nos
1239 532 1473 586 clericus
1495 529 1741 601 quidam,
1769 544 1936 598 quem
1967 524 2119 579 misit

523 627 733 681 Paulus
776 641 962 679 comes
1003 639 1130 678 cum
1159 621 1363 676 litteris
1411 619 1672 690 sigillatis
1699 619 1768 671 de
1797 615 2118 671 Orchadum

525 713 803 785 partibus,
836 712 1156 783 signiﬁcans
1181 711 1238 763 in
1269 710 1348 763 eis
1378 708 1761 779 episcopatum
1805 722 1918 759 suae
1956 711 2119 758 terrae

525 802 710 857 eidem
759 802 960 856 clerico
999 817 1058 854 se
1085 798 1450 863 concessisse;
1484 803 1544 850 at
1573 797 1666 848 ille
1703 800 2118 849 antecessorum

525 907 753 946 suorum
785 891 981 944 ordine
1001 888 1277 942 custodito
1298 885 1596 958 postulata
1619 883 1780 938 nobis
1801 883 2121 954 episcopum

525 994 586 1032 se
610 977 958 1033 consecrari:
1000 976 1089 1030 cui
1121 975 1268 1046 quod
1299 975 1452 1044 juste
1503 973 1663 1044 petit,
1699 972 1914 1042 injuste
1942 970 2116 1024 dene-

525 1083 661 1138 gare
691 1082 802 1121 non
831 1081 1147 1138 possumus.

591 1155 861 1210 Precatur
891 1153 995 1226 [αι.
1011 1196 1024 1215 ,
1051 1150 1374 1224 precamur]
1400 1167 1554 1221 ergo,
1579 1156 1644 1204 ut
1661 1149 1824 1204 nobis
1845 1149 1985 1202 duos
2007 1147 2121 1218 epi-

522 1260 718 1314 scopos
752 1243 961 1313 dirigat
992 1241 1302 1313 paternitas
1332 1247 1536 1302 vestra,
1571 1246 1810 1310 quorum
1842 1237 1967 1292 fulti
1999 1253 2121 1291 ora-

519 1332 764 1387 tionibus
793 1337 849 1386 et
891 1331 1117 1397 auxilio,
1155 1336 1324 1384 tantae
1379 1330 1460 1382 rei
1505 1332 1922 1382 sacramentum
1971 1341 2122 1380 com-

519 1422 775 1494 pleamus
818 1421 1101 1475 canonice.
1138 1420 1242 1473 Illa
1270 1424 1460 1472 autem
1491 1417 1684 1488 procul
1723 1421 1983 1470 arceatur
2029 1431 2121 1468 su-

522 1509 716 1580 spicio,
757 1525 924 1579 quam
951 1507 1274 1578 nuperrime
1298 1505 1460 1560 nobis
1489 1511 1682 1559 noster
1708 1504 1883 1558 frater
1915 1509 1972 1556 et
1999 1519 2121 1556 coe-

521 1614 783 1669 piscopus
814 1597 1112 1652 subintulit
1135 1595 1444 1665 Remigius,
1489 1611 1578 1648 me
1620 1593 1829 1648 scilicet
1866 1593 2118 1663 inposta-e-

1473 318 1536 369 s.
1579 276 1990 368 LANFRANCI
2034 308 2391 365 caurum.
2432 307 2764 364 ARCHIEP.

3703 311 3807 368 ἴ)ἳο

2753 433 3100 488 EPISTOLA
3121 436 3277 492 XIII.

2203 526 2283 572 AD
2326 522 2604 569 JOANNEM
2650 519 3195 568 NORTHMANNORUM
3243 525 3800 571 ARCHIEPISCOPUM.

2206 591 2296 646 Ea:
2323 591 2611 640 occasione
2642 587 2971 637 litterarum
3002 586 3124 654 ejus
3163 589 3232 640 de
3264 592 3567 644 nonnullis
3597 591 3806 642 ritibus

2273 660 2515 722 disserit,
2552 657 2628 709 ad
2649 655 3060 710 dedicationem
3094 663 3463 714 ecclesiarum
3488 666 3542 714 et
3568 661 3810 714 subdia-

2273 744 2548 784 conorum
2580 727 3002 780 uruinationem
3036 739 3250 797 spectar
3276 734 3444 784 tibus.

2275 818 2512 874 Domino
2569 816 2772 870 merito
2817 816 3133 870 sanctitatis
3181 817 3478 887 insigniter
3520 821 3811 875 offerendo

2205 910 2413 964 JOANNI
2442 906 2962 961 Northmannorum
2981 906 3808 979 archiepiscopo.Lax~iramcus

2199 997 2461 1068 indignus
2491 995 2674 1049 vocari
2703 993 3013 1065 episcopus,
3041 994 3180 1051 bene
3199 997 3396 1068 captis
3424 997 3662 1052 meliora
3680 1012 3811 1052 con-

2206 1092 2428 1142 nectere
2439 1127 2448 1138 .

2276 1173 2500 1227 Gratias
2522 1187 2628 1242 ago
2658 1171 2902 1225 colendae
2932 1171 3265 1242 benignitati
3285 1179 3508 1234 vestrae,
3531 1175 3670 1246 quia
3693 1191 3808 1228 non

2203 1263 2386 1318 solum
2418 1277 2663 1332 praesens
2691 1266 3026 1330 praesentem
3083 1278 3172 1315 me
3221 1262 3564 1318 indeﬁcienti
3607 1279 3807 1318 amore

2200 1351 2454 1422 (pr0pter
2484 1351 2682 1418 Deum)
2714 1350 3011 1417 dilexistis,
3053 1367 3244 1405 verum
3272 1353 3442 1406 etiam
3471 1353 3677 1407 absens
3708 1369 3810 1423 pro

2202 1441 2432 1496 absente
2469 1447 2761 1512 paternam
2793 1457 2887 1495 vos
2916 1457 3110 1494 curam
3141 1459 3340 1512 gerere
3367 1442 3577 1497 salubri
3611 1444 3808 1497 admo-

2212 1531 2426 1584 nitione
2477 1530 2764 1584 evidenter
2811 1530 3153 1584 ostendistis.
3207 1531 3369 1586 Absit
3407 1538 3598 1587 autem
3628 1549 3667 1586 a
3697 1550 3806 1599 me,

2201 1619 2478 1690 longeque
2515 1636 2549 1672 a
2577 1619 2829 1673 sensibus
2861 1619 3000 1673 meis
3031 1620 3178 1674 hunc
3195 1637 3444 1675 errorem
3478 1626 3704 1676 avertat
3733 1622 3810 1675 di-

522 1703 651 1742 rum
680 1692 1007 1758 questurum
1031 1683 1160 1758 [αι.,
1187 1682 1581 1756 quaesiturum]
1622 1681 2113 1747 Dorcacestrensis,

2203 1708 2332 1761 vina
2361 1708 2676 1773 clementia,
2720 1713 2784 1761 ut
2813 1708 3113 1762 molestum
3149 1709 3287 1763 mihi
3318 1710 3411 1776 sit,
3445 1711 3494 1764 si
3532 1711 3664 1781 quis
3691 1728 3806 1764 res-

522 1775 611 1829 vel
639 1774 1066 1844 Vingorniensis
1110 1772 1354 1843 episcopi
1385 1773 1488 1825 hac
1529 1772 1600 1825 de
1627 1788 1795 1825 causa
1823 1759 2182 1842 subjectio-B

521 1863 820 1917 nem.Dico
850 1862 998 1916 enim
1028 1877 1216 1915 coram
1241 1861 1355 1914 Deo
1380 1877 1468 1914 me
1499 1876 1785 1930 nunquam
1815 1860 1917 1912 hoc
1946 1859 2121 1913 factu-

517 1966 666 2005 rum.
701 1951 755 2005 Si
786 1951 967 2021 placet
985 1950 1162 2021 igitur
1191 1949 1477 2004 sanctitati
1503 1955 1718 2013 vestrae,
1746 1955 1812 2002 ut
1834 1949 1997 2018 juxta
2027 1964 2119 2018 pe-

521 2040 778 2095 titionem
813 2046 1065 2094 nostram
1143 2037 1273 2111 [al.,
1313 2037 1583 2110 vestram]
1617 2037 1776 2091 nobis
1823 2038 2003 2091 facere
2030 2036 2116 2090 di-

518 2129 792 2202 gnemini,
841 2130 1025 2184 locum
1073 2128 1404 2192 Eboracum,
1437 2133 1660 2198 tempus
1689 2127 1884 2198 quinto
1927 2128 2118 2182 Nonas

519 2220 753 2274 Martias
782 2219 940 2274 nobis
971 2217 1398 2273 immutabiliter
1424 2217 1840 2272 constituimus.
1877 2222 1930 2270 et
1961 2215 2118 2270 vobis

521 2308 922 2379 signiﬁcamus.
958 2307 1102 2378 Ergo
1131 2307 1296 2372 vivas,
1328 2314 1386 2360 et
1415 2307 1618 2370 valeas,
1651 2312 1709 2360 et
1735 2304 2118 2376 spiritualibus

523 2397 885 2452 incrementis
911 2412 1316 2468 usquequaque
1343 2396 1619 2466 proﬁcias.

1074 2493 1420 2548 EPISTOLA
1440 2495 1563 2548 XII.

522 2599 864 2647 MNFBANCI
953 2600 1033 2644 AD
1111 2600 1437 2645 VULFANUM
1513 2598 1984 2644 WIGORNIENSEM
2039 2599 2118 2643 ET

814 2681 1055 2724 PETRUH
1085 2679 1474 2723 CESTBENSEM
1509 2679 1834 2724 EPISCOPOS.

535 2761 605 2817 Ut
618 2761 697 2816 ad
710 2761 1065 2814 sacrandum
1092 2759 1274 2813 Orchu
1283 2759 1423 2812 dum
1444 2762 1768 2829 episcopum
1784 2757 1906 2814 Ebo
1917 2774 2120 2812 racum

593 2835 673 2887 ad
697 2831 977 2887 Thomam
1009 2831 1509 2900 archiepiscopum
1545 2833 2006 2899 proﬁciscantur,
2035 2837 2122 2883 al-

590 2920 697 2974 que
715 2911 775 2956 ut
804 2908 986 2956 securi
1007 2903 1140 2968 sint,
1173 2906 1294 2974 ejus
1334 2906 1558 2974 titteras
1592 2903 1769 2955 mittit
1802 2902 2006 2974 quibus
2046 2901 2118 2971 ﬁ-

591 2973 718 3029 dem
747 2976 914 3041 facit,
944 2975 1177 3027 nullum
1198 2973 1287 3025 illi
1322 2973 1406 3026 vel
1437 2974 1844 3026 successoribus
1876 2974 1937 3024 in
1971 2973 2118 3042 ipso-

583 3061 721 3100 rum
741 3045 1024 3100 Ecclesiae
1039 3044 1140 3112 jus
1159 3044 1592 3115 ucquirendum.

2201 1805 2363 1867 pectu
2389 1797 2587 1850 salutis
2626 1813 2782 1861 meae,
2815 1796 2942 1850 vitae
2962 1803 3183 1852 aeternae
3208 1800 3707 1870 contemplatione,
3743 1801 3812 1854 de

2201 1887 2394 1940 anima
2416 1902 2542 1940 mea
2564 1885 2997 1939 sollicitudinem
3028 1892 3208 1956 gerat,
3223 1889 3268 1941 si
3302 1905 3387 1954 ea,
3424 1905 3547 1959 quae
3570 1889 3644 1942 de
3677 1888 3816 1943 acti-

2200 1973 2304 2029 bus
2327 1975 2464 2028 meis
2491 1974 2596 2028 sibi
2626 1974 2938 2044 displicent,
2963 1975 3172 2045 pietate
3203 1984 3386 2030 motus
3409 1977 3664 2031 indicare
3693 1994 3808 2032 non

2202 2065 2441 2131 differat,
2469 2065 2515 2118 si
2537 2064 2702 2118 aliter
2726 2081 2816 2117 me
2837 2063 3117 2134 corrigere
3138 2081 3247 2118 non
3261 2072 3447 2136 potest
3472 2065 3660 2120 verbis
3674 2083 3810 2138 quo-

2202 2169 2308 2225 que
2338 2153 2636 2224 objurgare
2666 2158 3136 2224 praesentem,aut
3164 2153 3366 2208 litteris
3386 2155 3683 2226 increpare
3708 2155 3807 2208 ab-

2201 2249 2416 2297 sentem
2442 2259 2553 2296 non
2569 2242 2835 2312 negligat,
2864 2241 2961 2295 sed
2982 2242 3196 2296 amicus
3212 2244 3400 2313 potius
3431 2261 3465 2297 a
3493 2260 3583 2297 me
3608 2245 3806 2314 justus

2201 2331 2359 2386 existi
2368 2333 2614 2386 mabitur
2625 2331 2718 2402 qui
2731 2331 2788 2384 in
2810 2330 3191 2385 misericordia
3201 2332 3434 2403 corripit
3447 2349 3536 2386 me
3549 2337 3605 2386 et
3616 2334 3811 2388 incre-

2202 2428 2316 2492 pat;
2340 2421 2513 2475 hostis
2527 2427 2715 2475 autem
2730 2421 3108 2492 peccator,qui
3127 2421 3247 2474 oleo
3261 2437 3442 2492 pravae
3456 2422 3806 2476 adulationis

2201 2516 2370 2580 caput
2390 2527 2577 2564 meum
2603 2516 2700 2564 aut
2722 2510 3054 2580 impinguat,
3071 2515 3170 2564 aut
3185 2510 3257 2562 im
3266 2510 3538 2580 pinguare
3553 2510 3802 2567 laborat.

2273 2599 2554 2669 Quidquid
2587 2615 2716 2653 vero
2747 2600 3014 2652 sanctitas
3044 2604 3229 2652 vestra
3257 2599 3328 2652 de
3370 2599 3515 2653 stola
3550 2601 3801 2671 scripsit,

2202 2688 2442 2741 multum
2477 2688 2615 2741 mihi
2646 2688 2873 2758 placuit,
2908 2704 3010 2742 nec
3051 2703 3302 2758 unquam
3340 2687 3627 2757 displicuit
3655 2707 3669 2755 ;
3706 2688 3805 2742 sed

2203 2777 2349 2845 quod
2371 2777 2676 2847 subjunxit,
2705 2778 2838 2848 quia
2860 2778 2928 2830 ad
2957 2777 3326 2830 dedicandam
3355 2777 3647 2831 ecclesiam
3685 2779 3806 2849 epi-

2201 2881 2402 2937 scopus
2427 2883 2789 2937 processurus
2817 2865 2989 2920 sacris
3029 2865 3291 2931 vestibus,
3334 2881 3397 2919 ex
3443 2865 3805 2920 institutione

2203 2954 2532 3026 episcopalis
2581 2955 2795 3009 ordinis
2824 2952 3024 3007 debeat
3067 2970 3188 3008 esse
3229 2953 3479 3020 indutus,
3521 2960 3698 3025 atque
3748 2957 3804 3009 in

2134 3084 2178 3144 Ο
2200 3045 2543 3114 expositione
2572 3045 2820 3117 ipsarum
2847 3059 3133 3098 sacrarum
3162 3043 3399 3096 vestium
3431 3045 3682 3098 casulam
3711 3061 3806 3116 po-

589 3136 961 3189 lum-mancus
1016 3133 1118 3187 Dei
1171 3133 1357 3203 gratia
1411 3138 1618 3186 sancta;
1674 3131 2334 3198 Dorobernensisvsuit,
2365 3135 2522 3188 valde
2551 3134 2763 3205 stupui,
2813 3133 2942 3204 quia
2975 3134 3085 3186 tale
3126 3131 3336 3203 aliquid
3366 3149 3455 3186 me
3504 3149 3801 3204 nunquam

515 3223 781 3278 Ecclesia
827 3222 1298 3292 archiepiscopus,
1367 3221 1782 3276 venerabilibus
1848 3221 2115 3276 fratribus

515 3312 788 3366 Vnum-no
826 3309 955 3383 [al.,
992 3309 1387 3382 WULFSTANO]
1426 3309 1810 3381 Wigorniensi
1842 3316 1898 3365 et
1925 3313 2113 3366 Perao

518 3399 802 3454 Cestrensi
821 3399 1115 3469 episcopis,
1139 3399 1393 3452 salutem.

588 3491 776 3554 που
809 3487 1120 3543 Insinuavit
1163 3487 1322 3542 nobis
1353 3487 1682 3542 venerabilis
1715 3489 1891 3543 frater
1922 3495 2116 3545 noster

514 3577 759 3634 Thomas
811 3577 1176 3632 Eboracensis
1223 3578 1674 3649 archiepiscopus
1705 3579 1995 3633 advenisse
2044 3580 2112 3633 de

517 3659 840 3724 Orchadum
886 3667 1086 3722 insulis
1109 3667 1179 3720 ad
1209 3683 1268 3720 se
1299 3668 1599 3738 quemdam
1629 3667 1910 3733 clericum,
1945 3683 2111 3738 quem

513 3757 574 3812 in
597 3757 918 3829 episcopatu
943 3755 1126 3828 ipsius
1143 3756 1695 3828 terre,prsecipiente
1715 3763 1771 3811 et
1793 3757 2113 3811 insinuante

514 3847 690 3902 Paulo
743 3847 967 3912 comite,
1015 3851 1259 3901 testatur
1303 3861 1426 3900 esse
1457 3847 1717 3901 electum.
1754 3848 1822 3901 Et
1851 3848 2003 3918 quia,
2047 3864 2113 3901 ex

513 3937 748 4009 antiquo
778 3951 953 4000 more,
995 3937 1084 3990 sui
1121 3937 1268 4006 juris
1296 3942 1384 3990 est
1410 3936 1766 4007 praefatarum
1798 3937 2110 3991 insularum

512 4028 778 4097 praesules
807 4043 1156 4087 consecrare.
1189 4025 1352 4096 petiit
1380 4041 1415 4079 a
1438 4041 1527 4078 me
1560 4033 1620 4080 ut
1651 4027 1870 4079 mittam
1906 4026 2011 4080 sibi
2039 4026 2109 4080 de

511 4116 721 4170 nostris
733 4115 1376 4186 suﬂ‘raganeisduos,qui
1401 4120 1571 4170 tanta
1594 4115 1673 4169 rei
1695 4122 2108 4170 sacramentum

513 4221 638 4259 cum
669 4213 736 4258 eo
766 4205 990 4258 valeant
1017 4203 1617 4274 celebrare.Rogantes
1647 4206 1836 4276 itaque
1864 4205 2111 4276 principi-

513 4309 658 4360 mus,
679 4293 1064 4364 praecipientes
1087 4310 1370 4364 rogamus,
1402 4296 1679 4365 quatenus
1702 4294 1856 4348 omni
1879 4311 2110 4348 excusa-

2197 3221 2419 3287 vidisse,
2454 3223 2775 3276 meminisse
2797 3239 2907 3276 non
2938 3221 3093 3292 potui
3119 3240 3130 3289 ;
3163 3222 3408 3275 diversos
3439 3220 3589 3274 enim
3621 3222 3803 3276 diver-

2196 3328 2388 3366 sarum
2444 3312 2855 3383 provinciarum
2906 3311 3171 3382 praesules
3227 3309 3488 3365 ecclesias
3535 3311 3801 3365 dedicare

2197 3418 2342 3472 saepe
2371 3402 2648 3473 conspexi,
2683 3400 3073 3472 omnibusque,
3107 3417 3230 3471 quae
3256 3400 3324 3454 ab
3356 3400 3436 3453 eis
3466 3399 3616 3454 facta
3638 3407 3797 3466 sunt,

2198 3497 2464 3562 quantam
2498 3491 2648 3561 potui
2681 3507 2873 3545 curam
2902 3489 3152 3552 adhibui,
3171 3489 3265 3560 qui
3296 3488 3400 3543 etsi
3429 3488 3488 3542 in
3509 3491 3800 3543 nonnullis

2197 3579 2489 3633 dissimilia
2518 3581 2753 3651 egerint,
2782 3596 2976 3633 omnes
2994 3585 3184 3633 tamen
3202 3579 3392 3649 cappis
3409 3579 3502 3632 ind
3513 3579 3596 3632 uti
3619 3595 3798 3649 usque

2196 3669 2268 3723 ad
2294 3669 2725 3724 celebrationem
2758 3670 2941 3724 missae
2971 3669 3156 3722 debita
3182 3668 3410 3722 servitia
3448 3668 3571 3722 sine
3605 3669 3798 3722 casula

2195 3759 2590 3830 expleverunt;
2646 3759 2887 3829 denique
2944 3764 3170 3812 sanctus
3213 3759 3325 3811 Leo
3350 3758 3619 3812 Romanae
3650 3758 3795 3812 sedis

2195 3864 2450 3903 summus
2521 3849 2756 3902 antistes
2834 3847 3306 3912 Romericensem,
3354 3862 3443 3899 me
3493 3854 3790 3916 praesente,

2195 3939 2484 3993 ecclesiam
2519 3937 2812 4002 dedicavit,
2863 3943 3201 4007 cunctaque,
3227 3952 3349 4006 quae
3397 3941 3530 3988 ante
3562 3936 3792 3990 missam

2191 4027 2314 4081 ﬁeri
2343 4028 2481 4081 ordo
2509 4027 2932 4098 depoposcerat,
2980 4027 3100 4080 sine
3132 4026 3321 4080 casula
3356 4026 3787 4078 consummavit.

2261 4116 2436 4170 Porro
2468 4117 2616 4188 quod
2642 4116 2701 4169 in
2730 4115 2929 4170 dandis
2975 4114 3262 4169 ordinibus
3310 4113 3413 4167 soli
3451 4111 3792 4167 subdiacono

2194 4205 2316 4259 dari
2368 4205 2723 4276 manipulum
2766 4205 3150 4275 perhibuistis,
3183 4202 3278 4257 ubi
3307 4203 3412 4256 hoc
3442 4202 3789 4272 acceperitis,

2194 4312 2330 4366 rogo
2344 4312 2434 4349 me
2445 4295 2643 4350 vestris
2664 4295 2875 4349 litteris
2891 4293 3202 4361 instruatis;
3225 4309 3258 4346 a
3280 4291 3619 4363 quibusdam
3643 4293 3790 4346 enim

510 4381 666 4436 tione
712 4382 993 4448 submota,
1032 4383 1165 4436 illuc
1194 4383 1354 4449 eatis,
1397 4388 1454 4437 et
1493 4401 1558 4438 ex
1607 4394 1798 4438 nostro
1828 4390 2164 4455 praecepto_
2194 4384 2251 4437 id
2273 4384 2395 4438 fieri
2412 4385 2598 4452 audio,
2614 4384 2708 4439 sed
2733 4384 2993 4438 utrumid
3017 4383 3138 4437 fieri
3169 4383 3340 4436 sacris
3360 4381 3790 4436 auctoritatibus

504 4471 818 4526 secundum
856 4471 1005 4543 quod
1040 4473 1260 4543 justum
1287 4478 1390 4538 est,
1425 4473 1482 4526 in
1519 4479 1690 4529 tanta
1721 4474 1803 4528 rei
1843 4448 2568 4546 mysterionraecipiatur,
2623 4473 2948 4527 meminisse
2977 4489 3088 4527 non
3115 4473 3289 4526 valeo.
3332 4471 3593 4541 Plerique
3631 4477 3791 4525 autu-

511 4560 858 4631 compleatis.
905 4561 1031 4615 Non
1078 4560 1228 4615 enim
1256 4561 1418 4616 decet
1453 4569 1519 4617 ut
1571 4564 1666 4634 qui
1695 4564 2001 4619 sacrandus
2048 4563 2109 4618 in

509 4648 655 4705 hanc
683 4655 895 4705 terram
923 4651 1095 4718 venit,
1124 4656 1183 4705 et
1207 4667 1334 4706 cum
1363 4651 1518 4706 omni
1551 4651 1869 4707 humilitate
1898 4653 2106 4707 sacrari

507 4755 569 4795 se
614 4740 879 4812 postulat.
911 4740 1102 4812 inopia
1128 4742 1452 4812 adjutorum
1499 4760 1534 4797 υ,
1579 4748 1739 4797 tanto
1777 4759 1951 4813 regno
1992 4759 2105 4797 non

510 4837 763 4886 sacratus
791 4830 1073 4886 abscedat.
1105 4832 1433 4886 Terminum
1468 4832 1634 4901 hujus
1672 4832 2107 4887 consecrationis

507 4920 654 4976 lator
681 4919 835 4976 vobis
863 4921 1222 4992 praesentium
1255 4919 1544 4975 indicabit.
1590 4921 1658 4976 Et
1690 4938 1762 4976 ne
1789 4922 1932 4976 forte
1961 4922 2110 4976 solli-

514 5009 611 5066 citi
639 5010 783 5077 sitis,
834 5014 1099 5081 putantes
1147 5011 1294 5081 quod
1323 5011 1411 5064 vel
1462 5011 1602 5082 ipse,
1639 5012 1724 5066 vel
1761 5028 2104 5066 successores

512 5101 635 5170 ejus
656 5100 762 5155 hac
794 5100 1085 5154 occasione
1113 5117 1282 5171 super
1309 5100 1581 5154 Ecclesiae
1609 5107 1824 5155 vestras
1845 5101 1938 5171 jus
1969 5117 2105 5172 prae-

510 5189 738 5245 lationis
769 5189 1104 5260 quandoque
1133 5195 1407 5244 conentur
1427 5189 1695 5261 arripere,
1719 5191 2103 5261 litteras.quas

507 5278 628 5350 ipse
651 5278 792 5334 mihi
827 5279 1158 5346 transmisit,
1196 5279 1538 5335 fraternitati
1575 5285 1794 5341 vestrae.
1825 5280 2102 5334 sollicitu-

511 5368 700 5422 dinem
734 5368 806 5423 de
832 5368 1021 5422 futuro
1049 5385 1271 5439 gerens.
1311 5369 1502 5424 curavi
1530 5369 1933 5431 transmittere,
1966 5385 2103 5440 quas

514 5463 572 5512 et
598 5456 720 5523 has,
751 5474 890 5529 quas
919 5457 1075 5512 vobis
1108 5458 1452 5525 transmitte,
1484 5458 1543 5511 in
1573 5458 1809 5512 archivis
1837 5458 2104 5513 Ecclesia-

511 5561 642 5604 tum
677 5553 990 5603 vestrarum
1019 5546 1090 5603 ob
1105 5549 1439 5605 memoriam
1459 5547 1785 5604 futurorum
1811 5553 2098 5605 servatum

511 5634 586 5696 iri
604 5635 891 5708 principio.

2192 4569 2353 4618 mant
2392 4564 2743 4635 manipulum
2773 4579 2892 4617 esse
2929 4577 3222 4616 commune
3251 4567 3650 4614 ornamentum
3679 4576 3790 4614 om-

2188 4653 2366 4720 nium,
2387 4655 2531 4708 sicut
2550 4658 2606 4708 et
2625 4653 2809 4706 albam
2827 4658 2884 4706 et
2899 4652 3186 4718 amictum;
3211 4667 3340 4704 nam
3359 4655 3414 4703 et
3434 4649 3486 4702 in
3521 4649 3788 4704 coenobiis

2191 4743 2598 4798 monachorum
2649 4742 2817 4796 etiam
2863 4741 2990 4796 laici
3023 4757 3148 4794 cum
3181 4739 3322 4793 albis
3363 4739 3700 4804 induuntur,
3732 4744 3786 4792 et

2190 4833 2424 4904 antiqua
2443 4835 2672 4887 Patrum
2693 4831 3050 4886 institutione
3061 4831 3243 4884 solent
3251 4829 3397 4883 ferre
3410 4827 3781 4898 manipulum;

2189 4922 2248 4976 in
2301 4923 2508 4977 nostris
2561 4921 2894 4993 episcopalis
2950 4919 3164 4974 ordinis
3203 4917 3505 4981 codicibus,
3550 4931 3692 4988 quos
3722 4933 3784 4971 ex

2187 5011 2421 5066 diversis
2468 5012 2790 5082 regionibus
2836 5011 3043 5064 multos
3098 5007 3387 5071 habemus,
3422 5012 3479 5060 et
3524 5005 3593 5060 de
3644 5005 3784 5060 ordi-

2186 5101 2372 5155 nando
2402 5100 2760 5166 subdiacono,
2792 5100 2942 5153 inter
2967 5103 3166 5152 caetera
3197 5097 3276 5150 sic
3316 5096 3585 5166 scriptum
3618 5095 3782 5148 habe-

2185 5195 2280 5245 tur
2307 5205 2320 5242 :
2361 5209 2385 5240 «
2418 5191 2620 5244 Postea
2647 5206 2776 5243 vero
2812 5188 3049 5258 accipiat
3073 5185 3142 5240 ab
3173 5184 3569 5238 archidiacono
3592 5197 3782 5236 urceo-

2185 5280 2301 5334 lum
2352 5295 2478 5333 cum
2525 5278 2889 5350 aquamanili,
2922 5295 2986 5330 ac
3018 5274 3455 5345 manutergium.
3491 5293 3516 5325 »
3551 5273 3612 5327 In
3663 5271 3782 5343 qui-

2185 5368 2420 5423 busdam
2453 5369 2530 5422 sic
2558 5388 2604 5424 :c
2631 5383 2756 5422 cum
2788 5367 3146 5438 aquamanile
3176 5384 3200 5417 »
3227 5365 3290 5418 In
3315 5363 3441 5417 aliis
3473 5363 3554 5416 ita
3580 5375 3624 5412 τι
3652 5377 3774 5415 cum

2186 5459 2560 5530 aquaemanili.
2591 5478 2616 5511 »
2647 5458 2915 5513 Urceolus
2946 5455 3078 5528 quid
3124 5455 3196 5508 sit
3237 5453 3448 5524 liquido
3491 5457 3663 5522 patet,
3694 5455 3776 5504 est

2181 5549 2333 5604 enim
2380 5566 2476 5604 vas
2495 5548 2774 5621 superius,
2827 5547 2977 5602 unde
3024 5545 3274 5601 lavandis
3325 5542 3583 5598 manibus
3621 5554 3775 5611 aqua

2179 5638 2515 5696 infunditur.
2564 5635 2955 5710 Aquamanile,
3006 5635 3120 5691 sive
3165 5631 3554 5706 aquaemanile,
3593 5628 3772 5686 Italici
