3892 6350
115 304 218 365 3'21

1555 312 1945 369 EPISTOLIE.

3278 306 3395 369 52‘).

112 445 289 484 unam
314 433 536 501 partem
560 429 773 497 dicunt,
804 435 1144 504 vocaturque
1170 433 1366 505 lingua
1392 452 1587 491 eorum
1617 440 1772 497 vasA
1791 440 1881 490 est
1901 433 2077 499 vobis,
2109 432 2244 505 quia
2264 431 2364 488 lilii
2391 430 2562 488 vestri
2586 437 2768 501 erant,
2800 432 2848 488 si
2869 432 2973 488 filii
3000 450 3123 490 esse
3142 433 3385 502 vellent;

112 517 371 585 inferius,
412 519 472 573 in
500 519 650 591 quod
696 519 957 575 manibus
1001 521 1189 576 infusa
1233 540 1384 595 aqua
1410 524 1711 579 delabitur.

115 606 279 671 Quod
309 608 359 663 si
387 608 625 663 fortasse
652 609 733 663 sic
770 614 960 676 309
989 611 1447 683 distinguendum
1480 615 1714 685 putatis,

112 697 408 751 urceolum
437 714 567 752 cum
598 715 766 770 aqua,
787 704 844 753 et
862 705 1055 770 postea
1084 702 1310 767 manile,
1346 719 1411 756 ac
1434 710 1719 758 manuter-

111 784 294 855 gium,
320 791 603 856 quatenus
632 787 837 841 manile
854 805 976 842 esse
992 790 1343 861 manipulum
1364 790 1713 863 intelligetis.

115 874 235 928 Cur
256 874 411 929 inter
437 875 723 930 urceolum
748 893 814 931 ac
830 880 1247 948 manutergium
1275 886 1519 951 ponatur
1532 883 1719 936 mani-

114 963 307 1034 pulus,
330 971 390 1018 et
408 980 510 1018 cur
536 972 736 1020 caetera
764 974 1098 1021 ornamenta
1113 968 1183 1021 ah
1197 969 1469 1041 episcopis
1488 971 1714 1038 dantur,

114 1052 242 1106 dari
270 1051 344 1105 ab
394 1053 786 1109 archidiacono
839 1055 1161 1127 manipulus
1191 1056 1477 1128 jubeatur,
1522 1059 1579 1115 in
1607 1077 1719 1131 qua

114 1141 405 1212 scriptura
433 1142 549 1197 sive
569 1143 824 1198 saeculari
849 1143 965 1199 sive
985 1144 1175 1200 divina
1202 1147 1282 1201 sic
1308 1154 1564 1203 vocatum
1597 1166 1721 1204 ma-

113 1230 380 1302 nipulum
410 1231 673 1302 reperitis
703 1230 828 1305 [al.,
857 1235 1241 1306 reperieritis],
1276 1253 1440 1307 posco
1464 1244 1718 1293 sanctam

115 1319 524 1391 paternitatem
552 1327 795 1376 vestram
825 1327 891 1376 ut
928 1322 1179 1379 indicare
1219 1325 1356 1379 mihi
1381 1327 1720 1399 competenti

113 1409 419 1480 diligentia
442 1410 737 1468 studentis.

192 1496 262 1551 In
294 1497 750 1570 Carthaginiensi
779 1501 1012 1557 consilio
1037 1508 1238 1572 quarto
1259 1521 1424 1559 omne
1440 1505 1608 1576 hujus
1639 1505 1720 1560 rei

115 1586 458 1657 ambiguum
478 1587 1007 1654 excluditur,ubisic
1024 1591 1233 1662 legitur
1256 1611 1268 1646 :
1291 1613 1313 1642 ι
1336 1594 1723 1649 Subdiaconus

115 1692 253 1730 cum
284 1675 603 1743 ordinatur,
620 1677 756 1747 quia
784 1695 985 1733 manus
1004 1678 1420 1750 impositionem
1441 1699 1553 1737 non
1578 1683 1724 1737 acci-

116 1763 225 1836 pit,
248 1769 520 1835 patenam
563 1764 633 1820 de
660 1782 831 1821 manu
860 1766 1105 1839 episcopi
1143 1769 1379 1840 accipiat
1412 1788 1640 1826 vacuam
1667 1757 1785 1827 etB

117 1853 359 1908 calicem
405 1869 643 1908 vacuum
670 1873 684 1922 ;
714 1855 784 1910 de
819 1871 993 1911 manu
1020 1873 1149 1911 vero
1180 1859 1561 1915 archidiaconi
1588 1861 1729 1915 acci-

121 1941 246 2013 piat
280 1942 577 2012 urceolum
607 1959 735 1997 cum
762 1960 929 2015 aqua,
961 1951 1019 2000 et
1045 1948 1403 2017 aquamanile
1433 1965 1498 2003 ac
1525 1966 1728 2006 manu-

122 2030 396 2102 tergium.
420 2049 447 2085 ι
472 2030 616 2086 Item
639 2032 903 2089 Isodorus
926 2034 985 2088 in
1016 2035 1254 2106 epistola
1280 2037 1349 2091 de
1379 2039 1552 2093 sacris
1584 2041 1730 2094 ordi-

124 2119 297 2175 nibus
321 2138 335 2173 :
373 2138 400 2172 α
424 2120 1156 2194 Adsubdiaconum,inquit,
1178 2126 1425 2197 pertinet
1437 2128 1663 2183 calicem
1675 2135 1733 2185 et

124 2215 398 2281 patenam
428 2209 501 2264 ad
528 2210 708 2264 altare
738 2211 947 2265 Christi
984 2213 1220 2279 deferre,
1251 2220 1309 2269 et
1330 2216 1511 2271 levitis
1539 2218 1730 2272 trade-

126 2314 209 2363 re,
242 2298 443 2369 eisque
474 2298 833 2367 ministrare;
867 2303 1152 2357 urceolum
1195 2320 1436 2375 quoque,
1470 2312 1528 2360 et
1556 2323 1732 2377 aqua-

126 2386 343 2441 manile
368 2403 436 2441 ac
455 2388 871 2459 manutergium
896 2394 1120 2457 tenere;
1151 2392 1429 2464 episcOpo.
1448 2393 1733 2465 presbyte-

128 2476 211 2530 ris
238 2480 299 2530 et
315 2474 501 2529 levitis
524 2493 624 2546 pro
645 2477 1226 2534 lavandisantealtare
1253 2482 1511 2537 manibus
1525 2500 1732 2553 aquam

128 2563 406 2636 praebere.
431 2583 456 2617 υ
491 2563 857 2636 Omnipotens
882 2566 1155 2622 Dominus
1183 2569 1354 2623 vitam
1383 2578 1624 2625 vestiam
1642 2572 1733 2625 in-

129 2658 225 2707 tus
273 2653 635 2724 exteriusque
684 2659 953 2722 tueatur;
991 2664 1307 2729 augeatque
1342 2658 1398 2713 in
1423 2660 1595 2723 vobis,
1639 2678 1735 2716 au-

132 2746 403 2813 ctamque
445 2747 737 2796 conservet
781 2742 1139 2798 dilectionem
1187 2763 1299 2817 qua
1335 2764 1425 2801 me
1450 2750 1733 2819 quondam

133 2830 374 2901 diligere
403 2828 972 2902 solebatis,quatenus
993 2833 1062 2886 de
1093 2851 1200 2901 me,
1234 2842 1506 2906 quantum
1539 2839 1609 2893 ad
1638 2855 1735 2892 vos

134 2919 245 2973 hoc
271 2919 424 2989 quod
454 2918 698 2989 pertinet
728 2920 850 2990 [al.,
875 2921 1102 2991 quidem
1132 2925 1418 2996 pertinet],
1455 2943 1577 2997 quae
1614 2945 1735 2981 cre-

137 3007 327 3062 denda
356 3012 495 3061 sunt
536 3007 796 3075 credatis,
844 3011 1149 3082 proculque
1187 3012 1257 3066 ab
1281 3015 1510 3069 auribus
1542 3017 1738 3071 vestris

136 3095 366 3167 linguas
396 3095 812 3151 detrahentium
842 3099 1112 3170 pastorali
1152 3118 1376 3174 semper
1402 3105 1737 3160 auctoritate

133 3184 447 3255 repellatis.

681 3276 1034 3333 EPISTOLA
1057 3279 1202 3334 XIV.

235 3412 313 3454 AD
350 3412 605 3455 JOANNEM
640 3416 1110 3459 ROTHOMAGENSEM
1142 3422 1628 3465 ARCHIEPISCOPUM.

141 3525 376 3591 Indigna
404 3540 440 3578 a
480 3527 599 3579 suis
640 3526 893 3581 habitum
931 3532 1263 3598 quibusdam.
1300 3538 1635 3598 consolatur,
1678 3538 1741 3590 de

212 3598 464 3672 vindicta
508 3612 799 3664 suggerens
844 3604 1031 3667 quales
1076 3619 1345 3672 capessere
1390 3609 1590 3669 debeat,
1636 3610 1743 3661 sibi

213 3683 363 3721 cura
390 3669 658 3741 futurum
686 3674 747 3722 ut
774 3672 847 3724 ad
876 3686 1055 3741 regem
1086 3669 1188 3728 hac
1214 3678 1279 3730 de
1307 3693 1363 3730 re
1393 3680 1478 3731 (tet
1529 3681 1741 3733 litteras

214 3740 408 3807 quales
434 3739 601 3793 debet.

216 3844 461 3899 Domino
496 3850 702 3901 sanctae
746 3848 1217 3922 Rothomagensis
1265 3854 1523 3911 Ecclesiae
1566 3857 1745 3911 archi-

149 3932 409 4005 episcopo
433 3934 654 4003 JOANNI,
683 3935 856 3992 frater
883 3940 1245 3997 Laxramcrs
1274 3944 1538 4015 indignus
1573 3946 1745 4001 antis-

147 4026 250 4089 tes,
283 4021 452 4077 ﬁdele
481 4023 771 4079 servitium
800 4043 926 4082 cum
948 4030 1311 4088 orationibus.

217 4110 374 4166 Visis
412 4111 618 4167 litteris
660 4115 882 4184 vestris,
929 4119 1131 4189 quibus
1159 4123 1516 4178 temerariam
1546 4141 1745 4196 super-

1797 529 2072 595 quantum
2110 538 2239 577 vero
2268 523 2339 577 ad
2363 539 2479 587 vos,
2510 522 2873 593 gaudendum
2902 523 3090 594 potius
3119 528 3175 577 et
3205 522 3391 578 exsul-

1797 609 2513 681 tandum,exspectantibus
2525 610 2679 664 vobis
2698 610 3103 665 beatitudinem
3124 610 3393 682 apostolis

1797 700 2216 770 repromissam,
2251 699 2381 769 quia
2406 716 2501 753 vos
2529 700 2789 766 oderunt,
2809 706 2866 754 et
2892 699 3392 770 exprobraverunt,

1799 796 1856 843 et
1875 790 2158 859 ejecerunt
2182 794 2449 858 tanquam
2477 788 2686 843 malum
2711 793 2939 858 propter
2975 788 3178 843 Filium
3208 787 3395 842 homi-

1799 878 1907 941 nis,
1954 893 2121 948 quem
2172 892 2266 930 vos
2320 876 2525 930 amatis
2570 883 2628 930 et
2669 877 2977 941 honoratis,
3028 881 3088 931 et
3131 878 3203 931 ad
3233 878 3394 947 cujus

1800 982 2049 1020 amorem
2082 972 2139 1020 et
2165 965 2436 1019 honorem
2465 964 2591 1018 illos
2612 965 2835 1019 trahere
2863 965 3152 1019 volebatis.

1872 1055 2114 1108 Litteras
2149 1053 2377 1107 domino
2410 1060 2592 1107 vestro
2644 1051 2727 1125 [at
2758 1093 2772 1120 ,
2817 1054 3031 1124 nostro]
3060 1053 3176 1124 regi
3216 1059 3396 1109 trans-

1801 1143 2025 1196 mittere
2059 1141 2312 1212 dispono.
2344 1141 2539 1213 quales
2567 1146 2787 1212 epertet
2816 1147 2873 1195 et
2894 1143 3088 1212 quales
3107 1142 3284 1196 debeo
3309 1147 3397 1210 ;et

1801 1232 1986 1287 credo.
2045 1231 2348 1285 miserante
2406 1231 2542 1295 Deo,
2576 1230 2710 1301 quia
2762 1230 2907 1285 sicut
2960 1236 3217 1302 tempora
3270 1232 3395 1301 ejus

1803 1320 2099 1376 obscurata
2121 1325 2255 1374 sunt
2283 1318 2635 1373 immanitate
2664 1324 2835 1373 tantae
2856 1320 3140 1390 nequitiae,
3171 1318 3251 1375 sic
3281 1319 3397 1374 eni-

1802 1415 2018 1465 tescent
2044 1408 2415 1479 competentis
2425 1407 2726 1462 severitate
2743 1408 3396 1480 vindictzeﬂmnipotens

1803 1498 2076 1554 Dominus
2104 1498 2275 1551 vitam
2298 1502 2541 1551 vestram
2571 1497 2871 1564 custodiat,
2896 1503 2954 1552 et
2980 1503 3176 1552 contra
3204 1514 3399 1553 omnes

1804 1588 2034 1643 aemulos
2060 1586 2291 1641 dextera
2318 1602 2422 1639 sua
2455 1592 2785 1657 protegente
2811 1586 3094 1655 defendat,
3116 1586 3400 1657 diligende

1805 1678 1974 1732 Pater
2001 1681 2060 1731 et
2080 1675 2236 1730 omni
2264 1674 2432 1730 laude
2460 1676 2708 1730 colenda.

2356 1781 2709 1839 EPISTULA
2736 1783 2855 1837 XV.

2432 1897 2501 1934 AD
2533 1894 2783 1936 EUMDEM.

1811 1979 2022 2034 Laudat
2049 1981 2165 2046 ejus
2193 1980 2256 2031 in
2284 1984 2500 2046 accepta
2529 1980 2750 2046 injuria
2788 1981 3140 2048 patientiam.
3176 1980 3250 2033 De
3266 1994 3404 2033 auc-

1882 2051 2091 2102 toribus
2136 2051 2406 2116 facinoris
2453 2055 2711 2115 rogatu-m
2755 2066 2791 2102 a
2831 2066 2885 2103 se
2929 2066 3111 2117 regem
3134 2065 3235 2117 per
3265 2052 3407 2103 litte-

1884 2136 1997 2179 ras,
2028 2124 2090 2172 ut
2120 2122 2440 2172 ulciscatur.
2463 2119 2584 2174 Sibi
2602 2136 2810 2189 quoque
2823 2122 3056 2188 probari
3083 2137 3200 2189 quas
3222 2123 3314 2174 ille
3341 2122 3406 2174 de

1885 2193 2089 2243 visione
2109 2192 2400 2258 cujusdam
2420 2192 2697 2254 monac/ii,
2713 2196 2761 2243 et
2781 2192 3029 2245 dealtero
3056 2207 3092 2244 a
3123 2194 3409 2245 communi

1883 2263 2170 2328 sepultura
2196 2263 2470 2328 prohibito
2501 2262 2822 2315 mandarat.

1881 2358 2009 2411 Zelo
2060 2357 2157 2411 Dei
2206 2363 2263 2412 et
2293 2374 2485 2413 amore
2526 2358 2761 2428 justitize
2812 2360 3150 2431 praecellenti
3200 2364 3408 2415 sancta:

1812 2447 2281 2517 Rothomagensis
2300 2447 2555 2501 Ecclesim
2581 2448 3004 2521 archiepiscopo
3029 2451 3247 2517 JOANNI,
3271 2450 3413 2504 LAN-

1811 2548 2069 2589 FRANCUS
2112 2536 2380 2606 indignus
2425 2537 2682 2592 antistes.
2706 2538 2994 2592 servitium
3027 2544 3083 2593 et
3106 2538 3408 2593 orationes.

1887 2629 2079 2689 309
2108 2625 2344 2689 Quando
2357 2626 2663 2680 Robertum
2683 2626 2973 2681 Beccensis
2985 2626 3246 2682 Ecclesia
3284 2627 3407 2698 [al.,

1815 2712 2074 2783 coenobii]
2097 2715 2432 2768 monachum
2454 2730 2579 2768 cum
2594 2715 2797 2769 litteris
2809 2715 2878 2769 ad
2897 2733 2990 2769 vos
3006 2715 3415 2780 transmisi,ad-

1821 2802 1927 2855 huc
1976 2803 2158 2855 nullas
2199 2802 2555 2871 paternitatis
2600 2812 2796 2858 vestrze
2846 2805 3110 2875 epistolas
3156 2804 3409 2875 suscepi;

1817 2896 1943 2960 post
1956 2890 2276 2944 abscessum
2295 2892 2342 2960 ej
2353 2907 2416 2944 us
2432 2892 2756 2960 capellanus
2776 2890 3035 2962 Hugonis
3057 2908 3228 2945 unam
3248 2892 3414 2945 detu-

1818 2978 1883 3032 lit
1907 2995 1920 3042 ;
1961 2979 2195 3033 alteram
2241 2995 2370 3032 vero
2397 2979 2573 3033 laicus
2603 2980 2853 3050 quidam,
2882 2980 2999 3050 qui,
3031 2979 3414 3050 interrogatus

1759 3077 1801 3137 ο
1821 3083 1856 3120 a
1879 3084 1969 3121 me
1990 3067 2114 3138 quis
2160 3073 2331 3137 esset,
2359 3068 2693 3122 servientem
2725 3068 2931 3138 regina:
2959 3085 3020 3123 se
3042 3084 3165 3123 esse
3189 3084 3416 3139 respon-

1818 3156 1919 3210 dit.
1975 3157 2353 3229 Utrarumque
2387 3156 2667 3211 sententia
2715 3174 2831 3211 una
2881 3158 3019 3225 fuit;
3063 3157 3122 3212 in
3163 3157 3418 3228 utrisque

1820 3246 2110 3300 enucleate
2138 3245 2433 3300 ostenditis
2458 3245 2704 3301 ofﬁcium
2725 3246 2895 3301 vestri
2922 3245 3418 3313 ordinis,videlicet

1822 3340 2017 3388 contra
2044 3335 2274 3389 aemulos
2302 3334 2653 3406 patientiam,
2681 3342 2738 3390 et
2765 3335 3145 3393 innocentiam
3173 3340 3415 3390 vestram

1823 3423 2062 3494 [contra]
2090 3423 2477 3494 perditissima:
2494 3423 3160 3495 [at.,perditissimzeque]
3188 3439 3422 3495 congre-

1820 3511 2065 3581 gationis
2086 3510 2409 3566 horribilem
2441 3511 2899 3583 puniendamque
2929 3512 3307 3567 temeritatem
3332 3519 3422 3579 ;et

1822 3600 1879 3654 in
1902 3607 2139 3672 utroque
2169 3600 2503 3665 laudandus,
2534 3601 2591 3655 in
2621 3607 2863 3673 utroque
2890 3600 3218 3656 benedictus
3240 3602 3416 3656 Deus:

1823 3690 1956 3761 quia
1984 3696 2041 3743 et
2071 3707 2163 3743 vos
2191 3691 2314 3760 ejus
2350 3691 2536 3759 gratia
2565 3690 2772 3744 fecistis
2806 3690 2954 3761 quod
2986 3695 3245 3760 respectu
3270 3689 3419 3760 epis-

1824 3778 2033 3849 copalis
2053 3778 2344 3848 dignitatis
2372 3778 2553 3832 facere
2585 3778 2892 3846 debuistis;
2940 3784 2997 3832 et
3038 3779 3121 3831 illi
3168 3783 3421 3843 econtra,

1819 3867 1975 3937 justo
2024 3866 2198 3938 ipsius
2226 3867 2437 3936 judicio
2488 3867 2681 3920 traditi
2721 3867 2780 3920 in
2830 3866 3129 3938 reprobum
3162 3882 3414 3934 sensum,

1824 3956 1929 4011 hoc
1952 3956 2205 4010 fecerunt
2229 3956 2375 4027 quod
2406 3972 2508 4010 nec
2538 3955 2786 4025 quolibet
2809 3955 3076 4027 impulsu,
3117 3956 3200 4009 vel
3227 3954 3415 4027 quali-

1826 4043 1920 4098 bet
1949 4044 2155 4114 injuria
2174 4044 2455 4116 provocati
2477 4045 2657 4097 facere
2678 4043 3008 4108 debuerant,
3043 4043 3423 4098 certissimum

1826 4132 2119 4204 pravitatis
2160 4149 2274 4187 suae
2300 4133 2386 4187 his
2416 4133 2511 4204 qui
2534 4149 2629 4186 eos
2658 4148 2768 4186 non
2800 4138 3072 4187 noverant
3107 4131 3422 4203 praebentes

146 4197 801 4293 bamque_temeritatem
846 4206 1290 4265 miserrimorum
1321 4213 1614 4269 hominum
1651 4216 1747 4270 ad—
1827 4222 2119 4291 indicium,
2141 4223 2387 4292 quoluce
2403 4221 2609 4275 clarius
2634 4221 2895 4275 omnibus
2932 4221 3249 4276 innotescat
3290 4238 3427 4293 qua-

147 4304 343 4382 versus
375 4289 680 4382 Dominum
710 4299 769 4347 et
793 4295 1112 4365 pontificale
1129 4299 1412 4370 fastigium
1445 4320 1749 4376 praesumpc
1828 4308 1911 4362 les
1930 4309 1986 4362 in
2009 4289 2307 4380 conspectu
2335 4310 2434 4363 Dei
2464 4326 2558 4364 eos
2583 4327 2704 4364 esse
2726 4310 2795 4363 ab
2825 4310 2980 4365 omni
3005 4311 3210 4382 pepulo
3241 4310 3427 4365 existi-

297 4377 649 4470 signiﬁcasse
666 4382 983 4470 studuistis,
1008 4392 1067 4441 et
1093 4388 1246 4443 dolui
1271 4390 1416 4445 sicut
1433 4392 1621 4447 dolere
1649 4393 1749 4449 de—
1765 4455 1810 4470 ἢ
1832 4398 1977 4452 mari
2007 4377 2279 4469 oporteat.
2299 4398 2379 4452 De
2402 4398 2506 4452 hac
2534 4414 2594 4453 re
2622 4399 2839 4453 litteras
2852 4377 3293 4454 domino—nostro
3307 4398 3427 4470 regi

151 4465 264 4557 hui,
295 4472 356 4557 et
381 4472 575 4557 tamen
597 4469 656 4524 in
684 4469 806 4542 ipso
827 4472 1018 4529 dolore
1048 4493 1160 4530 non
1172 4479 1420 4549 gaudere
1441 4497 1550 4535 non
1569 4483 1746 4553 potui.
1765 4455 1813 4513 Β
1832 4487 2012 4550 mitto,
2043 4455 2312 4557 eumque,
2344 4494 2407 4541 ut
2424 4488 2602 4553 decet,
2628 4488 2697 4542 ad
2721 4488 3019 4543 vindictam
3044 4488 3189 4543 tanti
3220 4455 3433 4543 fasin;-

149 4555 341 4625 Dolui,
378 4556 529 4650 quia
573 4557 632 4613 id
682 4561 869 4617 evenit
916 4564 1235 4621 celsitudini
1285 4575 1497 4631 vestrae,
1539 4571 1686 4641 quod
1717 4587 1753 4625 α
1832 4575 1930 4637 ris,
1956 4582 2117 4647 prout
2141 4592 2389 4646 possum,
2424 4593 2559 4647 rogo
2580 4584 2636 4631 et
2666 4594 2885 4645 moneo,
2910 4595 3049 4649 quas
3074 4580 3194 4649 jam
3212 4577 3429 4650 pridem

149 4644 503 4716 temporibus
532 4663 878 4717 paganorum
916 4653 1057 4707 nulli
1085 4654 1295 4725 legitur
1331 4658 1581 4713 evenisse
1610 4659 1753 4731 epis-
1831 4664 2288 4733 transmisissem,
2318 4666 2416 4719 sed
2449 4667 2698 4736 legatum
2728 4668 2977 4738 reperire
3014 4684 3124 4721 non
3157 4668 3340 4739 potui;
3374 4675 3433 4723 et

150 4749 463 4804 coporum;
492 4736 724 4826 gavisus
752 4754 882 4794 vero
915 4757 1040 4796 sum
1065 4744 1199 4813 quia
1239 4747 1602 4816 spurcissima
1641 4748 1752 4803 vita
1833 4754 2000 4808 homo
2030 4752 2272 4824 episcopi
2300 4754 2656 4821 Walchelini,
2690 4736 2811 4826 qui_
2831 4756 2971 4810 alias
3014 4736 3172 4810 vobis
3207 4757 3429 4824 detulit,

154 4837 507 4915 eorumque
527 4825 736 4881 multas
765 4828 1024 4899 regiones
1053 4831 1228 4887 fetore
1248 4851 1362 4889 suae
1381 4835 1624 4891 infamize
1631 4839 1751 4908 jam
1835 4848 1899 4897 ut
1926 4859 2020 4896 eas
2047 4847 2393 4912 exspectaret
2421 4842 2724 4913 impetrare
2754 4861 2865 4898 non
2898 4845 3076 4915 potui.

154 4909 419 4982 aspersit,
451 4914 741 4969 occasione
768 4916 1053 4988 publicata
1077 4926 1180 4988 est,
1210 4924 1609 4997 cognitumque
1639 4927 1754 4981 evi-

156 4998 359 5055 denter
386 5001 581 5072 quales
626 5020 817 5059 coram
855 5007 971 5062 Deo
1010 5009 1140 5078 sint,
1174 5012 1290 5083 qui,
1324 5014 1539 5084 abjecto
1569 5016 1755 5071 divino

159 5086 527 5161 humanoque
573 5093 798 5159 timore,
849 5101 1074 5153 tantum
1129 5100 1287 5156 nefas
1339 5102 1398 5157 in
1455 5114 1754 5177 conspectu

158 5176 457 5234 hominum
504 5181 686 5236 moliti
733 5190 882 5241 sunt.
944 5185 1020 5242 Et
1064 5205 1214 5244 nunc
1263 5192 1531 5248 sanctitas
1575 5176 1755 5250 vestra

163 5281 388 5321 omnem
418 5284 711 5326 rancorem
732 5273 801 5328 de
828 5276 994 5330 corde
1020 5277 1264 5350 abjiciat,
1299 5299 1401 5337 nec
1427 5284 1553 5354 plus
1598 5302 1757 5355 aequo

165 5360 221 5410 et
245 5355 396 5412 bono
418 5375 521 5429 pro
546 5359 650 5415 hac
667 5377 730 5416 re
750 5363 969 5433 doleat;
994 5383 1215 5423 onmem
1235 5370 1603 5427 intentionem
1626 5391 1760 5446 qua-

166 5443 295 5501 liter
305 5446 428 5501 haec
442 5448 695 5519 nequitia
710 5452 783 5507 ad
811 5453 1081 5510 honorem
1109 5458 1211 5513 Dei
1234 5467 1551 5533 sanctasque
1573 5443 1761 5518 Eccle-

169 5533 264 5589 siae
291 5535 564 5605 puniatur
580 5538 857 5597 intendat.

1907 4931 1988 4985 De
2008 4930 2270 4997 Roberto,
2304 4937 2361 4985 et
2380 4931 2501 5000 ejus
2524 4931 2867 4987 somniatore
2898 4934 3021 5004 [al.,
3044 4934 3428 5004 sommatore],

1837 5024 1895 5074 et
1930 5020 2202 5074 monacho
2234 5037 2267 5074 a
2296 5020 2580 5075 communi
2607 5021 2902 5091 sepultura
2927 5021 3229 5093 prohibito,
3261 5023 3435 5094 quid-

1838 5108 1972 5180 quid
2009 5109 2317 5163 mandastis
2364 5110 2552 5177 laudo,
2585 5117 2642 5165 et
2696 5110 2969 5182 quidquid
3016 5111 3086 5165 de
3126 5111 3213 5166 his
3267 5112 3435 5168 rebus

1836 5198 2080 5262 sentitis,
2104 5215 2206 5268 ego
2248 5214 2469 5270 quoque
2508 5199 2565 5253 in
2614 5199 2875 5254 omnibus
2904 5205 2962 5253 et
2999 5200 3309 5271 peremnia
3338 5218 3436 5253 vn-

1839 5286 2055 5341 hiscum
2103 5287 2304 5342 sentio.
2352 5289 2478 5343 Non
2505 5294 2592 5344 est
2620 5289 2769 5343 enim
2801 5289 3142 5344 credendum
3166 5289 3434 5345 visionem

1841 5376 1996 5430 illam
2023 5394 2144 5431 esse
2174 5394 2209 5430 a
2237 5378 2502 5448 Deo,qu:e
2516 5378 2816 5433 monachos
2831 5378 3137 5449 prohibeta
3158 5386 3440 5434 monaste-

1844 5465 1948 5532 rio,
1982 5466 2152 5519 cuiad
2168 5467 2521 5520 serviendum
2554 5468 2666 5521 Deo
2687 5484 2747 5521 se
2773 5466 3132 5530 devoverant,
3165 5476 3222 5523 et
3255 5469 3313 5524 in
3333 5486 3443 5541 quo

1845 5555 1915 5609 de
1977 5554 2298 5609 obedientia
2355 5562 2413 5609 et
2474 5555 2838 5611 conversione
2910 5573 3133 5612 morum
3207 5574 3444 5614 suorum

243 5621 314 5678 Et
342 5625 589 5697 quidem.
634 5635 907 5701 quantum
935 5634 1007 5689 ad
1045 5635 1169 5692 illos
1198 5644 1432 5710 spectat,
1461 5639 1765 5696 dolendum
1847 5649 1906 5698 et
1968 5642 2274 5699 stabilitate
2336 5659 2440 5699 sua
2503 5644 2908 5717 professionem
2970 5646 3242 5716 fecerunt,
3319 5665 3448 5704 cum

419 5724 683 5790 PATROL.
730 5731 848 5794 CL.

3138 5745 3211 5807 17
