3892 6354
529 302 637 364 523

1504 304 1567 359 B.
1610 298 2024 360 LANFRANCI
2062 298 2420 358 CANTUAR.
2461 300 2799 355 ARCHIEP.

3699 290 3805 353 524

526 425 812 502 Propheta
863 426 1015 483 dicat
1053 411 1279 483 z'Vovete
1334 430 1384 481 et
1421 428 1649 486 reddite.
1715 430 1880 497 (Psat.
1947 438 2113 491 Lxxv,
2132 426 2348 491 Afama
2379 424 2647 494 vulgavit,
2673 423 2823 477 lator
2844 420 3226 493 praecutiunt,
3252 419 3351 491 qui
3374 418 3517 475 vidit
3543 424 3606 474 et
3631 419 3809 474 intar-

525 516 641 589 42).
671 516 742 574 Et
765 518 1040 574 Dominus
1063 517 1133 572 de
1165 516 1329 571 malis
1358 517 1675 588 pastoribus
1717 518 1969 589 loquens,
2011 530 2124 571 non

528 607 610 664 ait
639 626 652 662 :
686 608 887 679 Fugite
929 625 1042 674 eos,
1078 607 1320 662 recedite
1348 607 1419 660 de
1446 606 1580 661 locis
1619 606 1821 676 quibus
1853 612 2119 677 praesunt,

528 698 670 754 sed:
704 699 881 767 Super
922 698 1241 751 cathedram
1289 697 1463 764 Moysi
1508 697 1761 749 sederunt
1818 698 2020 751 Scriba
2074 700 2123 748 et

526 788 812 851 Pharisan',
838 803 956 855 quas
975 787 1168 839 dicunt
1197 788 1377 853 facile,
1417 801 1535 851 quae
1566 789 1753 837 autem
1771 785 1991 851 faciunt
2032 799 2125 836 no-

531 879 625 931 lite
652 877 831 945 facere
846 875 1064 946 (Matth.
1099 889 1250 939 mu,
1278 872 1331 941 2,
1363 872 1436 942 3).
1468 873 1536 926 Et
1563 871 1763 926 beatus
1789 872 2123 926 Benedictus

527 966 586 1019 in
640 965 857 1035 Regula
910 964 1313 1018 monachorum
1374 964 1513 1031 (cap.
1548 961 1577 1017 4
1611 963 1839 1029 Regula,
1884 961 2118 1015 instruo.

525 1051 620 1126 60)
648 1071 660 1106 :
701 1072 727 1106 (ι
760 1054 1079 1124 Praeceptis,
1104 1052 1306 1123 inquit,
1339 1051 1576 1114 abbatis,
1611 1051 1668 1103 in
1698 1049 1957 1104 omnibus
1984 1049 2120 1104 obe-

526 1143 666 1209 dire,
703 1141 925 1197 etiamsi
951 1140 1090 1213 ipse,
1124 1140 1273 1211 quod
1302 1140 1483 1194 absit!
1521 1139 1685 1193 aliter
1711 1145 1861 1209 agat.
1884 1159 1909 1191 υ

593 1231 676 1287 De
705 1230 981 1286 monacho
1021 1230 1243 1300 fulgure
1273 1228 1565 1283 interfecto
1597 1229 1680 1281 vir
1718 1229 1939 1300 sapiens
1964 1244 2122 1298 aper-

522 1320 743 1377 tissima
785 1320 1066 1376 sententia
1095 1334 1320 1374 omnem
1351 1318 1737 1389 ambiguitatis
1769 1318 1981 1371 nodum
2008 1318 2121 1371 sol-

523 1410 621 1483 vit,
665 1413 892 1467 dicens:
919 1412 1112 1466 Justus
1150 1424 1477 1479 quacunque
1507 1413 1682 1461 morte
1710 1412 2121 1476 praeoccupatus

521 1500 717 1570 fuerit,
756 1504 953 1555 anima
1000 1503 1115 1569 ejus
1158 1501 1221 1551 in
1267 1498 1558 1564 refrigerio
1601 1500 1704 1549 erit
1756 1497 1904 1565 (Sap.
1938 1510 2011 1562 Iv,
2041 1495 2117 1566 7).

520 1586 775 1660 Denique
795 1587 1041 1642 Ecclesia
1069 1586 1276 1642 Christi
1308 1584 1448 1638 alios
1477 1589 1727 1639 mortuos
1759 1601 1793 1637 a
1821 1601 1936 1639 suae
1965 1601 2118 1639 com-

2205 513 2332 579 fuit,
2363 512 2608 584 qualiter
2654 516 2881 584 gestum
2915 511 3009 576 sit,
3042 509 3199 563 vobis
3246 508 3522 564 veraciter
3568 524 3807 564 enarra-

2206 601 2308 656 bit.

2265 606 2308 657 ὲ.
2722 689 3073 745 EPISTOLA
3113 689 3285 743 XVII.

2315 798 2385 835 AD
2415 797 2661 837 JOANNEM
2689 794 3161 835 ROTHOMAGENSEM
3192 791 3680 832 ARCHIBPISCOPUM.

2206 872 2429 925 Falsum
2449 886 2555 923 esse
2583 870 2814 922 ostendit
2844 868 2987 936 quod
3014 872 3132 935 ejus
3159 869 3308 934 facta
3336 882 3558 935 carpere
3585 868 3811 921 diceba-

2279 948 2406 996 tur:
2428 942 2715 997 Robertum
2746 951 2932 994 autem
2962 941 3317 1000 Puttrellum,
3351 941 3449 1007 qui
3475 940 3597 992 sine
3631 940 3810 1007 ipsius

2280 1016 2499 1066 licentia
2543 1015 2878 1075 discesserat,
2926 1012 3039 1063 ideo
3067 1026 3102 1062 a
3130 1026 3183 1062 se
3221 1026 3348 1062 cum
3397 1010 3600 1063 honore
3631 1026 3812 1062 susce-

2270 1089 2432 1153 ptum
2461 1086 2594 1151 quia
2627 1083 3101 1135 commendatitias
3123 1085 3239 1147 ejus
3271 1083 3481 1153 litteras
3509 1082 3806 1133 attulerat.

2274 1152 2347 1209 De
2378 1156 2479 1221 ﬁde
2516 1155 2584 1207 ab
2611 1154 3016 1207 archidiaconis
3050 1153 3286 1220 petenda
3314 1152 3451 1219 quid
3477 1153 3810 1219 respondeat

2272 1231 2321 1279 et
2350 1228 2413 1278 de
2433 1242 2531 1278 suo
2560 1242 2686 1278 cum
2716 1240 2836 1291 rege
2865 1225 3150 1290 colloquio.

2274 1313 2594 1367 Venerabili
2641 1318 2847 1366 sanctae
2882 1310 3353 1382 Rothomagensis
3410 1310 3674 1366 Ecclesiae
3712 1326 3811 1365 ar-

2203 1407 2550 1477 chiepiscopo
2580 1406 2795 1464 JOANNI.
2848 1404 3114 1475 indignus
3143 1404 3380 1458 antistes
3407 1402 3807 1469 LANFRANGUS,

2202 1497 2491 1550 servitium
2513 1512 2640 1549 cum
2661 1493 3028 1548 orationibus.

2272 1585 2502 1640 Litteris
2531 1601 2669 1656 quas
2696 1584 2956 1639 omnibus
2985 1583 3317 1638 Christianae
3347 1583 3489 1653 legis
3524 1582 3807 1637 amatori-

521 1678 810 1732 munionis
858 1676 1140 1731 consortio
1197 1690 1309 1729 non
1363 1673 1600 1744 repellit,
1636 1672 1743 1727 nisi
1772 1690 1867 1727 eos
1895 1679 2118 1729 tantum
2203 1674 2304 1727 bus
2334 1674 2577 1728 amanda
2605 1673 2915 1745 paternitas
2952 1679 3137 1727 vestra
3166 1672 3621 1743 transmisit,quo
3655 1678 3806 1726 tem-

521 1767 727 1838 quibus
757 1767 1068 1821 viventibus
1115 1764 1385 1818 canonica
1434 1779 1671 1817 censura
1706 1748 2181 1820 communicareB
2198 1781 2333 1836 pore
2362 1770 2630 1835 porrectae
2655 1768 3121 1832 sunt,congruum
3137 1762 3271 1815 dare
3292 1777 3627 1832 responsum
3660 1762 3804 1815 mihi

518 1856 877 1926 contempsit.
912 1854 1283 1925 Omnipotens
1338 1852 1613 1907 Dominus
1656 1853 1828 1907 vitam
1871 1859 2115 1908 vestram
2200 1869 2310 1907 non
2341 1853 2516 1918 licuit,
2549 1869 2679 1906 nam
2708 1857 2764 1906 et
2791 1852 3125 1922 impeditum
3143 1867 3232 1904 me
3262 1850 3638 1918 invenerunt;
3673 1866 3800 1915 nec,

515 1945 819 2008 custodiat,
851 1943 985 2015 quia
1032 1944 1273 1998 multum
1319 1943 1474 1997 utilis
1503 1948 1605 2009 est,
1635 1942 1784 1997 inter
1810 1950 2013 1999 czetera
2043 1945 2113 1999 ad
2197 1942 2245 1996 si
2274 1943 2487 2004 liceret,
2518 1946 2710 2013 posset
2737 1957 2803 1994 ea
2826 1945 3162 2011 tempestate
3188 1939 3421 1993 nuntius
3438 1938 3685 1994 inveniri
3703 1941 3804 2010 qui

518 2032 888 2087 oonfutandas
915 2032 1276 2103 garrulorum
1306 2030 1567 2103 ineptias.
2198 2031 2390 2085 ferret.
2426 2033 2587 2085 Nunc
2625 2030 2765 2084 mihi
2786 2030 2919 2083 data
2947 2028 3385 2100 opportunitate,
3404 2027 3631 2082 differre
3647 2030 3805 2084 ultra

1051 2137 1398 2194 EPISTOLA
1436 2138 1583 2193 XVI.
2197 2134 2312 2175 non
2342 2120 2535 2175 debeo.

619 2242 694 2283 AD
726 2242 976 2285 JOANNEM
1014 2241 1488 2285 ARCHIEPISCOPUM
1513 2239 2018 2282 NOBTHMANNORUM.

521 2317 760 2377 Eacusat
805 2318 1147 2371 diuturnum
1184 2332 1352 2369 suum
1396 2318 1705 2376 silentium,
1756 2321 2011 2385 optatque
2052 2322 2114 2371 ut

588 2394 789 2442 mutua
826 2391 975 2441 inter
1004 2390 1146 2455 ipsos
1175 2394 1223 2440 et
1254 2389 1592 2441 inviolabilis
1630 2389 1699 2439 sit
1730 2390 2041 2442 concordia.

586 2475 822 2530 Domino
856 2474 1057 2529 merito
1094 2474 1411 2529 sanctitatis
1456 2480 1650 2528 vestrre
1690 2473 1988 2544 insigniter
2015 2476 2113 2529 ho-

513 2570 788 2637 norando,
846 2570 1365 2625 Northmannorum
1423 2568 1840 2639 archiepiscopo
1892 2569 2107 2633 JOANNI,

512 2665 690 2715 frater
742 2660 1131 2726 LANFRANGUS,
1186 2659 1350 2713 ﬁdele
1395 2658 1683 2712 servitium
1730 2662 2111 2727 aeternamque

512 2749 753 2803 salutem
775 2765 903 2802 cum
925 2747 1291 2803 orationibus.

583 2837 743 2902 Quod
796 2838 1198 2909 patemitatem
1259 2841 1520 2902 vestram,
1564 2852 1752 2906 quam,
1796 2839 1938 2888 teste
1969 2834 2103 2902 Deo,

2270 2209 2561 2263 Retulistis
2589 2208 2741 2263 vobis
2762 2225 2798 2262 a
2825 2205 3020 2262 multis
3039 2206 3210 2262 fuisse
3245 2206 3491 2261 relatum
3519 2206 3673 2277 quod
3694 2222 3800 2277 ego

2199 2299 2453 2370 quaedam
2482 2304 2669 2352 vestra
2695 2298 2844 2353 facta
2873 2314 3061 2369 carpo,
3092 2302 3150 2351 et
3178 2297 3419 2351 maxime
3450 2297 3600 2367 quod
3629 2296 3800 2352 insti-

2194 2392 2319 2442 tuta
2350 2394 2673 2442 sanctorum
2729 2388 2962 2441 Patrum
3020 2387 3089 2440 de
3138 2386 3411 2440 servanda
3455 2385 3799 2441 clericorum

2194 2478 2453 2532 castitate
2502 2478 2648 2530 male
2690 2493 2785 2529 vos
2822 2475 3162 2530 intellexisse
3191 2476 3489 2545 redarguo,
3523 2474 3798 2545 adjuncto

2194 2566 2342 2636 quod
2369 2565 2754 2620 ecclesiasticae
2776 2564 3081 2636 disciplinae
3104 2564 3490 2617 moderamina
3506 2579 3620 2617 non
3649 2561 3798 2617 bene

2191 2673 2288 2711 vos
2317 2670 2509 2711 tenere
2537 2657 2776 2710 afﬁrmo.
2801 2656 3124 2710 Meminisse
3152 2654 3319 2708 debet
3345 2654 3640 2708 beatitudo
3668 2670 3799 2708 ves-

2193 2750 2300 2809 tra,
2330 2751 2634 2817 przesentes
2662 2744 2864 2810 verbis,
2882 2744 3142 2799 absentes
3171 2743 3376 2797 litteris
3403 2759 3515 2796 non
3545 2759 3697 2813 sepe
3716 2744 3797 2797 al-

2189 2840 2472 2889 terutrum
2502 2835 2785 2888 monuisse
2823 2852 2945 2888 esse
2984 2833 3195 2889 multos
3229 2832 3548 2887 detestabili
3578 2833 3795 2887 invidia

507 2927 688 2982 multo
712 2944 904 2982 amore
924 2927 1303 2998 diligo,multa
1324 2927 1680 2980 veneratione
1702 2924 1962 2995 suscipio,
1983 2925 2105 2978 lon-
2188 2924 2504 2994 plenos,qui
2526 2941 2749 2995 semper
2772 2924 2944 2977 velint
2963 2939 3065 2977 nos
3092 2923 3331 2977 invicem
3353 2922 3793 2993 dissidere,qua—

504 3017 869 3091 gatcmporis
883 3015 1301 3089 intercapedine
1323 3014 1764 3069 litterisvisitare
1777 3014 2100 3084 supersedi;
2185 3019 2350 3066 tenus
2377 3014 2481 3066 hac
2501 3013 2789 3067 occasione
2822 3029 2953 3066 suas
2990 3012 3272 3083 nequitias
3306 3013 3527 3065 veleant
3550 3011 3788 3066 liberius

502 3105 1019 3179 rogo,multumque
1034 3120 1169 3175 rogo
1186 3120 1255 3157 ne
1275 3104 1548 3157 sinistraa
1570 3118 1658 3155 me
1678 3101 1735 3155 id
1756 3102 1962 3155 factum
1982 3118 2102 3155 esse
2185 3118 2440 3155 exercere
2465 3120 2475 3154 :
2500 3118 2740 3171 quorum
2759 3101 2925 3155 ofﬁcii
2946 3101 3118 3155 refert
3130 3116 3273 3155 nova
3300 3102 3789 3171 semper,etinau-

503 3192 815 3248 intentione
844 3192 1313 3263 interpretemini,
1346 3207 1527 3261 neque
1560 3188 1893 3244 existimeris
1926 3190 2099 3243 fuisse
2183 3190 2301 3244 dita
2328 3193 2559 3261 ﬁngere,
2606 3191 2822 3257 leviter,
2876 3196 2933 3244 et
2974 3190 3242 3259 injuriose
3299 3190 3424 3260 [al.,
3474 3189 3783 3261 incuriose]

504 3298 731 3337 causam
760 3288 860 3336 aut
883 3282 1123 3336 indicem
1151 3281 1272 3351 [al.,
1290 3280 1559 3350 radicem]
1589 3278 2095 3350 cujuslibetranco-
2114 3270 2156 3328 C
2179 3280 2396 3349 prolata
2423 3281 2673 3334 deterius
2699 3296 2995 3351 exponere,
3030 3279 3171 3333 bene
3224 3284 3281 3333 et
3326 3279 3578 3333 consulte
3608 3279 3783 3348 dicta,

502 3370 583 3425 ris
610 3370 701 3424 vel
727 3369 860 3424 odii.
892 3370 1010 3424 Hoc
1033 3369 1217 3440 potius
1247 3369 1351 3422 hac
1371 3369 1429 3422 in
1455 3374 1614 3439 parte
1643 3368 1922 3438 conjicite,
1948 3369 2097 3438 quod
2181 3376 2455 3439 quantum
2497 3370 2555 3423 in
2609 3369 2743 3441 ipsis
2784 3374 2888 3435 est,
2931 3369 2989 3423 in
3022 3370 3363 3422 contrariam
3394 3374 3617 3441 partem
3649 3386 3784 3423 con-

510 3457 633 3531 [al.,
662 3457 824 3532 quid]
849 3458 928 3513 rei
957 3459 1162 3512 veritas
1183 3455 1369 3523 habet,
1404 3457 1551 3530 quod
1591 3458 1668 3527 [at
1694 3500 1709 3523 ,
1746 3457 1900 3528 quid]
1937 3474 2097 3529 expe-

502 3545 711 3600 rientia
731 3545 1132 3613 vestra,multis
1158 3545 1550 3611 referentibus,
1573 3545 1778 3615 quibus
1798 3545 2093 3600 miserabi-

498 3634 569 3689 lis
597 3634 722 3689 vitze
752 3651 891 3689 mete
914 3641 1096 3689 status
1130 3639 1315 3689 motus
1330 3640 1415 3688 est
1443 3651 1777 3704 cognoscere
1805 3635 1986 3701 valet;
2011 3640 2096 3689 tot

499 3722 652 3778 enim
683 3725 969 3796 tantisque
1002 3725 1171 3795 hujus
1203 3724 1400 3779 mundi
1438 3724 1876 3795 impedimentis,
1904 3726 2092 3779 nescio

498 3829 609 3886 quo
631 3814 846 3870 occulto
869 3814 968 3868 Dei
981 3814 1564 3884 judicio,incessanter
1580 3814 1961 3884 subjaceo,tot
1975 3813 2094 3867 ani-

492 3902 574 3957 mi
601 3920 883 3971 rancores,
914 3910 1032 3958 tam
1062 3920 1126 3957 ex
1156 3903 1394 3974 propriis
1420 3920 1589 3974 quam
1616 3920 1682 3957 ex
1705 3903 1903 3957 alienis
1925 3920 2091 3973 nego-

490 3992 586 4047 tiis
613 3993 734 4048 sine
761 3992 1179 4048 intermissione
1215 3991 1485 4059 sustineo,
1519 3997 1604 4046 tot
1635 3992 1985 4047 calamitates
2024 4010 2089 4047 ex

491 4081 938 4136 consideratione
961 4081 1322 4152 praesentium
1352 4085 1619 4134 venturas
1648 4079 1706 4134 in
1734 4079 1924 4134 futuro
1955 4097 2089 4134 con-

484 4169 642 4244 jicio,
673 4175 737 4224 ut
763 4187 993 4241 perraro
1016 4170 1263 4224 dictandi
1286 4187 1385 4224 seu
1415 4168 1694 4224 scribendi
1722 4169 1959 4223 facultas
1985 4170 2086 4223 de-

488 4262 624 4326 tur;
655 4263 773 4323 aut,
806 4258 854 4312 si
884 4258 1106 4328 quando
1138 4259 1325 4326 datur,
1373 4259 1458 4312 vel
1496 4259 1702 4313 desunt
1756 4258 1852 4329 qui
1903 4258 2086 4328 perfe-

2177 3464 2413 3512 vertere.
2456 3459 2570 3529 Ego
2617 3465 2827 3523 tamen,
2877 3464 3022 3512 teste
3066 3457 3423 3523 conscientia,
3450 3458 3661 3512 nullius
3693 3476 3784 3513 eo—

2177 3563 2304 3601 rum
2350 3548 2603 3601 conscius
2656 3565 2816 3615 sum;
2859 3564 2960 3601 nec
3003 3547 3217 3618 aliquid
3266 3547 3334 3601 de
3363 3545 3637 3601 laudabili
3667 3548 3781 3602 vita

2178 3643 2361 3691 vestra
2404 3640 2485 3691 vel
2517 3638 2725 3692 dixisse
2756 3637 2840 3691 vel
2871 3636 3094 3691 dicendi
3121 3653 3416 3691 assensum
3472 3636 3779 3707 praebuisse

2175 3741 2265 3779 me
2296 3726 2546 3789 memini,
2576 3727 2724 3796 quod
2751 3726 2811 3779 in
2834 3726 3133 3797 praesentia
3155 3732 3361 3791 vestra,
3393 3725 3441 3779 si
3468 3741 3559 3780 res
3587 3726 3671 3780 ita
3692 3743 3779 3780 ex-

2175 3821 2447 3887 posceret,
2480 3832 2592 3869 non
2622 3822 2811 3887 posset
2862 3832 2989 3870 cum
3030 3815 3181 3886 pacis
3225 3820 3421 3868 vestrae
3471 3815 3775 3870 securitate

2173 3904 2442 3975 proferri;
2496 3905 2611 3959 imo
2651 3911 2834 3958 vestro
2864 3904 3381 3975 venerabiliumque
3411 3904 3648 3958 Patrum
3679 3921 3774 3959 ex-

2173 3993 2358 4062 emplo
2386 3998 2736 4063 provocatus,
2789 4009 2892 4064 per
2959 3997 3137 4047 totam
3197 3998 3411 4045 terram
3474 3993 3772 4063 Anglicam

2171 4081 2439 4147 pastorali
2468 4083 2806 4135 auctoritate
2848 4080 3111 4152 prohibui
3137 4097 3209 4135 ne
3237 4080 3538 4152 cujuslibet
3557 4082 3770 4136 ordinis

2170 4168 2462 4240 quisquam
2487 4172 2787 4226 canonicus
2808 4187 3041 4224 uxorem
3055 4170 3489 4241 accipiat,nec...
3511 4176 3700 4237 antea,
3721 4172 3769 4226 si

2168 4259 2477 4331 presbyter,
2510 4266 2611 4314 aut
2648 4260 2916 4314 diaconus
2954 4265 3058 4325 est,
3098 4259 3208 4314 nisi
3245 4259 3547 4331 praebenda
3576 4276 3769 4315 carere

487 4352 638 4413 rant,
668 4347 751 4400 vel
783 4363 1033 4418 personae
1060 4352 1177 4401 tam
1214 4347 1428 4402 idoneae
1466 4364 1579 4402 non
1607 4352 1741 4402 sunt
1768 4353 1831 4401 ut
1859 4364 1962 4419 per
1992 4365 2085 4402 eas
2103 4387 2150 4445 D
2168 4348 2318 4411 velit,
2348 4348 2553 4403 habere
2576 4348 2813 4403 ulterius
2842 4349 3025 4403 liceat.

486 4432 704 4493 litteras
734 4435 882 4489 mitti
908 4435 1175 4506 injuriam
1205 4441 1422 4507 putem.

557 4524 674 4595 Ego
695 4530 884 4579 tamen
900 4531 956 4579 et
976 4542 1042 4579 ea
1058 4543 1180 4598 quae
1203 4526 1356 4580 vobis
1383 4526 1662 4591 accidunt,
1693 4541 1820 4579 cum
1844 4525 2085 4596 promis-

482 4610 641 4669 sione
687 4613 899 4668 servitii
931 4619 988 4668 et
1033 4614 1230 4668 auxilii
1275 4614 1407 4679 mei,
1452 4614 1593 4668 scire
1625 4614 1899 4678 desidero,
1934 4620 1990 4667 et
2019 4630 2086 4667 ea

480 4717 605 4773 quae
633 4702 771 4756 mihi
797 4703 1061 4757 eveniunt
1085 4703 1343 4773 cognosci
1360 4720 1395 4763 a
1418 4702 1573 4756 vobis
1603 4703 1892 4756 humiliter
1911 4708 2039 4773 peto
2063 4721 2075 4770 ;

478 4795 536 4844 et
564 4791 669 4845 hoc
688 4809 786 4847 oro
809 4799 874 4847 ut
901 4809 1130 4847 concors
1151 4794 1397 4846 Charitas
1433 4793 1715 4863 charaque
1758 4792 2074 4860 concordia,

476 4881 766 4952 quaeinter
791 4899 893 4937 nos
922 4883 1192 4936 hactenus
1221 4880 1716 4947 mansit,omnibus
1729 4881 1927 4935 diebus
1951 4881 2076 4937 vitae

472 4974 679 5023 nostrae
699 4970 965 5024 inviolata
1000 4975 1363 5042 permaneat;
1387 4986 1488 5024 nec
1514 4986 1639 5024 eam
1670 4968 1932 5042 quaelibet
1974 4970 2073 5024 de-

468 5058 819 5114 trahentium
843 5059 1035 5129 lingua
1065 5059 1315 5129 quolibet
1344 5060 1509 5113 modo
1539 5066 1640 5112 aut
1656 5060 1945 5113 inﬁrmare
1973 5064 2073 5113 aut

467 5146 799 5215 propulsare
831 5147 1143 5218 praevaleat.
1176 5146 1338 5210 Quod
1375 5147 1540 5200 aliter
1581 5152 1766 5201 ratum
1809 5163 1931 5200 esse
1957 5162 2070 5200 non

464 5235 693 5304 poterit,
725 5235 836 5291 nisi
878 5242 1158 5289 amatores
1188 5235 1478 5290 discordiae
1510 5242 1611 5289 aut
1640 5235 1836 5289 vestris
1868 5235 2067 5288 exhor-

463 5323 771 5379 tationibus
802 5325 873 5379 ad
905 5341 1157 5379 amorem
1190 5326 1498 5379 concordiae
1529 5330 1945 5388 convertantur,
1968 5329 2068 5377 aut

461 5414 825 5482 persistentes
859 5415 914 5468 in
949 5422 1138 5480 3530
1166 5432 1270 5468 sua
1299 5413 1540 5468 stultitia
1587 5430 1619 5466 a
1665 5412 1871 5465 nostris
1902 5412 2067 5467 collo-

461 5498 609 5570 quiis
634 5504 859 5572 penitus
888 5512 1206 5561 arceantur.

532 5592 606 5644 De
628 5591 833 5659 juvene
863 5594 1022 5664 cujus
1060 5602 1323 5651 eventum
1346 5609 1525 5669 usque
1559 5591 1630 5648 ad
1660 5608 1827 5649 aures
1850 5596 2060 5648 vestras

2239 4438 2319 4491 De
2352 4438 2613 4504 Roberto,
2649 4455 2816 4508 quem
2834 4438 3170 4493 Pultrellum
3194 4437 3450 4506 vocastis,
3482 4455 3765 4511 quemque

2166 4524 2287 4581 sine
2315 4531 2501 4579 vestra
2522 4526 2747 4580 licentia
2775 4544 2932 4581 mare
2953 4527 3223 4581 transisse
3253 4526 3767 4599 perhibuistis,cer-

2166 4614 2381 4669 tissime
2419 4615 2476 4668 id
2506 4616 2713 4681 sciatis,
2747 4616 2880 4687 quia
2904 4616 3124 4670 litteras
3151 4622 3336 4671 vestro
3367 4616 3575 4688 sigillo,
3618 4618 3767 4689 quod

2163 4703 2303 4757 mihi
2329 4704 2468 4757 bene
2500 4710 2698 4758 notum
2719 4710 2822 4770 est,
2856 4705 3106 4775 signatas
3138 4705 3376 4773 detulit;
3398 4706 3455 4758 in
3472 4705 3698 4777 quibus,
3719 4706 3765 4760 si

2162 4809 2302 4847 verte
2332 4793 2580 4860 fuerunt,
2596 4810 2954 4864 summopere
2971 4811 3060 4847 me
3075 4795 3317 4863 rogastis
3335 4800 3618 4865 quatenus
3634 4811 3762 4850 eum

2159 4896 2287 4934 cum
2306 4882 2516 4935 honore
2538 4882 2902 4951 susciperem,
2926 4881 3075 4955 apud
3098 4882 3361 4937 abbatem
3383 4881 3753 4949 Balduinum,

2156 4970 2212 5023 in
2246 4976 2521 5040 quantum
2560 4987 2809 5041 possum,
2853 4988 2954 5041 pro
3011 4971 3339 5027 inﬁrmitate
3376 4971 3465 5025 sui
3504 4973 3757 5044 corporis

2153 5058 2506 5128 adjuvarem;
2532 5060 2601 5113 de
2629 5060 2768 5114 meis
2792 5060 2964 5114 etiam
2984 5061 3169 5125 rebus,
3204 5061 3349 5115 sicut
3373 5060 3514 5116 mihi
3546 5079 3753 5134 oppor-

2150 5151 2352 5199 tunum
2384 5152 2551 5213 esset,
2583 5165 2745 5218 opem
2777 5148 3182 5218 impenderam.
3217 5149 3352 5212 Qua:
3382 5149 3575 5203 omnia
3602 5166 3755 5204 exse-

2150 5241 2311 5289 cutus
2339 5253 2491 5303 sum;
2549 5254 2681 5290 nam
2723 5254 2824 5307 pro
2875 5254 3066 5292 amore
3114 5243 3297 5292 vestro
3340 5238 3574 5292 honeste
3623 5256 3750 5294 eum

2148 5325 2576 5395 suscepi,tribus
2604 5327 2934 5397 septimanis
2963 5343 3184 5381 mecum
3212 5326 3601 5393 habui,abbati
3628 5329 3753 5383 Bal-

2150 5414 2321 5467 duino
2345 5414 2607 5484 precibus
2637 5425 2694 5469 et
2728 5416 3195 5486 promissionibus
3224 5416 3751 5472 commendavi.Re-

2150 5504 2384 5556 vertenti
2410 5505 2558 5559 unde.
2588 5505 2773 5559 redire
2802 5511 2986 5576 posset
3006 5506 3267 5569 denarios
3290 5504 3538 5560 ofﬁciosa
3568 5506 3748 5561 chari-

2146 5596 2263 5648 tate
2283 5592 2554 5666 impendi,
2589 5602 2645 5649 et
2672 5594 2848 5650 miror
2876 5594 3059 5663 valde,
3087 5595 3138 5650 si
3159 5595 3331 5650 falsas
3358 5594 3583 5651 litteras
3612 5612 3745 5668 por-
