3892 6350
126 337 221 394 5‘25

121 481 268 545 rexit,
302 497 550 550 quonam
592 488 754 540 modo
774 491 918 543 tanti
956 491 1059 544 viri
1088 491 1332 561 sigillum
1356 494 1427 547 ad
1471 484 1773 565 persua-A.

120 570 346 623 dendam
377 572 678 629 falsitatem
702 595 858 632 suam
890 580 1095 634 habere
1115 583 1378 652 potuerit.

183 660 256 712 De
286 661 394 714 fide
414 662 485 715 ab
525 666 929 722 archidiaconis
959 672 1133 740 petita
1179 679 1235 725 et
1283 673 1415 725 data
1454 675 1698 728 interro-

119 748 366 816 gantibus
419 752 696 824 episcopis
767 758 1059 828 Bajocensi
1130 766 1186 814 ct
1255 763 1692 831 Constantiensi,

118 837 209 890 hoc
235 844 454 892 tantum
489 845 772 913 respondi,
792 863 879 900 me
895 863 997 901 nec
1026 850 1226 918 legisse
1241 852 1350 904 tale
1370 851 1579 922 aliquid
1601 871 1703 908 nec

114 926 339 995 vidisse;
374 945 472 982 vos
503 936 694 986 tamen
725 937 1060 1004 prudentem
1090 939 1263 994 virum
1294 957 1434 1007 esse,
1471 948 1528 995 et
1555 948 1701 996 stre-

116 1031 212 1068 nue
238 1017 376 1070 scire
401 1020 540 1088 quid
560 1023 756 1091 agatis,
782 1026 913 1094 quid
932 1028 1224 1093 omittatis,
1250 1030 1382 1101 quid
1396 1032 1694 1100 agendum,

117 1105 231 1174 quid
257 1107 635 1163 omittendum
663 1115 962 1177 censeatis.

176 1193 255 1248 De
269 1198 514 1266 negotiis
532 1201 733 1254 vestris
752 1219 876 1256 cum
899 1205 1124 1258 domino
1145 1213 1334 1261 nostro
1355 1225 1506 1276 rege,
1533 1217 1700 1280 prout

114 1283 284 1338 decuit
311 1293 368 1339 et
386 1289 662 1357 Oportuit,
687 1292 902 1345 noviter
922 1311 1044 1348 sum
1069 1296 1320 1363 locutus;
1346 1303 1402 1350 et
1422 1306 1578 1368 puto,
1603 1315 1703 1369 per

113 1374 544 1432 misericordiam
594 1381 714 1444 Dei,
767 1383 899 1451 quia
954 1386 1344 1440 mordentibus
1389 1388 1560 1441 vitam
1608 1406 1701 1442 ve-

113 1471 265 1518 stram
297 1483 463 1521 aures
496 1471 842 1525 excellentiae
883 1488 996 1526 suae
1039 1490 1152 1527 non
1209 1481 1296 1528 est
1340 1477 1490 1530 ultra
1534 1477 1695 1531 facile

110 1553 448 1623 przebiturus.
485 1557 859 1630 Omnipotens
891 1561 1160 1616 Dominus
1215 1564 1389 1618 vitam
1450 1571 1692 1620 vestram

110 1643 168 1696 ad
195 1643 460 1700 honorem
508 1653 717 1701 sanctae
756 1649 1009 1704 Ecclesiae
1041 1669 1153 1706 suae
1191 1653 1692 1710 incontaminatam

109 1734 384 1787 custodiat.

596 1826 944 1883 EPISTULA
981 1832 1180 1886 XVIII.

505 1969 580 2006 AD
621 1957 1276 2024 OSBERNUMTANTISTITEM.

111 2073 242 2140 Quod
275 2076 629 2152 Balduinum
661 2078 916 2134 abbatem
954 2098 1135 2135 secum
1173 2083 1428 2147 detineat,
1477 2088 1694 2152 quomi-

169 2163 264 2198 nus
307 2149 582 2201 Hic/tardi
646 2153 850 2217 placito
933 2155 1113 2206 adesse
1186 2161 1376 2220 queat;
1441 2149 1695 2211 eicusari

164 2220 382 2284 proinde
414 2222 606 2282 illum,
633 2226 680 2274 et
710 2238 935 2276 causam
955 2225 1172 2289 di/l'erri
1200 2231 1372 2293 rogat.

168 2325 520 2380 LANFRANCUS
551 2327 813 2398 indignus
834 2330 1087 2396 antistes,
1115 2333 1372 2389 OSBBRNO
1401 2334 1570 2404 digno
1595 2351 1691 2390 an-

109 2412 267 2478 tistiti,
309 2415 561 2470 salutem
591 2434 718 2471 cum
748 2420 1116 2475 orationibus.

168 2508 268 2569 3|
295 2511 328 2569 Ι
357 2507 444 2560 Ad
470 2507 821 2562 Frachenam
847 2511 1030 2563 villam
1053 2517 1322 2576 nostram,
1348 2530 1470 2583 quae
1498 2531 1686 2569 coeno-

109 2591 185 2646 bio
203 2597 372 2649 sancti
404 2597 654 2651 Emundi
702 2600 957 2669 proxima
977 2606 1079 2665 est,
1117 2602 1259 2668 veni,
1289 2602 1347 2656 in
1378 2620 1508 2674 qua,
1553 2621 1685 2674 rege

110 2685 455 2755 praecipiente,
492 2693 556 2741 et
582 2689 830 2759 corporis
872 2689 985 2743 mei
1038 2689 1368 2744 infirmitate
1425 2701 1680 2762 urgente,

112 2771 329 2843 aliquam
361 2777 620 2847 accipere
651 2779 984 2832 medicinam
1033 2780 1297 2851 disposui.
1332 2782 1440 2833 Pro
1470 2799 1580 2852 qua
1622 2799 1683 2835 re

109 2861 338 2919 abbatem
373 2866 722 2920 Balduinum
751 2868 992 2931 detineo,
1019 2869 1106 2922 cui
1129 2886 1220 2922 rex
1241 2871 1500 2924 curandae
1517 2871 1682 2940 hujus

109 2954 427 3021 aegritudinis
467 2973 665 3010 curam
697 2974 797 3011 suo
823 2974 920 3010 ore
948 2958 1209 3026 injunxit,
1243 2959 1336 3029 qui
1367 2966 1563 3013 contra
1583 2961 1680 3014 Ri-

111 3038 351 3098 chardum
381 3045 453 3098 ad
474 3046 630 3099 hunc
656 3053 989 3101 conventum
1003 3049 1070 3101 de
1085 3049 1416 3118 quibusdam
1439 3050 1680 3120 querelis

109 3127 348 3196 placitum
379 3137 603 3206 accepit
628 3135 770 3201 ;sed,
791 3137 992 3190 abbate
1022 3139 1168 3208 apud
1182 3155 1276 3192 vos
1301 3144 1358 3192 et
1385 3139 1531 3209 apud
1550 3156 1677 3192 eum

109 3217 164 3270 de
197 3219 293 3274 hoc
319 3223 524 3277 itinere
557 3231 835 3290 excusato,
867 3242 1091 3280 causam
1117 3227 1295 3297 ipsam
1313 3228 1544 3282 dilatam
1561 3197 1738 3282 esseC‘

109 3320 220 3377 rogo
242 3316 294 3364 et
321 3313 465 3380 volo,
492 3315 930 3385 quoadusquein
959 3332 1135 3370 unum
1159 3317 1237 3386 [al
1247 3317 1406 3381 .,alio
1427 3323 1679 3388 tempore

110 3393 155 3448 in
183 3400 373 3474 unum]
405 3404 828 3468 conveniamus,
849 3410 906 3457 et
920 3405 1039 3474 pari
1061 3405 1246 3459 studio
1261 3407 1477 3476 pariter
1492 3408 1674 3478 ipsum

110 3489 366 3554 negotium
406 3493 534 3546 sine
564 3493 751 3564 aliquo
786 3495 1031 3565 partium
1069 3495 1259 3549 favore
1304 3498 1666 3555 deﬁniamus.

111 3572 448 3648 Omnipotens
478 3582 757 3636 Dominus
786 3600 880 3637 vos
910 3583 1224 3650 benedicat,
1244 3590 1300 3639 et
1327 3587 1384 3640 in
1415 3587 1676 3641 omnibus

109 3666 280 3720 vestris
300 3670 544 3740 negotiis
569 3677 862 3742 promptus
895 3673 1216 3744 auxiliator“
1231 3676 1474 3730 assistat.

615 3778 966 3835 EPISTOLA
991 3780 1138 3835 XIX.

438 3897 514 3932 ΑΙ)
554 3893 874 3936 HERFASTUM
914 3895 1168 3934 COEPISCO
1177 3895 1283 3935 PUM
1292 3922 1302 3933 .

113 3965 161 4018 Ut
186 3971 389 4028 clericos
428 3978 704 4030 Balduini
745 3979 956 4031 abbatis
999 3980 1067 4030 ab
1113 3985 1674 4036 arcommunicatione

164 4040 402 4168 ἓῖξδφῐιταὲ,
439 4049 623 4116 quoad
653 4051 763 4116 ipse
812 4054 1047 4118 utraque
1084 4056 1245 4118 parte
1289 4053 1485 4106 aud-ita
1522 4057 1673 4107 litem

198 4128 394 4168 inma.

163 4199 512 4263 Lassa-meus
557 4209 1028 4282 archiepiscopus,
1076 4211 1343 4266 confratri
1391 4218 1446 4268 et
1493 4215 1674 4286 coepi~

109 4302 244 4360 scopo
269 4295 578 4366 HERFASTO,
612 4301 872 4355 salutem.

164 4378 468 4442 Meminisse
499 4388 666 4442 debet
693 4390 938 4444 Charitas
966 4395 1151 4446 vestra
1200 4391 1333 4462 quia
1372 4409 1487 4458 rex,
1533 4394 1668 4448 dum

1557 355 1951 409 EPISTOLzE.

3282 363 3385 423 526

2344 481 2694 537 EPISTOLA
2713 485 2830 538 XX.

2044 585 2297 624 GREGORII
2337 585 2414 624 νη
2443 585 2594 624 ΡΛΡίΕ
2622 591 2692 628 AD
2727 587 3114 630 LANFRANCUM.

1787 657 1849 711 Ut
1859 660 1897 710 Α,
1910 663 2054 724 rgasl
2065 676 2095 710 ιι
2105 676 2155 711 m
2169 663 2373 727 cpiscop
2382 679 2412 712 u
2423 678 2473 714 ιη
2491 667 2836 730 comprimat,
2848 680 2913 716 ne
2924 666 3196 719 Balduino
3207 668 3392 722 abbati

1851 733 2112 781 molesle
2142 734 2232 791 sit,
2265 747 2548 799 regemque
2573 740 2685 786 oret
2709 751 2774 787 ne
2805 738 2894 788 illi
2923 739 3095 802 faciat
3117 754 3134 797 ;
3166 741 3310 804 quod
3337 744 3388 792 si

1856 805 2254 867 contempserit",
2289 805 2362 854 ad
2391 806 2568 856 sedem
2581 809 2937 871 apostolicam
2956 823 3084 861 cum
3104 809 3293 863 abbate
3303 826 3388 865 ve-

1857 874 1978 923 niat
2007 874 2079 924 ad
2099 877 2464 926 contentiones
2495 877 2856 930 dirimendas.

1859 960 2166 1014 Gaaaomvs
2197 962 2509 1034 episcopus,
2544 981 2737 1020 servus
2765 983 3053 1022 servorum
3083 968 3204 1032 Dei,
3236 970 3386 1026 LAN-

1785 1061 2000 1103 FRANCO
2014 1051 2444 1106 Cantuariorum
2469 1054 2887 1126 archiepiscopo
2911 1058 3151 1111 salutem
3174 1063 3384 1130 etjapo-

1785 1138 2038 1191 stolicam
2071 1138 2537 1196 benedictionem.

1855 1227 1980 1279 Non
2010 1227 2245 1282 minima
2270 1231 2643 1287 admiratione
2688 1233 2923 1304 dignum
2959 1235 3234 1302 ducimus,
3267 1242 3374 1294 etc.

1787 1315 1978 1369 Errstat
2019 1319 2167 1371 inter
2224 1322 2476 1386 epistolas
2529 1322 2798 1388 Gregorii,
2858 1327 3183 1393 Patrologiae
3236 1331 3366 1382 tom.

1787 1403 1905 1457 CXL
1921 1406 2054 1460 VIII.

2195 1503 2383 1562 3.9a
2422 1498 2772 1555 EPISTOLA
2809 1500 2954 1556 XXI.

1995 1601 2296 1640 LANFRANCI
2323 1605 2391 1640 AD
2416 1605 2736 1644 HERFASTUM
2761 1605 3158 1647 COEPISCOPUM.

1776 1672 2070 1751 Quo‘pacto
2105 1691 2263 1751 erga”
2296 1693 2421 1730 eum,
2457 1696 2641 1746 gerere
2684 1698 2736 1732 se
2773 1682 2956 1734 debeat
2986 1699 3166 1751 quem,
3200 1685 3376 1740 nullis

1843 1746 2025 1796 adhuc
2052 1748 2342 1799 ordinibus
2373 1752 2682 1817 initiatum,
2706 1757 2755 1804 et
2783 1746 3085 1807 uxoratum
3113 1746 3185 1808 ad
3203 1756 3383 1810 diaco-

1707 1841 1756 1900 B
1848 1820 2047 1868 natum
2071 1820 2179 1884 ipse
2194 1826 2566 1885 promorerat.

1856 1904 2242 1971 LANFRANCUS,
2271 1910 2459 1977 gratia
2483 1911 2604 1976 Dei,
2640 1928 2754 1966 non
2783 1914 2900 1967 suis
2948 1915 3170 1969 meritis
3218 1917 3376 1976 urebi

1783 1993 2093 2065 episcopus,
2128 1997 2394 2052 confratri
2423 2005 2478 2052 et
2506 2001 2835 2072 coepiscopo
2873 2004 3184 2071 Henras'ro,
3218 2005 3370 2060 salu-

1777 2085 1912 2135 tem.

1847 2171 2095 2226 Clericus
2119 2174 2225 2228 iste
2253 2177 2471 2230 noviter
2500 2179 2570 2232 ad
2610 2197 2700 2234 me
2753 2183 2924 2249 venit,
2981 2193 3210 2240 causam
3255 2203 3370 2243 suae

1773 2258 2118 2316 infelicitatis
2150 2265 2452 2327 mihidixit,
2473 2267 2677 2323 dictam
2709 2271 3032 2327 testimonio
3057 2281 3370 2331 vestrarum

1771 2349 2088 2405 litterarum
2119 2369 2308 2407 veram
2341 2372 2461 2410 esse
2491 2359 2750 2430 asseruit,
2772 2365 3014 2417 testatus
3041 2369 3200 2419 estse
3219 2365 3370 2420 inor-

1771 2439 1962 2493 dinate
1988 2435 2309 2497 Ordinatum
2334 2463 2345 2512 ;
2375 2445 2632 2501 videlicet
2652 2465 2777 2503 cum
2814 2451 3021 2506 nullius
3052 2459 3197 2508 esset
3217 2456 3369 2509 ordi-

1769 2527 1875 2595 nis,
1908 2545 1942 2581 a
1968 2529 2319 2587 fraternitate
2349 2541 2535 2590 vestra
2564 2537 2773 2592 factum
2795 2557 2917 2595 esse
2934 2542 3249 2598 diaconum:
3284 2546 3370 2599 in-

1767 2621 2090 2688 terrogatus
2141 2638 2176 2674 a
2218 2639 2308 2676 me
2355 2624 2402 2678 si
2445 2642 2675 2680 uxorem
2718 2628 2970 2695 haberet,
3016 2648 3255 2687 uxorem
3303 2649 3366 2690 se

1765 2705 1990 2773 habere,
2028 2726 2130 2763 nec
2161 2727 2284 2781 eam
2335 2729 2394 2766 se
2427 2714 2566 2768 velle
2589 2715 2870 2771 dimittere
2893 2723 3203 2791 respondit.
3233 2724 3366 2779 Pro—

1765 2805 1960 2864 pterea
1991 2799 2092 2852 tali
2122 2807 2282 2869 pacto
2321 2804 2723 2858 consulendum
2754 2807 2804 2860 ei
2834 2808 3019 2862 divina
3057 2810 3230 2866 fultus
3261 2831 3364 2869 au-

1764 2885 2021 2938 ctoritate
2059 2888 2322 2942 decerno:
2357 2891 2726 2947 Diaconatum
2751 2895 2800 2948 ei
2829 2897 3061 2962 auferte,
3095 2901 3166 2953 ad
3198 2908 3363 2957 caete—

1764 2997 1855 3032 ros
1884 2981 2129 3036 minores
2159 2985 2384 3038 ordines
2414 2989 2674 3057 congruis
2696 3006 2823 3043 eum
2853 2993 3202 3062 temporibus
3231 3011 3366 3066 pro-

1763 3076 1998 3123 movete.
2015 3071 2356 3127 Diaconatus
2376 3092 2505 3129 vero
2527 3077 2781 3132 ordinem
2798 3096 3086 3151 nunquam
3101 3085 3355 3156 recipiat.

1762 3159 1868 3212 nisi
1899 3166 2050 3213 caste
2089 3162 2252 3225 vivat,
2294 3164 2399 3217 nisi
2438 3165 2506 3219 de
2537 3167 2750 3238 reliquo
2793 3187 2853 3224 se
2900 3177 3050 3227 caste
3079 3173 3361 3230 victurum

1765 3249 2035 3302 canonica
2064 3254 2424 3307 attestatione
2451 3256 2765 3326 promittat.
2814 3259 2872 3314 Si
2925 3279 3054 3316 vero
3103 3265 3360 3320 caelibem

1766 3338 1933 3390 vitam
1965 3341 2163 3409 egerit,
2195 3347 2251 3394 et
2281 3347 2539 3398 acturum
2566 3363 2625 3400 se
2656 3349 2810 3402 omni
2841 3355 3095 3423 tempore
3129 3371 3357 3427 respon-

1760 3426 1891 3479 dere
1920 3428 2174 3496 voluerit,
2209 3447 2321 3484 non
2353 3432 2580 3502 quidem
2621 3453 2750 3490 eum
2781 3438 2851 3492 ad
2883 3440 3137 3496 ordinem
3167 3444 3359 3499 diaco-

1757 3521 1923 3570 natus
1952 3516 2158 3572 iterum
2189 3520 2536 3582 ordinabitis.
2569 3526 2667 3579 sed
2713 3525 2898 3598 ipsum
2944 3530 3189 3586 ofﬁcium
3234 3546 3360 3605 per-

1757 3611 1975 3659 textum
2005 3609 2185 3662 sancti
2216 3610 2500 3682 Evangelii
2531 3615 2614 3668 vel
2637 3615 2696 3669 in
2727 3619 2940 3688 synodo
2971 3621 3057 3674 vel
3095 3621 3154 3676 in
3205 3623 3355 3678 mul-

1759 3699 1947 3748 torum
1975 3697 2302 3753 clericorurn
2335 3708 2607 3757 conventu
2638 3705 2904 3761 reddetis.

2270 3790 2832 3863 EPISTOLA‘jXXII.

2379 3894 2454 3932 AD
2486 3898 2730 3936 EUMDEM.

1759 3962 1828 4015 De
1848 3965 2176 4030 panitentia
2198 3969 2385 4020 clerici
2404 3973 2502 4037 qui
2529 3973 2821 4026 sacerdotis
2842 3976 3096 4030 ordinem
3127 3977 3348 4035 inordi-

2279 4045 2404 4092 nate
2432 4057 2558 4093 assu
2568 4050 2818 4109 mpserat.

1824 4124 2197 4180 Dilectissimo
2227 4126 2388 4181 fratri
2425 4134 2482 4183 et
2507 4131 2832 4203 coepiscopo
2861 4137 3171 4206 HERFAS’I‘O,
3204 4141 3350 4198 LAN-

1752 4226 2002 4268 FRANCUS
2032 4215 2296 4286 indignus
2328 4217 2580 4285 antistes,
2633 4223 2872 4279 salutem
2929 4231 2986 4280 et
3040 4229 3349 4287 amicitiam

1753 4319 1879 4356 cum
1908 4305 2273 4361 orationibus.

1823 4393 1904 4446 De
1942 4394 2143 4448 clerico
2186 4412 2353 4465 quem
2419 4398 2490 4452 ad
2541 4415 2641 4454 nos
2707 4402 2958 4471 misistis,
3023 4413 3349 4466 sanctarum

106 4465 351 4529 vobiscum
383 4483 548 4541 esset,
580 4481 843 4549 praecepit
869 4486 930 4534 ut
955 4481 1307 4550 querimonia
1345 4482 1413 4536 de
1455 4483 1731 4577 clericisD
1752 4481 2172 4553 Scripturarum
2201 4486 2522 4542 testimonio
2560 4491 2665 4544 hoc
2695 4493 2987 4562 sentimus,
3019 4497 3126 4552 hoc
3156 4504 3350 4555 ten-en-

111 4552 262 4577 .‘LLsa'
321 4565 359 4577 π
399 4567 412 4577 ι
435 4567 449 4577 1
502 4566 512 4577 ο
563 4567 573 4577 ο
782 4569 791 4577 .
847 4575 852 4577 .
1150 4576 1154 4577 ,
1195 4571 1205 4577 .
1444 4571 1455 4577 -
1479 4571 1492 4577 -
1768 4573 1781 4577 _
1942 4573 1954 4577 -
2135 4574 2144 4577 _

109 4552 293 4615 abbatis
321 4565 596 4628 Balduini,
629 4585 750 4638 qum
779 4569 925 4623 inter
985 4586 1077 4622 vos
1109 4576 1164 4622 et
1193 4571 1375 4640 ipsum
1407 4552 1731 4625 abbatem“
1751 4573 1884 4625 dum
1925 4573 2313 4628 decernimus:
2367 4579 2763 4635 Pcenitentiam
2810 4585 3010 4653 prolixi
3054 4590 3344 4659 temporis,

109 4649 415 4722 Versabatur,
460 4657 644 4727 sopita
671 4664 1009 4725 remaneret,
1045 4660 1408 4730 quoadusque
1429 4661 1667 4730 ipsemet

110 4730 259 4800 iPSam
287 4758 506 4799 causam
537 4747 776 4811 audiret,
807 4749 893 4801 vel
923 4765 1078 4814 ame,
1113 4749 1160 4812 si
1181 4749 1447 4819 temporis
1469 4767 1667 4820 oppor-

107 4823 286 4883 tunitas
311 4833 385 4887 sic
440 4844 783 4906 suggereret,
813 4838 996 4892 audiri
1023 4840 1364 4909 praeciperet.
1401 4839 1509 4892 Sed
1540 4841 1672 4910 quia

113 4914 399 4989 priusquam
437 4925 492 4979 id
521 4927 702 4994 ﬁeret,
734 4944 890 4982 mare
920 4929 1196 4995 transivit,
1248 4930 1369 4982 volo
1427 4935 1483 4982 et
1531 4947 1666 5000 rogo

112 5014 352 5070 quatenus
380 5016 674 5084 praedictos
715 5017 961 5079 clericos,
998 5035 1136 5090 quos
1184 5035 1216 5071 a
1255 5017 1407 5072 vobis
1444 5036 1664 5072 excom-

114 5097 382 5157 municatos
409 5107 597 5174 didici,
625 5106 940 5175 absolvatis,
965 5113 1022 5162 et
1050 5110 1269 5179 quietos
1307 5109 1374 5164 ab
1397 5109 1550 5163 omni
1576 5111 1665 5164 in-

112 5185 324 5245 vectione
349 5199 516 5264 atque
567 5197 853 5252 exactione
911 5198 980 5252 ad
1039 5216 1280 5268 praesens
1327 5199 1659 5266 dimittatis;

113 5281 214 5336 Post
236 5295 426 5348 paucos
458 5289 666 5340 etenim
709 5287 828 5341 dies
867 5287 937 5342 ad
970 5294 1158 5359 partes
1189 5294 1400 5342 vestras
1437 5290 1659 5342 venturi

1749 4663 2113 4717 consideratis
2146 4665 2264 4734 ejus
2296 4666 2523 4734 viribus,
2557 4687 2657 4739 pro
2689 4672 2922 4727 arbitrio
2953 4682 3137 4731 vestro
3183 4678 3234 4732 ei
3266 4679 3348 4732 in-

1742 4751 1964 4821 jungite
1997 4771 2008 4819 ;
2051 4755 2347 4807 sacerdotii
2382 4757 2651 4826 ordinem,
2688 4761 2836 4830 quod
2886 4763 3205 4820 inordinate
3252 4784 3345 4821 as-

1753 4842 2008 4912 sumpsit,
2046 4843 2097 4896 ei
2128 4843 2360 4910 auferte,
2397 4861 2430 4898 a
2457 4849 2671 4901 caeteris
2701 4850 2988 4906 ordinibus
3016 4871 3234 4909 cessare
3258 4856 3348 4925 ju-

1750 4931 1912 4995 bete;
1949 4932 2079 5002 quia
2128 4933 2185 4986 in
2216 4933 2388 4987 sacris
2421 4936 2730 4992 canonibus
2761 4939 3031 5010 scriptum
3071 4948 3188 4997 est:
3238 4947 3344 5011 Qui

1748 5025 1933 5075 aliena
1956 5025 2186 5085 invadit,
2224 5040 2335 5078 non
2373 5027 2540 5078 exibit
2563 5029 2913 5094 impunitus:
2959 5032 3029 5085 Et
3057 5033 3168 5086 Leo
3200 5050 3344 5105 papa

1749 5113 1820 5166 ad
1853 5111 2191 5166 Martianum
2221 5130 2233 5180 ;
2272 5132 2293 5162 α
2328 5113 2560 5185 Propria
2586 5116 2788 5188 perdit,
2824 5119 2919 5188 qui
2948 5119 3196 5175 indebita
3215 5139 3344 5177 con-

1745 5201 1999 5272 cupiscit.
2039 5222 2060 5252 ι
2095 5202 2376 5273 Sylverius
2397 5205 2467 5258 ad
2498 5205 2798 5275 Virgilium
2829 5210 3334 5280 praevaricatorem:

1749 5311 1770 5342 α
1816 5291 1906 5346 Sic
1936 5292 2085 5346 enim
2118 5293 2277 5346 decet
2307 5294 2472 5347 ﬁdem
2495 5301 2815 5351 sanctorum
2833 5299 3063 5353 Patrum
3085 5300 3143 5354 in
3158 5301 3343 5356 Eccle-

112 5373 291 5434 Sumus,
322 5381 373 5426 et
393 5377 682 5446 utriusque
708 5377 885 5448 partis
901 5378 1236 5431 assertiones
1261 5377 1659 5446 diligenticura

114 5453 364 5516 andiemus
405 5471 459 5519 et
485 5471 602 5520 tam
629 5467 842 5537 prolixe
872 5468 1253 5537 querimoniae,
1292 5468 1349 5520 in
1385 5474 1657 5538 quantum

113 5541 240 5634 Silva
261 5549 518 5612 ﬁdelitate
539 5557 690 5630 regis
729 5557 852 5612 ﬁeri
875 5556 1098 5628 poterit,
1141 5558 1311 5611 ﬁnem
1341 5557 1657 5626 legitimum

114 5642 420 5701 lmpommus
431 5690 446 5706 .

1742 5381 1826 5434 sia
1855 5382 2065 5435 servari
2096 5383 2368 5436 catholica
2399 5391 2572 5456 utque
2611 5387 2759 5456 quod
2789 5387 2985 5442 habuit
2998 5391 3225 5444 amittat
3245 5391 3341 5463 qui

1740 5470 2094 5540 improbabili
2144 5473 2459 5526 temeritate
2509 5476 2656 5544 quod
2706 5493 2817 5530 non
2865 5479 3080 5549 accepit
3115 5497 3338 5535 assum-

1739 5560 1934 5630 pserit.
1971 5581 1994 5612 ι
2041 5561 2199 5624 Quod
2219 5561 2266 5613 si
2304 5561 2450 5614 infra
2480 5565 2823 5633 poenitentiae
2849 5571 3092 5639 tempus,
3150 5571 3337 5626 carnis

1741 5647 2077 5702 munditiam
2107 5649 2276 5718 digne
2323 5651 2644 5709 servaverit.
2683 5658 3132 5730 caeterarumque‘
3161 5657 3338 5714 bona-
