3892 6344
567 359 675 437 527

1546 361 1612 418 Β.
1650 361 2072 420 LANFRANCI
2107 356 2469 417 CANTUAR.
2511 355 2847 410 ARCHIEP.

3741 356 3836 413 528

566 524 696 564 rum
734 505 1019 562 actionum
1049 506 1325 565 sollicitus
1345 506 1669 562 observator
1686 508 1980 571 exstiterit,
2004 507 2167 562 mise—
2182 491 2234 551 Α
2246 484 2471 556 ⁸(δι’ίΡῖίει
2493 499 2661 554 quam
2682 483 2741 536 in
2764 480 2888 535 aliis
2904 480 3340 571 οη-δράοξονιιω
3358 478 3597 571 Patrum
3616 482 3840 537 authen'

566 604 729 653 rante
756 599 894 668 Deo,
941 598 1100 668 cujus
1148 596 1547 651 misericordiae
1589 613 1700 651 non
1751 603 1839 652 est
1875 613 2165 661 numerus,

568 689 919 759 experientia
939 696 1125 744 vestra
1143 685 1552 756 indulgentiam
1568 685 1619 739 ei
1647 691 1915 756 praestare
1945 684 2166 751 valebit,

569 781 654 841 ut,
679 777 824 832 sicut
851 777 1051 834 beatus
1081 774 1386 845 Gregorius
1414 778 1471 827 et
1498 774 1763 844 praefatus
1808 776 1921 829 Leo
1961 774 2020 829 in
2067 774 2167 828 de-

564 865 733 920 cretis
756 866 873 921 suis
918 865 1270 922 concorditer
1315 862 1527 928 dicunt,
1578 863 1627 918 si
1671 863 2002 933 pmnitentia
2044 864 2169 934 ejus

561 952 734 1010 fuerit
759 954 949 1027 digna,
982 954 1055 1009 sit
1078 953 1248 1009 etiam
1278 951 1582 1005 fructuosa.

1074 1040 1422 1099 EPISTOLA
1444 1038 1649 1095 XXIII.

950 1149 1023 1188 AD
1061 1145 1421 1186 HERBBERTUM
1442 1142 1765 1184 EPISCOPUM.

565 1220 629 1274 υι
647 1221 957 1275 Berardum
976 1222 1239 1273 clericum
1267 1221 1458 1272 rietare
1476 1218 1699 1270 desistat
1716 1234 1731 1279 ;
1754 1221 1803 1269 et
1832 1219 1967 1284 quia
1984 1219 2160 1285 ipsius

634 1293 847 1346 litteras
874 1294 1169 1360 spreverat,
1203 1304 1384 1343 sacros
1405 1304 1636 1341 canones
1669 1290 1849 1360 legat.
1868 1304 1932 1340 ea:
1960 1290 2159 1356 quibus

630 1363 805 1416 discat
825 1358 944 1431 quas
971 1363 1278 1415 reverentia
1307 1361 1745 1426 metropolitanis
1764 1358 2042 1411 debeatur.
2066 1359 2160 1425 Ef-

629 1434 843 1500 frenem
862 1435 1095 1500 denique
1125 1431 1460 1485 monachum
1475 1434 1537 1482 ut
1557 1445 1592 1482 a
1611 1444 1709 1482 suo
1728 1432 1998 1483 consortio
2002 1432 2159 1497 peni-

633 1508 721 1557 tus
749 1506 1015 1558 eliminet.

628 1590 1008 1657 Lsuramcus,
1043 1589 1235 1644 divina
1266 1587 1672 1652 misericordia,
1702 1603 1816 1641 non
1846 1587 1964 1641 suis
1984 1586 2156 1641 meri-

554 1676 629 1734 tis
664 1678 1107 1734 Dorobernensis
1152 1676 1410 1733 Ecclesia:
1450 1676 1921 1747 archiepiscopus,
1971 1676 2156 1730 Haas-

553 1782 731 1824 BER’I‘O
760 1768 1039 1840 episcopo,
1070 1766 1364 1822 humiliter
1393 1781 1591 1837 sapere
1630 1770 1689 1819 et
1720 1764 1907 1820 sobrie
1952 1764 2158 1819 intelli-

551 1873 706 1929 gere.

624 1944 905 2000 Berardus
936 1942 1154 1998 abbatis
1183 1942 1446 1998 Balduini
1493 1941 1729 1997 clericus
1778 1947 1836 1997 et
1880 1942 2146 2009 famulus,

550 2038 775 2088 nostras
803 2034 873 2088 de
894 2032 1119 2104 negotio
1155 2049 1258 2087 suo
1296 2031 1513 2085 litteras
1549 2029 1655 2084 tibi
1701 2031 1921 2085 detulit.
1976 2031 2146 2098 Quas,

552 2127 620 2178 ut
645 2122 768 2194 ipse
802 2128 999 2194 postea
1026 2121 1167 2175 mihi
1185 2125 1427 2175 testatus
1449 2124 1555 2185 est,
1575 2119 1887 2191 procaciter
1902 2119 2147 2188 irrisisti;

553 2216 619 2277 8
634 2218 671 2276 ι
686 2216 747 2278 8
769 2211 907 2266 satis
937 2211 1070 2265 vilia
1090 2210 1445 2280 multumque
1470 2208 1705 2279 indigna
1729 2208 1800 2263 de
1827 2225 1938 2273 me,
1957 2209 2151 2264 multis

551 2298 933 2366 audientibus,
964 2298 1277 2369 protulisti;
1313 2299 1425 2369 pro}
1454 2314 1545 2352 me
1575 2298 1645 2351 de
1674 2297 1871 2352 eadem
1918 2314 1980 2351 re
2010 2297 2150 2351 nihil

550 2391 612 2442 te
644 2387 924 2442 facturum
969 2386 1229 2458 plurimis
1274 2385 1777 2441 contestatiouibus
1825 2386 2141 2440 afﬁrmasti.

2174 1857 2222 1917 B

2249 574 2376 629 ticis
2406 572 2596 627 libris:
2628 588 2752 642 quae
2769 571 2816 625 si
2831 570 3137 625 studiosius
3152 570 3384 641 legeres,
3399 569 3545 624 lecta
3564 572 3840 628 memoriae

2250 661 2695 729 commendares,
2722 659 2865 714 nihil
2892 659 3288 713 inconveniens
3316 663 3510 713 contra
3538 664 3704 714 tuam
3731 662 3841 715 Ma-

2247 756 2394 806 trem
2426 749 2731 805 Ecclesiam
2763 748 3004 803 sentires
3028 766 3040 814 ;
3074 748 3224 819 quod
3252 748 3458 802 dixisse
3485 748 3713 816 diceris,
3740 766 3843 805 non

2248 840 2502 903 dixisses,
2531 838 2645 892 imo
2674 837 2888 892 dictum
2926 836 2997 890 ab
3025 836 3152 890 aliis
3180 835 3395 890 salubri
3418 836 3735 892 invectione
3761 855 3843 892 re-

2250 928 2645 1000 prehenderes.
2678 927 2796 980 Nec
2833 924 3055 979 sobrius
3094 924 3390 996 quisquam
3426 926 3716 995 putaverit
3748 926 3844 982 hcc

2245 1034 2368 1072 esse
2393 1017 2451 1071 in
2482 1017 2669 1070 aliena
2696 1014 2961 1085 parochia
2995 1013 3211 1085 aliquid
3238 1019 3455 1068 temere
3486 1030 3840 1085 praesumere,

2244 1122 2370 1162 cum
2413 1122 2515 1177 per
2543 1103 2989 1158 misericordiam
3017 1103 3121 1157 Dei
3148 1106 3328 1156 totam
3354 1102 3520 1170 hanc,
3555 1119 3730 1174 quam
3756 1119 3842 1158 vo-

2242 1200 2375 1250 cant
2403 1192 2788 1249 Britannicam
2818 1192 3081 1257 insulam,
3117 1207 3292 1246 unam
3318 1190 3486 1246 unius
3512 1196 3723 1246 nostra
3746 1193 3839 1247 Ec-

2241 1282 2422 1336 clesiae
2449 1286 2667 1336 constet
2692 1296 2813 1334 esse
2834 1280 3180 1351 parochiam.

2312 1370 2660 1423 Hermanum
2686 1369 3045 1436 monachum,
3099 1368 3261 1437 cujus
3297 1366 3413 1422 vita
3440 1366 3640 1422 multis
3665 1384 3834 1440 repre-

2238 1456 2602 1512 hensionibus
2645 1457 2887 1511 obnoxia
2931 1455 3287 1528 perhibetur,
3335 1472 3371 1509 a
3424 1457 3712 1511 consortio
3749 1464 3835 1512 tuo

2239 1550 2463 1618 tumque
2492 1547 2695 1601 domus
2724 1546 2949 1618 penitus
2999 1562 3257 1613 remove;
3314 1545 3438 1599 volo
3486 1546 3642 1600 enim
3684 1552 3745 1601 ut
3781 1547 3833 1601 in

2238 1635 2484 1706 regulari
2511 1635 2853 1690 monasterio
2867 1634 3205 1705 regulariter
3228 1634 3393 1702 vivat,
3419 1645 3540 1703 aut,
3568 1635 3620 1689 si
3638 1635 3741 1690 hoc
3753 1651 3835 1690 re-

2238 1724 2383 1792 nuit,
2414 1725 2485 1779 de
2512 1741 2686 1795 regno
2718 1725 3030 1795 Anglorum
3057 1723 3341 1778 abscedat.

2753 1829 3107 1885 EPISTOLA
3135 1829 3330 1884 XXIV.

2414 1951 2486 1988 AD
2506 1947 2825 1989 MAURITIUM
2851 1946 3265 1989 LONDONIENSEM
3294 1948 3650 1990 Ακτῐετιτεκ.

2232 2038 2412 2094 Eleclo
2440 2043 2679 2109 episcopo
2715 2041 2862 2094 diem
2905 2041 3157 2107 designat
3196 2056 3301 2108 quo
3333 2042 3673 2109 presbyterii
3707 2058 3825 2110 gra-

2302 2112 2440 2164 dum
2468 2114 2519 2165 ei
2535 2113 2842 2165 collaturus
2871 2116 2965 2175 est,
2998 2114 3275 2179 simulque
3320 2113 3395 2165 ad
3436 2115 3558 2180 ejus
3600 2115 3824 2167 interro-

2302 2187 2433 2249 gata
2462 2184 2762 2251 respondet,
2797 2184 2860 2235 de
2892 2183 3111 2236 homine
3137 2183 3289 2249 apud
3316 2187 3564 2250 captares
3598 2189 3817 2241 mortuo.

2302 2254 2366 2305 de
2386 2255 2653 2320 colloquio
2684 2256 2843 2319 regis,
2878 2258 2929 2306 et
2957 2254 3021 2306 de
3050 2255 3244 2307 clerico
3273 2256 3373 2321 qui
3403 2256 3468 2307 in
3498 2257 3622 2323 ejus
3641 2258 3822 2325 episco-

2296 2328 2496 2392 patum
2517 2327 2636 2377 sine
2664 2326 2895 2377 servatis
2923 2329 3165 2377 venerat.

2298 2410 2673 2465 LANFRANCUS
2705 2410 2896 2463 divina
2924 2409 3308 2465 misericordia
3350 2410 3810 2484 archiepiscopus,

551 2475 637 2571 De
666 2475 752 2530 his
782 2476 893 2571 δξίο
922 2480 1179 2546 ιθωΡοΓθ
1208 2479 1379 2571 θίίιξλθς
1407 2475 1527 2571 1°92
1553 2491 1742 2571 Fam".
1755 2474 2143 2571 erifjvenfm'
2226 2498 2430 2553 dilecto
2454 2499 2617 2553 fratri
2645 2499 3053 2554 Londoniensis
3082 2499 3339 2554 Ecclesiae
3368 2474 3567 2556 electo.
3595 2474 3817 2556 antistiti

547 2567 743 2654 tamen
757 2563 1112 2654 adpraesens
1136 2562 1419 2654 praecipio
1466 2561 1570 2616 tibi
1614 2577 1687 2654 ne
1840 2561 1929 2654 his
1976 2560 2144 2616 rebus
2224 2586 2533 2654 Mwmno,
2568 2586 2830 2642 salutem.

545 2651 1073 2748 saneti__Eadm‘_mdi
1100 2651 1311 2748 δίίέξῖλίδ
1339 2656 1592 2748 δξῐξθίδδν
1620 2646 1734 2748 θίξί
1763 2650 1823 2748 id_
1858 2650 1928 2704 ab
1980 2656 2143 2748 ant?
2293 2676 2359 2732 In
2378 2646 2576 2748 primis
2602 2676 2817 2746 gratias
2828 2692 2934 2747 ago
2963 2676 3115 2747 quod
3136 2692 3322 2732 meam
3341 2678 3491 2734 sicut
3514 2684 3669 2735 tuam
3682 2677 3810 2733 desi-

543 2740 860 2838 cessoribus
878 2740 1337 2838 tuis‘appeti‘t‘um
1368 2739 1543 2838 fuisse
1577 2740 1745 2838 certis
1791 2739 2141 2838 documentis
2221 2739 2421 2819 derar'e
2450 2739 2692 2819 salutgm
2723 2769 2780 2819 te
2807 2739 3031 2832 aggeris,
3075 2766 3336 2837 quodque
3383 2768 3695 2838 profectum
3750 2767 3815 2822 vi_

544 2829 837 2926 ostendas:
871 2829 1167 2926 Ρξφῖθῐαῐη
1202 2827 1521 2926 Βξὶωτάιιω
1563 2830 1819 2926 quietum
1850 2833 1908 2882 et
1952 2829 2142 2926 infon-
2220 2853 2386 2907 vendi
2413 2853 2666 2914 honeste,
2690 2869 2791 2923 per
2820 2827 3488 2926 meam-qualemcunque
3520 2857 3812 2912 doctrinam

543 2932 769 3018 (iussum
785 2918 1058 3018 dimittas:
1090 2917 1454 2989 quoadusque
1466 2934 1555 2971 res
1573 2917 1631 2972 in
1649 2923 1899 3018 ηοεῖξθω
1915 2917 2143 3018 audiet."
2222 2940 2547 2996 habiturum
2566 2946 2623 2995 te
2647 2917 2769 2995 esse
2823 2917 3085 3010 conﬁdis;
3120 2942 3239 2997 haec
3284 2960 3351 2997 ex
3378 2917 3678 3000 dilectione
3716 2959 3811 2998 non

544 3007 685 3062 tiam
714 3007 922 3069 veniat.
953 3009 1235 3078 ﬁnemque
1259 3023 1569 3076 congruum
1601 3007 1870 3061 canonica
1897 3007 2145 3061 auctori-

2246 3029 2447 3084 nodica
2474 3030 2777 3101 procedere
2797 3030 2999 3084 solent.
3018 3007 3104 3084 Ad
3125 3030 3472 3102 interrogata
3492 3038 3614 3095 tua,
3641 3031 3809 3087 brevia

543 3100 663 3191 εδδ-ξ
689 3096 978 3191 ηρειτξίιξιθ
1010 3096 1212 3191 Ῑξιίξίοίί
1227 3096 1557 3191 deﬁnitione
1577 3096 1832 3191 eciPiat.
1887 3184 1900 3191 _
1964 3183 1999 3191 υ
2225 3096 2497 3189 responsa
2525 3118 2708 3173 mitto.
2738 3119 2821 3173 De
2856 3118 3085 3172 homine
3116 3136 3284 3189 quem
3313 3096 3544 3191 captum
3589 3126 3645 3175 et
3680 3119 3809 3191 apud

614 3183 952 3281 P0_8tP_<_’8iﬁs
1003 3185 1166 3281 aleis»
1218 3191 1283 3238 ut
1313 3185 1560 3281 _m_aj°"§_
1592 3190 1829 3251 taceam,
1885 3183 2199 3281 ιιξςίίείιξιθη
2224 3183 2482 3277 cap-tores
2512 3211 2799 3260 mortuum
2826 3206 2999 3260 fuisse
3029 3183 3320 3262 inventum
3346 3183 3641 3281 scripsisti,
3674 3183 3810 3263 abso-

542 3272 922 3371 ἥξετξιιιετξιξιξεν
947 3272 1149 3371 quiens
1178 3289 1279 3371 νεῖν
1305 3277 1484 3371 totam
1508 3272 1658 3371 die?
1690 3289 1887 3328 vacare
1915 3273 2141 3343 diceris,
2158 3258 2201 3317 ο
2220 3258 2349 3349 illi;
2364 3258 2476 3349 es
2495 3258 3322 3367 .A‘psa...‘......;a.;;;.;
3335 3258 3806 3371 ,13‘.:..‘.;,“.;.;;a-

543 3360 763 3459 firmas
789 3360 1008 3459 Ῑίίιθνξλδ
1045 3361 1187 3431 lege,
1219 3360 1569 3459 decfetisque
1596 3362 1978 3459 ΒοηιθηοιἮω
2007 3378 2141 3459 P_°n'
2221 3400 2401 3454 usque
2438 3360 2816 3455 praecedentes
2859 3360 3056 3439 mortis
3094 3386 3214 3455 ejus
3251 3360 3449 3442 causas
3502 3360 3807 3459 diligentius

544 3449 783 3517 tiﬁcum,
816 3450 1099 3520 sacrisque
1127 3449 1436 3503 canonibus
1467 3450 1742 3521 praecipue
1768 3452 2016 3506 studium
2041 3453 2142 3505 im-

542 3538 759 3610 pende;
782 3537 860 3592 ibi
873 3537 1079 3610 quippe
1100 3537 1348 3592 invenies
1363 3538 1512 3609 quod
1531 3540 1734 3607 nescis,
1750 3539 2010 3611 perlectis
2029 3539 2140 3594 illis

542 3626 805 3682 frivolum
859 3627 1029 3694 dices,
1081 3626 1231 3681 unde
1286 3627 1722 3682 ecclesiasticam
1788 3628 2140 3700 disciplinam

544 3716 791 3788 effugere
817 3720 875 3771 te
911 3715 1161 3771 conﬁdis.
1212 3716 1277 3771 In
1324 3716 1564 3771 decretis
1625 3716 1913 3787 (BONIFAC.
1973 3734 2140 3789 papa,

542 3809 696 3875 epist.
734 3803 856 3876 111)
883 3805 963 3860 sic
988 3804 1233 3875 legitur:
1270 3823 1300 3857 α
1322 3805 1741 3877 Metropolitani
1778 3806 1886 3872 sui,
1909 3806 1969 3861 in
1996 3823 2140 3862 una-

542 3910 767 3967 quaque
791 3893 1095 3966 provincia,
1125 3894 1185 3948 in
1205 3893 1465 3948 omnibus
1507 3894 1676 3948 rebus
1725 3895 2139 3950 ordinationem

541 4000 769 4056 semper
814 3987 1118 4054 exspectet.
1163 4002 1186 4034 ι
1235 3983 1302 4038 In
1355 3983 1583 4038 Nicaeno
1626 3983 1860 4038 concilio
1912 3984 2135 4056 (primo,

543 4084 668 4144 cap.
715 4071 794 4139 4):
854 4090 881 4125 ι
939 4071 1202 4127 Firmitas
1255 4072 1509 4126 omnium
1557 4088 1681 4146 quae
1715 4077 1994 4144 geruntur
2041 4090 2142 4146 per

542 4176 1001 4232 unamquamque
1031 4160 1375 4231 provinciam
1400 4162 1831 4233 metropolitano
1858 4162 2143 4218 tribuatur

545 4250 876 4321 episcopo.»
909 4249 974 4303 In
997 4249 1345 4304 Antiocheno
1394 4249 1623 4322 (primo,
1670 4268 1790 4323 cap.
1836 4251 1927 4323 4):
1962 4271 1985 4303 ι
2034 4253 2143 4307 Per

544 4353 1004 4408 unamquamque
1027 4338 1367 4408 provinciam
1399 4324 1678 4412 episcopis
1705 4340 1967 4395 convenit
1978 4357 2143 4397 nosse

544 4426 1044 4498 metropolitanum
1073 4427 1394 4499 episcopum
1415 4429 1589 4483 totius
1616 4429 1914 4500 provinciae
1937 4430 2142 4485 sollici-

544 4514 799 4569 tudinem
817 4530 1017 4586 gerere
1040 4533 1054 4581 ;
1076 4522 1307 4589 propter
1316 4517 1465 4587 quod
1479 4518 1550 4571 ad
1572 4519 1928 4589 metropolim
1945 4535 2139 4574 omnes

2221 3472 2468 3539 audiam,
2500 3477 2558 3526 et
2583 3472 2683 3539 sic,
2735 3473 3042 3527 miserante
3076 3474 3210 3541 Deo,
3248 3474 3383 3545 quid
3420 3476 3515 3548 agi
3553 3478 3802 3549 oporteat,

2223 3562 2488 3616 canonica
2515 3560 2850 3615 auctoritate
2877 3561 3162 3629 deﬁniam,
3198 3563 3429 3618 Interim
3472 3566 3703 3637 injunge
3739 3560 3805 3616 eis

2223 3652 2471 3723 aliquam
2503 3651 2912 3723 pcenitentiam,
2944 3667 3125 3723 usque
3150 3651 3285 3706 dum
3314 3655 3728 3720 conveniamus,
3753 3655 3799 3705 et

2222 3735 2735 3811 alterno’colloquio
2765 3739 2901 3811 quid
2929 3745 3124 3811 postea
3152 3740 3336 3795 facere
3377 3742 3583 3798 debeat
3631 3742 3799 3796 decer-

2220 3845 2424 3884 namus
2438 3874 2450 3887 .

2291 3918 2373 3973 De
2401 3917 2565 3972 terris
2592 3917 2706 3972 tuis
2737 3916 2964 3971 domino
2987 3934 3114 3973 meo
3150 3919 3275 3989 regi
3305 3919 3448 3974 nihil
3478 3922 3660 3977 adhuc
3672 3919 3799 3973 locu-

2221 4012 2315 4061 tus
2335 4006 2436 4071 fui,
2459 4006 2592 4078 quia
2616 4005 2685 4061 de
2711 4005 2851 4060 meis
2906 4006 3076 4060 etiam
3123 4006 3311 4075 rebus,
3363 4010 3591 4080 qualem
3644 4004 3790 4068 volui,

2220 4094 2485 4167 loquendi
2512 4095 2992 4166 opportunitatem
3020 4111 3133 4150 non
3157 4096 3349 4151 habui.
3384 4098 3649 4153 Gofridus
3701 4094 3791 4148 cle-

2222 4185 2393 4250 ricus,
2420 4183 2516 4255 qui
2558 4183 2853 4255 apostasia:
2895 4184 3235 4240 calumniam
3273 4185 3462 4254 habet,
3495 4189 3566 4243 de
3607 4185 3795 4257 episco-

2222 4278 2359 4345 patu
2387 4278 2484 4327 tuo
2507 4289 2620 4327 non
2648 4273 2874 4327 recedat
2897 4273 3020 4343 [al.,
3052 4279 3151 4329 tuo
3172 4275 3419 4347 recedat]
3443 4296 3460 4331 :
3500 4280 3600 4331 aut
3620 4274 3794 4328 forma-

2223 4356 2313 4417 tas
2334 4349 2551 4417 litteras
2578 4378 2642 4415 ex
2684 4366 2845 4433 parte
2876 4361 2965 4416 sui
2995 4362 3259 4434 episcopi,
3286 4364 3434 4419 sicut
3461 4379 3694 4420 canones
3711 4360 3794 4429 ju-

2224 4450 2378 4518 bent,
2402 4451 2682 4506 ostendat.
2737 4450 3069 4517 Cicestrum,
3120 4452 3269 4507 sicut
3315 4451 3653 4509 fraternitati
3699 4453 3792 4501 tua?

2223 4540 2520 4603 insinuavi,
2538 4539 2744 4607 venies,
2778 4545 2836 4594 et
2852 4539 2929 4593 ibi
2961 4540 3205 4596 Sabbato
3233 4548 3367 4598 ante
3394 4545 3597 4599 Laetare
3614 4542 3790 4597 Hieru-

543 4603 794 4706 unqi‘lu‘e
821 4603 925 4706 qui
962 4605 1189 4706 Πθεοίςίθ
1242 4605 1504 4660 Videntur
1547 4606 1761 4706 habere
1804 4613 2203 4706 ‘fP‘EurrfntD
2220 4633 2411 4697 salem,
2439 4603 2776 4701 cooperante
2805 4628 3020 4701 Spiritu
3066 4638 3279 4698 sancto,
3312 4630 3642 4706 presbyterii
3678 4639 3789 4697 gra-

543 4693 694 4747 unde
722 4693 935 4765 placuit
961 4709 1092 4747 eum
1125 4694 1335 4748 honore
1362 4694 1701 4765 praecellere.
1735 4715 1763 4746 »
1814 4696 1885 4751 Et
1926 4697 1986 4751 in
2030 4698 2139 4752 To-

541 4781 747 4836 Ietanis
775 4780 1061 4837 conciliis:
1094 4801 1118 4834 ‹
1187 4781 1279 4837 Sic
1324 4782 1476 4837 enim
1514 4783 1732 4853 justum
1781 4790 1870 4839 est
1903 4790 1970 4840 ut
2010 4785 2143 4841 inde

542 4870 931 4943 unusquisque
951 4875 1144 4925 sumat
1170 4870 1396 4941 regulas
1423 4870 1748 4944 disciplinae,
1784 4873 1933 4929 unde
1952 4890 2144 4929 conse-

539 4960 809 5015 crationis
829 4960 1102 5014 honorem
1130 4960 1377 5031 accepit;
1413 4966 1498 5029 ut,
1525 4962 1687 5032 juxta
1726 4964 2007 5034 majorum
2048 4963 2142 5019 de-

538 5053 714 5116 creta,
742 5048 903 5103 sedes
942 5064 1066 5120 quae
1091 5047 1396 5119 unicuique
1430 5050 1795 5105 sacerdotalis
1840 5058 2026 5106 mater
2052 5056 2140 5107 est

538 5137 851 5209 dignitatis,
881 5136 954 5191 sit
983 5136 1371 5191 ecclesiasticae
1398 5138 1671 5209 magistra
1696 5140 1955 5195 rationis.
1995 5160 2019 5193 ι
2066 5141 2138 5196 Et

536 5227 707 5298 paulo
731 5231 860 5299 post
883 5244 896 5282 :
932 5243 960 5279 α
987 5225 1253 5297 Quisquis
1279 5226 1484 5283 horum
1515 5228 1869 5284 decretorum
1900 5229 2139 5283 violator

537 5315 833 5382 exstiterit,
847 5331 945 5369 sex
966 5314 1254 5369 mensibus
1278 5317 1672 5372 communione
1693 5317 1965 5388 privatus,
1985 5319 2136 5389 apud

535 5403 1034 5475 metropolitanum
1061 5403 1167 5459 sub
1188 5404 1532 5477 poenitentiae
1554 5422 1792 5461 censura
1805 5413 2135 5478 permaneat

534 5491 920 5561 corrigendus.
961 5511 989 5546 ι»

608 5577 754 5635 Sunt
809 5580 924 5635 alia
972 5581 1220 5653 plurima
1262 5582 1333 5638 de
1377 5583 1706 5639 excellentia
1750 5590 1809 5641 et
1852 5591 2133 5659 potestate

530 5668 842 5743 primatum
859 5674 1029 5742 atque
1056 5668 1623 5745 archiepiscoporum,
1649 5678 1767 5739 tam
1794 5674 1855 5732 in
1882 5676 2131 5749 praefatis

2222 4719 2358 4774 dum
2382 4718 2616 4790 recipies
2630 4763 2643 4776 .
3342 4738 3354 4755 τ

2634 4812 2823 4875 314
2851 4807 3202 4867 EPISTOLA
3237 4810 3407 4865 XXV.

2583 4922 2654 4960 AD
2698 4922 3044 4966 WALCHERUM
3083 4923 3463 4964 COEPISCOPUM.

2219 5002 2403 5056 Pulsis
2425 5003 2788 5056 Britonnibus
2805 5006 3118 5073 tranquilla
3129 5021 3236 5059 esse
3254 5008 3465 5065 omnia,
3484 4999 3782 5061 Danoscerw

2290 5074 2616 5146 adventare;
2642 5074 2880 5142 proinde
2923 5081 2989 5130 ut
3011 5078 3217 5142 vigilet,
3250 5081 3599 5146 castrumque
3641 5080 3783 5125 suum

2289 5144 2606 5198 hominibus
2634 5149 2686 5198 et
2711 5148 2890 5199 armis
2919 5148 3292 5201 muniendum
3320 5153 3493 5203 curet.

2288 5229 2656 5287 Lsnramcus
2675 5238 2933 5304 peccator
2963 5239 3021 5290 et
3048 5233 3314 5305 indignus
3349 5235 3596 5301 antistes,
3639 5239 3778 5282 vene“

2215 5318 2380 5374 rabili
2408 5320 2571 5375 fratri
2605 5326 2665 5376 et
2700 5322 3028 5395 coepiscopo
3058 5323 3403 5392 WALGHERO,
3447 5325 3687 5380 salutem.

2285 5410 2532 5465 Laitatus
2556 5426 2684 5466 sum
2712 5410 2771 5465 in
2796 5410 2883 5465 his
2908 5428 3032 5483 quae
3074 5411 3226 5466 dicta
3254 5417 3388 5467 sunt
3417 5411 3554 5468 mihi
3574 5426 3606 5464 a
3633 5396 3772 5464 vobis;

2211 5515 2406 5570 pacem
2425 5515 2521 5554 vos
2549 5498 2749 5554 vestris
2776 5499 2983 5554 litteris
3012 5498 3221 5554 habere
3275 5499 3590 5565 didicimus,
3633 5502 3773 5565 quam

2212 5588 2470 5660 procula
2516 5588 2672 5644 vobis
2712 5605 2854 5655 esse,
2898 5588 3093 5644 multis
3141 5588 3453 5644 multorum
3498 5578 3771 5644 rationibus

2213 5678 2337 5749 [al.,
2368 5666 2771 5753 relationibus]
2820 5677 3007 5734 territi
3052 5677 3438 5736 credebamus.
3483 5678 3594 5737 Nos
3643 5679 3767 5729 vero:
