3892 6348
143 308 253 368 529

1592 282 1980 344 EPISTOLE.
2036 246 2046 257 ’

3318 270 3424 329 530

126 434 378 508 expulsis
424 428 747 489 Britonibus
790 430 848 483 et
888 426 1098 482 sedatis
1145 423 1403 482 omnibus
1449 418 1633 482 bellis,
1672 413 1733 469 in
1749 409 2048 483 Aaccepta
2086 407 2210 508 sine
2250 402 2521 508 dilatione
2558 399 2720 455 reddi
2756 396 3024 471 jubeatis,
3057 395 3421 508 calamistris

129 528 294 578 tanta
318 518 733 592 tranquillitate
761 514 998 569 vivimus
1026 519 1109 580 ut,
1135 517 1434 585 postquam
1458 524 1557 562 rex
1579 520 1736 561 mare

126 612 373 679 transiit,
404 606 766 680 tranquillius
789 602 1122 675 nosjvixisse
1149 614 1508 673 nequaquam
1535 595 1736 651 memi—

129 702 402 757 nerimus.

200 790 313 846 Res
356 787 574 845 domini
618 784 797 841 nostri
836 783 985 854 regis
1013 782 1073 838 in
1108 796 1335 837 summa
1359 775 1737 851 prosperitate

126 895 273 945 esse,
306 883 366 933 et
391 893 522 932 eum
561 875 633 930 ad
674 888 918 947 praesens
943 871 1016 926 ad
1053 886 1150 925 vos
1179 870 1305 940 [al.,
1340 866 1465 938 nos]
1495 864 1737 919 transire

126 967 443 1023 certissime
489 963 698 1020 sciatis.
749 961 914 1027 Dani,
947 965 1032 1027 ut,
1082 975 1186 1014 rex
1231 956 1386 1011 vobis
1428 951 1732 1018 mandavit,

128 1073 328 1112 revera
343 1055 611 1121 veniunt;
644 1056 890 1108 castrum
911 1049 1102 1121 itaque
1126 1051 1370 1101 vestrum
1391 1041 1732 1108 hominibus,

128 1151 188 1201 et
213 1143 411 1211 armis,
444 1147 503 1198 et
548 1139 827 1197 alimentis
869 1137 1125 1209 vigilanti
1154 1152 1289 1191 cura
1317 1132 1525 1188 muniri
1549 1130 1737 1186 facite.

129 1233 509 1304 Omnipotens
546 1235 736 1286 autem
760 1227 1033 1284 Dominus
1067 1225 1138 1280 ab
1162 1224 1316 1280 omni
1339 1222 1488 1277 malo
1511 1237 1609 1275 vos
1638 1219 1741 1273 de-

129 1322 347 1379 fendat.

644 1404 994 1463 EPISTOLA
1027 1402 1228 1458 XXVI.

737 1512 820 1555 AD
864 1508 1147 1555 EUMDEM.

128 1599 373 1653 Επειεαί
403 1595 548 1665 quod
565 1595 932 1649 monitorium
954 1604 1069 1665 non
1086 1589 1323 1665 miserit,
1351 1584 1741 1665 respondetque

198 1670 264 1721 de
308 1657 628 1736 presbytero
668 1664 766 1732 qui
804 1665 867 1716 in
917 1664 1160 1736 claustro
1191 1658 1591 1736 monachorum
1621 1657 1739 1736 sine

1819 500 2019 556 vestris
2048 514 2120 553 ne
2146 494 2388 551 ulterius
2428 491 2487 546 id
2515 493 2881 562 praesumant,
2919 486 3206 542 servandae
3232 486 3424 542 chari-

1820 590 1954 645 tatis
1980 587 2166 643 studio
2194 579 2554 657 perhibeatis.

1889 678 2007 735 Nos
2034 692 2166 731 vero
2195 669 2539 746 presbyteris
2580 666 2789 722 nostris
2834 664 2930 737 qui
2979 667 3137 720 extra
3165 662 3424 719 Cantiam

1818 765 2132 833 constituti,
2168 761 2399 818 omnino
2420 756 2840 831 prmcipimuss
2854 760 2889 821 |
2905 760 2966 819 εἰ
2985 770 3055 808 ne
3071 753 3143 807 ad
3160 757 3426 820 vestram,

1816 856 1904 912 vel
1939 855 2183 925 alicujus
2228 847 2476 922 episcopi
2522 844 2801 917 synodum
2849 842 3093 914 amplius
3139 846 3289 906 eant,
3323 857 3428 896 nec

1818 944 1990 1011 vobis,
2023 959 2127 998 nec
2164 938 2448 1011 aliquibus
2491 932 2765 989 ministris
2808 930 3006 985 vestris
3042 946 3146 1002 pro
3175 929 3429 1001 qualibet

1817 1032 1986 1104 culpa
2013 1028 2408 1102 respondeant.
2428 1025 2544 1079 Nos
2573 1021 2747 1088 enim,
2773 1035 2901 1073 cum
2931 1018 3002 1073 ad
3032 1018 3190 1072 villas
3211 1021 3429 1071 vestras

1824 1102 1944 1192 [al._,
1969 1116 2212 1187 nostras]
2244 1114 2532 1169 veniemus
2553 1110 2651 1180 [αι.
2663 1150 2682 1177 ,
2704 1104 3070 1175 venerimus],
3094 1105 3291 1175 quales
3320 1102 3430 1174 ipsi

1822 1210 1909 1264 vel
1939 1209 2000 1263 in
2027 1205 2279 1262 moribus
2301 1202 2385 1257 vel
2412 1198 2478 1255 in‘
2498 1198 2588 1253 sui
2609 1195 2820 1251 ordinis
2847 1192 3083 1249 scientia
3110 1191 3225 1246 sint
3242 1194 3431 1262 pasto-

1821 1297 1928 1353 rali
1961 1284 2297 1351 auctoritate
2324 1288 2601 1359 vestigare
2628 1284 2923 1339 debemus.

1894 1386 2154 1442 Chrisma
2171 1386 2396 1438 tantum
2417 1379 2538 1450 [al.,
2562 1373 2777 1442 tamen]
2802 1389 2837 1427 a
2866 1369 3024 1426 vobis
3051 1367 3349 1440 accipiant,
3372 1371 3433 1422 et

1823 1492 1891 1530 ea
1924 1490 2049 1546 quae
2079 1470 2390 1542 antiquitus
2434 1465 2698 1520 instituta
2724 1465 2858 1516 sunt
2881 1459 2943 1514 in
2979 1455 3299 1513 chrismatis
3335 1471 3434 1510 ac-

1822 1543 2081 1635 ceptione
2126 1559 2469 1632 persolvant.
2513 1554 2672 1610 Sicut
2708 1565 2954 1620 namque
3003 1563 3071 1601 ea
3119 1562 3242 1617 quae
3282 1543 3433 1599 anti-

1823 1653 2014 1724 quitus
2036 1631 2216 1721 usque
2241 1648 2314 1702 ad
2343 1649 2536 1701 nostra
2562 1647 2822 1712 tempora
2853 1642 3234 1692 antecessores
3254 1631 3432 1688 nostri

198 1721 571 1793 benedictione
602 1721 859 1789 nu‘tritus
905 1733 1100 1800 fuerit,
1142 1730 1216 1784 ad
1250 1730 1511 1782 saeuiunt
1558 1726 1739 1778 redire

1844 1721 2166 1805 iabuerunt,
2199 1734 2392 1791 solerti
2437 1730 2731 1803 vigilantia
2770 1726 3029 1798 cupimus
3078 1721 3294 1778 illibata
3322 1736 3437 1776 ser-

202 1826 323 1864 non
340 1824 514 1879 posse.

204 1899 575 1954 meus
601 1895 867 1966 indignus
906 1891 1163 1956 antistes,
1200 1887 1508 1945 venerabili
1536 1883 1745 1943 Dunel-

128 1988 316 2045 mensi
341 1987 605 2059 episcopo
633 1985 978 2049 WALCHERO,
1012 1981 1274 2035 salutem.

203 2079 276 2134 Et
302 2078 473 2147 longe
497 2074 568 2131 ab
596 2073 737 2130 urbe
764 2072 1011 2144 positum
1041 2074 1099 2124 et
1126 2069 1320 2123 multis
1349 2067 1521 2138 hujus
1558 2062 1745 2121 saeculi

132 2167 382 2238 negotiis
408 2164 725 2220 involutum
756 2177 846 2216 me
883 2164 1082 2214 vestrae
1123 2158 1328 2212 litterae
1371 2155 1739 2219 invenerunt;

130 2254 202 2310 ob
232 2270 409 2326 quam
432 2268 659 2308 causam
689 2247 1055 2322 petitionibus
1086 2245 1284 2301 vestris
1309 2260 1375 2298 ex
1402 2242 1557 2298 omni
1583 2246 1743 2313 parte

131 2344 397 2399 elfectum
426 2340 674 2414 praebere
707 2354 821 2395 non
839 2337 1031 2406 ilicuit,
1060 2352 1182 2402 nec,
1209 2334 1256 2387 si
1285 2332 1556 2398 licuisset,
1596 2346 1746 2384 com-

130 2431 521 2498 monitorium,
551 2429 702 2501 quod
731 2429 790 2482 in
819 2425 1121 2481 festivitate
1163 2422 1346 2476 sancti
1384 2419 1610 2475 Martini
1638 2419 1745 2473 ha-

130 2521 266 2575 bere
304 2518 585 2586 voluistis,
626 2517 749 2572 ﬁeri
779 2515 1094 2588 potuisset;
1141 2511 1383 2583 septima
1428 2508 1579 2564 enim
1618 2512 1747 2580 post

131 2608 393 2681 praedicti
416 2607 597 2662 sancti
622 2605 1039 2661 solemnitatem
1058 2602 1169 2668 die,
1190 2605 1373 2653 vester
1403 2598 1474 2652 ad
1496 2613 1587 2651 me
1607 2611 1748 2650 nun-

139 2698 255 2753 tius
282 2697 457 2754 venit.

209 2789 394 2843 Porro
421 2786 492 2840 de
530 2784 627 2839 illo
658 2783 1006 2855 presbytero,
1041 2779 1110 2834 de
1138 2794 1248 2850 quo
1276 2774 1588 2831 mandastis
1615 2773 1748 2846 quia

134 2878 195 2932 in
223 2877 476 2932 claustro
501 2873 908 2928 monachorum
936 2869 1057 2923 sine
1084 2865 1474 2922 benedictione
1499 2864 1749 2920 nutritus

134 2966 263 3033 fuit,
295 2963 513 3035 aliquid
541 2978 634 3016 me
658 2959 811 3015 vobis
838 2958 1136 3014 mandasse
1162 2954 1447 3011 recordari
1472 2971 1587 3009 non
1615 2969 1747 3024 pos-

137 3070 305 3121 sum;
346 3066 592 3107 canones
637 3054 831 3103 tamen
880 3047 1220 3116 decretaque
1269 3048 1593 3099 sanctorum
1631 3042 1749 3095 Pa-

136 3147 292 3196 trum
321 3154 420 3194 eos
462 3138 559 3209 qui
604 3142 817 3191 vestem
867 3134 1156 3205 religionis
1200 3133 1417 3204 aliquot
1452 3130 1648 3185 diebus
1688 3129 1748 3182 in

136 3232 442 3301 conspectu
470 3225 766 3280 hominum
797 3224 1074 3289 deferunt,
1103 3222 1176 3276 ad
1198 3222 1464 3277 saeculum
1494 3232 1747 3290 quocun-

136 3335 247 3391 que
274 3317 445 3372 modo
490 3319 688 3387 postea
731 3313 915 3368 redire
956 3328 1071 3365 non
1113 3311 1327 3365 sinunt.
1374 3309 1481 3374 Qui
1517 3308 1565 3361 si
1595 3305 1749 3361 vobis

138 3407 535 3478 obtemperare
572 3402 813 3458 voluerit
841 3402 930 3472 [[2,
962 3398 1251 3469 noluerit],
1295 3396 1615 3467 evangelica
1644 3411 1748 3450 au-

139 3494 404 3549 ctoritate
430 3490 677 3560 utimini,
703 3506 826 3561 quae
845 3489 927 3543 ait
954 3506 966 3543 :
995 3507 1022 3541 α
1053 3485 1337 3558 Compelle
1360 3486 1574 3540 intrare
1596 3484 1746 3551 (Luc.

144 3597 254 3652 XIV,
286 3581 404 3654 23).
440 3600 468 3636 »

638 3666 990 3723 EPISTOLA
1026 3663 1256 3720 XXVII.

272 3780 386 3827 ’ΔΒ
427 3778 780 3826 ετῙϐΔΝΒσὶί
823 3774 1195 3822 CISTRENSEM
1237 3771 1599 3818 EPISCOPUM.

148 3864 208 3918 Ut
237 3864 453 3919 clericis
480 3863 755 3916 villarum
795 3859 1043 3912 Ecclesiae
1083 3856 1507 3911 Cantuariensis
1542 3869 1662 3923 qua
1689 3855 1753 3907 in

214 3937 393 4003 ipsius
419 3937 556 3988 sunt
573 3932 801 3991 diacesi,
826 3933 1160 4003 (κραδίας-ρον
1181 3930 1300 4003 eius
1331 3926 1752 4003 archidiaconus

207 3997 478 4075 pecunias
528 4004 753 4057 restitui
783 4002 995 4075 jubeat.
1029 4000 1139 4053 Nec
1179 3999 1252 4051 ad
1297 3998 1531 4075 episcopi
1576 3997 1753 4075 ullius

213 4068 492 4147 'synodum
532 4075 780 4147 deinceps
807 4073 1053 4147 veniant,
1103 4084 1215 4147 nec
1235 4068 1616 4147 respondeant,
1650 4070 1749 4119 aut

215 4140 530 4217 quidquam
569 4145 888 4212 persolvant
916 4145 1119 4209 praeter
1154 4141 1215 4194 id
1250 4140 1394 4208 quod
1421 4140 1752 4191 institutum

214 4216 291 4273 est
315 4216 424 4287 pro
452 4216 766 4270 chrismate.

208 4308 574 4363 mencUs
616 4303 718 4359 Dei
762 4302 949 4374 gratia
986 4300 1455 4372 archiepiscopus,
1498 4298 1746 4353 dilectis-

1827 1846 1976 1897 vare,
1991 1829 2073 1883 ita
2090 1826 2217 1882 aliis
2237 1824 2427 1880 debita
2448 1821 2657 1892 aliqua,
2681 1816 2832 1890 quod
2855 1812 3035 1871 absit!
3067 1811 3432 1885 usurpatione

1829 1918 2095 1975 nolumus
2123 1916 2423 1985 denegare.

2308 1998 2660 2059 EPISTULA
2696 1991 2954 2050 XXVIII.

2431 2124 2515 2168 AD
2557 2118 2831 2166 EUMDEI.

1831 2222 1890 2277 Ui
1922 2223 2238 2280 mulierem,
2272 2218 2433 2284 cujus
2463 2227 2630 2268 causa
2657 2226 2693 2264 a
2722 2209 3036 2276 Lan/‘ranco
3062 2204 3263 2259 audiri
3286 2217 3437 2328 pg:

1897 2294 2134 2328 ενι-οωηέ
2183 2304 2309 2328 num.
2333 2288 2456 2328 mira
2490 2299 2588 2328 sua
2622 2283 2867 2328 quietam
2893 2291 3121 2328 manere
3147 2277 3318 2328 sinat.

1887 2294 2151 2362 jusserat,
2183 2277 2309 2342 cum
2333 2277 2456 2362 uiro
2490 2299 2588 2362 suo
2622 2283 2867 2350 quietam
2893 2291 3121 2362 manere
3143 2277 3318 2362 sinat,

1900 2349 1996 2417 nec
2028 2349 2145 2416 una
2174 2360 2505 2414 conveniant
2530 2349 2863 2418 causamque
2883 2349 3179 2416 deﬁniant.

1898 2453 2268 2506 Lasrnmcus
2309 2444 2500 2519 gratia
2525 2441 2628 2498 Dei
2672 2437 3148 2509 archiepiscopus,
3183 2433 3436 2489 dilectis-

1832 2540 1974 2596 simo
2004 2537 2168 2593 fratri
2198 2537 2495 2600 STIGANDO,
2529 2532 2793 2585 salutem.

1902 2628 2056 2684 Misit
2080 2625 2220 2681 mihi
2273 2624 2492 2678 litteras
2522 2635 2688 2691 papa,
2718 2616 2777 2670 in
2822 2614 3026 2687 quibus
3072 2609 3338 2685 pmcepit
3373 2613 3440 2665 ut

1831 2733 2061 2772 causam
2091 2715 2254 2769 istius
2274 2710 2548 2775 mulieris,
2568 2723 2739 2780 quam
2758 2705 3025 2760 adversus
3047 2717 3173 2756 eam
3192 2698 3434 2765 habetis,

1830 2806 2133 2877 diligenter
2156 2802 2404 2868 audiam,
2426 2804 2485 2854 et
2507 2796 2736 2852 interim
2760 2793 3006 2864 quietam
3038 2796 3095 2845 et
3117 2788 3439 2844 absolutam

1832 2911 1954 2950 esse
1998 2891 2352 2965 praecipiam;
2397 2891 2699 2959 prOpterea
2744 2881 2951 2936 mando
2994 2878 3145 2933 vobis
3174 2881 3258 2943 ut,
3299 2890 3438 2947 pace

1831 2992 2036 3050 vestra,
2062 2996 2191 3036 cum
2217 2979 2336 3033 viro
2361 2993 2464 3031 suo
2493 2976 2741 3038 maneat,
2774 2969 3139 3042 quoadusque
3166 2966 3228 3021 in
3254 2979 3436 3020 unum

1770 3078 1814 3141 C
1833 3071 2261 3136 conveniamus;
2296 3073 2355 3121 et
2373 3067 2550 3137 ipsam
2571 3076 2800 3118 causam
2820 3075 2949 3114 cum
2965 3055 3199 3112 consilio
3219 3053 3435 3125 episco-

1830 3177 2032 3234 porum
2073 3160 2225 3214 inter
2250 3173 2354 3211 nos
2398 3152 2776 3215 conferamus,
2807 3153 2867 3204 et
2907 3146 3209 3218 adjuvante
3247 3141 3438 3198 divina

1830 3252 2018 3325 gratia
2046 3248 2259 3305 salubri
2287 3248 2399 3302 ﬁne
2427 3243 2782 3299 deﬁniamus.

2334 3333 2689 3392 EPISTOLA
2742 3327 2943 3386 XXIX.

1992 3466 2075 3511 AD
2122 3459 2447 3508 ROBERTUM
2491 3452 2870 3502 CISTRENSEH
2912 3445 3275 3495 Ειιιεοοιιωι.

1833 3557 1945 3613 Suo
1972 3557 2222 3623 regisque
2262 3551 2508 3623 nomine
2528 3547 2782 3623 praeeunt
2825 3546 2887 3596 ut
2932 3541 3166 3623 canobia
3195 3536 3439 3623 Conven-

1906 3606 2145 3682 ireie‘nsi‘
2157 3625 2424 3678 violenter
2451 3606 2639 3673 ablata
2667 3606 2789 3669 sine
2812 3627 2974 3668 mora
3001 3612 3265 3682 restituat
3277 3626 3291 3682 ς
3322 3606 3436 3660 sin-

1904 3681 2148 3767 gulatim
2191 3704 2628 3748 commemorans
2655 3701 2826 3757 quam
2855 3682 3110 3752 indignis
3139 3681 3317 3734 modis
3355 3692 3441 3732 eos

1907 3769 2202 3839 afﬂixerit.

1907 3838 2265 3913 Lsuramcus
2294 3850 2479 3923 gratia
2525 3847 2628 3903 Dei
2666 3843 3137 3914 archiepiscopus,
3177 3838 3441 3895 Rosss'ro

1836 3944 2108 4001 Cistrensi
2138 3942 2418 4014 episcopo,
2452 3937 2716 3992 salutem.

1907 4035 2150 4089 Litteras
2171 4010 2303 4086 ante
2322 4010 2529 4100 paucos
2549 4025 2670 4079 dies
2693 4021 2797 4077 tibi
2816 4015 3126 4081 transmisi,
3155 4019 3215 4070 et
3233 4029 3331 4068 eas
3350 4010 3441 4067 vix

1832 4128 2120 4195 susceptas
2150 4122 2335 4191 legere
2362 4112 2683 4187 despexisti,
2706 4116 2764 4166 et
2790 4125 2922 4164 cum
2943 4120 3151 4176 magna
3174 4102 3441 4173 indigna-

1831 4189 2015 4278 tione:
2038 4211 2184 4266 sicut
2210 4189 2353 4262 inihi
2381 4205 2593 4259 dictum
2625 4205 2729 4267 est,
2753 4213 2924 4269 super
2952 4193 3238 4267 quoddam
3264 4189 3440 4247 sedile

1830 4319 1927 4357 eas
1950 4297 2268 4373 projecisti;
2302 4310 2451 4350 nunc
2481 4292 2620 4347 alias
2645 4288 2828 4354 mitto,
2856 4285 3133 4341 mandans
3163 4286 3222 4337 et
3249 4280 3441 4353 praeci-

143 4399 288 4454 sino
314 4395 482 4451 fratri
511 4396 788 4450 Sucsnno
813 4392 1083 4448 Cistrensi
1113 4391 1390 4462 episcopo,
1425 4389 1688 4444 salutem.
1764 4367 2015 4486 Dpiens,
2049 4367 2114 4443 ex
2159 4390 2318 4458 parte
2364 4382 2513 4453 regis
2544 4385 2602 4435 et
2626 4383 2842 4447 nostra,
2878 4379 3158 4447 quatenus
3187 4369 3258 4426 ab
3287 4367 3442 4424 omni

404 4484 413 4486 _
482 4482 535 4486 ___
1168 4479 1179 4486 .
1215 4478 1226 4486 .
1404 4482 1411 4486 .
1540 4477 1576 4486 ..
1732 4474 1742 4485 .
2068 4477 2079 4486 .
2336 4472 2351 4486 1
2563 4469 2576 4486 ι
2602 4469 2614 4481 ο
2701 4463 3062 4486 τριμηημμηξ-
3110 4461 3319 4486 ἐμέ-.-.η
3353 4457 3435 4486 λεν

212 4484 421 4542 Clerici
442 4482 705 4537 villarum
735 4487 1059 4536 nostrarum
1087 4479 1184 4551 qui
1213 4478 1271 4532 in
1300 4482 1487 4532 vestra
1523 4457 2172 4551 diuecesiufgravamine
2207 4472 2355 4545 quod
2402 4469 2655 4527 cmnobio
2699 4463 3068 4522 Conventreio
3110 4461 3321 4516 inferre
3351 4457 3440 4514 die

144 4575 416 4642 existunt,
437 4571 621 4643 questi
651 4570 814 4625 nobis
834 4575 968 4625 sunt
996 4568 1146 4640 quod
1176 4566 1343 4622 vestri
1371 4564 1749 4620 archidiaconi

143 4663 386 4736 repertis
414 4658 800 4715 occasionibus
830 4657 1096 4729 pecunias
1126 4656 1196 4711 ab
1228 4656 1308 4710 eis
1341 4655 1663 4726 exquirunt,
1695 4657 1754 4707 et

146 4769 182 4807 a
207 4750 548 4824 quibusdam
567 4749 686 4820 jam
715 4752 1069 4818 acceperunt.
1092 4744 1413 4800 Meminisse
1442 4743 1607 4798 debet
1635 4742 1753 4797 fra-

144 4839 386 4895 ternitas
411 4841 599 4893 vestra
647 4836 779 4907 quia
825 4841 1022 4890 contra
1070 4849 1284 4887 morem
1331 4836 1753 4886 antecessorum

145 4933 472 4984 nostrorum
539 4929 714 4996 atque
779 4929 1093 4978 vestrorum
1154 4920 1309 4975 vobis
1373 4920 1754 4975 concessimus

147 5018 343 5089 eisque
383 5013 782 5087 imperavimus
829 5017 1106 5083 quatenus
1137 5010 1209 5064 ad
1252 5014 1466 5064 vestras
1509 5010 1753 5080 synodos

146 5108 314 5173 irent,
346 5110 406 5160 et
431 5120 501 5160 ea
529 5119 653 5175 quae
681 5102 754 5157 ad
793 5101 1126 5157 Christianae
1169 5098 1460 5169 religionis
1490 5097 1755 5152 notitiam

149 5206 417 5279 prodesse
455 5205 709 5275 possunt,
759 5200 879 5255 sine
925 5197 1378 5268 interpellatione
1414 5196 1503 5250 vel
1548 5195 1760 5249 discus-

151 5296 307 5351 sione
334 5292 528 5364 aliqua
546 5307 582 5345 a
600 5288 756 5344 vobis
775 5288 1054 5344 audirent.
1087 5286 1147 5341 Si
1176 5302 1300 5357 quae
1330 5285 1390 5339 in
1418 5284 1554 5356 ipsis
1582 5284 1760 5354 culpae

1836 4549 1979 4623 ceris
2021 4563 2250 4620 omnino
2281 4568 2339 4617 te
2382 4560 2702 4624 subtrahas,
2739 4552 3013 4628 quidquid
3054 4552 3124 4606 de
3168 4549 3290 4621 ipso
3331 4562 3445 4601 caa-

1836 4657 2004 4712 nobio
2030 4654 2117 4707 vel
2144 4650 2312 4707 terris
2355 4649 2533 4721 ipsius
2584 4644 2822 4702 coenobii
2858 4642 3134 4696 violenter
3161 4632 3447 4693 abstulisti

1839 4747 1959 4803 sine
1981 4759 2140 4799 mora
2158 4740 2453 4805 restituas;
2485 4737 2789 4791 clamorem
2813 4732 2966 4788 enim
2987 4729 3240 4784 fecerunt
3255 4725 3326 4780 ad
3349 4738 3445 4780 me

1834 4841 1953 4890 tam
1985 4831 2158 4887 abbas
2187 4844 2357 4902 quam
2387 4824 2646 4880 monachi
2675 4823 2815 4892 ejus,
2849 4819 2998 4892 quod
3045 4811 3444 4872 dormitorium

1836 4938 2032 4979 eorum
2077 4935 2179 4991 per
2203 4900 2334 4971 vvim
2374 4912 2645 4977 introisti,
2686 4925 2846 4964 arcas
2892 4921 3089 4962 eorum
3118 4900 3358 4973 fregisti,
3389 4903 3447 4953 et

1839 5030 2013 5086 equos
2035 4986 2098 5066 et
2112 5024 2307 5064 omnes
2324 5003 2699 5078 preprietates
2717 5014 2858 5070 quas
2876 4994 3162 5051 habebant
3180 4986 3445 5060 rapuisti.

1839 5103 2081 5173 Insuper
2093 5099 2290 5153 domos
2310 5110 2505 5150 eorum
2521 5086 2869 5153 destruxisti,
2889 5090 2947 5141 et
2965 5080 3233 5137 materias
3248 5092 3448 5132 earum

1840 5192 1912 5247 ad
1936 5170 2066 5246 tuas
2100 5188 2265 5241 villas
2296 5181 2573 5256 asportari
2613 5175 2948 5251 praecepisti.
2978 5171 3043 5226 In
3071 5170 3193 5241 ipso
3223 5179 3448 5256 quoque

1843 5279 2093 5336 coenobio
2116 5292 2243 5332 cum
2264 5253 2481 5329 familia
2500 5276 2603 5326 tua
2620 5279 2956 5322 consumens
2976 5260 3127 5315 bona
3146 5253 3446 5312 monacho-

152 5340 306 5351 ""-'
335 5340 527 5364 ”·-“ι’”’”
548 5340 581 5345 ’⁷
614 5340 621 5343 ’
641 5340 659 5344 ⁷
680 5340 752 5343 ’⁷⁷
778 5340 928 5344 ""—"
951 5340 1011 5342 '“
1044 5340 1051 5342 ‘
1106 5340 1113 5341 ί
1192 5340 1213 5357 ,ι
1440 5340 1458 5356 ι
1676 5340 1695 5354 ι

152 5383 563 5447 invenirentur,
584 5394 860 5450 suspensa
878 5376 1107 5432 interim
1128 5375 1393 5441 vindicta,
1410 5374 1482 5429 ad
1503 5378 1760 5428 nostrum
1846 5386 1995 5436 rum,
2023 5370 2148 5422 octo
2179 5364 2401 5419 dierum
2427 5375 2645 5415 moram
2680 5348 2882 5410 fecisti.
2919 5350 3049 5405 Haec
3075 5361 3180 5415 nep
3207 5342 3293 5399 tui
3323 5340 3450 5397 ofﬂ-

161 5429 1043 5450 --ο-νι---ν-η-τ-ητν-ηη
1098 5429 1103 5430 κ
1382 5429 1392 5441 ,
1984 5429 1993 5436 ,

161 5488 395 5529 examen
420 5472 802 5533 servarentur,
837 5471 895 5521 et
932 5464 1096 5521 nobis
1121 5464 1210 5519 vel
1237 5463 1297 5518 in
1328 5462 1647 5517 miserendo
1679 5461 1766 5516 vel
1849 5459 1920 5515 cii
1959 5473 2064 5512 nec
2101 5460 2217 5509 tuae
2251 5448 2546 5524 potestatis
2590 5461 2713 5501 esse
2755 5453 3083 5512 cognoscas,
3114 5434 3231 5490 imo
3272 5429 3456 5502 magis

161 5563 220 5617 in
262 5557 606 5618 ulciscendo,
639 5520 802 5611 sicut,
831 5570 1056 5627 semper
1101 5552 1450 5608 consuetudo
1494 5550 1621 5616 fuit,
1667 5548 1770 5604 ob-
1855 5549 2140 5619 oporteret
2165 5548 2222 5598 te
2250 5520 2549 5596 animabus
2587 5549 2783 5591 eorum
2820 5525 3092 5604 pastorali
3120 5520 3458 5581 discretione

170 5649 317 5705 noxii
344 5621 1058 5717 tenerentur.|Mandamus
1086 5642 1279 5716 itaque
1310 5639 1499 5713 (vobis)
1529 5643 1596 5694 ut
1628 5637 1775 5693 male
1857 5634 2170 5701 consulere,
2213 5630 2606 5698 bonorumque
2633 5637 2858 5681 morum
2897 5621 3338 5684 sanctarumun
3365 5623 3462 5665 lc-
