  <div class='ocr_page' id='page_1' title='image "/cluster/home/n/w/nwhite01/storage/ocr_20150623/150/umn.31951002477443u/315.png"; bbox 0 0 3892 6354; ppageno 0'>
   <div class='ocr_carea' id='block_1_1' title="bbox 466 305 565 372">
    <p class='ocr_par' dir='ltr' id='par_1_1' title="bbox 466 305 565 372">
     <span class='ocr_line' id='line_1_1' title="bbox 466 305 565 372; baseline -0.02 0"><span class='ocrx_word' id='word_1_1' title='bbox 466 305 565 372; x_wconf 79' lang='grc'>531</span> 
     </span>
    </p>
   </div>
   <div class='ocr_carea' id='block_1_2' title="bbox 1449 296 2746 362">
    <p class='ocr_par' dir='ltr' id='par_1_2' title="bbox 1449 296 2746 362">
     <span class='ocr_line' id='line_1_2' title="bbox 1449 296 2746 362; baseline -0.008 -2"><span class='ocrx_word' id='word_1_2' title='bbox 1449 306 1514 362; x_wconf 95' lang='lat' dir='ltr'>B.</span> <span class='ocrx_word' id='word_1_3' title='bbox 1555 298 1972 359; x_wconf 85' lang='lat' dir='ltr'>LANFRANCI</span> <span class='ocrx_word' id='word_1_4' title='bbox 2010 296 2370 353; x_wconf 76' lang='lat' dir='ltr'>CANTUAR.</span> <span class='ocrx_word' id='word_1_5' title='bbox 2411 296 2746 351; x_wconf 85' lang='lat' dir='ltr'>ARCHIEP.</span> 
     </span>
    </p>
   </div>
   <div class='ocr_carea' id='block_1_3' title="bbox 3634 288 3744 351">
    <p class='ocr_par' dir='ltr' id='par_1_3' title="bbox 3634 288 3744 351">
     <span class='ocr_line' id='line_1_3' title="bbox 3634 288 3744 351; baseline 0 0"><span class='ocrx_word' id='word_1_6' title='bbox 3634 288 3744 351; x_wconf 72' lang='lat'>532</span> 
     </span>
    </p>
   </div>
   <div class='ocr_carea' id='block_1_4' title="bbox 466 419 3766 511">
    <p class='ocr_par' dir='ltr' id='par_1_4' title="bbox 466 419 3766 511">
     <span class='ocr_line' id='line_1_4' title="bbox 466 419 3766 511; baseline -0.004 -16"><span class='ocrx_word' id='word_1_7' title='bbox 466 439 684 496; x_wconf 86' lang='lat' dir='ltr'>tionum</span> <span class='ocrx_word' id='word_1_8' title='bbox 716 432 901 493; x_wconf 79' lang='lat' dir='ltr'>verbis</span> <span class='ocrx_word' id='word_1_9' title='bbox 928 438 985 490; x_wconf 90' lang='lat' dir='ltr'>et</span> <span class='ocrx_word' id='word_1_10' title='bbox 1015 431 1278 511; x_wconf 88' lang='lat' dir='ltr'>operibus</span> <span class='ocrx_word' id='word_1_11' title='bbox 1324 428 1596 486; x_wconf 89' lang='lat' dir='ltr'>salutaria</span> <span class='ocrx_word' id='word_1_12' title='bbox 1627 427 1880 497; x_wconf 81' lang='lat' dir='ltr'>exempla</span> <span class='ocrx_word' id='word_1_13' title='bbox 1925 441 2067 496; x_wconf 66' lang='lat' dir='ltr'>prae-</span> <span class='ocrx_word' id='word_1_14' title='bbox 2090 422 2138 482; x_wconf 82' lang='lat' dir='ltr'><strong>A</strong></span> <span class='ocrx_word' id='word_1_15' title='bbox 2155 421 2467 492; x_wconf 75' lang='lat' dir='ltr'>PPSpondeO</span> <span class='ocrx_word' id='word_1_16' title='bbox 2493 438 2504 474; x_wconf 77' lang='grc' dir='ltr'>ε</span> <span class='ocrx_word' id='word_1_17' title='bbox 2538 420 3003 511; x_wconf 57' lang='lat' dir='ltr'>sanctimoniales</span> <span class='ocrx_word' id='word_1_18' title='bbox 3023 426 3147 490; x_wconf 71' lang='lat' dir='ltr'>quae</span> <span class='ocrx_word' id='word_1_19' title='bbox 3168 419 3238 473; x_wconf 82' lang='lat' dir='ltr'>de</span> <span class='ocrx_word' id='word_1_20' title='bbox 3266 419 3546 511; x_wconf 50' lang='lat' dir='ltr'>servantia</span> <span class='ocrx_word' id='word_1_21' title='bbox 3561 420 3766 489; x_wconf 63' lang='lat' dir='ltr'>regula</span> 
     </span>
    </p>
   </div>
   <div class='ocr_carea' id='block_1_5' title="bbox 466 532 620 587">
    <p class='ocr_par' dir='ltr' id='par_1_5' title="bbox 466 532 620 587">
     <span class='ocr_line' id='line_1_5' title="bbox 466 532 620 587; baseline -0.006 -1"><span class='ocrx_word' id='word_1_22' title='bbox 466 532 620 587; x_wconf 90' lang='lat' dir='ltr'>bere.</span> 
     </span>
    </p>
   </div>
   <div class='ocr_carea' id='block_1_6' title="bbox 985 609 1553 670">
    <p class='ocr_par' dir='ltr' id='par_1_6' title="bbox 985 609 1553 670">
     <span class='ocr_line' id='line_1_6' title="bbox 985 609 1553 670; baseline -0.005 0"><span class='ocrx_word' id='word_1_23' title='bbox 985 614 1344 670; x_wconf 87' lang='lat' dir='ltr'>EPISTOLA</span> <span class='ocrx_word' id='word_1_24' title='bbox 1369 609 1553 667; x_wconf 73' lang='lat' dir='ltr'>XXX.</span> 
     </span>
    </p>
   </div>
   <div class='ocr_carea' id='block_1_7' title="bbox 570 711 1969 776">
    <p class='ocr_par' dir='ltr' id='par_1_7' title="bbox 570 711 1969 776">
     <span class='ocr_line' id='line_1_7' title="bbox 570 711 1969 776; baseline -0.016 1"><span class='ocrx_word' id='word_1_25' title='bbox 570 728 653 776; x_wconf 76' lang='grc' dir='ltr'>ΔΙ)</span> <span class='ocrx_word' id='word_1_26' title='bbox 694 724 1027 775; x_wconf 65' lang='grc' dir='ltr'>ΠΔΝΑΒΞΕΠ</span> <span class='ocrx_word' id='word_1_27' title='bbox 1067 720 1396 770; x_wconf 72' lang='lat' dir='ltr'>REMENSEM</span> <span class='ocrx_word' id='word_1_28' title='bbox 1439 711 1969 760; x_wconf 71' lang='lat' dir='ltr'>ARCHIEPISCOPUM.</span> 
     </span>
    </p>
   </div>
   <div class='ocr_carea' id='block_1_8' title="bbox 470 788 2073 866">
    <p class='ocr_par' dir='ltr' id='par_1_8' title="bbox 470 788 2073 866">
     <span class='ocr_line' id='line_1_8' title="bbox 470 788 2073 866; baseline -0.014 -8"><span class='ocrx_word' id='word_1_29' title='bbox 470 801 784 863; x_wconf 79' lang='lat' dir='ltr'>Remensem</span> <span class='ocrx_word' id='word_1_30' title='bbox 831 796 1303 866; x_wconf 77' lang='lat' dir='ltr'>archiepiscopum</span> <span class='ocrx_word' id='word_1_31' title='bbox 1341 791 1570 866; x_wconf 72' lang='lat' dir='ltr'>summi</span> <span class='ocrx_word' id='word_1_32' title='bbox 1591 789 1870 866; x_wconf 74' lang='lat' dir='ltr'>pontiﬁcis</span> <span class='ocrx_word' id='word_1_33' title='bbox 1888 788 2073 866; x_wconf 68' lang='lat' dir='ltr'>jussu</span> 
     </span>
    </p>
   </div>
   <div class='ocr_carea' id='block_1_9' title="bbox 542 856 2073 927">
    <p class='ocr_par' dir='ltr' id='par_1_9' title="bbox 542 856 2073 927">
     <span class='ocr_line' id='line_1_9' title="bbox 542 856 2073 927; baseline -0.012 -1"><span class='ocrx_word' id='word_1_34' title='bbox 542 856 728 926; x_wconf 75' lang='lat' dir='ltr'>monet</span> <span class='ocrx_word' id='word_1_35' title='bbox 757 870 821 923; x_wconf 89' lang='lat' dir='ltr'>ut</span> <span class='ocrx_word' id='word_1_36' title='bbox 872 856 1036 922; x_wconf 74' lang='lat' dir='ltr'>latori</span> <span class='ocrx_word' id='word_1_37' title='bbox 1079 856 1397 919; x_wconf 74' lang='lat' dir='ltr'>litterarum</span> <span class='ocrx_word' id='word_1_38' title='bbox 1427 876 1513 915; x_wconf 85' lang='lat' dir='ltr'>res</span> <span class='ocrx_word' id='word_1_39' title='bbox 1545 856 1751 927; x_wconf 71' lang='lat' dir='ltr'>injuste</span> <span class='ocrx_word' id='word_1_40' title='bbox 1789 859 1897 912; x_wconf 86' lang='lat' dir='ltr'>sibi</span> <span class='ocrx_word' id='word_1_41' title='bbox 1923 856 2073 924; x_wconf 84' lang='lat' dir='ltr'>apud</span> 
     </span>
    </p>
   </div>
   <div class='ocr_carea' id='block_1_10' title="bbox 542 935 1673 998">
    <p class='ocr_par' dir='ltr' id='par_1_10' title="bbox 542 935 1673 998">
     <span class='ocr_line' id='line_1_10' title="bbox 542 935 1673 998; baseline -0.012 0"><span class='ocrx_word' id='word_1_42' title='bbox 542 943 851 998; x_wconf 79' lang='lat' dir='ltr'>Rosnacum</span> <span class='ocrx_word' id='word_1_43' title='bbox 872 941 1086 993; x_wconf 82' lang='lat' dir='ltr'>ablatas</span> <span class='ocrx_word' id='word_1_44' title='bbox 1108 935 1476 990; x_wconf 81' lang='lat' dir='ltr'>restituendas</span> <span class='ocrx_word' id='word_1_45' title='bbox 1503 935 1673 986; x_wconf 82' lang='lat' dir='ltr'>curet.</span> 
     </span>
    </p>
   </div>
   <div class='ocr_carea' id='block_1_11' title="bbox 540 1017 2069 1093">
    <p class='ocr_par' dir='ltr' id='par_1_11' title="bbox 540 1017 2069 1093">
     <span class='ocr_line' id='line_1_11' title="bbox 540 1017 2069 1093; baseline -0.01 -8"><span class='ocrx_word' id='word_1_46' title='bbox 540 1030 780 1085; x_wconf 87' lang='lat' dir='ltr'>Domino</span> <span class='ocrx_word' id='word_1_47' title='bbox 827 1029 887 1082; x_wconf 91' lang='lat' dir='ltr'>in</span> <span class='ocrx_word' id='word_1_48' title='bbox 932 1025 1207 1081; x_wconf 79' lang='lat' dir='ltr'>columnis</span> <span class='ocrx_word' id='word_1_49' title='bbox 1254 1021 1514 1077; x_wconf 64' lang='lat' dir='ltr'>Ecclesiae</span> <span class='ocrx_word' id='word_1_50' title='bbox 1558 1019 1862 1093; x_wconf 90' lang='lat' dir='ltr'>plurimum</span> <span class='ocrx_word' id='word_1_51' title='bbox 1890 1017 2069 1071; x_wconf 87' lang='lat' dir='ltr'>hono-</span> 
     </span>
    </p>
   </div>
   <div class='ocr_carea' id='block_1_12' title="bbox 470 1108 2075 1184">
    <p class='ocr_par' dir='ltr' id='par_1_12' title="bbox 470 1108 2075 1184">
     <span class='ocr_line' id='line_1_12' title="bbox 470 1108 2075 1184; baseline -0.01 -11"><span class='ocrx_word' id='word_1_52' title='bbox 470 1118 650 1173; x_wconf 77' lang='lat' dir='ltr'>rando</span> <span class='ocrx_word' id='word_1_53' title='bbox 680 1116 944 1171; x_wconf 88' lang='lat' dir='ltr'>Remensi</span> <span class='ocrx_word' id='word_1_54' title='bbox 974 1113 1393 1184; x_wconf 84' lang='lat' dir='ltr'>archiepiscopo</span> <span class='ocrx_word' id='word_1_55' title='bbox 1422 1110 1692 1174; x_wconf 80' lang='lat' dir='ltr'>MANASSI,</span> <span class='ocrx_word' id='word_1_56' title='bbox 1730 1111 1985 1177; x_wconf 84' lang='lat' dir='ltr'>peccator</span> <span class='ocrx_word' id='word_1_57' title='bbox 2015 1108 2075 1158; x_wconf 88' lang='lat' dir='ltr'>et</span> 
     </span>
    </p>
   </div>
   <div class='ocr_carea' id='block_1_13' title="bbox 471 1194 2073 1278">
    <p class='ocr_par' dir='ltr' id='par_1_13' title="bbox 471 1194 2073 1278">
     <span class='ocr_line' id='line_1_13' title="bbox 471 1194 2073 1278; baseline -0.011 -15"><span class='ocrx_word' id='word_1_58' title='bbox 471 1207 739 1278; x_wconf 86' lang='lat' dir='ltr'>indignus</span> <span class='ocrx_word' id='word_1_59' title='bbox 781 1205 1018 1259; x_wconf 83' lang='lat' dir='ltr'>antistes</span> <span class='ocrx_word' id='word_1_60' title='bbox 1054 1204 1433 1266; x_wconf 76' lang='lat' dir='ltr'>LANPRANCUS,</span> <span class='ocrx_word' id='word_1_61' title='bbox 1467 1198 1730 1262; x_wconf 77' lang='lat' dir='ltr'>salutem,</span> <span class='ocrx_word' id='word_1_62' title='bbox 1780 1194 2073 1249; x_wconf 82' lang='lat' dir='ltr'>servitium</span> 
     </span>
    </p>
   </div>
   <div class='ocr_carea' id='block_1_14' title="bbox 471 1294 991 1352">
    <p class='ocr_par' dir='ltr' id='par_1_14' title="bbox 471 1294 991 1352">
     <span class='ocr_line' id='line_1_14' title="bbox 471 1294 991 1352; baseline -0.01 0"><span class='ocrx_word' id='word_1_63' title='bbox 471 1313 599 1352; x_wconf 90' lang='lat' dir='ltr'>cum</span> <span class='ocrx_word' id='word_1_64' title='bbox 625 1294 991 1350; x_wconf 86' lang='lat' dir='ltr'>orationibus.</span> 
     </span>
    </p>
   </div>
   <div class='ocr_carea' id='block_1_15' title="bbox 542 1374 2069 1448">
    <p class='ocr_par' dir='ltr' id='par_1_15' title="bbox 542 1374 2069 1448">
     <span class='ocr_line' id='line_1_15' title="bbox 542 1374 2069 1448; baseline -0.01 -8"><span class='ocrx_word' id='word_1_65' title='bbox 542 1388 715 1441; x_wconf 88' lang='lat' dir='ltr'>Later</span> <span class='ocrx_word' id='word_1_66' title='bbox 744 1384 942 1438; x_wconf 89' lang='lat' dir='ltr'>harum</span> <span class='ocrx_word' id='word_1_67' title='bbox 971 1383 1311 1445; x_wconf 89' lang='lat' dir='ltr'>litterarum,</span> <span class='ocrx_word' id='word_1_68' title='bbox 1345 1378 1534 1448; x_wconf 88' lang='lat' dir='ltr'>regius</span> <span class='ocrx_word' id='word_1_69' title='bbox 1565 1392 1629 1430; x_wconf 88' lang='lat' dir='ltr'>ac</span> <span class='ocrx_word' id='word_1_70' title='bbox 1657 1380 1849 1429; x_wconf 83' lang='lat' dir='ltr'>noster</span> <span class='ocrx_word' id='word_1_71' title='bbox 1879 1374 2069 1439; x_wconf 88' lang='lat' dir='ltr'>homo,</span> 
     </span>
    </p>
   </div>
   <div class='ocr_carea' id='block_1_16' title="bbox 472 1465 2074 1546">
    <p class='ocr_par' dir='ltr' id='par_1_16' title="bbox 472 1465 2074 1546">
     <span class='ocr_line' id='line_1_16' title="bbox 472 1465 2074 1546; baseline -0.01 -16"><span class='ocrx_word' id='word_1_72' title='bbox 472 1490 739 1546; x_wconf 89' lang='lat' dir='ltr'>magnam</span> <span class='ocrx_word' id='word_1_73' title='bbox 759 1489 951 1528; x_wconf 88' lang='lat' dir='ltr'>rerum</span> <span class='ocrx_word' id='word_1_74' title='bbox 971 1487 1200 1525; x_wconf 89' lang='lat' dir='ltr'>suarum</span> <span class='ocrx_word' id='word_1_75' title='bbox 1214 1473 1274 1534; x_wconf 64' lang='grc' dir='ltr'><strong>θ</strong></span> <span class='ocrx_word' id='word_1_76' title='bbox 1289 1476 1324 1535; x_wconf 81' lang='grc' dir='ltr'><strong>Ι</strong></span> <span class='ocrx_word' id='word_1_77' title='bbox 1339 1466 1564 1538; x_wconf 56' lang='lat' dir='ltr'>«apud</span> <span class='ocrx_word' id='word_1_78' title='bbox 1580 1465 1895 1519; x_wconf 84' lang='lat' dir='ltr'>Rosnacum</span> <span class='ocrx_word' id='word_1_79' title='bbox 1915 1480 1973 1516; x_wconf 90' lang='lat' dir='ltr'>se</span> <span class='ocrx_word' id='word_1_80' title='bbox 1991 1479 2074 1515; x_wconf 87' lang='lat' dir='ltr'>as-</span> 
     </span>
    </p>
   </div>
   <div class='ocr_carea' id='block_1_17' title="bbox 475 1551 2075 1634">
    <p class='ocr_par' dir='ltr' id='par_1_17' title="bbox 475 1551 2075 1634">
     <span class='ocr_line' id='line_1_17' title="bbox 475 1551 2075 1634; baseline -0.009 -16"><span class='ocrx_word' id='word_1_81' title='bbox 475 1565 612 1619; x_wconf 83' lang='lat' dir='ltr'>serit</span> <span class='ocrx_word' id='word_1_82' title='bbox 628 1564 684 1617; x_wconf 91' lang='lat' dir='ltr'>in</span> <span class='ocrx_word' id='word_1_83' title='bbox 686 1565 707 1634; x_wconf 91' lang='lat' dir='ltr'>j</span> <span class='ocrx_word' id='word_1_84' title='bbox 715 1564 898 1617; x_wconf 87' lang='lat' dir='ltr'>uriam</span> <span class='ocrx_word' id='word_1_85' title='bbox 922 1561 1221 1633; x_wconf 75' lang='lat' dir='ltr'>pertulisse</span> <span class='ocrx_word' id='word_1_86' title='bbox 1238 1578 1251 1627; x_wconf 91' lang='lat'><strong>;</strong></span> <span class='ocrx_word' id='word_1_87' title='bbox 1276 1566 1334 1613; x_wconf 89' lang='lat' dir='ltr'>et</span> <span class='ocrx_word' id='word_1_88' title='bbox 1347 1574 1446 1629; x_wconf 92' lang='lat' dir='ltr'>pro</span> <span class='ocrx_word' id='word_1_89' title='bbox 1469 1573 1535 1610; x_wconf 90' lang='lat' dir='ltr'>ea</span> <span class='ocrx_word' id='word_1_90' title='bbox 1549 1573 1609 1610; x_wconf 92' lang='lat' dir='ltr'>re</span> <span class='ocrx_word' id='word_1_91' title='bbox 1622 1554 1852 1609; x_wconf 83' lang='lat' dir='ltr'>auribus</span> <span class='ocrx_word' id='word_1_92' title='bbox 1869 1551 2075 1606; x_wconf 89' lang='lat' dir='ltr'>summi</span> 
     </span>
    </p>
   </div>
   <div class='ocr_carea' id='block_1_18' title="bbox 472 1641 2064 1725">
    <p class='ocr_par' dir='ltr' id='par_1_18' title="bbox 472 1641 2064 1725">
     <span class='ocr_line' id='line_1_18' title="bbox 472 1641 2064 1725; baseline -0.007 -18"><span class='ocrx_word' id='word_1_93' title='bbox 472 1652 754 1725; x_wconf 83' lang='lat' dir='ltr'>pontificis</span> <span class='ocrx_word' id='word_1_94' title='bbox 831 1649 1252 1723; x_wconf 83' lang='lat' dir='ltr'>lacrymabilem</span> <span class='ocrx_word' id='word_1_95' title='bbox 1316 1645 1725 1719; x_wconf 88' lang='lat' dir='ltr'>querimoniam</span> <span class='ocrx_word' id='word_1_96' title='bbox 1783 1641 2064 1696; x_wconf 83' lang='lat' dir='ltr'>intulisse.</span> 
     </span>
    </p>
   </div>
   <div class='ocr_carea' id='block_1_19' title="bbox 477 1730 2139 1840">
    <p class='ocr_par' dir='ltr' id='par_1_19' title="bbox 477 1730 2139 1840">
     <span class='ocr_line' id='line_1_19' title="bbox 477 1730 2139 1840; baseline -0.008 -44"><span class='ocrx_word' id='word_1_97' title='bbox 477 1738 743 1797; x_wconf 90' lang='lat' dir='ltr'>Summus</span> <span class='ocrx_word' id='word_1_98' title='bbox 770 1757 901 1794; x_wconf 88' lang='lat' dir='ltr'>vero</span> <span class='ocrx_word' id='word_1_99' title='bbox 931 1738 1176 1812; x_wconf 84' lang='lat' dir='ltr'>pontifex</span> <span class='ocrx_word' id='word_1_100' title='bbox 1222 1743 1477 1808; x_wconf 84' lang='lat' dir='ltr'>raptores</span> <span class='ocrx_word' id='word_1_101' title='bbox 1519 1751 1649 1789; x_wconf 89' lang='lat' dir='ltr'>suos</span> <span class='ocrx_word' id='word_1_102' title='bbox 1696 1733 1824 1806; x_wconf 87' lang='lat' dir='ltr'>[at.,</span> <span class='ocrx_word' id='word_1_103' title='bbox 1873 1730 2067 1801; x_wconf 89' lang='lat' dir='ltr'>ipsos],</span> <span class='ocrx_word' id='word_1_104' title='bbox 2090 1779 2139 1840; x_wconf 78' lang='grc' dir='ltr'><strong>Β</strong></span> 
     </span>
    </p>
   </div>
   <div class='ocr_carea' id='block_1_20' title="bbox 477 1824 2074 1891">
    <p class='ocr_par' dir='ltr' id='par_1_20' title="bbox 477 1824 2074 1891">
     <span class='ocr_line' id='line_1_20' title="bbox 477 1824 2074 1891; baseline -0.008 -5"><span class='ocrx_word' id='word_1_105' title='bbox 477 1826 590 1886; x_wconf 87' lang='lat' dir='ltr'>nisi</span> <span class='ocrx_word' id='word_1_106' title='bbox 622 1828 814 1885; x_wconf 83' lang='lat' dir='ltr'>omnia</span> <span class='ocrx_word' id='word_1_107' title='bbox 838 1847 939 1884; x_wconf 90' lang='lat' dir='ltr'>sua</span> <span class='ocrx_word' id='word_1_108' title='bbox 971 1829 1022 1883; x_wconf 91' lang='lat' dir='ltr'>ei</span> <span class='ocrx_word' id='word_1_109' title='bbox 1058 1827 1377 1891; x_wconf 83' lang='lat' dir='ltr'>redderent,</span> <span class='ocrx_word' id='word_1_110' title='bbox 1402 1824 1731 1879; x_wconf 86' lang='lat' dir='ltr'>terribiliter</span> <span class='ocrx_word' id='word_1_111' title='bbox 1752 1836 2074 1876; x_wconf 82' lang='lat' dir='ltr'>excommu-</span> 
     </span>
    </p>
   </div>
   <div class='ocr_carea' id='block_1_21' title="bbox 477 1910 2073 1987">
    <p class='ocr_par' dir='ltr' id='par_1_21' title="bbox 477 1910 2073 1987">
     <span class='ocr_line' id='line_1_21' title="bbox 477 1910 2073 1987; baseline -0.008 -12"><span class='ocrx_word' id='word_1_112' title='bbox 477 1920 704 1986; x_wconf 87' lang='lat' dir='ltr'>nicavit,</span> <span class='ocrx_word' id='word_1_113' title='bbox 735 1925 790 1974; x_wconf 90' lang='lat' dir='ltr'>et</span> <span class='ocrx_word' id='word_1_114' title='bbox 820 1919 993 1985; x_wconf 85' lang='lat' dir='ltr'>vobis,</span> <span class='ocrx_word' id='word_1_115' title='bbox 1016 1924 1079 1972; x_wconf 91' lang='lat' dir='ltr'>ut</span> <span class='ocrx_word' id='word_1_116' title='bbox 1110 1917 1159 1971; x_wconf 91' lang='lat' dir='ltr'>ei</span> <span class='ocrx_word' id='word_1_117' title='bbox 1192 1918 1261 1971; x_wconf 90' lang='lat' dir='ltr'>de</span> <span class='ocrx_word' id='word_1_118' title='bbox 1289 1915 1607 1987; x_wconf 87' lang='lat' dir='ltr'>raptoribus</span> <span class='ocrx_word' id='word_1_119' title='bbox 1633 1914 1769 1985; x_wconf 86' lang='lat' dir='ltr'>ipsis</span> <span class='ocrx_word' id='word_1_120' title='bbox 1795 1910 2073 1983; x_wconf 87' lang='lat' dir='ltr'>justitiam</span> 
     </span>
    </p>
   </div>
   <div class='ocr_carea' id='block_1_22' title="bbox 476 2002 2077 2079">
    <p class='ocr_par' dir='ltr' id='par_1_22' title="bbox 476 2002 2077 2079">
     <span class='ocr_line' id='line_1_22' title="bbox 476 2002 2077 2079; baseline -0.007 -14"><span class='ocrx_word' id='word_1_121' title='bbox 476 2010 754 2075; x_wconf 86' lang='lat' dir='ltr'>faceretis,</span> <span class='ocrx_word' id='word_1_122' title='bbox 799 2010 947 2063; x_wconf 89' lang='lat' dir='ltr'>sedis</span> <span class='ocrx_word' id='word_1_123' title='bbox 997 2008 1313 2079; x_wconf 69' lang='lat' dir='ltr'>apostolica:</span> <span class='ocrx_word' id='word_1_124' title='bbox 1365 2004 1581 2059; x_wconf 77' lang='lat' dir='ltr'>litteras</span> <span class='ocrx_word' id='word_1_125' title='bbox 1634 2003 1952 2059; x_wconf 87' lang='lat' dir='ltr'>destinavit.</span> <span class='ocrx_word' id='word_1_126' title='bbox 2009 2002 2077 2054; x_wconf 87' lang='lat' dir='ltr'>Et</span> 
     </span>
    </p>
   </div>
   <div class='ocr_carea' id='block_1_23' title="bbox 479 2094 2080 2173">
    <p class='ocr_par' dir='ltr' id='par_1_23' title="bbox 479 2094 2080 2173">
     <span class='ocr_line' id='line_1_23' title="bbox 479 2094 2080 2173; baseline -0.006 -18"><span class='ocrx_word' id='word_1_127' title='bbox 479 2100 735 2173; x_wconf 87' lang='lat' dir='ltr'>quamvis</span> <span class='ocrx_word' id='word_1_128' title='bbox 764 2099 1090 2154; x_wconf 89' lang='lat' dir='ltr'>excellentia</span> <span class='ocrx_word' id='word_1_129' title='bbox 1128 2102 1313 2152; x_wconf 85' lang='lat' dir='ltr'>vestra</span> <span class='ocrx_word' id='word_1_130' title='bbox 1344 2096 1402 2151; x_wconf 88' lang='lat' dir='ltr'>in</span> <span class='ocrx_word' id='word_1_131' title='bbox 1432 2094 1637 2151; x_wconf 86' lang='lat' dir='ltr'>talibus</span> <span class='ocrx_word' id='word_1_132' title='bbox 1667 2095 1943 2148; x_wconf 90' lang='lat' dir='ltr'>monitore</span> <span class='ocrx_word' id='word_1_133' title='bbox 1967 2108 2080 2146; x_wconf 93' lang='lat' dir='ltr'>non</span> 
     </span>
    </p>
   </div>
   <div class='ocr_carea' id='block_1_24' title="bbox 478 2186 2083 2265">
    <p class='ocr_par' dir='ltr' id='par_1_24' title="bbox 478 2186 2083 2265">
     <span class='ocr_line' id='line_1_24' title="bbox 478 2186 2083 2265; baseline -0.006 -16"><span class='ocrx_word' id='word_1_134' title='bbox 478 2198 662 2265; x_wconf 80' lang='lat' dir='ltr'>egeat,</span> <span class='ocrx_word' id='word_1_135' title='bbox 684 2209 821 2263; x_wconf 86' lang='lat' dir='ltr'>rogo</span> <span class='ocrx_word' id='word_1_136' title='bbox 846 2197 1037 2248; x_wconf 83' lang='lat' dir='ltr'>tamen</span> <span class='ocrx_word' id='word_1_137' title='bbox 1059 2192 1414 2261; x_wconf 86' lang='lat' dir='ltr'>multumque</span> <span class='ocrx_word' id='word_1_138' title='bbox 1441 2205 1575 2259; x_wconf 88' lang='lat' dir='ltr'>rogo</span> <span class='ocrx_word' id='word_1_139' title='bbox 1597 2194 1661 2243; x_wconf 91' lang='lat' dir='ltr'>ut</span> <span class='ocrx_word' id='word_1_140' title='bbox 1689 2188 1740 2242; x_wconf 91' lang='lat' dir='ltr'>ei</span> <span class='ocrx_word' id='word_1_141' title='bbox 1768 2186 2083 2257; x_wconf 78' lang='lat' dir='ltr'>benignitas</span> 
     </span>
    </p>
   </div>
   <div class='ocr_carea' id='block_1_25' title="bbox 477 2275 2083 2349">
    <p class='ocr_par' dir='ltr' id='par_1_25' title="bbox 477 2275 2083 2349">
     <span class='ocr_line' id='line_1_25' title="bbox 477 2275 2083 2349; baseline -0.004 -13"><span class='ocrx_word' id='word_1_142' title='bbox 477 2287 668 2337; x_wconf 79' lang='lat' dir='ltr'>vestra</span> <span class='ocrx_word' id='word_1_143' title='bbox 694 2280 774 2335; x_wconf 87' lang='lat' dir='ltr'>ita</span> <span class='ocrx_word' id='word_1_144' title='bbox 817 2280 1113 2334; x_wconf 84' lang='lat' dir='ltr'>subveniat</span> <span class='ocrx_word' id='word_1_145' title='bbox 1141 2284 1417 2349; x_wconf 86' lang='lat' dir='ltr'>quatenus</span> <span class='ocrx_word' id='word_1_146' title='bbox 1456 2293 1546 2330; x_wconf 89' lang='lat' dir='ltr'>res</span> <span class='ocrx_word' id='word_1_147' title='bbox 1575 2293 1724 2341; x_wconf 89' lang='lat' dir='ltr'>suas,</span> <span class='ocrx_word' id='word_1_148' title='bbox 1761 2292 1884 2345; x_wconf 67' lang='lat' dir='ltr'>quae</span> <span class='ocrx_word' id='word_1_149' title='bbox 1913 2275 1965 2329; x_wconf 89' lang='lat' dir='ltr'>ei</span> <span class='ocrx_word' id='word_1_150' title='bbox 1993 2276 2083 2329; x_wconf 91' lang='lat' dir='ltr'>in-</span> 
     </span>
    </p>
   </div>
   <div class='ocr_carea' id='block_1_26' title="bbox 477 2366 1901 2443">
    <p class='ocr_par' dir='ltr' id='par_1_26' title="bbox 477 2366 1901 2443">
     <span class='ocr_line' id='line_1_26' title="bbox 477 2366 1901 2443; baseline -0.005 -18"><span class='ocrx_word' id='word_1_151' title='bbox 477 2373 633 2443; x_wconf 87' lang='lat' dir='ltr'>juste</span> <span class='ocrx_word' id='word_1_152' title='bbox 657 2369 858 2424; x_wconf 72' lang='lat' dir='ltr'>ablata:</span> <span class='ocrx_word' id='word_1_153' title='bbox 887 2373 1037 2431; x_wconf 86' lang='lat' dir='ltr'>sunt.</span> <span class='ocrx_word' id='word_1_154' title='bbox 1070 2368 1191 2421; x_wconf 89' lang='lat' dir='ltr'>sine</span> <span class='ocrx_word' id='word_1_155' title='bbox 1223 2366 1598 2421; x_wconf 86' lang='lat' dir='ltr'>diminutione</span> <span class='ocrx_word' id='word_1_156' title='bbox 1628 2366 1901 2436; x_wconf 87' lang='lat' dir='ltr'>acquirat.</span> 
     </span>
    </p>
   </div>
   <div class='ocr_carea' id='block_1_27' title="bbox 994 2454 1577 2514">
    <p class='ocr_par' dir='ltr' id='par_1_27' title="bbox 994 2454 1577 2514">
     <span class='ocr_line' id='line_1_27' title="bbox 994 2454 1577 2514; baseline 0 -2"><span class='ocrx_word' id='word_1_157' title='bbox 994 2454 1344 2514; x_wconf 85' lang='lat' dir='ltr'>EPISTOLA</span> <span class='ocrx_word' id='word_1_158' title='bbox 1379 2458 1577 2513; x_wconf 86' lang='lat' dir='ltr'>XXXI.</span> 
     </span>
    </p>
   </div>
   <div class='ocr_carea' id='block_1_28' title="bbox 847 2554 1720 2601">
    <p class='ocr_par' dir='ltr' id='par_1_28' title="bbox 847 2554 1720 2601">
     <span class='ocr_line' id='line_1_28' title="bbox 847 2554 1720 2601; baseline -0.003 0"><span class='ocrx_word' id='word_1_159' title='bbox 847 2558 929 2601; x_wconf 80' lang='lat' dir='ltr'>AD</span> <span class='ocrx_word' id='word_1_160' title='bbox 976 2556 1321 2601; x_wconf 69' lang='lat' dir='ltr'>MAURITIUM</span> <span class='ocrx_word' id='word_1_161' title='bbox 1365 2554 1720 2600; x_wconf 75' lang='lat' dir='ltr'>EPISCOPUM.</span> 
     </span>
    </p>
   </div>
   <div class='ocr_carea' id='block_1_29' title="bbox 492 2636 2088 2705">
    <p class='ocr_par' dir='ltr' id='par_1_29' title="bbox 492 2636 2088 2705">
     <span class='ocr_line' id='line_1_29' title="bbox 492 2636 2088 2705; baseline -0.003 -12"><span class='ocrx_word' id='word_1_162' title='bbox 492 2638 554 2693; x_wconf 85' lang='lat' dir='ltr'>Ut</span> <span class='ocrx_word' id='word_1_163' title='bbox 574 2636 895 2705; x_wconf 82' lang='lat' dir='ltr'>Bertingam</span> <span class='ocrx_word' id='word_1_164' title='bbox 924 2642 1029 2705; x_wconf 86' lang='lat' dir='ltr'>eat,</span> <span class='ocrx_word' id='word_1_165' title='bbox 1055 2640 1311 2705; x_wconf 84' lang='lat' dir='ltr'>litemque</span> <span class='ocrx_word' id='word_1_166' title='bbox 1340 2640 1489 2689; x_wconf 85' lang='lat' dir='ltr'>inter</span> <span class='ocrx_word' id='word_1_167' title='bbox 1516 2637 1847 2690; x_wconf 77' lang='lat' dir='ltr'>abbatissam</span> <span class='ocrx_word' id='word_1_168' title='bbox 1870 2639 1919 2688; x_wconf 90' lang='lat' dir='ltr'>et</span> <span class='ocrx_word' id='word_1_169' title='bbox 1935 2638 2088 2703; x_wconf 86' lang='lat' dir='ltr'>prio-</span> 
     </span>
    </p>
   </div>
   <div class='ocr_carea' id='block_1_30' title="bbox 1060 2713 1516 2776">
    <p class='ocr_par' dir='ltr' id='par_1_30' title="bbox 1060 2713 1516 2776">
     <span class='ocr_line' id='line_1_30' title="bbox 1060 2713 1516 2776; baseline 0 -14"><span class='ocrx_word' id='word_1_170' title='bbox 1060 2724 1178 2762; x_wconf 82' lang='lat' dir='ltr'>rem</span> <span class='ocrx_word' id='word_1_171' title='bbox 1214 2713 1516 2776; x_wconf 82' lang='lat' dir='ltr'>componat.</span> 
     </span>
    </p>
   </div>
   <div class='ocr_carea' id='block_1_31' title="bbox 560 2790 2087 2868">
    <p class='ocr_par' dir='ltr' id='par_1_31' title="bbox 560 2790 2087 2868">
     <span class='ocr_line' id='line_1_31' title="bbox 560 2790 2087 2868; baseline -0.003 -15"><span class='ocrx_word' id='word_1_172' title='bbox 560 2790 921 2853; x_wconf 65' lang='lat' dir='ltr'>Lmeus</span> <span class='ocrx_word' id='word_1_173' title='bbox 976 2796 1428 2868; x_wconf 81' lang='lat' dir='ltr'>archiepiscopus</span> <span class='ocrx_word' id='word_1_174' title='bbox 1484 2795 1686 2850; x_wconf 89' lang='lat' dir='ltr'>dilecto</span> <span class='ocrx_word' id='word_1_175' title='bbox 1741 2795 1925 2851; x_wconf 88' lang='lat' dir='ltr'>amico</span> <span class='ocrx_word' id='word_1_176' title='bbox 1983 2811 2087 2850; x_wconf 84' lang='lat' dir='ltr'>suo</span> 
     </span>
    </p>
   </div>
   <div class='ocr_carea' id='block_1_32' title="bbox 486 2887 1342 2959">
    <p class='ocr_par' dir='ltr' id='par_1_32' title="bbox 486 2887 1342 2959">
     <span class='ocr_line' id='line_1_32' title="bbox 486 2887 1342 2959; baseline -0.002 -15"><span class='ocrx_word' id='word_1_177' title='bbox 486 2887 763 2945; x_wconf 67' lang='lat' dir='ltr'>Isunrrio</span> <span class='ocrx_word' id='word_1_178' title='bbox 791 2887 1049 2959; x_wconf 86' lang='lat' dir='ltr'>episc0po</span> <span class='ocrx_word' id='word_1_179' title='bbox 1080 2887 1342 2942; x_wconf 85' lang='lat' dir='ltr'>salutem.</span> 
     </span>
    </p>
   </div>
   <div class='ocr_carea' id='block_1_33' title="bbox 566 2975 2099 3047">
    <p class='ocr_par' dir='ltr' id='par_1_33' title="bbox 566 2975 2099 3047">
     <span class='ocr_line' id='line_1_33' title="bbox 566 2975 2099 3047; baseline -0.001 -16"><span class='ocrx_word' id='word_1_180' title='bbox 566 2977 723 3032; x_wconf 84' lang='lat' dir='ltr'>Sicut</span> <span class='ocrx_word' id='word_1_181' title='bbox 751 2977 811 3031; x_wconf 92' lang='lat' dir='ltr'>in</span> <span class='ocrx_word' id='word_1_182' title='bbox 858 2976 981 3031; x_wconf 88' lang='lat' dir='ltr'>aliis</span> <span class='ocrx_word' id='word_1_183' title='bbox 1025 2976 1249 3043; x_wconf 87' lang='lat' dir='ltr'>litteris,</span> <span class='ocrx_word' id='word_1_184' title='bbox 1282 2976 1340 3030; x_wconf 89' lang='lat' dir='ltr'>in</span> <span class='ocrx_word' id='word_1_185' title='bbox 1379 2975 1468 3029; x_wconf 90' lang='lat' dir='ltr'>his</span> <span class='ocrx_word' id='word_1_186' title='bbox 1496 2988 1719 3047; x_wconf 87' lang='lat' dir='ltr'>quoque</span> <span class='ocrx_word' id='word_1_187' title='bbox 1747 2991 2011 3046; x_wconf 84' lang='lat' dir='ltr'>rogamus</span> <span class='ocrx_word' id='word_1_188' title='bbox 2042 2982 2099 3030; x_wconf 91' lang='lat' dir='ltr'>et</span> 
     </span>
    </p>
   </div>
   <div class='ocr_carea' id='block_1_34' title="bbox 2151 508 3769 582">
    <p class='ocr_par' dir='ltr' id='par_1_34' title="bbox 2151 508 3769 582">
     <span class='ocr_line' id='line_1_34' title="bbox 2151 508 3769 582; baseline -0.002 -18"><span class='ocrx_word' id='word_1_189' title='bbox 2151 513 2551 582; x_wconf 73' lang='lat' dir='ltr'>proiessxonem</span> <span class='ocrx_word' id='word_1_190' title='bbox 2575 510 2844 576; x_wconf 85' lang='lat' dir='ltr'>fecerunt,</span> <span class='ocrx_word' id='word_1_191' title='bbox 2869 510 2953 562; x_wconf 89' lang='lat' dir='ltr'>vel</span> <span class='ocrx_word' id='word_1_192' title='bbox 2973 526 3114 580; x_wconf 61' lang='lat' dir='ltr'>quas,</span> <span class='ocrx_word' id='word_1_193' title='bbox 3143 508 3395 579; x_wconf 88' lang='lat' dir='ltr'>quamvis</span> <span class='ocrx_word' id='word_1_194' title='bbox 3422 508 3611 563; x_wconf 87' lang='lat' dir='ltr'>adhuc</span> <span class='ocrx_word' id='word_1_195' title='bbox 3637 523 3769 579; x_wconf 90' lang='lat' dir='ltr'>pro-</span> 
     </span>
    </p>
   </div>
   <div class='ocr_carea' id='block_1_35' title="bbox 2154 597 3768 664">
    <p class='ocr_par' dir='ltr' id='par_1_35' title="bbox 2154 597 3768 664">
     <span class='ocr_line' id='line_1_35' title="bbox 2154 597 3768 664; baseline -0.002 -10"><span class='ocrx_word' id='word_1_196' title='bbox 2154 601 2313 654; x_wconf 81' lang='lat' dir='ltr'>fessae</span> <span class='ocrx_word' id='word_1_197' title='bbox 2336 616 2447 653; x_wconf 93' lang='lat' dir='ltr'>non</span> <span class='ocrx_word' id='word_1_198' title='bbox 2476 599 2606 663; x_wconf 86' lang='lat' dir='ltr'>sint,</span> <span class='ocrx_word' id='word_1_199' title='bbox 2634 598 2705 652; x_wconf 92' lang='lat' dir='ltr'>ad</span> <span class='ocrx_word' id='word_1_200' title='bbox 2736 600 2914 653; x_wconf 88' lang='lat' dir='ltr'>altare</span> <span class='ocrx_word' id='word_1_201' title='bbox 2941 602 3131 652; x_wconf 88' lang='lat' dir='ltr'>tamen</span> <span class='ocrx_word' id='word_1_202' title='bbox 3155 598 3357 653; x_wconf 68' lang='lat' dir='ltr'>oblatae</span> <span class='ocrx_word' id='word_1_203' title='bbox 3382 597 3638 664; x_wconf 82' lang='lat' dir='ltr'>fuerunt,</span> <span class='ocrx_word' id='word_1_204' title='bbox 3672 612 3768 651; x_wconf 87' lang='lat' dir='ltr'>se-</span> 
     </span>
    </p>
   </div>
   <div class='ocr_carea' id='block_1_36' title="bbox 2157 687 3771 756">
    <p class='ocr_par' dir='ltr' id='par_1_36' title="bbox 2157 687 3771 756">
     <span class='ocr_line' id='line_1_36' title="bbox 2157 687 3771 756; baseline -0.002 -13"><span class='ocrx_word' id='word_1_205' title='bbox 2157 690 2401 743; x_wconf 91' lang='lat' dir='ltr'>cundum</span> <span class='ocrx_word' id='word_1_206' title='bbox 2433 705 2616 742; x_wconf 90' lang='lat' dir='ltr'>mores</span> <span class='ocrx_word' id='word_1_207' title='bbox 2645 694 2702 742; x_wconf 88' lang='lat' dir='ltr'>ct</span> <span class='ocrx_word' id='word_1_208' title='bbox 2726 687 2868 741; x_wconf 87' lang='lat' dir='ltr'>vitas</span> <span class='ocrx_word' id='word_1_209' title='bbox 2904 704 3099 742; x_wconf 90' lang='lat' dir='ltr'>earum</span> <span class='ocrx_word' id='word_1_210' title='bbox 3127 687 3199 741; x_wconf 90' lang='lat' dir='ltr'>ad</span> <span class='ocrx_word' id='word_1_211' title='bbox 3228 687 3564 741; x_wconf 88' lang='lat' dir='ltr'>servandam</span> <span class='ocrx_word' id='word_1_212' title='bbox 3593 702 3771 756; x_wconf 84' lang='lat' dir='ltr'>regu-</span> 
     </span>
    </p>
   </div>
   <div class='ocr_carea' id='block_1_37' title="bbox 2137 772 3771 846">
    <p class='ocr_par' dir='ltr' id='par_1_37' title="bbox 2137 772 3771 846">
     <span class='ocr_line' id='line_1_37' title="bbox 2137 772 3771 846; baseline -0.002 -14"><span class='ocrx_word' id='word_1_213' title='bbox 2137 772 2270 832; x_wconf 71' lang='lat' dir='ltr'>&#39;lam</span> <span class='ocrx_word' id='word_1_214' title='bbox 2302 781 2660 839; x_wconf 88' lang='lat' dir='ltr'>moneantur,</span> <span class='ocrx_word' id='word_1_215' title='bbox 2691 777 3071 846; x_wconf 87' lang='lat' dir='ltr'>increpentur,</span> <span class='ocrx_word' id='word_1_216' title='bbox 3104 775 3592 845; x_wconf 73' lang='lat' dir='ltr'>constringuntur.</span> <span class='ocrx_word' id='word_1_217' title='bbox 3627 775 3771 839; x_wconf 68' lang='lat' dir='ltr'>Quae</span> 
     </span>
    </p>
   </div>
   <div class='ocr_carea' id='block_1_38' title="bbox 2157 863 3771 936">
    <p class='ocr_par' dir='ltr' id='par_1_38' title="bbox 2157 863 3771 936">
     <span class='ocr_line' id='line_1_38' title="bbox 2157 863 3771 936; baseline -0.001 -18"><span class='ocrx_word' id='word_1_218' title='bbox 2157 882 2286 920; x_wconf 89' lang='lat' dir='ltr'>vero</span> <span class='ocrx_word' id='word_1_219' title='bbox 2330 882 2433 919; x_wconf 91' lang='lat' dir='ltr'>nec</span> <span class='ocrx_word' id='word_1_220' title='bbox 2471 866 2735 936; x_wconf 63' lang='lat' dir='ltr'>professa;</span> <span class='ocrx_word' id='word_1_221' title='bbox 2781 881 2885 918; x_wconf 91' lang='lat' dir='ltr'>nec</span> <span class='ocrx_word' id='word_1_222' title='bbox 2938 863 3142 918; x_wconf 66' lang='lat' dir='ltr'>oblata:</span> <span class='ocrx_word' id='word_1_223' title='bbox 3186 867 3340 930; x_wconf 85' lang='lat' dir='ltr'>sunt,</span> <span class='ocrx_word' id='word_1_224' title='bbox 3389 864 3461 917; x_wconf 88' lang='lat' dir='ltr'>ad</span> <span class='ocrx_word' id='word_1_225' title='bbox 3510 879 3771 935; x_wconf 67' lang='lat' dir='ltr'>praesens</span> 
     </span>
    </p>
   </div>
   <div class='ocr_carea' id='block_1_39' title="bbox 2154 953 3771 1020">
    <p class='ocr_par' dir='ltr' id='par_1_39' title="bbox 2154 953 3771 1020">
     <span class='ocr_line' id='line_1_39' title="bbox 2154 953 3771 1020; baseline -0.001 -12"><span class='ocrx_word' id='word_1_226' title='bbox 2154 955 2517 1009; x_wconf 88' lang='lat' dir='ltr'>dimittantur</span> <span class='ocrx_word' id='word_1_227' title='bbox 2536 954 2633 1020; x_wconf 88' lang='lat' dir='ltr'>sic,</span> <span class='ocrx_word' id='word_1_228' title='bbox 2656 954 2832 1007; x_wconf 90' lang='lat' dir='ltr'>donec</span> <span class='ocrx_word' id='word_1_229' title='bbox 2849 953 3161 1007; x_wconf 86' lang='lat' dir='ltr'>voluntates</span> <span class='ocrx_word' id='word_1_230' title='bbox 3181 969 3373 1007; x_wconf 86' lang='lat' dir='ltr'>earum</span> <span class='ocrx_word' id='word_1_231' title='bbox 3394 953 3465 1006; x_wconf 89' lang='lat' dir='ltr'>de</span> <span class='ocrx_word' id='word_1_232' title='bbox 3484 953 3771 1006; x_wconf 86' lang='lat' dir='ltr'>servando</span> 
     </span>
    </p>
   </div>
   <div class='ocr_carea' id='block_1_40' title="bbox 2155 1042 3771 1113">
    <p class='ocr_par' dir='ltr' id='par_1_40' title="bbox 2155 1042 3771 1113">
     <span class='ocr_line' id='line_1_40' title="bbox 2155 1042 3771 1113; baseline -0.001 -16"><span class='ocrx_word' id='word_1_233' title='bbox 2155 1043 2350 1098; x_wconf 87' lang='lat' dir='ltr'>ordine</span> <span class='ocrx_word' id='word_1_234' title='bbox 2380 1043 2642 1096; x_wconf 87' lang='lat' dir='ltr'>subtilius</span> <span class='ocrx_word' id='word_1_235' title='bbox 2673 1042 3058 1113; x_wconf 75' lang='lat' dir='ltr'>exquiruntur.</span> <span class='ocrx_word' id='word_1_236' title='bbox 3101 1043 3235 1105; x_wconf 82' lang='lat' dir='ltr'>Quae</span> <span class='ocrx_word' id='word_1_237' title='bbox 3261 1057 3390 1095; x_wconf 89' lang='lat' dir='ltr'>vero</span> <span class='ocrx_word' id='word_1_238' title='bbox 3416 1057 3531 1095; x_wconf 89' lang='lat' dir='ltr'>non</span> <span class='ocrx_word' id='word_1_239' title='bbox 3566 1057 3771 1096; x_wconf 88' lang='lat' dir='ltr'>amore</span> 
     </span>
    </p>
   </div>
   <div class='ocr_carea' id='block_1_41' title="bbox 2154 1129 3770 1202">
    <p class='ocr_par' dir='ltr' id='par_1_41' title="bbox 2154 1129 3770 1202">
     <span class='ocr_line' id='line_1_41' title="bbox 2154 1129 3770 1202; baseline -0.002 -15"><span class='ocrx_word' id='word_1_240' title='bbox 2154 1133 2464 1202; x_wconf 85' lang='lat' dir='ltr'>religionis,</span> <span class='ocrx_word' id='word_1_241' title='bbox 2501 1133 2594 1184; x_wconf 71' lang='lat' dir='ltr'>sed</span> <span class='ocrx_word' id='word_1_242' title='bbox 2628 1132 2831 1185; x_wconf 86' lang='lat' dir='ltr'>timore</span> <span class='ocrx_word' id='word_1_243' title='bbox 2857 1131 3355 1201; x_wconf 88' lang='lat' dir='ltr'>Francigenarum,</span> <span class='ocrx_word' id='word_1_244' title='bbox 3377 1131 3524 1185; x_wconf 87' lang='lat' dir='ltr'>sicut</span> <span class='ocrx_word' id='word_1_245' title='bbox 3540 1147 3641 1184; x_wconf 85' lang='lat' dir='ltr'>vos</span> <span class='ocrx_word' id='word_1_246' title='bbox 3672 1129 3770 1184; x_wconf 89' lang='lat' dir='ltr'>di-</span> 
     </span>
    </p>
   </div>
   <div class='ocr_carea' id='block_1_42' title="bbox 2155 1220 3769 1290">
    <p class='ocr_par' dir='ltr' id='par_1_42' title="bbox 2155 1220 3769 1290">
     <span class='ocr_line' id='line_1_42' title="bbox 2155 1220 3769 1290; baseline -0.001 -15"><span class='ocrx_word' id='word_1_247' title='bbox 2155 1221 2298 1281; x_wconf 85' lang='lat' dir='ltr'>citis,</span> <span class='ocrx_word' id='word_1_248' title='bbox 2334 1222 2404 1274; x_wconf 91' lang='lat' dir='ltr'>ad</span> <span class='ocrx_word' id='word_1_249' title='bbox 2447 1222 2852 1274; x_wconf 82' lang='lat' dir='ltr'>monasterium</span> <span class='ocrx_word' id='word_1_250' title='bbox 2890 1220 3298 1290; x_wconf 88' lang='lat' dir='ltr'>confugerunt;</span> <span class='ocrx_word' id='word_1_251' title='bbox 3351 1220 3431 1273; x_wconf 90' lang='lat' dir='ltr'>sic</span> <span class='ocrx_word' id='word_1_252' title='bbox 3458 1221 3566 1273; x_wconf 87' lang='lat' dir='ltr'>hoc</span> <span class='ocrx_word' id='word_1_253' title='bbox 3596 1221 3769 1273; x_wconf 73' lang='lat' dir='ltr'>firmo</span> 
     </span>
    </p>
   </div>
   <div class='ocr_carea' id='block_1_43' title="bbox 2156 1308 3769 1379">
    <p class='ocr_par' dir='ltr' id='par_1_43' title="bbox 2156 1308 3769 1379">
     <span class='ocr_line' id='line_1_43' title="bbox 2156 1308 3769 1379; baseline -0.001 -16"><span class='ocrx_word' id='word_1_254' title='bbox 2156 1311 2451 1364; x_wconf 88' lang='lat' dir='ltr'>meliorum</span> <span class='ocrx_word' id='word_1_255' title='bbox 2482 1309 2988 1362; x_wconf 89' lang='lat' dir='ltr'>sanctimonialium</span> <span class='ocrx_word' id='word_1_256' title='bbox 3010 1309 3333 1362; x_wconf 90' lang='lat' dir='ltr'>testimonio</span> <span class='ocrx_word' id='word_1_257' title='bbox 3358 1308 3600 1379; x_wconf 85' lang='lat' dir='ltr'>probare</span> <span class='ocrx_word' id='word_1_258' title='bbox 3631 1325 3769 1378; x_wconf 85' lang='lat' dir='ltr'>pos-</span> 
     </span>
    </p>
   </div>
   <div class='ocr_carea' id='block_1_44' title="bbox 2157 1397 3771 1468">
    <p class='ocr_par' dir='ltr' id='par_1_44' title="bbox 2157 1397 3771 1468">
     <span class='ocr_line' id='line_1_44' title="bbox 2157 1397 3771 1468; baseline -0.001 -16"><span class='ocrx_word' id='word_1_259' title='bbox 2157 1404 2307 1463; x_wconf 90' lang='lat' dir='ltr'>sunt,</span> <span class='ocrx_word' id='word_1_260' title='bbox 2356 1398 2531 1451; x_wconf 90' lang='lat' dir='ltr'>libera</span> <span class='ocrx_word' id='word_1_261' title='bbox 2560 1398 2640 1451; x_wconf 89' lang='lat' dir='ltr'>eis</span> <span class='ocrx_word' id='word_1_262' title='bbox 2688 1397 2981 1450; x_wconf 89' lang='lat' dir='ltr'>recedendi</span> <span class='ocrx_word' id='word_1_263' title='bbox 3012 1397 3351 1451; x_wconf 91' lang='lat' dir='ltr'>concedatur</span> <span class='ocrx_word' id='word_1_264' title='bbox 3378 1402 3655 1468; x_wconf 87' lang='lat' dir='ltr'>potestas.</span> <span class='ocrx_word' id='word_1_265' title='bbox 3698 1398 3771 1450; x_wconf 88' lang='lat' dir='ltr'>Et</span> 
     </span>
    </p>
   </div>
   <div class='ocr_carea' id='block_1_45' title="bbox 2155 1486 3768 1556">
    <p class='ocr_par' dir='ltr' id='par_1_45' title="bbox 2155 1486 3768 1556">
     <span class='ocr_line' id='line_1_45' title="bbox 2155 1486 3768 1556; baseline -0.002 -14"><span class='ocrx_word' id='word_1_266' title='bbox 2155 1490 2260 1542; x_wconf 92' lang='lat' dir='ltr'>hoc</span> <span class='ocrx_word' id='word_1_267' title='bbox 2298 1493 2383 1541; x_wconf 89' lang='lat' dir='ltr'>est</span> <span class='ocrx_word' id='word_1_268' title='bbox 2426 1487 2721 1540; x_wconf 86' lang='lat' dir='ltr'>consilium</span> <span class='ocrx_word' id='word_1_269' title='bbox 2762 1486 2928 1556; x_wconf 89' lang='lat' dir='ltr'>regis,</span> <span class='ocrx_word' id='word_1_270' title='bbox 2968 1492 3025 1539; x_wconf 82' lang='lat' dir='ltr'>et</span> <span class='ocrx_word' id='word_1_271' title='bbox 3066 1492 3340 1540; x_wconf 90' lang='lat' dir='ltr'>nostrum.</span> <span class='ocrx_word' id='word_1_272' title='bbox 3386 1486 3768 1556; x_wconf 87' lang='lat' dir='ltr'>Omnipotens</span> 
     </span>
    </p>
   </div>
   <div class='ocr_carea' id='block_1_46' title="bbox 2157 1575 3729 1646">
    <p class='ocr_par' dir='ltr' id='par_1_46' title="bbox 2157 1575 3729 1646">
     <span class='ocr_line' id='line_1_46' title="bbox 2157 1575 3729 1646; baseline -0.003 -15"><span class='ocrx_word' id='word_1_273' title='bbox 2157 1578 2305 1632; x_wconf 91' lang='lat' dir='ltr'>Deus</span> <span class='ocrx_word' id='word_1_274' title='bbox 2335 1576 2507 1630; x_wconf 91' lang='lat' dir='ltr'>vitam</span> <span class='ocrx_word' id='word_1_275' title='bbox 2535 1582 2779 1629; x_wconf 89' lang='lat' dir='ltr'>vestram</span> <span class='ocrx_word' id='word_1_276' title='bbox 2811 1576 2870 1628; x_wconf 90' lang='lat' dir='ltr'>in</span> <span class='ocrx_word' id='word_1_277' title='bbox 2900 1575 3247 1646; x_wconf 90' lang='lat' dir='ltr'>beneplacito</span> <span class='ocrx_word' id='word_1_278' title='bbox 3276 1591 3378 1629; x_wconf 88' lang='lat' dir='ltr'>suo</span> <span class='ocrx_word' id='word_1_279' title='bbox 3406 1582 3729 1629; x_wconf 88' lang='lat' dir='ltr'>conservet.</span> 
     </span>
    </p>
   </div>
   <div class='ocr_carea' id='block_1_47' title="bbox 2617 1680 3285 1742">
    <p class='ocr_par' dir='ltr' id='par_1_47' title="bbox 2617 1680 3285 1742">
     <span class='ocr_line' id='line_1_47' title="bbox 2617 1680 3285 1742; baseline 0.007 -5"><span class='ocrx_word' id='word_1_280' title='bbox 2617 1682 2968 1738; x_wconf 79' lang='lat' dir='ltr'>EPISTULA</span> <span class='ocrx_word' id='word_1_281' title='bbox 3020 1680 3285 1742; x_wconf 83' lang='lat' dir='ltr'>XXXIII.</span> 
     </span>
    </p>
   </div>
   <div class='ocr_carea' id='block_1_48' title="bbox 2329 1814 3572 1859">
    <p class='ocr_par' dir='ltr' id='par_1_48' title="bbox 2329 1814 3572 1859">
     <span class='ocr_line' id='line_1_48' title="bbox 2329 1814 3572 1859; baseline 0 0"><span class='ocrx_word' id='word_1_282' title='bbox 2329 1816 2407 1859; x_wconf 78' lang='lat' dir='ltr'>AD</span> <span class='ocrx_word' id='word_1_283' title='bbox 2450 1814 2818 1858; x_wconf 77' lang='lat' dir='ltr'><strong>DOMNALDUM</strong></span> <span class='ocrx_word' id='word_1_284' title='bbox 2867 1814 3174 1858; x_wconf 75' lang='lat' dir='ltr'>ElBEllNIE</span> <span class='ocrx_word' id='word_1_285' title='bbox 3219 1814 3572 1859; x_wconf 72' lang='lat' dir='ltr'>EPISCUPUM.</span> 
     </span>
    </p>
   </div>
   <div class='ocr_carea' id='block_1_49' title="bbox 2155 1915 3774 1984">
    <p class='ocr_par' dir='ltr' id='par_1_49' title="bbox 2155 1915 3774 1984">
     <span class='ocr_line' id='line_1_49' title="bbox 2155 1915 3774 1984; baseline -0.003 -14"><span class='ocrx_word' id='word_1_286' title='bbox 2155 1918 2474 1984; x_wconf 81' lang='lat' dir='ltr'>Infantibus</span> <span class='ocrx_word' id='word_1_287' title='bbox 2520 1919 2648 1967; x_wconf 86' lang='lat' dir='ltr'>ante</span> <span class='ocrx_word' id='word_1_288' title='bbox 2688 1931 2853 1967; x_wconf 85' lang='lat' dir='ltr'>usum</span> <span class='ocrx_word' id='word_1_289' title='bbox 2887 1918 3124 1967; x_wconf 77' lang='lat' dir='ltr'>rationis</span> <span class='ocrx_word' id='word_1_290' title='bbox 3166 1915 3513 1968; x_wconf 60' lang='lat' dir='ltr'>eucharistiw</span> <span class='ocrx_word' id='word_1_291' title='bbox 3551 1930 3774 1983; x_wconf 81' lang='lat' dir='ltr'>percep-</span> 
     </span>
    </p>
   </div>
   <div class='ocr_carea' id='block_1_50' title="bbox 2235 1986 3776 2053">
    <p class='ocr_par' dir='ltr' id='par_1_50' title="bbox 2235 1986 3776 2053">
     <span class='ocr_line' id='line_1_50' title="bbox 2235 1986 3776 2053; baseline -0.001 -14"><span class='ocrx_word' id='word_1_292' title='bbox 2235 1991 2437 2040; x_wconf 81' lang='lat' dir='ltr'>tionem</span> <span class='ocrx_word' id='word_1_293' title='bbox 2467 1988 2612 2039; x_wconf 84' lang='lat' dir='ltr'>docet</span> <span class='ocrx_word' id='word_1_294' title='bbox 2638 1986 3065 2053; x_wconf 82' lang='lat' dir='ltr'>haudquaquam</span> <span class='ocrx_word' id='word_1_295' title='bbox 3097 1986 3169 2038; x_wconf 82' lang='lat' dir='ltr'>ad</span> <span class='ocrx_word' id='word_1_296' title='bbox 3193 1989 3427 2039; x_wconf 81' lang='lat' dir='ltr'>salutem</span> <span class='ocrx_word' id='word_1_297' title='bbox 3458 2002 3565 2038; x_wconf 83' lang='lat' dir='ltr'>esse</span> <span class='ocrx_word' id='word_1_298' title='bbox 3594 2001 3776 2038; x_wconf 78' lang='lat' dir='ltr'>neces-</span> 
     </span>
    </p>
   </div>
   <div class='ocr_carea' id='block_1_51' title="bbox 2232 2060 3769 2125">
    <p class='ocr_par' dir='ltr' id='par_1_51' title="bbox 2232 2060 3769 2125">
     <span class='ocr_line' id='line_1_51' title="bbox 2232 2060 3769 2125; baseline -0.002 -13"><span class='ocrx_word' id='word_1_299' title='bbox 2232 2061 2479 2119; x_wconf 86' lang='lat' dir='ltr'>sariam;</span> <span class='ocrx_word' id='word_1_300' title='bbox 2512 2060 2829 2125; x_wconf 70' lang='lat' dir='ltr'>quaestiones</span> <span class='ocrx_word' id='word_1_301' title='bbox 2870 2072 2994 2109; x_wconf 72' lang='lat' dir='ltr'>vero</span> <span class='ocrx_word' id='word_1_302' title='bbox 3032 2060 3386 2110; x_wconf 61' lang='lat' dir='ltr'>saeularium</span> <span class='ocrx_word' id='word_1_303' title='bbox 3417 2060 3769 2119; x_wconf 75' lang='lat' dir='ltr'>litterarum,</span> 
     </span>
    </p>
   </div>
   <div class='ocr_carea' id='block_1_52' title="bbox 2235 2130 3388 2197">
    <p class='ocr_par' dir='ltr' id='par_1_52' title="bbox 2235 2130 3388 2197">
     <span class='ocr_line' id='line_1_52' title="bbox 2235 2130 3388 2197; baseline -0.001 -14"><span class='ocrx_word' id='word_1_304' title='bbox 2235 2136 2300 2183; x_wconf 86' lang='lat' dir='ltr'>ut</span> <span class='ocrx_word' id='word_1_305' title='bbox 2327 2132 2567 2197; x_wconf 83' lang='lat' dir='ltr'>episcopo</span> <span class='ocrx_word' id='word_1_306' title='bbox 2595 2130 2860 2194; x_wconf 84' lang='lat' dir='ltr'>indignas</span> <span class='ocrx_word' id='word_1_307' title='bbox 2888 2132 3089 2182; x_wconf 81' lang='lat' dir='ltr'>solvere</span> <span class='ocrx_word' id='word_1_308' title='bbox 3111 2131 3388 2182; x_wconf 78' lang='lat' dir='ltr'>detrectat.</span> 
     </span>
    </p>
   </div>
   <div class='ocr_carea' id='block_1_53' title="bbox 2236 2234 3777 2303">
    <p class='ocr_par' dir='ltr' id='par_1_53' title="bbox 2236 2234 3777 2303">
     <span class='ocr_line' id='line_1_53' title="bbox 2236 2234 3777 2303; baseline 0.001 -14"><span class='ocrx_word' id='word_1_309' title='bbox 2236 2235 2609 2290; x_wconf 78' lang='lat' dir='ltr'>LANFRANCUS</span> <span class='ocrx_word' id='word_1_310' title='bbox 2629 2235 2899 2303; x_wconf 84' lang='lat' dir='ltr'>indignus</span> <span class='ocrx_word' id='word_1_311' title='bbox 2919 2241 3125 2288; x_wconf 73' lang='lat' dir='ltr'>sanctae</span> <span class='ocrx_word' id='word_1_312' title='bbox 3146 2234 3571 2289; x_wconf 88' lang='lat' dir='ltr'>Cantuariensis</span> <span class='ocrx_word' id='word_1_313' title='bbox 3586 2236 3777 2290; x_wconf 83' lang='lat' dir='ltr'>Eccle-</span> 
     </span>
    </p>
   </div>
   <div class='ocr_carea' id='block_1_54' title="bbox 2166 2323 3775 2395">
    <p class='ocr_par' dir='ltr' id='par_1_54' title="bbox 2166 2323 3775 2395">
     <span class='ocr_line' id='line_1_54' title="bbox 2166 2323 3775 2395; baseline 0.001 -16"><span class='ocrx_word' id='word_1_314' title='bbox 2166 2326 2263 2379; x_wconf 69' lang='lat' dir='ltr'>siae</span> <span class='ocrx_word' id='word_1_315' title='bbox 2275 2325 2530 2389; x_wconf 88' lang='lat' dir='ltr'>antistes,</span> <span class='ocrx_word' id='word_1_316' title='bbox 2544 2324 2862 2377; x_wconf 88' lang='lat' dir='ltr'>venerando</span> <span class='ocrx_word' id='word_1_317' title='bbox 2879 2323 3158 2377; x_wconf 66' lang='lat' dir='ltr'>Hiberniae</span> <span class='ocrx_word' id='word_1_318' title='bbox 3176 2324 3438 2395; x_wconf 88' lang='lat' dir='ltr'>episcopo</span> <span class='ocrx_word' id='word_1_319' title='bbox 3455 2325 3775 2380; x_wconf 71' lang='lat' dir='ltr'><strong>DOMNALDO</strong></span> 
     </span>
    </p>
   </div>
   <div class='ocr_carea' id='block_1_55' title="bbox 2168 2413 3777 2484">
    <p class='ocr_par' dir='ltr' id='par_1_55' title="bbox 2168 2413 3777 2484">
     <span class='ocr_line' id='line_1_55' title="bbox 2168 2413 3777 2484; baseline -0.001 -15"><span class='ocrx_word' id='word_1_320' title='bbox 2168 2421 2225 2469; x_wconf 92' lang='lat' dir='ltr'>et</span> <span class='ocrx_word' id='word_1_321' title='bbox 2248 2415 2318 2468; x_wconf 90' lang='lat' dir='ltr'>iis</span> <span class='ocrx_word' id='word_1_322' title='bbox 2340 2415 2436 2484; x_wconf 90' lang='lat' dir='ltr'>qui</span> <span class='ocrx_word' id='word_1_323' title='bbox 2464 2413 2570 2467; x_wconf 89' lang='lat' dir='ltr'>sibi</span> <span class='ocrx_word' id='word_1_324' title='bbox 2596 2414 2812 2467; x_wconf 88' lang='lat' dir='ltr'>litteras</span> <span class='ocrx_word' id='word_1_325' title='bbox 2836 2413 3289 2476; x_wconf 89' lang='lat' dir='ltr'>transmiserunt,</span> <span class='ocrx_word' id='word_1_326' title='bbox 3313 2414 3557 2468; x_wconf 88' lang='lat' dir='ltr'>salutem</span> <span class='ocrx_word' id='word_1_327' title='bbox 3586 2419 3647 2468; x_wconf 89' lang='lat' dir='ltr'>et</span> <span class='ocrx_word' id='word_1_328' title='bbox 3675 2414 3777 2468; x_wconf 85' lang='lat' dir='ltr'>be-</span> 
     </span>
    </p>
   </div>
   <div class='ocr_carea' id='block_1_56' title="bbox 2165 2504 2567 2560">
    <p class='ocr_par' dir='ltr' id='par_1_56' title="bbox 2165 2504 2567 2560">
     <span class='ocr_line' id='line_1_56' title="bbox 2165 2504 2567 2560; baseline 0.005 -2"><span class='ocrx_word' id='word_1_329' title='bbox 2165 2504 2539 2558; x_wconf 86' lang='lat' dir='ltr'>nedictionem</span> <span class='ocrx_word' id='word_1_330' title='bbox 2554 2547 2567 2560; x_wconf 93' lang='lat'>.</span> 
     </span>
    </p>
   </div>
   <div class='ocr_carea' id='block_1_57' title="bbox 2240 2591 3777 2664">
    <p class='ocr_par' dir='ltr' id='par_1_57' title="bbox 2240 2591 3777 2664">
     <span class='ocr_line' id='line_1_57' title="bbox 2240 2591 3777 2664; baseline 0.002 -18"><span class='ocrx_word' id='word_1_331' title='bbox 2240 2592 2303 2646; x_wconf 84' lang='lat' dir='ltr'>in</span> <span class='ocrx_word' id='word_1_332' title='bbox 2331 2592 2532 2646; x_wconf 86' lang='lat' dir='ltr'>itinere</span> <span class='ocrx_word' id='word_1_333' title='bbox 2562 2591 2747 2661; x_wconf 85' lang='lat' dir='ltr'>positi,</span> <span class='ocrx_word' id='word_1_334' title='bbox 2772 2597 2830 2646; x_wconf 92' lang='lat' dir='ltr'>et</span> <span class='ocrx_word' id='word_1_335' title='bbox 2859 2609 2893 2645; x_wconf 93' lang='lat' dir='ltr'>a</span> <span class='ocrx_word' id='word_1_336' title='bbox 2917 2592 3140 2646; x_wconf 84' lang='lat' dir='ltr'>civitate</span> <span class='ocrx_word' id='word_1_337' title='bbox 3172 2592 3231 2646; x_wconf 91' lang='lat' dir='ltr'>in</span> <span class='ocrx_word' id='word_1_338' title='bbox 3266 2609 3377 2664; x_wconf 91' lang='lat' dir='ltr'>qua</span> <span class='ocrx_word' id='word_1_339' title='bbox 3415 2593 3577 2648; x_wconf 90' lang='lat' dir='ltr'>nobis</span> <span class='ocrx_word' id='word_1_340' title='bbox 3606 2595 3777 2649; x_wconf 86' lang='lat' dir='ltr'>sedes</span> 
     </span>
    </p>
   </div>
   <div class='ocr_carea' id='block_1_58' title="bbox 2171 2682 3778 2755">
    <p class='ocr_par' dir='ltr' id='par_1_58' title="bbox 2171 2682 3778 2755">
     <span class='ocr_line' id='line_1_58' title="bbox 2171 2682 3778 2755; baseline 0.001 -18"><span class='ocrx_word' id='word_1_341' title='bbox 2171 2682 2499 2753; x_wconf 82' lang='lat' dir='ltr'>episcopalis</span> <span class='ocrx_word' id='word_1_342' title='bbox 2523 2688 2608 2735; x_wconf 91' lang='lat' dir='ltr'>est</span> <span class='ocrx_word' id='word_1_343' title='bbox 2627 2682 2791 2751; x_wconf 89' lang='lat' dir='ltr'>longe</span> <span class='ocrx_word' id='word_1_344' title='bbox 2812 2682 3041 2752; x_wconf 90' lang='lat' dir='ltr'>sepositi</span> <span class='ocrx_word' id='word_1_345' title='bbox 3064 2687 3124 2747; x_wconf 78' lang='lat'><strong>3</strong></span> <span class='ocrx_word' id='word_1_346' title='bbox 3139 2690 3175 2748; x_wconf 90' lang='lat'>|</span> <span class='ocrx_word' id='word_1_347' title='bbox 3198 2688 3246 2747; x_wconf 65' lang='grc'>³1</span> <span class='ocrx_word' id='word_1_348' title='bbox 3272 2700 3516 2749; x_wconf 86' lang='lat' dir='ltr'>eramus,</span> <span class='ocrx_word' id='word_1_349' title='bbox 3543 2685 3778 2755; x_wconf 88' lang='lat' dir='ltr'>quando</span> 
     </span>
    </p>
   </div>
   <div class='ocr_carea' id='block_1_59' title="bbox 2164 2771 3775 2845">
    <p class='ocr_par' dir='ltr' id='par_1_59' title="bbox 2164 2771 3775 2845">
     <span class='ocr_line' id='line_1_59' title="bbox 2164 2771 3775 2845; baseline 0.001 -20"><span class='ocrx_word' id='word_1_350' title='bbox 2164 2772 2387 2825; x_wconf 87' lang='lat' dir='ltr'>litteras</span> <span class='ocrx_word' id='word_1_351' title='bbox 2405 2776 2620 2825; x_wconf 81' lang='lat' dir='ltr'>vestras</span> <span class='ocrx_word' id='word_1_352' title='bbox 2647 2771 2845 2824; x_wconf 90' lang='lat' dir='ltr'>nuntio</span> <span class='ocrx_word' id='word_1_353' title='bbox 2868 2776 3055 2825; x_wconf 89' lang='lat' dir='ltr'>vestro</span> <span class='ocrx_word' id='word_1_354' title='bbox 3083 2771 3368 2826; x_wconf 83' lang='lat' dir='ltr'>deferente</span> <span class='ocrx_word' id='word_1_355' title='bbox 3398 2774 3775 2845; x_wconf 90' lang='lat' dir='ltr'>suscepimus.</span> 
     </span>
    </p>
   </div>
   <div class='ocr_carea' id='block_1_60' title="bbox 2169 2862 3781 2933">
    <p class='ocr_par' dir='ltr' id='par_1_60' title="bbox 2169 2862 3781 2933">
     <span class='ocr_line' id='line_1_60' title="bbox 2169 2862 3781 2933; baseline 0.001 -18"><span class='ocrx_word' id='word_1_356' title='bbox 2169 2862 2350 2925; x_wconf 85' lang='lat' dir='ltr'>Quem</span> <span class='ocrx_word' id='word_1_357' title='bbox 2399 2877 2526 2915; x_wconf 92' lang='lat' dir='ltr'>cum</span> <span class='ocrx_word' id='word_1_358' title='bbox 2575 2876 2931 2931; x_wconf 89' lang='lat' dir='ltr'>rogassemus</span> <span class='ocrx_word' id='word_1_359' title='bbox 2982 2865 3044 2915; x_wconf 91' lang='lat' dir='ltr'>ut</span> <span class='ocrx_word' id='word_1_360' title='bbox 3091 2862 3288 2915; x_wconf 86' lang='lat' dir='ltr'>saltem</span> <span class='ocrx_word' id='word_1_361' title='bbox 3340 2863 3535 2933; x_wconf 91' lang='lat' dir='ltr'>paucis</span> <span class='ocrx_word' id='word_1_362' title='bbox 3574 2862 3781 2917; x_wconf 85' lang='lat' dir='ltr'>diebus</span> 
     </span>
    </p>
   </div>
   <div class='ocr_carea' id='block_1_61' title="bbox 2177 2950 3781 3022">
    <p class='ocr_par' dir='ltr' id='par_1_61' title="bbox 2177 2950 3781 3022">
     <span class='ocr_line' id='line_1_61' title="bbox 2177 2950 3781 3022; baseline 0.001 -18"><span class='ocrx_word' id='word_1_363' title='bbox 2177 2950 2469 3005; x_wconf 89' lang='lat' dir='ltr'>nobiscum</span> <span class='ocrx_word' id='word_1_364' title='bbox 2498 2956 2771 3015; x_wconf 74' lang='lat' dir='ltr'>maneret,</span> <span class='ocrx_word' id='word_1_365' title='bbox 2796 2956 3071 3021; x_wconf 88' lang='lat' dir='ltr'>quatenus</span> <span class='ocrx_word' id='word_1_366' title='bbox 3100 2952 3422 3022; x_wconf 89' lang='lat' dir='ltr'>perquisitis</span> <span class='ocrx_word' id='word_1_367' title='bbox 3450 2952 3610 3005; x_wconf 86' lang='lat' dir='ltr'>libris</span> <span class='ocrx_word' id='word_1_368' title='bbox 3640 2968 3781 3006; x_wconf 88' lang='lat' dir='ltr'>con-</span> 
     </span>
    </p>
   </div>
   <div class='ocr_carea' id='block_1_62' title="bbox 493 3040 3783 3160">
    <p class='ocr_par' dir='ltr' id='par_1_62' title="bbox 493 3040 3783 3160">
     <span class='ocr_line' id='line_1_62' title="bbox 493 3040 3783 3160; baseline -0.003 -39"><span class='ocrx_word' id='word_1_369' title='bbox 493 3080 813 3134; x_wconf 84' lang='lat' dir='ltr'>monemus,</span> <span class='ocrx_word' id='word_1_370' title='bbox 844 3071 901 3121; x_wconf 89' lang='lat' dir='ltr'>et</span> <span class='ocrx_word' id='word_1_371' title='bbox 926 3065 1197 3139; x_wconf 83' lang='lat' dir='ltr'>pastorali</span> <span class='ocrx_word' id='word_1_372' title='bbox 1226 3066 1563 3121; x_wconf 85' lang='lat' dir='ltr'>auctoritate</span> <span class='ocrx_word' id='word_1_373' title='bbox 1585 3066 1939 3137; x_wconf 79' lang='lat' dir='ltr'>praecipimus</span> <span class='ocrx_word' id='word_1_374' title='bbox 1963 3082 2099 3136; x_wconf 84' lang='lat' dir='ltr'>qua-</span> <span class='ocrx_word' id='word_1_375' title='bbox 2116 3100 2160 3160; x_wconf 66' lang='grc' dir='ltr'>Ο</span> <span class='ocrx_word' id='word_1_376' title='bbox 2177 3055 2385 3109; x_wconf 54' lang='lat' dir='ltr'>gruum</span> <span class='ocrx_word' id='word_1_377' title='bbox 2406 3056 2516 3160; x_wconf 43' lang='grc' dir='ltr'>ξ,Γο</span> <span class='ocrx_word' id='word_1_378' title='bbox 2545 3045 2710 3160; x_wconf 41' lang='lat' dir='ltr'>Cipi-‘3</span> <span class='ocrx_word' id='word_1_379' title='bbox 2730 3040 3031 3160; x_wconf 50' lang='grc' dir='ltr'>ξοδίξξίξίά</span> <span class='ocrx_word' id='word_1_380' title='bbox 3047 3041 3314 3160; x_wconf 45' lang='grc' dir='ltr'>,εοηδὶιιῖθ</span> <span class='ocrx_word' id='word_1_381' title='bbox 3330 3046 3517 3160; x_wconf 49' lang='lat' dir='ltr'>vim?</span> <span class='ocrx_word' id='word_1_382' title='bbox 3539 3056 3783 3111; x_wconf 54' lang='grc' dir='ltr'>Μεροπ-</span> 
     </span>
    </p>
   </div>
   <div class='ocr_carea' id='block_1_63' title="bbox 491 3155 2101 3228">
    <p class='ocr_par' dir='ltr' id='par_1_63' title="bbox 491 3155 2101 3228">
     <span class='ocr_line' id='line_1_63' title="bbox 491 3155 2101 3228; baseline -0.001 -18"><span class='ocrx_word' id='word_1_383' title='bbox 491 3160 682 3224; x_wconf 77' lang='lat' dir='ltr'>tenus,</span> <span class='ocrx_word' id='word_1_384' title='bbox 709 3156 760 3210; x_wconf 87' lang='lat' dir='ltr'>si</span> <span class='ocrx_word' id='word_1_385' title='bbox 791 3155 944 3211; x_wconf 85' lang='lat' dir='ltr'>vobis</span> <span class='ocrx_word' id='word_1_386' title='bbox 969 3162 1349 3228; x_wconf 81' lang='lat' dir='ltr'>Opportunum</span> <span class='ocrx_word' id='word_1_387' title='bbox 1381 3161 1485 3221; x_wconf 88' lang='lat' dir='ltr'>est,</span> <span class='ocrx_word' id='word_1_388' title='bbox 1518 3157 1822 3227; x_wconf 88' lang='lat' dir='ltr'>Bertingen</span> <span class='ocrx_word' id='word_1_389' title='bbox 1852 3156 2012 3220; x_wconf 88' lang='lat' dir='ltr'>eatis,</span> <span class='ocrx_word' id='word_1_390' title='bbox 2042 3161 2101 3211; x_wconf 88' lang='lat' dir='ltr'>et</span> 
     </span>
    </p>
   </div>
   <div class='ocr_carea' id='block_1_64' title="bbox 497 3242 2100 3317">
    <p class='ocr_par' dir='ltr' id='par_1_64' title="bbox 497 3242 2100 3317">
     <span class='ocr_line' id='line_1_64' title="bbox 497 3242 2100 3317; baseline 0.001 -18"><span class='ocrx_word' id='word_1_391' title='bbox 497 3244 710 3299; x_wconf 88' lang='lat' dir='ltr'>auditis</span> <span class='ocrx_word' id='word_1_392' title='bbox 757 3245 1023 3317; x_wconf 88' lang='lat' dir='ltr'>utrinque</span> <span class='ocrx_word' id='word_1_393' title='bbox 1054 3247 1296 3317; x_wconf 88' lang='lat' dir='ltr'>querelis</span> <span class='ocrx_word' id='word_1_394' title='bbox 1328 3247 1670 3301; x_wconf 86' lang='lat' dir='ltr'>abbatissam</span> <span class='ocrx_word' id='word_1_395' title='bbox 1698 3263 1821 3300; x_wconf 88' lang='lat' dir='ltr'>esse</span> <span class='ocrx_word' id='word_1_396' title='bbox 1857 3242 2100 3301; x_wconf 81' lang='lat' dir='ltr'>abbatis-</span> 
     </span>
    </p>
   </div>
   <div class='ocr_carea' id='block_1_65' title="bbox 500 3335 2098 3408">
    <p class='ocr_par' dir='ltr' id='par_1_65' title="bbox 500 3335 2098 3408">
     <span class='ocr_line' id='line_1_65' title="bbox 500 3335 2098 3408; baseline -0.002 -18"><span class='ocrx_word' id='word_1_397' title='bbox 500 3350 644 3401; x_wconf 86' lang='lat' dir='ltr'>sam,</span> <span class='ocrx_word' id='word_1_398' title='bbox 678 3342 736 3389; x_wconf 92' lang='lat' dir='ltr'>et</span> <span class='ocrx_word' id='word_1_399' title='bbox 761 3335 1008 3406; x_wconf 88' lang='lat' dir='ltr'>priorem</span> <span class='ocrx_word' id='word_1_400' title='bbox 1037 3353 1159 3390; x_wconf 89' lang='lat' dir='ltr'>esse</span> <span class='ocrx_word' id='word_1_401' title='bbox 1189 3337 1433 3408; x_wconf 90' lang='lat' dir='ltr'>priorem</span> <span class='ocrx_word' id='word_1_402' title='bbox 1456 3335 1731 3407; x_wconf 87' lang='lat' dir='ltr'>jubeatis;</span> <span class='ocrx_word' id='word_1_403' title='bbox 1763 3342 2005 3406; x_wconf 89' lang='lat' dir='ltr'>utraque</span> <span class='ocrx_word' id='word_1_404' title='bbox 2039 3335 2098 3388; x_wconf 93' lang='lat' dir='ltr'>in</span> 
     </span>
    </p>
   </div>
   <div class='ocr_carea' id='block_1_66' title="bbox 497 3423 2100 3494">
    <p class='ocr_par' dir='ltr' id='par_1_66' title="bbox 497 3423 2100 3494">
     <span class='ocr_line' id='line_1_66' title="bbox 497 3423 2100 3494; baseline -0.002 -15"><span class='ocrx_word' id='word_1_405' title='bbox 497 3440 603 3479; x_wconf 93' lang='lat' dir='ltr'>suo</span> <span class='ocrx_word' id='word_1_406' title='bbox 631 3423 827 3481; x_wconf 77' lang='lat' dir='ltr'>ordine</span> <span class='ocrx_word' id='word_1_407' title='bbox 856 3424 948 3490; x_wconf 79' lang='lat' dir='ltr'>sit,</span> <span class='ocrx_word' id='word_1_408' title='bbox 980 3423 1127 3479; x_wconf 86' lang='lat' dir='ltr'>sicut</span> <span class='ocrx_word' id='word_1_409' title='bbox 1156 3429 1397 3494; x_wconf 82' lang='lat' dir='ltr'>oportet.</span> <span class='ocrx_word' id='word_1_410' title='bbox 1435 3430 1512 3490; x_wconf 86' lang='lat' dir='ltr'>et,</span> <span class='ocrx_word' id='word_1_411' title='bbox 1542 3425 1687 3481; x_wconf 86' lang='lat' dir='ltr'>sicut</span> <span class='ocrx_word' id='word_1_412' title='bbox 1732 3424 1880 3478; x_wconf 80' lang='lat' dir='ltr'>beati</span> <span class='ocrx_word' id='word_1_413' title='bbox 1926 3424 2100 3477; x_wconf 91' lang='lat' dir='ltr'>Bene-</span> 
     </span>
    </p>
   </div>
   <div class='ocr_carea' id='block_1_67' title="bbox 497 3510 2096 3585">
    <p class='ocr_par' dir='ltr' id='par_1_67' title="bbox 497 3510 2096 3585">
     <span class='ocr_line' id='line_1_67' title="bbox 497 3510 2096 3585; baseline -0.003 -15"><span class='ocrx_word' id='word_1_414' title='bbox 497 3512 635 3571; x_wconf 79' lang='lat' dir='ltr'>dicti</span> <span class='ocrx_word' id='word_1_415' title='bbox 657 3512 1105 3583; x_wconf 76' lang='lat' dir='ltr'>Regulatcapitis</span> <span class='ocrx_word' id='word_1_416' title='bbox 1126 3510 1177 3579; x_wconf 90' lang='lat'>7,</span> <span class='ocrx_word' id='word_1_417' title='bbox 1207 3514 1367 3584; x_wconf 85' lang='lat' dir='ltr'>grad.</span> <span class='ocrx_word' id='word_1_418' title='bbox 1388 3512 1441 3579; x_wconf 75' lang='lat'>2,</span> <span class='ocrx_word' id='word_1_419' title='bbox 1474 3513 1532 3579; x_wconf 82' lang='lat'>3;</span> <span class='ocrx_word' id='word_1_420' title='bbox 1559 3521 1621 3569; x_wconf 89' lang='lat' dir='ltr'>et</span> <span class='ocrx_word' id='word_1_421' title='bbox 1646 3531 1767 3585; x_wconf 91' lang='lat' dir='ltr'>cap.</span> <span class='ocrx_word' id='word_1_422' title='bbox 1802 3512 1890 3582; x_wconf 89' lang='lat'>63)</span> <span class='ocrx_word' id='word_1_423' title='bbox 1916 3512 2096 3585; x_wconf 86' lang='lat' dir='ltr'>jubet,</span> 
     </span>
    </p>
   </div>
   <div class='ocr_carea' id='block_1_68' title="bbox 500 3601 2101 3673">
    <p class='ocr_par' dir='ltr' id='par_1_68' title="bbox 500 3601 2101 3673">
     <span class='ocr_line' id='line_1_68' title="bbox 500 3601 2101 3673; baseline -0.001 -17"><span class='ocrx_word' id='word_1_424' title='bbox 500 3603 688 3672; x_wconf 85' lang='lat' dir='ltr'>major</span> <span class='ocrx_word' id='word_1_425' title='bbox 714 3601 1023 3672; x_wconf 64' lang='lat' dir='ltr'>praecipiat,</span> <span class='ocrx_word' id='word_1_426' title='bbox 1063 3602 1249 3657; x_wconf 89' lang='lat' dir='ltr'>minor</span> <span class='ocrx_word' id='word_1_427' title='bbox 1277 3602 1518 3658; x_wconf 80' lang='lat' dir='ltr'>obediat.</span> <span class='ocrx_word' id='word_1_428' title='bbox 1553 3604 1613 3659; x_wconf 85' lang='lat' dir='ltr'>Si</span> <span class='ocrx_word' id='word_1_429' title='bbox 1651 3608 1842 3659; x_wconf 87' lang='lat' dir='ltr'>tamen</span> <span class='ocrx_word' id='word_1_430' title='bbox 1870 3619 1939 3657; x_wconf 88' lang='lat' dir='ltr'>ea</span> <span class='ocrx_word' id='word_1_431' title='bbox 1964 3620 2101 3673; x_wconf 86' lang='lat' dir='ltr'>prae-</span> 
     </span>
    </p>
   </div>
   <div class='ocr_carea' id='block_1_69' title="bbox 503 3690 2103 3763">
    <p class='ocr_par' dir='ltr' id='par_1_69' title="bbox 503 3690 2103 3763">
     <span class='ocr_line' id='line_1_69' title="bbox 503 3690 2103 3763; baseline -0.001 -17"><span class='ocrx_word' id='word_1_432' title='bbox 503 3690 719 3763; x_wconf 83' lang='lat' dir='ltr'>ceperit</span> <span class='ocrx_word' id='word_1_433' title='bbox 745 3704 867 3762; x_wconf 64' lang='lat' dir='ltr'>qua;</span> <span class='ocrx_word' id='word_1_434' title='bbox 895 3691 1159 3761; x_wconf 85' lang='lat' dir='ltr'>congruis</span> <span class='ocrx_word' id='word_1_435' title='bbox 1190 3692 1499 3747; x_wconf 85' lang='lat' dir='ltr'>rationibus</span> <span class='ocrx_word' id='word_1_436' title='bbox 1528 3694 1877 3757; x_wconf 87' lang='lat' dir='ltr'>conveniant,</span> <span class='ocrx_word' id='word_1_437' title='bbox 1899 3698 1955 3746; x_wconf 90' lang='lat' dir='ltr'>et</span> <span class='ocrx_word' id='word_1_438' title='bbox 1980 3691 2103 3762; x_wconf 92' lang='lat' dir='ltr'>qui-</span> 
     </span>
    </p>
   </div>
   <div class='ocr_carea' id='block_1_70' title="bbox 502 3781 2101 3849">
    <p class='ocr_par' dir='ltr' id='par_1_70' title="bbox 502 3781 2101 3849">
     <span class='ocr_line' id='line_1_70' title="bbox 502 3781 2101 3849; baseline 0 -14"><span class='ocrx_word' id='word_1_439' title='bbox 502 3781 610 3836; x_wconf 92' lang='lat' dir='ltr'>bus</span> <span class='ocrx_word' id='word_1_440' title='bbox 638 3797 808 3838; x_wconf 74' lang='lat' dir='ltr'>sacrae</span> <span class='ocrx_word' id='word_1_441' title='bbox 836 3781 1199 3837; x_wconf 89' lang='lat' dir='ltr'>auctoritates</span> <span class='ocrx_word' id='word_1_442' title='bbox 1228 3782 1458 3837; x_wconf 89' lang='lat' dir='ltr'>minime</span> <span class='ocrx_word' id='word_1_443' title='bbox 1489 3783 1894 3849; x_wconf 77' lang='lat' dir='ltr'>contradicunt,</span> <span class='ocrx_word' id='word_1_444' title='bbox 1931 3787 2101 3837; x_wconf 74' lang='lat' dir='ltr'>utrae-</span> 
     </span>
    </p>
   </div>
   <div class='ocr_carea' id='block_1_71' title="bbox 505 3870 2101 3944">
    <p class='ocr_par' dir='ltr' id='par_1_71' title="bbox 505 3870 2101 3944">
     <span class='ocr_line' id='line_1_71' title="bbox 505 3870 2101 3944; baseline -0.001 -17"><span class='ocrx_word' id='word_1_445' title='bbox 505 3889 615 3944; x_wconf 92' lang='lat' dir='ltr'>que</span> <span class='ocrx_word' id='word_1_446' title='bbox 644 3888 769 3942; x_wconf 67' lang='lat' dir='ltr'>quze</span> <span class='ocrx_word' id='word_1_447' title='bbox 796 3870 897 3925; x_wconf 91' lang='lat' dir='ltr'>Dei</span> <span class='ocrx_word' id='word_1_448' title='bbox 930 3874 1063 3925; x_wconf 91' lang='lat' dir='ltr'>sunt</span> <span class='ocrx_word' id='word_1_449' title='bbox 1091 3874 1147 3925; x_wconf 88' lang='lat' dir='ltr'>et</span> <span class='ocrx_word' id='word_1_450' title='bbox 1179 3888 1301 3943; x_wconf 75' lang='lat' dir='ltr'>quae</span> <span class='ocrx_word' id='word_1_451' title='bbox 1326 3872 1514 3926; x_wconf 79' lang='lat' dir='ltr'>szeculi</span> <span class='ocrx_word' id='word_1_452' title='bbox 1540 3874 1691 3934; x_wconf 88' lang='lat' dir='ltr'>sunt,</span> <span class='ocrx_word' id='word_1_453' title='bbox 1723 3875 1944 3925; x_wconf 89' lang='lat' dir='ltr'>servata</span> <span class='ocrx_word' id='word_1_454' title='bbox 1971 3888 2101 3925; x_wconf 91' lang='lat' dir='ltr'>suo-</span> 
     </span>
    </p>
   </div>
   <div class='ocr_carea' id='block_1_72' title="bbox 502 3960 2099 4035">
    <p class='ocr_par' dir='ltr' id='par_1_72' title="bbox 502 3960 2099 4035">
     <span class='ocr_line' id='line_1_72' title="bbox 502 3960 2099 4035; baseline -0.001 -17"><span class='ocrx_word' id='word_1_455' title='bbox 502 3977 630 4018; x_wconf 87' lang='lat' dir='ltr'>rum</span> <span class='ocrx_word' id='word_1_456' title='bbox 672 3961 933 4019; x_wconf 89' lang='lat' dir='ltr'>ordinum</span> <span class='ocrx_word' id='word_1_457' title='bbox 978 3961 1272 4035; x_wconf 84' lang='lat' dir='ltr'>dignitate,</span> <span class='ocrx_word' id='word_1_458' title='bbox 1304 3961 1587 4016; x_wconf 89' lang='lat' dir='ltr'>communi</span> <span class='ocrx_word' id='word_1_459' title='bbox 1632 3960 1862 4015; x_wconf 88' lang='lat' dir='ltr'>consilio</span> <span class='ocrx_word' id='word_1_460' title='bbox 1911 3968 2099 4032; x_wconf 83' lang='lat' dir='ltr'>agant.</span> 
     </span>
    </p>
   </div>
   <div class='ocr_carea' id='block_1_73' title="bbox 504 4050 2102 4122">
    <p class='ocr_par' dir='ltr' id='par_1_73' title="bbox 504 4050 2102 4122">
     <span class='ocr_line' id='line_1_73' title="bbox 504 4050 2102 4122; baseline -0.001 -16"><span class='ocrx_word' id='word_1_461' title='bbox 504 4050 970 4108; x_wconf 87' lang='lat' dir='ltr'>Sanctimoniales</span> <span class='ocrx_word' id='word_1_462' title='bbox 1013 4055 1070 4105; x_wconf 89' lang='lat' dir='ltr'>et</span> <span class='ocrx_word' id='word_1_463' title='bbox 1101 4050 1307 4117; x_wconf 90' lang='lat' dir='ltr'>clerici,</span> <span class='ocrx_word' id='word_1_464' title='bbox 1342 4055 1397 4105; x_wconf 92' lang='lat' dir='ltr'>et</span> <span class='ocrx_word' id='word_1_465' title='bbox 1425 4050 1572 4115; x_wconf 85' lang='lat' dir='ltr'>laici,</span> <span class='ocrx_word' id='word_1_466' title='bbox 1602 4054 1720 4104; x_wconf 88' lang='lat' dir='ltr'>tam</span> <span class='ocrx_word' id='word_1_467' title='bbox 1754 4050 1906 4105; x_wconf 89' lang='lat' dir='ltr'>intus</span> <span class='ocrx_word' id='word_1_468' title='bbox 1935 4068 2102 4122; x_wconf 88' lang='lat' dir='ltr'>quam</span> 
     </span>
    </p>
   </div>
   <div class='ocr_carea' id='block_1_74' title="bbox 504 4138 1460 4203">
    <p class='ocr_par' dir='ltr' id='par_1_74' title="bbox 504 4138 1460 4203">
     <span class='ocr_line' id='line_1_74' title="bbox 504 4138 1460 4203; baseline -0.006 -4"><span class='ocrx_word' id='word_1_469' title='bbox 504 4145 680 4203; x_wconf 81' lang='lat' dir='ltr'>extra,</span> <span class='ocrx_word' id='word_1_470' title='bbox 709 4138 788 4195; x_wconf 92' lang='lat' dir='ltr'>eis</span> <span class='ocrx_word' id='word_1_471' title='bbox 821 4139 1069 4193; x_wconf 88' lang='lat' dir='ltr'>serviant</span> <span class='ocrx_word' id='word_1_472' title='bbox 1092 4145 1151 4194; x_wconf 90' lang='lat' dir='ltr'>et</span> <span class='ocrx_word' id='word_1_473' title='bbox 1177 4138 1460 4194; x_wconf 91' lang='lat' dir='ltr'>obediant.</span> 
     </span>
    </p>
   </div>
   <div class='ocr_carea' id='block_1_75' title="bbox 579 4228 2100 4300">
    <p class='ocr_par' dir='ltr' id='par_1_75' title="bbox 579 4228 2100 4300">
     <span class='ocr_line' id='line_1_75' title="bbox 579 4228 2100 4300; baseline 0.002 -18"><span class='ocrx_word' id='word_1_474' title='bbox 579 4229 937 4300; x_wconf 72' lang='lat' dir='ltr'>Quaacunque</span> <span class='ocrx_word' id='word_1_475' title='bbox 959 4228 1179 4283; x_wconf 90' lang='lat' dir='ltr'>illarum</span> <span class='ocrx_word' id='word_1_476' title='bbox 1204 4228 1351 4284; x_wconf 89' lang='lat' dir='ltr'>hanc</span> <span class='ocrx_word' id='word_1_477' title='bbox 1370 4230 1827 4285; x_wconf 87' lang='lat' dir='ltr'>constitutionem</span> <span class='ocrx_word' id='word_1_478' title='bbox 1850 4235 2100 4285; x_wconf 87' lang='lat' dir='ltr'>nostram</span> 
     </span>
    </p>
   </div>
   <div class='ocr_carea' id='block_1_76' title="bbox 505 4316 2103 4395">
    <p class='ocr_par' dir='ltr' id='par_1_76' title="bbox 505 4316 2103 4395">
     <span class='ocr_line' id='line_1_76' title="bbox 505 4316 2103 4395; baseline 0.001 -24"><span class='ocrx_word' id='word_1_479' title='bbox 505 4321 905 4395; x_wconf 67' lang='lat' dir='ltr'>praetergressa</span> <span class='ocrx_word' id='word_1_480' title='bbox 934 4316 1122 4382; x_wconf 87' lang='lat' dir='ltr'>fuerit,</span> <span class='ocrx_word' id='word_1_481' title='bbox 1155 4325 1339 4373; x_wconf 88' lang='lat' dir='ltr'>vestra</span> <span class='ocrx_word' id='word_1_482' title='bbox 1364 4319 1653 4375; x_wconf 87' lang='lat' dir='ltr'>adnitente</span> <span class='ocrx_word' id='word_1_483' title='bbox 1680 4319 1951 4375; x_wconf 91' lang='lat' dir='ltr'>instantia</span> <span class='ocrx_word' id='word_1_484' title='bbox 1981 4336 2103 4374; x_wconf 92' lang='lat' dir='ltr'>cor-</span> 
     </span>
    </p>
   </div>
   <div class='ocr_carea' id='block_1_77' title="bbox 507 4410 3789 4539">
    <p class='ocr_par' dir='ltr' id='par_1_77' title="bbox 507 4410 3789 4539">
     <span class='ocr_line' id='line_1_77' title="bbox 507 4410 3789 4485; baseline 0.004 -26"><span class='ocrx_word' id='word_1_485' title='bbox 507 4410 768 4478; x_wconf 85' lang='lat' dir='ltr'>ripiatur,</span> <span class='ocrx_word' id='word_1_486' title='bbox 814 4411 891 4474; x_wconf 90' lang='lat' dir='ltr'>et,</span> <span class='ocrx_word' id='word_1_487' title='bbox 923 4422 994 4460; x_wconf 91' lang='lat' dir='ltr'>ne</span> <span class='ocrx_word' id='word_1_488' title='bbox 1022 4414 1345 4480; x_wconf 81' lang='lat' dir='ltr'>conceptam</span> <span class='ocrx_word' id='word_1_489' title='bbox 1388 4410 1879 4485; x_wconf 68' lang='lat' dir='ltr'>praesumptionem</span> <span class='ocrx_word' id='word_1_490' title='bbox 1921 4410 2105 4464; x_wconf 51' lang='lat' dir='ltr'>adimn</span> <span class='ocrx_word' id='word_1_491' title='bbox 2132 4460 2139 4463; x_wconf 94' lang='lat'>_</span> <span class='ocrx_word' id='word_1_492' title='bbox 2187 4410 2292 4428; x_wconf 68' lang='lat'>“&quot;&quot;</span> <span class='ocrx_word' id='word_1_493' title='bbox 2320 4410 2521 4429; x_wconf 58' lang='lat' dir='ltr'>mw”</span> <span class='ocrx_word' id='word_1_494' title='bbox 2551 4410 2651 4441; x_wconf 64' lang='lat'>“&quot;’</span> <span class='ocrx_word' id='word_1_495' title='bbox 2682 4410 2961 4478; x_wconf 59' lang='lat' dir='ltr'>“&quot;“W‘f”</span> <span class='ocrx_word' id='word_1_496' title='bbox 2988 4410 3267 4431; x_wconf 59' lang='lat' dir='ltr'>“W‘m‘”</span> <span class='ocrx_word' id='word_1_497' title='bbox 3297 4410 3411 4477; x_wconf 48' lang='lat' dir='ltr'>cui”</span> <span class='ocrx_word' id='word_1_498' title='bbox 3444 4410 3596 4449; x_wconf 53' lang='lat' dir='ltr'><strong>“&quot;U“</strong></span> <span class='ocrx_word' id='word_1_499' title='bbox 3638 4410 3789 4433; x_wconf 56' lang='grc'>³³⁵⁸³³</span> 
     </span>
     <span class='ocr_line' id='line_1_78' title="bbox 507 4465 3789 4539; baseline 0.002 0"><span class='ocrx_word' id='word_1_500' title='bbox 507 4495 676 4539; x_wconf 56' lang='lat' dir='ltr'>niani:</span> <span class='ocrx_word' id='word_1_501' title='bbox 708 4496 1044 4539; x_wconf 68' lang='lat' dir='ltr'>cnmnptenti</span> <span class='ocrx_word' id='word_1_502' title='bbox 1095 4499 1391 4539; x_wconf 69' lang='lat' dir='ltr'>annrifni&#39;n</span> <span class='ocrx_word' id='word_1_503' title='bbox 1435 4500 1803 4539; x_wconf 70' lang='lat' dir='ltr'>nnmnnllntnr</span> <span class='ocrx_word' id='word_1_504' title='bbox 1869 4500 2023 4539; x_wconf 76' lang='lat' dir='ltr'>nnan</span> <span class='ocrx_word' id='word_1_505' title='bbox 2058 4502 2100 4539; x_wconf 68' lang='lat' dir='ltr'>ei</span> <span class='ocrx_word' id='word_1_506' title='bbox 2122 4465 2430 4524; x_wconf 68' lang='lat' dir='ltr'>Davertat!</span> <span class='ocrx_word' id='word_1_507' title='bbox 2462 4472 2692 4535; x_wconf 65' lang='lat' dir='ltr'>propter</span> <span class='ocrx_word' id='word_1_508' title='bbox 2717 4467 2821 4520; x_wconf 76' lang='lat' dir='ltr'>hoc</span> <span class='ocrx_word' id='word_1_509' title='bbox 2868 4483 2927 4520; x_wconf 67' lang='lat' dir='ltr'><strong>In</strong></span> <span class='ocrx_word' id='word_1_510' title='bbox 2970 4472 3240 4520; x_wconf 57' lang='lat' dir='ltr'>mternum</span> <span class='ocrx_word' id='word_1_511' title='bbox 3267 4482 3491 4535; x_wconf 67' lang='lat' dir='ltr'>perlre;</span> <span class='ocrx_word' id='word_1_512' title='bbox 3534 4469 3789 4539; x_wconf 69' lang='lat' dir='ltr'>alioquin</span> 
     </span>
    </p>
   </div>
   <div class='ocr_carea' id='block_1_78' title="bbox 503 4495 2105 4575">
    <p class='ocr_par' dir='ltr' id='par_1_78' title="bbox 503 4495 2105 4575">
     <span class='ocr_line' id='line_1_79' title="bbox 503 4495 2105 4575; baseline 0.003 -26"><span class='ocrx_word' id='word_1_513' title='bbox 503 4495 677 4575; x_wconf 87' lang='lat' dir='ltr'>pleat,</span> <span class='ocrx_word' id='word_1_514' title='bbox 708 4496 1049 4569; x_wconf 87' lang='lat' dir='ltr'>competenti</span> <span class='ocrx_word' id='word_1_515' title='bbox 1095 4499 1393 4553; x_wconf 87' lang='lat' dir='ltr'>severitate</span> <span class='ocrx_word' id='word_1_516' title='bbox 1435 4500 1827 4571; x_wconf 87' lang='lat' dir='ltr'>compellatur.</span> <span class='ocrx_word' id='word_1_517' title='bbox 1869 4500 2027 4564; x_wconf 84' lang='lat' dir='ltr'>Quod</span> <span class='ocrx_word' id='word_1_518' title='bbox 2058 4502 2105 4555; x_wconf 91' lang='lat' dir='ltr'>si</span> 
     </span>
    </p>
   </div>
   <div class='ocr_carea' id='block_1_79' title="bbox 507 4583 2104 4660">
    <p class='ocr_par' dir='ltr' id='par_1_79' title="bbox 507 4583 2104 4660">
     <span class='ocr_line' id='line_1_80' title="bbox 507 4583 2104 4660; baseline 0.003 -21"><span class='ocrx_word' id='word_1_519' title='bbox 507 4583 788 4642; x_wconf 90' lang='lat' dir='ltr'>discordia</span> <span class='ocrx_word' id='word_1_520' title='bbox 822 4585 882 4640; x_wconf 91' lang='lat' dir='ltr'>in</span> <span class='ocrx_word' id='word_1_521' title='bbox 929 4590 1149 4642; x_wconf 86' lang='lat' dir='ltr'>tantum</span> <span class='ocrx_word' id='word_1_522' title='bbox 1203 4593 1391 4660; x_wconf 89' lang='lat' dir='ltr'>partes</span> <span class='ocrx_word' id='word_1_523' title='bbox 1442 4589 1746 4643; x_wconf 87' lang='lat' dir='ltr'>armaverit</span> <span class='ocrx_word' id='word_1_524' title='bbox 1795 4593 1857 4645; x_wconf 89' lang='lat' dir='ltr'>ut</span> <span class='ocrx_word' id='word_1_525' title='bbox 1909 4606 2104 4644; x_wconf 89' lang='lat' dir='ltr'>earum</span> 
     </span>
    </p>
   </div>
   <div class='ocr_carea' id='block_1_80' title="bbox 506 4674 2101 4750">
    <p class='ocr_par' dir='ltr' id='par_1_80' title="bbox 506 4674 2101 4750">
     <span class='ocr_line' id='line_1_81' title="bbox 506 4674 2101 4750; baseline 0.003 -21"><span class='ocrx_word' id='word_1_526' title='bbox 506 4674 791 4733; x_wconf 89' lang='lat' dir='ltr'>sententia</span> <span class='ocrx_word' id='word_1_527' title='bbox 812 4677 870 4730; x_wconf 90' lang='lat' dir='ltr'>in</span> <span class='ocrx_word' id='word_1_528' title='bbox 891 4693 1063 4733; x_wconf 89' lang='lat' dir='ltr'>unam</span> <span class='ocrx_word' id='word_1_529' title='bbox 1083 4678 1437 4731; x_wconf 86' lang='lat' dir='ltr'>concordiam</span> <span class='ocrx_word' id='word_1_530' title='bbox 1461 4679 1756 4732; x_wconf 87' lang='lat' dir='ltr'>convenire</span> <span class='ocrx_word' id='word_1_531' title='bbox 1776 4695 1888 4733; x_wconf 92' lang='lat' dir='ltr'>non</span> <span class='ocrx_word' id='word_1_532' title='bbox 1907 4678 2101 4750; x_wconf 86' lang='lat' dir='ltr'>possit,</span> 
     </span>
    </p>
   </div>
   <div class='ocr_carea' id='block_1_81' title="bbox 506 4763 2105 4839">
    <p class='ocr_par' dir='ltr' id='par_1_81' title="bbox 506 4763 2105 4839">
     <span class='ocr_line' id='line_1_82' title="bbox 506 4763 2105 4839; baseline 0.001 -20"><span class='ocrx_word' id='word_1_533' title='bbox 506 4781 599 4819; x_wconf 92' lang='lat' dir='ltr'>res</span> <span class='ocrx_word' id='word_1_534' title='bbox 628 4763 789 4818; x_wconf 90' lang='lat' dir='ltr'>nobis</span> <span class='ocrx_word' id='word_1_535' title='bbox 814 4764 1147 4833; x_wconf 89' lang='lat' dir='ltr'>innotescat,</span> <span class='ocrx_word' id='word_1_536' title='bbox 1181 4771 1247 4821; x_wconf 94' lang='lat' dir='ltr'>ut</span> <span class='ocrx_word' id='word_1_537' title='bbox 1270 4767 1429 4837; x_wconf 87' lang='lat' dir='ltr'>cujus</span> <span class='ocrx_word' id='word_1_538' title='bbox 1459 4766 1623 4838; x_wconf 90' lang='lat' dir='ltr'>culpa</span> <span class='ocrx_word' id='word_1_539' title='bbox 1660 4766 1830 4822; x_wconf 89' lang='lat' dir='ltr'>fuerit</span> <span class='ocrx_word' id='word_1_540' title='bbox 1857 4768 2105 4839; x_wconf 83' lang='lat' dir='ltr'>regulari</span> 
     </span>
    </p>
   </div>
   <div class='ocr_carea' id='block_1_82' title="bbox 503 4853 1174 4926">
    <p class='ocr_par' dir='ltr' id='par_1_82' title="bbox 503 4853 1174 4926">
     <span class='ocr_line' id='line_1_83' title="bbox 503 4853 1174 4926; baseline 0.001 -17"><span class='ocrx_word' id='word_1_541' title='bbox 503 4853 841 4912; x_wconf 87' lang='lat' dir='ltr'>districtioni</span> <span class='ocrx_word' id='word_1_542' title='bbox 869 4853 1174 4926; x_wconf 88' lang='lat' dir='ltr'>subjaceat.</span> 
     </span>
    </p>
   </div>
   <div class='ocr_carea' id='block_1_83' title="bbox 995 4943 1620 5001">
    <p class='ocr_par' dir='ltr' id='par_1_83' title="bbox 995 4943 1620 5001">
     <span class='ocr_line' id='line_1_84' title="bbox 995 4943 1620 5001; baseline -0.003 0"><span class='ocrx_word' id='word_1_543' title='bbox 995 4943 1352 5001; x_wconf 86' lang='lat' dir='ltr'>EPISTOLA</span> <span class='ocrx_word' id='word_1_544' title='bbox 1393 4943 1620 5001; x_wconf 85' lang='lat' dir='ltr'>XXXII.</span> 
     </span>
    </p>
   </div>
   <div class='ocr_carea' id='block_1_84' title="bbox 869 5049 1758 5098">
    <p class='ocr_par' dir='ltr' id='par_1_84' title="bbox 869 5049 1758 5098">
     <span class='ocr_line' id='line_1_85' title="bbox 869 5049 1758 5098; baseline 0.003 -3"><span class='ocrx_word' id='word_1_545' title='bbox 869 5052 951 5095; x_wconf 77' lang='lat' dir='ltr'>AD</span> <span class='ocrx_word' id='word_1_546' title='bbox 994 5049 1358 5097; x_wconf 75' lang='lat' dir='ltr'>GOISFRIDUM</span> <span class='ocrx_word' id='word_1_547' title='bbox 1402 5051 1758 5098; x_wconf 77' lang='lat' dir='ltr'>EPISCOPUM.</span> 
     </span>
    </p>
   </div>
   <div class='ocr_carea' id='block_1_85' title="bbox 504 5092 2099 5193">
    <p class='ocr_par' dir='ltr' id='par_1_85' title="bbox 504 5092 2099 5193">
     <span class='ocr_line' id='line_1_86' title="bbox 504 5092 2099 5193; baseline 0.001 -15"><span class='ocrx_word' id='word_1_548' title='bbox 504 5122 580 5183; x_wconf 79' lang='lat' dir='ltr'><strong>De</strong></span> <span class='ocrx_word' id='word_1_549' title='bbox 618 5092 1151 5178; x_wconf 59' lang='lat' dir='ltr'>sanctimoiu&#39;atibus</span> <span class='ocrx_word' id='word_1_550' title='bbox 1161 5092 1644 5193; x_wconf 43' lang='lat' dir='ltr'>professis—uetuit</span> <span class='ocrx_word' id='word_1_551' title='bbox 1656 5092 1858 5180; x_wconf 51' lang='lat' dir='ltr'>uitare</span> <span class='ocrx_word' id='word_1_552' title='bbox 1888 5127 2099 5186; x_wconf 83' lang='lat' dir='ltr'>oblatis,</span> 
     </span>
    </p>
   </div>
   <div class='ocr_carea' id='block_1_86' title="bbox 574 5195 2106 5267">
    <p class='ocr_par' dir='ltr' id='par_1_86' title="bbox 574 5195 2106 5267">
     <span class='ocr_line' id='line_1_87' title="bbox 574 5195 2106 5267; baseline 0.002 -20"><span class='ocrx_word' id='word_1_553' title='bbox 574 5198 625 5248; x_wconf 83' lang='lat' dir='ltr'>et</span> <span class='ocrx_word' id='word_1_554' title='bbox 650 5195 714 5248; x_wconf 78' lang='lat' dir='ltr'>de</span> <span class='ocrx_word' id='word_1_555' title='bbox 744 5196 820 5248; x_wconf 74' lang='lat' dir='ltr'>iis</span> <span class='ocrx_word' id='word_1_556' title='bbox 847 5211 967 5263; x_wconf 65' lang='lat' dir='ltr'>quas</span> <span class='ocrx_word' id='word_1_557' title='bbox 994 5210 1091 5248; x_wconf 78' lang='lat' dir='ltr'>nec</span> <span class='ocrx_word' id='word_1_558' title='bbox 1114 5199 1368 5262; x_wconf 58' lang='lat' dir='ltr'>pro/esse</span> <span class='ocrx_word' id='word_1_559' title='bbox 1391 5198 1471 5249; x_wconf 80' lang='lat' dir='ltr'>vel</span> <span class='ocrx_word' id='word_1_560' title='bbox 1493 5199 1699 5259; x_wconf 63' lang='lat' dir='ltr'>oblata,</span> <span class='ocrx_word' id='word_1_561' title='bbox 1731 5202 1831 5251; x_wconf 90' lang='lat' dir='ltr'>aut</span> <span class='ocrx_word' id='word_1_562' title='bbox 1855 5213 1975 5267; x_wconf 70' lang='lat' dir='ltr'>quae</span> <span class='ocrx_word' id='word_1_563' title='bbox 1996 5212 2106 5250; x_wconf 85' lang='lat' dir='ltr'>non</span> 
     </span>
    </p>
   </div>
   <div class='ocr_carea' id='block_1_87' title="bbox 575 5268 2032 5335">
    <p class='ocr_par' dir='ltr' id='par_1_87' title="bbox 575 5268 2032 5335">
     <span class='ocr_line' id='line_1_88' title="bbox 575 5268 2032 5335; baseline 0.001 -15"><span class='ocrx_word' id='word_1_564' title='bbox 575 5279 767 5320; x_wconf 76' lang='lat' dir='ltr'>amore</span> <span class='ocrx_word' id='word_1_565' title='bbox 792 5268 1082 5333; x_wconf 67' lang='lat' dir='ltr'>religionis</span> <span class='ocrx_word' id='word_1_566' title='bbox 1109 5268 1184 5319; x_wconf 82' lang='lat' dir='ltr'>ad</span> <span class='ocrx_word' id='word_1_567' title='bbox 1215 5270 1617 5322; x_wconf 72' lang='lat' dir='ltr'>monasterium</span> <span class='ocrx_word' id='word_1_568' title='bbox 1645 5270 2032 5335; x_wconf 81' lang='lat' dir='ltr'>confugerunt.</span> 
     </span>
    </p>
   </div>
   <div class='ocr_carea' id='block_1_88' title="bbox 577 5354 2103 5428">
    <p class='ocr_par' dir='ltr' id='par_1_88' title="bbox 577 5354 2103 5428">
     <span class='ocr_line' id='line_1_89' title="bbox 577 5354 2103 5428; baseline 0.001 -19"><span class='ocrx_word' id='word_1_569' title='bbox 577 5354 945 5410; x_wconf 65' lang='grc' dir='ltr'>[ιωιυικουε</span> <span class='ocrx_word' id='word_1_570' title='bbox 989 5354 1461 5427; x_wconf 85' lang='lat' dir='ltr'>archiepiscopus,</span> <span class='ocrx_word' id='word_1_571' title='bbox 1494 5355 1801 5410; x_wconf 83' lang='lat' dir='ltr'>venerabili</span> <span class='ocrx_word' id='word_1_572' title='bbox 1845 5356 2103 5428; x_wconf 87' lang='lat' dir='ltr'>episcopo</span> 
     </span>
    </p>
   </div>
   <div class='ocr_carea' id='block_1_89' title="bbox 504 5442 1518 5510">
    <p class='ocr_par' dir='ltr' id='par_1_89' title="bbox 504 5442 1518 5510">
     <span class='ocr_line' id='line_1_90' title="bbox 504 5442 1518 5510; baseline 0 -11"><span class='ocrx_word' id='word_1_573' title='bbox 504 5442 822 5510; x_wconf 72' lang='lat' dir='ltr'>Ooisnmo,</span> <span class='ocrx_word' id='word_1_574' title='bbox 853 5444 1095 5501; x_wconf 78' lang='lat' dir='ltr'>salutem</span> <span class='ocrx_word' id='word_1_575' title='bbox 1123 5450 1181 5499; x_wconf 85' lang='lat' dir='ltr'>et</span> <span class='ocrx_word' id='word_1_576' title='bbox 1211 5445 1518 5500; x_wconf 85' lang='lat' dir='ltr'>servitium.</span> 
     </span>
    </p>
   </div>
   <div class='ocr_carea' id='block_1_90' title="bbox 577 5530 2106 5606">
    <p class='ocr_par' dir='ltr' id='par_1_90' title="bbox 577 5530 2106 5606">
     <span class='ocr_line' id='line_1_91' title="bbox 577 5530 2106 5606; baseline 0.003 -20"><span class='ocrx_word' id='word_1_577' title='bbox 577 5530 662 5586; x_wconf 81' lang='lat' dir='ltr'><strong>De</strong></span> <span class='ocrx_word' id='word_1_578' title='bbox 699 5533 1240 5599; x_wconf 80' lang='lat' dir='ltr'>sanetimonialibus,</span> <span class='ocrx_word' id='word_1_579' title='bbox 1276 5534 1345 5589; x_wconf 89' lang='lat' dir='ltr'>de</span> <span class='ocrx_word' id='word_1_580' title='bbox 1376 5535 1580 5606; x_wconf 87' lang='lat' dir='ltr'>quibus</span> <span class='ocrx_word' id='word_1_581' title='bbox 1616 5533 1941 5589; x_wconf 83' lang='lat' dir='ltr'>dulcissima</span> <span class='ocrx_word' id='word_1_582' title='bbox 1966 5535 2106 5591; x_wconf 89' lang='lat' dir='ltr'>mihi</span> 
     </span>
    </p>
   </div>
   <div class='ocr_carea' id='block_1_91' title="bbox 506 5619 2106 5692">
    <p class='ocr_par' dir='ltr' id='par_1_91' title="bbox 506 5619 2106 5692">
     <span class='ocr_line' id='line_1_92' title="bbox 506 5619 2106 5692; baseline 0.003 -17"><span class='ocrx_word' id='word_1_583' title='bbox 506 5619 824 5692; x_wconf 59' lang='lat' dir='ltr'>patentius</span> <span class='ocrx_word' id='word_1_584' title='bbox 861 5629 1050 5678; x_wconf 74' lang='lat' dir='ltr'>vestra</span> <span class='ocrx_word' id='word_1_585' title='bbox 1089 5623 1161 5678; x_wconf 78' lang='lat' dir='ltr'>ad</span> <span class='ocrx_word' id='word_1_586' title='bbox 1211 5639 1302 5678; x_wconf 89' lang='lat' dir='ltr'>me</span> <span class='ocrx_word' id='word_1_587' title='bbox 1342 5624 1561 5682; x_wconf 76' lang='lat' dir='ltr'>litteras</span> <span class='ocrx_word' id='word_1_588' title='bbox 1598 5623 1773 5691; x_wconf 84' lang='lat' dir='ltr'>misit,</span> <span class='ocrx_word' id='word_1_589' title='bbox 1818 5624 1924 5679; x_wconf 88' lang='lat' dir='ltr'>hoc</span> <span class='ocrx_word' id='word_1_590' title='bbox 1951 5624 2106 5680; x_wconf 82' lang='lat' dir='ltr'>vobis</span> 
     </span>
    </p>
   </div>
   <div class='ocr_carea' id='block_1_92' title="bbox 2179 3129 3783 3202">
    <p class='ocr_par' dir='ltr' id='par_1_92' title="bbox 2179 3129 3783 3202">
     <span class='ocr_line' id='line_1_93' title="bbox 2179 3129 3783 3202; baseline 0 -17"><span class='ocrx_word' id='word_1_591' title='bbox 2179 3146 2304 3185; x_wconf 89' lang='lat' dir='ltr'>sum</span> <span class='ocrx_word' id='word_1_592' title='bbox 2336 3129 2490 3184; x_wconf 91' lang='lat' dir='ltr'>vobis</span> <span class='ocrx_word' id='word_1_593' title='bbox 2518 3129 2771 3189; x_wconf 81' lang='lat' dir='ltr'>referret,</span> <span class='ocrx_word' id='word_1_594' title='bbox 2804 3130 3061 3200; x_wconf 87' lang='lat' dir='ltr'>petitioni</span> <span class='ocrx_word' id='word_1_595' title='bbox 3090 3136 3295 3185; x_wconf 71' lang='lat' dir='ltr'>nostrae</span> <span class='ocrx_word' id='word_1_596' title='bbox 3323 3130 3583 3184; x_wconf 77' lang='lat' dir='ltr'>etfectum</span> <span class='ocrx_word' id='word_1_597' title='bbox 3602 3147 3783 3202; x_wconf 84' lang='lat' dir='ltr'>nega-</span> 
     </span>
    </p>
   </div>
   <div class='ocr_carea' id='block_1_93' title="bbox 2179 3217 3784 3288">
    <p class='ocr_par' dir='ltr' id='par_1_93' title="bbox 2179 3217 3784 3288">
     <span class='ocr_line' id='line_1_94' title="bbox 2179 3217 3784 3288; baseline 0.001 -16"><span class='ocrx_word' id='word_1_598' title='bbox 2179 3217 2277 3283; x_wconf 80' lang='lat' dir='ltr'>vit,</span> <span class='ocrx_word' id='word_1_599' title='bbox 2308 3222 2366 3271; x_wconf 88' lang='lat' dir='ltr'>et</span> <span class='ocrx_word' id='word_1_600' title='bbox 2391 3234 2450 3271; x_wconf 90' lang='lat' dir='ltr'>se</span> <span class='ocrx_word' id='word_1_601' title='bbox 2477 3217 2690 3271; x_wconf 88' lang='lat' dir='ltr'>diutius</span> <span class='ocrx_word' id='word_1_602' title='bbox 2711 3234 2823 3271; x_wconf 91' lang='lat' dir='ltr'>non</span> <span class='ocrx_word' id='word_1_603' title='bbox 2843 3234 3003 3288; x_wconf 90' lang='lat' dir='ltr'>posse</span> <span class='ocrx_word' id='word_1_604' title='bbox 3022 3220 3229 3272; x_wconf 91' lang='lat' dir='ltr'>morari</span> <span class='ocrx_word' id='word_1_605' title='bbox 3250 3219 3442 3273; x_wconf 91' lang='lat' dir='ltr'>multis</span> <span class='ocrx_word' id='word_1_606' title='bbox 3458 3219 3784 3273; x_wconf 87' lang='lat' dir='ltr'>assertioni-</span> 
     </span>
    </p>
   </div>
   <div class='ocr_carea' id='block_1_94' title="bbox 2179 3305 3783 3377">
    <p class='ocr_par' dir='ltr' id='par_1_94' title="bbox 2179 3305 3783 3377">
     <span class='ocr_line' id='line_1_95' title="bbox 2179 3305 3783 3377; baseline 0.003 -18"><span class='ocrx_word' id='word_1_607' title='bbox 2179 3305 2284 3361; x_wconf 91' lang='lat' dir='ltr'>bus</span> <span class='ocrx_word' id='word_1_608' title='bbox 2293 3306 2569 3376; x_wconf 88' lang='lat' dir='ltr'>allegavit.</span> <span class='ocrx_word' id='word_1_609' title='bbox 2582 3307 2778 3377; x_wconf 90' lang='lat' dir='ltr'>Itaque</span> <span class='ocrx_word' id='word_1_610' title='bbox 2794 3306 3172 3360; x_wconf 90' lang='lat' dir='ltr'>dulcissimam</span> <span class='ocrx_word' id='word_1_611' title='bbox 3190 3306 3348 3361; x_wconf 90' lang='lat' dir='ltr'>nobis</span> <span class='ocrx_word' id='word_1_612' title='bbox 3361 3308 3783 3364; x_wconf 81' lang='lat' dir='ltr'>fraternitatem</span> 
     </span>
    </p>
   </div>
   <div class='ocr_carea' id='block_1_95' title="bbox 2180 3395 3780 3471">
    <p class='ocr_par' dir='ltr' id='par_1_95' title="bbox 2180 3395 3780 3471">
     <span class='ocr_line' id='line_1_96' title="bbox 2180 3395 3780 3471; baseline 0.004 -22"><span class='ocrx_word' id='word_1_613' title='bbox 2180 3401 2421 3450; x_wconf 80' lang='lat' dir='ltr'>vestram</span> <span class='ocrx_word' id='word_1_614' title='bbox 2452 3399 2689 3465; x_wconf 86' lang='lat' dir='ltr'>paterna</span> <span class='ocrx_word' id='word_1_615' title='bbox 2736 3395 3009 3449; x_wconf 88' lang='lat' dir='ltr'>charitate</span> <span class='ocrx_word' id='word_1_616' title='bbox 3044 3412 3339 3451; x_wconf 90' lang='lat' dir='ltr'>monemus</span> <span class='ocrx_word' id='word_1_617' title='bbox 3380 3414 3452 3452; x_wconf 89' lang='lat' dir='ltr'>ne</span> <span class='ocrx_word' id='word_1_618' title='bbox 3481 3397 3780 3471; x_wconf 87' lang='lat' dir='ltr'>indignum</span> 
     </span>
    </p>
   </div>
   <div class='ocr_carea' id='block_1_96' title="bbox 2179 3487 3784 3567">
    <p class='ocr_par' dir='ltr' id='par_1_96' title="bbox 2179 3487 3784 3567">
     <span class='ocr_line' id='line_1_97' title="bbox 2179 3487 3784 3567; baseline 0.005 -26"><span class='ocrx_word' id='word_1_619' title='bbox 2179 3487 2334 3542; x_wconf 86' lang='lat' dir='ltr'>vobis</span> <span class='ocrx_word' id='word_1_620' title='bbox 2364 3488 2439 3542; x_wconf 90' lang='lat' dir='ltr'>sit</span> <span class='ocrx_word' id='word_1_621' title='bbox 2463 3488 2609 3558; x_wconf 91' lang='lat' dir='ltr'>quod</span> <span class='ocrx_word' id='word_1_622' title='bbox 2645 3488 2715 3541; x_wconf 89' lang='lat' dir='ltr'>de</span> <span class='ocrx_word' id='word_1_623' title='bbox 2743 3492 2904 3541; x_wconf 85' lang='lat' dir='ltr'>tanta</span> <span class='ocrx_word' id='word_1_624' title='bbox 2930 3505 2992 3542; x_wconf 91' lang='lat' dir='ltr'>re</span> <span class='ocrx_word' id='word_1_625' title='bbox 3031 3494 3149 3543; x_wconf 88' lang='lat' dir='ltr'>tam</span> <span class='ocrx_word' id='word_1_626' title='bbox 3190 3487 3432 3545; x_wconf 89' lang='lat' dir='ltr'>breviter</span> <span class='ocrx_word' id='word_1_627' title='bbox 3471 3493 3784 3567; x_wconf 90' lang='lat' dir='ltr'>responde-</span> 
     </span>
    </p>
   </div>
   <div class='ocr_carea' id='block_1_97' title="bbox 2181 3593 2328 3633">
    <p class='ocr_par' dir='ltr' id='par_1_97' title="bbox 2181 3593 2328 3633">
     <span class='ocr_line' id='line_1_98' title="bbox 2181 3593 2328 3633; baseline 0.02 -3"><span class='ocrx_word' id='word_1_628' title='bbox 2181 3593 2328 3633; x_wconf 91' lang='lat' dir='ltr'>mus.</span> 
     </span>
    </p>
   </div>
   <div class='ocr_carea' id='block_1_98' title="bbox 2256 3663 3786 3737">
    <p class='ocr_par' dir='ltr' id='par_1_98' title="bbox 2256 3663 3786 3737">
     <span class='ocr_line' id='line_1_99' title="bbox 2256 3663 3786 3737; baseline 0.004 -21"><span class='ocrx_word' id='word_1_629' title='bbox 2256 3663 2490 3729; x_wconf 88' lang='lat' dir='ltr'>Revera,</span> <span class='ocrx_word' id='word_1_630' title='bbox 2523 3668 2579 3716; x_wconf 92' lang='lat' dir='ltr'>et</span> <span class='ocrx_word' id='word_1_631' title='bbox 2607 3666 2800 3735; x_wconf 92' lang='lat' dir='ltr'>procul</span> <span class='ocrx_word' id='word_1_632' title='bbox 2828 3668 2990 3737; x_wconf 89' lang='lat' dir='ltr'>pulsa</span> <span class='ocrx_word' id='word_1_633' title='bbox 3008 3667 3161 3720; x_wconf 90' lang='lat' dir='ltr'>omni</span> <span class='ocrx_word' id='word_1_634' title='bbox 3180 3666 3567 3737; x_wconf 89' lang='lat' dir='ltr'>ambiguitate,</span> <span class='ocrx_word' id='word_1_635' title='bbox 3590 3668 3786 3722; x_wconf 87' lang='lat' dir='ltr'>sciatis</span> 
     </span>
    </p>
   </div>
   <div class='ocr_carea' id='block_1_99' title="bbox 2185 3755 3786 3827">
    <p class='ocr_par' dir='ltr' id='par_1_99' title="bbox 2185 3755 3786 3827">
     <span class='ocr_line' id='line_1_100' title="bbox 2185 3755 3786 3827; baseline 0.004 -23"><span class='ocrx_word' id='word_1_636' title='bbox 2185 3768 2366 3822; x_wconf 89' lang='lat' dir='ltr'>neque</span> <span class='ocrx_word' id='word_1_637' title='bbox 2402 3755 2811 3809; x_wconf 89' lang='lat' dir='ltr'>transmarinas</span> <span class='ocrx_word' id='word_1_638' title='bbox 2850 3755 3151 3822; x_wconf 89' lang='lat' dir='ltr'>Ecclesias,</span> <span class='ocrx_word' id='word_1_639' title='bbox 3192 3772 3374 3827; x_wconf 89' lang='lat' dir='ltr'>neque</span> <span class='ocrx_word' id='word_1_640' title='bbox 3411 3772 3513 3810; x_wconf 92' lang='lat' dir='ltr'>nos</span> <span class='ocrx_word' id='word_1_641' title='bbox 3569 3758 3786 3827; x_wconf 75' lang='lat' dir='ltr'>Anglos</span> 
     </span>
    </p>
   </div>
   <div class='ocr_carea' id='block_1_100' title="bbox 2184 3841 3782 3917">
    <p class='ocr_par' dir='ltr' id='par_1_100' title="bbox 2184 3841 3782 3917">
     <span class='ocr_line' id='line_1_101' title="bbox 2184 3841 3782 3917; baseline 0.004 -23"><span class='ocrx_word' id='word_1_642' title='bbox 2184 3841 2328 3895; x_wconf 89' lang='lat' dir='ltr'>hanc</span> <span class='ocrx_word' id='word_1_643' title='bbox 2353 3842 2422 3895; x_wconf 90' lang='lat' dir='ltr'>de</span> <span class='ocrx_word' id='word_1_644' title='bbox 2453 3842 2760 3898; x_wconf 84' lang='lat' dir='ltr'>infantibus</span> <span class='ocrx_word' id='word_1_645' title='bbox 2783 3849 2977 3899; x_wconf 90' lang='lat' dir='ltr'>tenere</span> <span class='ocrx_word' id='word_1_646' title='bbox 3003 3846 3339 3900; x_wconf 87' lang='lat' dir='ltr'>sententiam</span> <span class='ocrx_word' id='word_1_647' title='bbox 3361 3862 3530 3916; x_wconf 86' lang='lat' dir='ltr'>quam</span> <span class='ocrx_word' id='word_1_648' title='bbox 3546 3848 3782 3917; x_wconf 89' lang='lat' dir='ltr'>putatis.</span> 
     </span>
    </p>
   </div>
   <div class='ocr_carea' id='block_1_101' title="bbox 2186 3929 3787 4001">
    <p class='ocr_par' dir='ltr' id='par_1_101' title="bbox 2186 3929 3787 4001">
     <span class='ocr_line' id='line_1_102' title="bbox 2186 3929 3787 4001; baseline 0.004 -19"><span class='ocrx_word' id='word_1_649' title='bbox 2186 3929 2479 3984; x_wconf 90' lang='lat' dir='ltr'>Credimus</span> <span class='ocrx_word' id='word_1_650' title='bbox 2500 3932 2647 3984; x_wconf 89' lang='lat' dir='ltr'>enim</span> <span class='ocrx_word' id='word_1_651' title='bbox 2667 3934 3008 4001; x_wconf 84' lang='lat' dir='ltr'>generaliter</span> <span class='ocrx_word' id='word_1_652' title='bbox 3026 3951 3220 3988; x_wconf 89' lang='lat' dir='ltr'>omnes</span> <span class='ocrx_word' id='word_1_653' title='bbox 3241 3932 3500 3988; x_wconf 90' lang='lat' dir='ltr'>omnibus</span> <span class='ocrx_word' id='word_1_654' title='bbox 3522 3933 3787 3989; x_wconf 67' lang='lat' dir='ltr'>aetatibus</span> 
     </span>
    </p>
   </div>
   <div class='ocr_carea' id='block_1_102' title="bbox 2185 4018 3787 4095">
    <p class='ocr_par' dir='ltr' id='par_1_102' title="bbox 2185 4018 3787 4095">
     <span class='ocr_line' id='line_1_103' title="bbox 2185 4018 3787 4095; baseline 0.003 -24"><span class='ocrx_word' id='word_1_655' title='bbox 2185 4018 2490 4091; x_wconf 88' lang='lat' dir='ltr'>plurimum</span> <span class='ocrx_word' id='word_1_656' title='bbox 2535 4021 2792 4092; x_wconf 84' lang='lat' dir='ltr'>expedire</span> <span class='ocrx_word' id='word_1_657' title='bbox 2838 4029 2953 4076; x_wconf 89' lang='lat' dir='ltr'>tam</span> <span class='ocrx_word' id='word_1_658' title='bbox 2991 4023 3238 4078; x_wconf 88' lang='lat' dir='ltr'>viventes</span> <span class='ocrx_word' id='word_1_659' title='bbox 3281 4040 3451 4095; x_wconf 87' lang='lat' dir='ltr'>quam</span> <span class='ocrx_word' id='word_1_660' title='bbox 3480 4024 3787 4078; x_wconf 81' lang='lat' dir='ltr'>morientes</span> 
     </span>
    </p>
   </div>
   <div class='ocr_carea' id='block_1_103' title="bbox 2186 4106 3788 4183">
    <p class='ocr_par' dir='ltr' id='par_1_103' title="bbox 2186 4106 3788 4183">
     <span class='ocr_line' id='line_1_104' title="bbox 2186 4106 3788 4183; baseline 0.001 -19"><span class='ocrx_word' id='word_1_661' title='bbox 2186 4106 2461 4164; x_wconf 87' lang='lat' dir='ltr'>Dominici</span> <span class='ocrx_word' id='word_1_662' title='bbox 2517 4110 2765 4180; x_wconf 90' lang='lat' dir='ltr'>corporis</span> <span class='ocrx_word' id='word_1_663' title='bbox 2812 4118 2869 4166; x_wconf 92' lang='lat' dir='ltr'>et</span> <span class='ocrx_word' id='word_1_664' title='bbox 2915 4112 3207 4183; x_wconf 84' lang='lat' dir='ltr'>sanguinis</span> <span class='ocrx_word' id='word_1_665' title='bbox 3258 4113 3617 4183; x_wconf 89' lang='lat' dir='ltr'>perceptione</span> <span class='ocrx_word' id='word_1_666' title='bbox 3663 4130 3788 4166; x_wconf 89' lang='lat' dir='ltr'>sese</span> 
     </span>
    </p>
   </div>
   <div class='ocr_carea' id='block_1_104' title="bbox 2185 4196 3791 4270">
    <p class='ocr_par' dir='ltr' id='par_1_104' title="bbox 2185 4196 3791 4270">
     <span class='ocr_line' id='line_1_105' title="bbox 2185 4196 3791 4270; baseline 0.003 -21"><span class='ocrx_word' id='word_1_667' title='bbox 2185 4196 2427 4251; x_wconf 89' lang='lat' dir='ltr'>munire.</span> <span class='ocrx_word' id='word_1_668' title='bbox 2453 4198 2568 4251; x_wconf 84' lang='lat' dir='ltr'>Nec</span> <span class='ocrx_word' id='word_1_669' title='bbox 2590 4203 2798 4259; x_wconf 88' lang='lat' dir='ltr'>tamen,</span> <span class='ocrx_word' id='word_1_670' title='bbox 2824 4200 2890 4265; x_wconf 91' lang='lat' dir='ltr'>si,</span> <span class='ocrx_word' id='word_1_671' title='bbox 2917 4201 3240 4270; x_wconf 84' lang='lat' dir='ltr'>priusquam</span> <span class='ocrx_word' id='word_1_672' title='bbox 3265 4216 3466 4269; x_wconf 89' lang='lat' dir='ltr'>corpus</span> <span class='ocrx_word' id='word_1_673' title='bbox 3491 4200 3705 4255; x_wconf 87' lang='lat' dir='ltr'>Christi</span> <span class='ocrx_word' id='word_1_674' title='bbox 3734 4207 3791 4254; x_wconf 92' lang='lat' dir='ltr'>et</span> 
     </span>
    </p>
   </div>
   <div class='ocr_carea' id='block_1_105' title="bbox 2184 4286 3789 4360">
    <p class='ocr_par' dir='ltr' id='par_1_105' title="bbox 2184 4286 3789 4360">
     <span class='ocr_line' id='line_1_106' title="bbox 2184 4286 3789 4360; baseline 0.004 -22"><span class='ocrx_word' id='word_1_675' title='bbox 2184 4286 2516 4356; x_wconf 88' lang='lat' dir='ltr'>sanguinem</span> <span class='ocrx_word' id='word_1_676' title='bbox 2547 4294 2791 4353; x_wconf 89' lang='lat' dir='ltr'>sumant,</span> <span class='ocrx_word' id='word_1_677' title='bbox 2825 4289 3101 4359; x_wconf 89' lang='lat' dir='ltr'>contingit</span> <span class='ocrx_word' id='word_1_678' title='bbox 3139 4289 3451 4360; x_wconf 87' lang='lat' dir='ltr'>baptizatos</span> <span class='ocrx_word' id='word_1_679' title='bbox 3494 4291 3691 4344; x_wconf 89' lang='lat' dir='ltr'>statim</span> <span class='ocrx_word' id='word_1_680' title='bbox 3722 4291 3789 4345; x_wconf 90' lang='lat' dir='ltr'>de</span> 
     </span>
    </p>
   </div>
   <div class='ocr_carea' id='block_1_106' title="bbox 2186 4373 3790 4449">
    <p class='ocr_par' dir='ltr' id='par_1_106' title="bbox 2186 4373 3790 4449">
     <span class='ocr_line' id='line_1_107' title="bbox 2186 4373 3790 4449; baseline 0.003 -22"><span class='ocrx_word' id='word_1_681' title='bbox 2186 4373 2292 4428; x_wconf 87' lang='lat' dir='ltr'>hoc</span> <span class='ocrx_word' id='word_1_682' title='bbox 2320 4376 2521 4429; x_wconf 78' lang='lat' dir='ltr'>saeculo</span> <span class='ocrx_word' id='word_1_683' title='bbox 2550 4376 2651 4441; x_wconf 89' lang='lat' dir='ltr'>ire,</span> <span class='ocrx_word' id='word_1_684' title='bbox 2680 4377 2961 4431; x_wconf 90' lang='lat' dir='ltr'>ullatenus</span> <span class='ocrx_word' id='word_1_685' title='bbox 2988 4378 3267 4431; x_wconf 89' lang='lat' dir='ltr'>credimus</span> <span class='ocrx_word' id='word_1_686' title='bbox 3297 4393 3411 4444; x_wconf 90' lang='lat' dir='ltr'>eos,</span> <span class='ocrx_word' id='word_1_687' title='bbox 3444 4376 3596 4449; x_wconf 90' lang='lat' dir='ltr'>quod</span> <span class='ocrx_word' id='word_1_688' title='bbox 3638 4380 3790 4433; x_wconf 90' lang='lat' dir='ltr'>Deus</span> 
     </span>
    </p>
   </div>
   <div class='ocr_carea' id='block_1_107' title="bbox 2186 4555 3787 4628">
    <p class='ocr_par' dir='ltr' id='par_1_107' title="bbox 2186 4555 3787 4628">
     <span class='ocr_line' id='line_1_108' title="bbox 2186 4555 3787 4628; baseline 0.002 -21"><span class='ocrx_word' id='word_1_689' title='bbox 2186 4555 2392 4608; x_wconf 88' lang='lat' dir='ltr'>veritas</span> <span class='ocrx_word' id='word_1_690' title='bbox 2420 4571 2532 4609; x_wconf 90' lang='lat' dir='ltr'>non</span> <span class='ocrx_word' id='word_1_691' title='bbox 2570 4563 2717 4610; x_wconf 88' lang='lat' dir='ltr'>esset</span> <span class='ocrx_word' id='word_1_692' title='bbox 2746 4573 2931 4621; x_wconf 78' lang='lat' dir='ltr'>verax,</span> <span class='ocrx_word' id='word_1_693' title='bbox 2967 4574 3089 4628; x_wconf 60' lang='lat' dir='ltr'>quae</span> <span class='ocrx_word' id='word_1_694' title='bbox 3118 4556 3255 4610; x_wconf 88' lang='lat' dir='ltr'>dicit</span> <span class='ocrx_word' id='word_1_695' title='bbox 3286 4576 3298 4612; x_wconf 89' lang='lat'><strong>:</strong></span> <span class='ocrx_word' id='word_1_696' title='bbox 3348 4557 3455 4623; x_wconf 79' lang='lat' dir='ltr'>Qui</span> <span class='ocrx_word' id='word_1_697' title='bbox 3481 4559 3787 4612; x_wconf 72' lang='lat' dir='ltr'>crediderit</span> 
     </span>
    </p>
   </div>
   <div class='ocr_carea' id='block_1_108' title="bbox 2187 4645 3792 4715">
    <p class='ocr_par' dir='ltr' id='par_1_108' title="bbox 2187 4645 3792 4715">
     <span class='ocr_line' id='line_1_109' title="bbox 2187 4645 3792 4715; baseline 0.003 -18"><span class='ocrx_word' id='word_1_698' title='bbox 2187 4649 2235 4697; x_wconf 87' lang='lat' dir='ltr'>et</span> <span class='ocrx_word' id='word_1_699' title='bbox 2267 4646 2577 4712; x_wconf 72' lang='lat' dir='ltr'>baptizatus</span> <span class='ocrx_word' id='word_1_700' title='bbox 2604 4648 2796 4713; x_wconf 76' lang='lat' dir='ltr'>fuerit,</span> <span class='ocrx_word' id='word_1_701' title='bbox 2832 4650 3017 4699; x_wconf 60' lang='lat' dir='ltr'>salvus</span> <span class='ocrx_word' id='word_1_702' title='bbox 3055 4650 3161 4700; x_wconf 81' lang='lat' dir='ltr'>erit</span> <span class='ocrx_word' id='word_1_703' title='bbox 3195 4647 3390 4715; x_wconf 77' lang='lat' dir='ltr'>(Marc.</span> <span class='ocrx_word' id='word_1_704' title='bbox 3429 4661 3542 4711; x_wconf 77' lang='lat' dir='ltr'>va,</span> <span class='ocrx_word' id='word_1_705' title='bbox 3574 4645 3691 4713; x_wconf 68' lang='lat'>‘16}.</span> <span class='ocrx_word' id='word_1_706' title='bbox 3725 4648 3792 4701; x_wconf 87' lang='lat' dir='ltr'>Et</span> 
     </span>
    </p>
   </div>
   <div class='ocr_carea' id='block_1_109' title="bbox 2189 4734 3792 4803">
    <p class='ocr_par' dir='ltr' id='par_1_109' title="bbox 2189 4734 3792 4803">
     <span class='ocr_line' id='line_1_110' title="bbox 2189 4734 3792 4803; baseline 0.002 -18"><span class='ocrx_word' id='word_1_707' title='bbox 2189 4748 2288 4802; x_wconf 88' lang='lat' dir='ltr'>per</span> <span class='ocrx_word' id='word_1_708' title='bbox 2316 4734 2643 4803; x_wconf 87' lang='lat' dir='ltr'>prophetam</span> <span class='ocrx_word' id='word_1_709' title='bbox 2680 4753 2692 4787; x_wconf 90' lang='lat'><strong>:</strong></span> <span class='ocrx_word' id='word_1_710' title='bbox 2731 4736 3024 4801; x_wconf 75' lang='lat' dir='ltr'>E/fundam</span> <span class='ocrx_word' id='word_1_711' title='bbox 3052 4750 3217 4803; x_wconf 81' lang='lat' dir='ltr'>super</span> <span class='ocrx_word' id='word_1_712' title='bbox 3244 4749 3332 4787; x_wconf 87' lang='lat' dir='ltr'>vos</span> <span class='ocrx_word' id='word_1_713' title='bbox 3378 4750 3584 4803; x_wconf 85' lang='lat' dir='ltr'>aquam</span> <span class='ocrx_word' id='word_1_714' title='bbox 3616 4750 3792 4789; x_wconf 85' lang='lat' dir='ltr'>mun-</span> 
     </span>
    </p>
   </div>
   <div class='ocr_carea' id='block_1_110' title="bbox 2186 4823 3791 4892">
    <p class='ocr_par' dir='ltr' id='par_1_110' title="bbox 2186 4823 3791 4892">
     <span class='ocr_line' id='line_1_111' title="bbox 2186 4823 3791 4892; baseline 0.002 -17"><span class='ocrx_word' id='word_1_715' title='bbox 2186 4823 2337 4888; x_wconf 82' lang='lat' dir='ltr'>dam,</span> <span class='ocrx_word' id='word_1_716' title='bbox 2397 4828 2446 4875; x_wconf 78' lang='lat' dir='ltr'>et</span> <span class='ocrx_word' id='word_1_717' title='bbox 2500 4826 2924 4876; x_wconf 81' lang='lat' dir='ltr'>mundabimini</span> <span class='ocrx_word' id='word_1_718' title='bbox 2977 4826 3046 4877; x_wconf 85' lang='lat' dir='ltr'>ab</span> <span class='ocrx_word' id='word_1_719' title='bbox 3092 4825 3348 4878; x_wconf 84' lang='lat' dir='ltr'>omnibus</span> <span class='ocrx_word' id='word_1_720' title='bbox 3392 4826 3791 4892; x_wconf 78' lang='lat' dir='ltr'>iniquitatibus</span> 
     </span>
    </p>
   </div>
   <div class='ocr_carea' id='block_1_111' title="bbox 2186 4910 3791 4984">
    <p class='ocr_par' dir='ltr' id='par_1_111' title="bbox 2186 4910 3791 4984">
     <span class='ocr_line' id='line_1_112' title="bbox 2186 4910 3791 4984; baseline 0.002 -20"><span class='ocrx_word' id='word_1_721' title='bbox 2186 4914 2382 4964; x_wconf 74' lang='lat' dir='ltr'>vestris</span> <span class='ocrx_word' id='word_1_722' title='bbox 2414 4913 2619 4980; x_wconf 78' lang='lat' dir='ltr'>(Ezech.</span> <span class='ocrx_word' id='word_1_723' title='bbox 2655 4925 2839 4977; x_wconf 85' lang='lat' dir='ltr'>xxva,</span> <span class='ocrx_word' id='word_1_724' title='bbox 2873 4910 3000 4981; x_wconf 76' lang='lat'><strong>27);</strong></span> <span class='ocrx_word' id='word_1_725' title='bbox 3045 4913 3205 4976; x_wconf 85' lang='lat' dir='ltr'>Quod</span> <span class='ocrx_word' id='word_1_726' title='bbox 3228 4913 3321 4967; x_wconf 80' lang='lat' dir='ltr'>‘de</span> <span class='ocrx_word' id='word_1_727' title='bbox 3358 4912 3641 4984; x_wconf 88' lang='lat' dir='ltr'>baptismo</span> <span class='ocrx_word' id='word_1_728' title='bbox 3671 4930 3791 4968; x_wconf 90' lang='lat' dir='ltr'>esse</span> 
     </span>
    </p>
   </div>
   <div class='ocr_carea' id='block_1_112' title="bbox 2185 4998 3790 5071">
    <p class='ocr_par' dir='ltr' id='par_1_112' title="bbox 2185 4998 3790 5071">
     <span class='ocr_line' id='line_1_113' title="bbox 2185 4998 3790 5071; baseline 0.002 -18"><span class='ocrx_word' id='word_1_729' title='bbox 2185 4998 2399 5053; x_wconf 90' lang='lat' dir='ltr'>dictum</span> <span class='ocrx_word' id='word_1_730' title='bbox 2456 5015 2650 5053; x_wconf 91' lang='lat' dir='ltr'>omnes</span> <span class='ocrx_word' id='word_1_731' title='bbox 2701 5000 2870 5070; x_wconf 89' lang='lat' dir='ltr'>hujus</span> <span class='ocrx_word' id='word_1_732' title='bbox 2928 5002 3220 5055; x_wconf 69' lang='lat' dir='ltr'>sententiae</span> <span class='ocrx_word' id='word_1_733' title='bbox 3275 5002 3620 5071; x_wconf 81' lang='lat' dir='ltr'>expositores</span> <span class='ocrx_word' id='word_1_734' title='bbox 3659 5017 3790 5057; x_wconf 87' lang='lat' dir='ltr'>con-</span> 
     </span>
    </p>
   </div>
   <div class='ocr_carea' id='block_1_113' title="bbox 2186 5089 3790 5162">
    <p class='ocr_par' dir='ltr' id='par_1_113' title="bbox 2186 5089 3790 5162">
     <span class='ocr_line' id='line_1_114' title="bbox 2186 5089 3790 5162; baseline 0.004 -21"><span class='ocrx_word' id='word_1_735' title='bbox 2186 5089 2430 5142; x_wconf 89' lang='lat' dir='ltr'>corditer</span> <span class='ocrx_word' id='word_1_736' title='bbox 2474 5096 2814 5143; x_wconf 88' lang='lat' dir='ltr'>asseverant.</span> <span class='ocrx_word' id='word_1_737' title='bbox 2847 5091 2916 5144; x_wconf 91' lang='lat' dir='ltr'>Et</span> <span class='ocrx_word' id='word_1_738' title='bbox 2953 5091 3154 5145; x_wconf 90' lang='lat' dir='ltr'>Petrus</span> <span class='ocrx_word' id='word_1_739' title='bbox 3199 5092 3485 5162; x_wconf 81' lang='lat' dir='ltr'>apostolus</span> <span class='ocrx_word' id='word_1_740' title='bbox 3525 5105 3541 5146; x_wconf 88' lang='lat'><strong>:</strong></span> <span class='ocrx_word' id='word_1_741' title='bbox 3581 5092 3649 5145; x_wconf 85' lang='lat' dir='ltr'>Et</span> <span class='ocrx_word' id='word_1_742' title='bbox 3704 5108 3790 5147; x_wconf 81' lang='lat' dir='ltr'>ves</span> 
     </span>
    </p>
   </div>
   <div class='ocr_carea' id='block_1_114' title="bbox 2187 5181 3785 5249">
    <p class='ocr_par' dir='ltr' id='par_1_114' title="bbox 2187 5181 3785 5249">
     <span class='ocr_line' id='line_1_115' title="bbox 2187 5181 3785 5249; baseline 0.002 -19"><span class='ocrx_word' id='word_1_743' title='bbox 2187 5194 2341 5231; x_wconf 84' lang='lat' dir='ltr'>nunc</span> <span class='ocrx_word' id='word_1_744' title='bbox 2375 5181 2579 5231; x_wconf 77' lang='lat' dir='ltr'>similis</span> <span class='ocrx_word' id='word_1_745' title='bbox 2622 5181 2815 5246; x_wconf 70' lang='lat' dir='ltr'>forma:</span> <span class='ocrx_word' id='word_1_746' title='bbox 2850 5183 3024 5234; x_wconf 83' lang='lat' dir='ltr'>salvos</span> <span class='ocrx_word' id='word_1_747' title='bbox 3062 5183 3199 5248; x_wconf 78' lang='lat' dir='ltr'>facit</span> <span class='ocrx_word' id='word_1_748' title='bbox 3249 5183 3527 5249; x_wconf 84' lang='lat' dir='ltr'>baptisma</span> <span class='ocrx_word' id='word_1_749' title='bbox 3567 5182 3618 5249; x_wconf 87' lang='lat'>(1</span> <span class='ocrx_word' id='word_1_750' title='bbox 3645 5184 3785 5236; x_wconf 64' lang='lat' dir='ltr'>Patr.</span> 
     </span>
    </p>
   </div>
   <div class='ocr_carea' id='block_1_115' title="bbox 2193 5266 3791 5339">
    <p class='ocr_par' dir='ltr' id='par_1_115' title="bbox 2193 5266 3791 5339">
     <span class='ocr_line' id='line_1_116' title="bbox 2193 5266 3791 5339; baseline 0.001 -18"><span class='ocrx_word' id='word_1_751' title='bbox 2193 5282 2278 5335; x_wconf 84' lang='lat' dir='ltr'><strong>III,</strong></span> <span class='ocrx_word' id='word_1_752' title='bbox 2310 5266 2417 5328; x_wconf 68' lang='grc' dir='ltr'>Ἡ).</span> <span class='ocrx_word' id='word_1_753' title='bbox 2452 5267 2521 5321; x_wconf 88' lang='lat' dir='ltr'>Et</span> <span class='ocrx_word' id='word_1_754' title='bbox 2567 5268 2775 5322; x_wconf 87' lang='lat' dir='ltr'>Paulus</span> <span class='ocrx_word' id='word_1_755' title='bbox 2812 5269 3100 5339; x_wconf 87' lang='lat' dir='ltr'>apostolus</span> <span class='ocrx_word' id='word_1_756' title='bbox 3132 5286 3144 5322; x_wconf 90' lang='lat'><strong>:</strong></span> <span class='ocrx_word' id='word_1_757' title='bbox 3183 5272 3450 5337; x_wconf 79' lang='lat' dir='ltr'>Quotquot</span> <span class='ocrx_word' id='word_1_758' title='bbox 3480 5273 3545 5323; x_wconf 87' lang='lat' dir='ltr'>in</span> <span class='ocrx_word' id='word_1_759' title='bbox 3577 5270 3791 5323; x_wconf 77' lang='lat' dir='ltr'>Christo</span> 
     </span>
    </p>
   </div>
   <div class='ocr_carea' id='block_1_116' title="bbox 2188 5357 3788 5428">
    <p class='ocr_par' dir='ltr' id='par_1_116' title="bbox 2188 5357 3788 5428">
     <span class='ocr_line' id='line_1_117' title="bbox 2188 5357 3788 5428; baseline 0.002 -18"><span class='ocrx_word' id='word_1_760' title='bbox 2188 5359 2460 5425; x_wconf 78' lang='lat' dir='ltr'>baptisati</span> <span class='ocrx_word' id='word_1_761' title='bbox 2487 5360 2635 5425; x_wconf 82' lang='lat' dir='ltr'>estis,</span> <span class='ocrx_word' id='word_1_762' title='bbox 2664 5358 2948 5411; x_wconf 80' lang='lat' dir='ltr'>Christum</span> <span class='ocrx_word' id='word_1_763' title='bbox 2974 5361 3239 5412; x_wconf 82' lang='lat' dir='ltr'>induistis</span> <span class='ocrx_word' id='word_1_764' title='bbox 3271 5358 3470 5425; x_wconf 83' lang='lat' dir='ltr'>(Gatat.</span> <span class='ocrx_word' id='word_1_765' title='bbox 3498 5372 3584 5425; x_wconf 84' lang='lat' dir='ltr'>III,</span> <span class='ocrx_word' id='word_1_766' title='bbox 3611 5357 3732 5428; x_wconf 78' lang='lat'><strong>27);</strong></span> <span class='ocrx_word' id='word_1_767' title='bbox 3760 5375 3788 5412; x_wconf 70' lang='grc' dir='ltr'><strong>ι</strong></span> 
     </span>
    </p>
   </div>
   <div class='ocr_carea' id='block_1_117' title="bbox 2188 5446 3794 5520">
    <p class='ocr_par' dir='ltr' id='par_1_117' title="bbox 2188 5446 3794 5520">
     <span class='ocr_line' id='line_1_118' title="bbox 2188 5446 3794 5520; baseline 0 -19"><span class='ocrx_word' id='word_1_768' title='bbox 2188 5446 2475 5501; x_wconf 88' lang='lat' dir='ltr'>Christum</span> <span class='ocrx_word' id='word_1_769' title='bbox 2507 5452 2592 5500; x_wconf 90' lang='lat' dir='ltr'>est</span> <span class='ocrx_word' id='word_1_770' title='bbox 2622 5447 2771 5500; x_wconf 87' lang='lat' dir='ltr'>enim</span> <span class='ocrx_word' id='word_1_771' title='bbox 2800 5446 3055 5513; x_wconf 86' lang='lat' dir='ltr'>induere,</span> <span class='ocrx_word' id='word_1_772' title='bbox 3089 5448 3462 5501; x_wconf 86' lang='lat' dir='ltr'>habitatorem</span> <span class='ocrx_word' id='word_1_773' title='bbox 3486 5448 3669 5503; x_wconf 90' lang='lat' dir='ltr'>Deum</span> <span class='ocrx_word' id='word_1_774' title='bbox 3694 5464 3794 5520; x_wconf 89' lang='lat' dir='ltr'>per</span> 
     </span>
    </p>
   </div>
   <div class='ocr_carea' id='block_1_118' title="bbox 2186 5535 3378 5606">
    <p class='ocr_par' dir='ltr' id='par_1_118' title="bbox 2186 5535 3378 5606">
     <span class='ocr_line' id='line_1_119' title="bbox 2186 5535 3378 5606; baseline -0.002 -16"><span class='ocrx_word' id='word_1_775' title='bbox 2186 5535 2571 5590; x_wconf 90' lang='lat' dir='ltr'>remissionem</span> <span class='ocrx_word' id='word_1_776' title='bbox 2603 5542 2957 5606; x_wconf 77' lang='lat' dir='ltr'>peccatorum</span> <span class='ocrx_word' id='word_1_777' title='bbox 2978 5536 3037 5589; x_wconf 90' lang='lat' dir='ltr'>in</span> <span class='ocrx_word' id='word_1_778' title='bbox 3065 5553 3124 5590; x_wconf 91' lang='lat' dir='ltr'>se</span> <span class='ocrx_word' id='word_1_779' title='bbox 3149 5536 3378 5591; x_wconf 87' lang='lat' dir='ltr'>habere.</span> 
     </span>
    </p>
   </div>
   <div class='ocr_carea' id='block_1_119' title="bbox 2257 5625 3787 5697">
    <p class='ocr_par' dir='ltr' id='par_1_119' title="bbox 2257 5625 3787 5697">
     <span class='ocr_line' id='line_1_120' title="bbox 2257 5625 3787 5697; baseline 0 -16"><span class='ocrx_word' id='word_1_780' title='bbox 2257 5626 2402 5681; x_wconf 86' lang='lat' dir='ltr'>Nam</span> <span class='ocrx_word' id='word_1_781' title='bbox 2433 5625 2716 5680; x_wconf 84' lang='lat' dir='ltr'>sententia</span> <span class='ocrx_word' id='word_1_782' title='bbox 2756 5625 2855 5679; x_wconf 87' lang='lat' dir='ltr'>illa</span> <span class='ocrx_word' id='word_1_783' title='bbox 2893 5642 3065 5697; x_wconf 86' lang='lat' dir='ltr'>quam</span> <span class='ocrx_word' id='word_1_784' title='bbox 3093 5626 3369 5682; x_wconf 88' lang='lat' dir='ltr'>Dominus</span> <span class='ocrx_word' id='word_1_785' title='bbox 3394 5626 3456 5681; x_wconf 89' lang='lat' dir='ltr'>in</span> <span class='ocrx_word' id='word_1_786' title='bbox 3488 5626 3787 5697; x_wconf 79' lang='lat' dir='ltr'>Evangelia</span> 
     </span>
    </p>
   </div>
  </div>
