3892 6356
108 354 207 413 533

1527 333 1921 393 ΕΡΙδΤΟἰιΛΕ.

3255 325 3363 389 534

109 480 234 536 dicit
261 497 274 533 :
307 477 434 533 Nisi
458 476 928 531 manducaveritis
947 487 1173 527 carnem
1196 471 1324 524 Filii
1353 468 1613 529 hominis,
1633 466 1745 523 etA
1764 477 1901 517 suus
1945 459 2333 527 LANFRANCUS,
2373 454 2538 512 ﬁdele
2578 453 2871 513 servitium
2915 454 2974 509 et
3007 451 3202 511 ﬁdeles
3237 468 3365 511 ora-

109 570 338 624 biberitis
375 569 497 636 ejus
539 566 886 632 sanguinem,
948 576 1061 615 non
1092 561 1354 613 habebitis
1387 559 1563 611 vitam
1619 557 1684 610 in

107 659 240 714 vobis
296 657 471 727 (Joan.
523 666 600 720 VI,
660 653 773 722 54),
830 656 1104 722 quantum
1155 649 1226 702 ad
1283 644 1684 701 comestionem

106 748 205 802 oris
232 761 342 800 non
371 746 563 817 potest
594 741 932 814 generaliter
959 740 1109 793 dicta
1146 753 1267 792 esse
1296 736 1367 791 de
1396 733 1676 789 omnibus.

103 836 344 906 Plerique
371 833 583 888 etenim
614 836 938 887 sanctorum
987 834 1299 898 martyrum
1331 829 1463 879 ante
1493 822 1679 894 bapti-

104 942 268 980 smum
297 939 526 995 quoque
545 922 776 979 diversis
800 919 1101 975 excruciati
1134 917 1315 989 poenis
1345 915 1413 969 de
1447 928 1681 983 corpore

102 1014 497 1086 migraverunt;
532 1027 629 1066 eos
647 1016 836 1065 tamen
856 1010 914 1063 in
933 1024 1167 1062 numero
1193 1009 1509 1076 martyrum
1533 1018 1679 1055 com-

100 1109 260 1175 putat,
295 1108 351 1158 et
380 1104 570 1157 salvos
607 1101 785 1156 credit
828 1098 1072 1154 Ecclesia
1122 1113 1221 1168 per
1247 1095 1387 1149 illud
1416 1092 1678 1147 testimo-

100 1193 237 1247 nium
255 1191 499 1257 Domini,
532 1207 642 1262 quo
663 1189 869 1244 dicitur
900 1206 913 1241 :
956 1188 1060 1254 Qui
1089 1184 1476 1255 megconfessus
1502 1182 1676 1248 fuerit

100 1298 267 1336 coram
320 1282 663 1344 hominibus,
723 1278 1012 1346 conﬁtebor
1065 1281 1113 1329 et
1164 1290 1255 1342 ego
1312 1288 1439 1326 eum
1493 1285 1680 1324 coram

99 1374 241 1425 Patre
282 1387 397 1424 meo
445 1373 550 1439 qui
607 1374 682 1423 est
738 1372 800 1424 in
847 1370 971 1422 creto
1007 1365 1222 1434 (Matth.
1258 1380 1308 1428 x,
1341 1360 1452 1429 32).
1484 1358 1678 1415 Infan-

98 1466 195 1516 tem
222 1476 443 1531 quoque
475 1475 592 1515 non
642 1458 1005 1529 baptizatum,
1046 1454 1093 1509 si
1128 1457 1308 1508 morte
1345 1450 1677 1505 imminente

96 1557 368 1620 urgeatur,
390 1567 427 1605 a
457 1549 614 1603 ﬁdeli
635 1548 797 1614 laico,
830 1547 876 1601 si
898 1544 1190 1617 presbyter
1216 1541 1379 1606 desit,
1406 1535 1678 1613 baptizari

98 1656 239 1711 posse
257 1656 506 1695 canones
528 1637 860 1709 praecipiunt
882 1654 895 1703 ;
927 1651 1030 1689 nec
1049 1650 1179 1689 eum
1200 1630 1467 1694 tamen,si
1487 1627 1678 1683 statim

94 1729 364 1796 moriatur,
417 1745 454 1782 a
495 1726 779 1782 consortio
808 1724 1061 1780 ﬁdelium
1090 1724 1414 1793 sejungunt.
1438 1719 1678 1774 Necesse

94 1824 167 1873 est
187 1835 312 1889 ergo
337 1817 670 1889 praedictam
694 1815 918 1873 Domini
943 1812 1278 1868 sententiam
1303 1810 1383 1865 sic
1411 1807 1671 1876 intelligi,
1690 1822 1738 1881 Β
1761 1798 1931 1853 dicat.

95 1914 348 1979 quatenus
384 1907 574 1965 ﬁdelis
603 1906 837 1977 quisque
868 1902 1040 1959 divini
1068 1899 1324 1974 mysterii
1345 1915 1446 1973 per
1464 1897 1677 1952 intelli-

91 1996 313 2067 gentiam
353 2013 557 2069 capax,
591 2012 817 2053 carnem
856 1992 1065 2048 Christi
1094 1996 1153 2046 et
1193 1987 1528 2061 sanguinem
1558 2003 1673 2041 non

94 2086 250 2141 solum
277 2103 375 2142 ore
402 2086 679 2159 corporis,
711 2084 808 2140 sed
838 2084 1009 2139 etiam
1057 2098 1251 2136 amore
1297 2086 1353 2134 et
1395 2076 1670 2133 suavitate

98 2175 257 2230 cordis
284 2177 549 2233 comedat
604 2181 662 2230 et
705 2174 880 2240 bibat,
935 2172 1198 2227 videlicet
1253 2169 1496 2225 amando
1528 2173 1585 2222 et
1611 2168 1670 2223 in

97 2264 407 2320 conscientia
456 2280 605 2336 pura
659 2265 822 2319 dulce
872 2262 1129 2317 habendo
1172 2260 1321 2332 quod
1355 2274 1456 2331 pro
1485 2257 1667 2312 salute

96 2358 261 2407 nostra
289 2352 554 2411 Christus
582 2369 807 2408 carnem
825 2350 1152 2422 assumpsit,
1177 2347 1461 2420 pependit,
1484 2362 1669 2399 resur-

100 2442 237 2509 rexit,
269 2444 563 2510 ascendit;
598 2449 654 2498 et
690 2441 962 2499 imitando
992 2438 1228 2510 vestigia
1258 2438 1396 2508 ejus,
1429 2442 1485 2490 et
1513 2450 1671 2488 com-

100 2530 407 2586 municando
433 2530 794 2603 passionibus
820 2530 1018 2602 ipsius,
1043 2529 1100 2583 in
1118 2532 1391 2600 quantum
1418 2526 1672 2579 humana

103 2616 369 2675 inﬁrmitas
397 2622 637 2693 patitur,
663 2626 721 2674 et
747 2619 933 2674 divina
956 2619 1005 2673 ei
1033 2617 1221 2689 gratia
1240 2614 1447 2684 largire
1471 2613 1670 2681 digna-

102 2713 179 2760 tur
203 2726 214 2763 :
245 2709 345 2764 hoc
364 2717 453 2765 est
473 2710 627 2765 enim
656 2726 784 2764 vere
805 2714 863 2763 et
887 2707 1191 2763 salubriter
1209 2720 1437 2761 carnem
1460 2700 1669 2757 Christi

105 2799 366 2855 comedere
394 2805 454 2854 et
482 2799 821 2870 sanguinem
843 2800 965 2868 ejus
994 2797 1204 2851 bibere.

156 2886 319 2951 Quam
340 2889 685 2945 sententiam
706 2889 764 2942 in
794 2887 935 2942 libro
966 2887 1047 2941 De
1066 2884 1322 2940 doctrina
1351 2882 1671 2937 Christiana

100 2969 269 3029 beatus
294 2978 653 3048 Augustinus
673 2993 954 3049 exponens
986 2976 1065 3029 sic
1094 2976 1176 3028 ait
1199 2973 1314 3041 (lib.
1352 2987 1433 3038 In,
1461 2988 1509 3025 c.
1540 2971 1629 3041 10)
1655 2989 1666 3023 :

105 3080 122 3110 ι
150 3062 370 3120 Facinus
393 3069 480 3122 vel
512 3068 791 3137 ﬂagitium
808 3066 1009 3137 jubere
1038 3064 1259 3117 videtur
1290 3078 1302 3116 :
1334 3062 1517 3131 ﬁgura
1538 3077 1667 3115 vero

1764 551 1966 605 tiones.

1836 640 2100 695 Libenter
2126 653 2224 691 vos
2257 635 2576 693 videremus
2618 632 2764 689 sicut
2793 631 3057 707 angelum
3088 628 3208 696 Dei,
3258 630 3359 686 sed

1764 729 1870 784 hoc
1897 735 2152 802 tempore
2177 726 2441 781 nolumus
2467 729 2528 791 θ
2542 729 2577 791 Ι
2595 728 2656 789 6
2676 738 2771 776 vos
2784 737 2938 777 mare
2956 719 3364 792 transire,quia

1763 834 2035 888 magnum
2076 816 2235 875 nobis
2284 814 2527 869 dedecus
2578 811 2838 866 faceretis
2899 809 2947 864 si
2993 825 3095 882 pro
3153 807 3361 865 talibus

1762 908 2005 978 perjuris
2054 911 2111 960 et
2130 902 2443 959 latronibus
2483 899 2771 977 vincendis
2808 899 2880 952 ad
2926 913 3030 953 nos
3068 897 3355 952 veniretis.

1762 996 2092 1067 Rodulphus
2110 1010 2317 1059 comes,
2350 990 2464 1044 imo
2485 988 2814 1059 Rodulphus
2840 985 3099 1040 traditor.
3122 990 3180 1040 et
3206 991 3360 1040 totus

1760 1085 2034 1139 exercitus
2062 1085 2185 1154 ejus
2244 1082 2304 1135 in
2357 1081 2551 1151 fugam
2595 1077 2741 1132 versi
2789 1076 3046 1142 fuerunt;
3089 1079 3147 1128 et
3176 1075 3358 1129 nostri

1758 1191 1884 1229 cum
1914 1173 2138 1227 inﬁnita
2169 1168 2529 1225 multitudine
2562 1167 3037 1235 Francigenarum
3068 1168 3124 1218 et
3144 1164 3359 1233 Anglo-

1762 1280 1886 1317 rum
1931 1279 2026 1317 eos
2064 1260 2474 1331 insequuntur;
2516 1262 2571 1311 et
2617 1260 2748 1309 ante
2787 1268 2995 1326 paucos
3041 1252 3181 1319 dies,
3211 1248 3360 1307 sicut

1761 1353 1901 1407 mihi
1932 1352 2344 1406 mandaverunt
2360 1347 2639 1426 principes
2667 1338 2865 1409 nostri,
2888 1346 2988 1396 aut
3007 1338 3117 1415 ipsi
3144 1341 3358 1413 perjuri

1760 1442 1829 1496 de
1853 1448 2008 1496 terra
2034 1444 2221 1495 vestra
2244 1455 2346 1512 per
2380 1452 2537 1492 mare
2564 1433 2803 1506 fugient,
2836 1436 2936 1486 aut
2966 1446 3060 1485 eos
3087 1428 3239 1484 vivos
3266 1430 3356 1492 vel

1762 1538 2014 1585 mortuos
2065 1528 2369 1583 habebunt.
2412 1526 2627 1580 Caetera
2668 1539 2769 1595 per
2821 1521 2970 1575 hunc
3014 1519 3357 1573 monachum

1760 1619 1916 1673 vobis
1938 1618 2162 1687 mando,
2191 1617 2283 1675 cui
2309 1615 2451 1670 bene
2479 1613 2707 1668 credere
2738 1610 2992 1684 potestis,
3025 1604 3158 1679 quia
3180 1603 3358 1661 ﬁdeli-

1760 1715 1936 1764 tatem
1958 1708 2101 1764 mihi
2131 1706 2286 1765 fecit.
2340 1704 2710 1780 Omnipotens
2748 1699 3020 1759 Dominus
3055 1710 3153 1752 vos
3180 1696 3353 1752 bene-

2253 1882 2607 1939 EPISTOLA
2626 1874 2854 1936 XXXV.

2342 2009 2422 2053 AD
2468 2007 2747 2057 EUMDEM.

1754 2112 2013 2167 Castrum
2042 2112 2367 2165 Norvicense
2394 2106 2570 2175 pulsis
2591 2104 2907 2159 Britonibus
2935 2106 3231 2175 receptum,
3266 2105 3349 2154 to-

1882 2186 2027 2251 tique
2055 2184 2267 2249 Anglia;
2296 2172 2572 2233 redditam
2593 2177 2827 2246 quietem
2853 2172 3202 2243 gratulatur.

1824 2270 2241 2329 Gloriosissimo
2271 2268 2500 2323 domino
2537 2281 2640 2320 suo
2671 2264 2982 2335 Anglorum
3023 2261 3144 2337 regi
3188 2261 3350 2321 Wm-

1750 2375 1950 2425 csLuo,
1975 2359 2155 2414 ﬁdelis
2174 2374 2311 2413 suus
2326 2351 2886 2420 Lmsamcusﬁdele
2904 2350 3200 2409 servitium
3216 2365 3347 2410 cum

1750 2449 2124 2504 orationibus.

1823 2539 2014 2594 Gloria
2052 2538 2111 2591 in
2161 2535 2395 2591 excelsis
2440 2536 2578 2596 Deo.
2615 2533 2778 2603 cujus
2818 2528 3202 2587 misericordia
3255 2544 3349 2587 re-

1750 2645 1924 2699 gnum
1976 2632 2221 2682 vestrum
2252 2630 2554 2696 purgatum
2592 2626 2679 2677 est
2725 2619 2997 2692 spurcitia
3032 2618 3346 2683 Britonum,

1751 2723 2000 2771 castrum
2040 2715 2299 2770 Norwich
2325 2714 2606 2769 redditum
2633 2716 2737 2778 est,
2776 2716 2834 2765 et
2859 2708 3134 2775 Britones,
3166 2707 3261 2783 qui
3288 2707 3350 2767 in

1753 2821 1820 2860 eo
1843 2811 2006 2860 erant
2029 2810 2087 2859 et
2117 2811 2298 2858 terras
2337 2804 2395 2857 in
2423 2801 2659 2871 Anglica
2696 2805 2851 2857 terra
2888 2796 3187 2861 habebant.
3213 2812 3351 2854 con-

1753 2911 1913 2949 cessa
1936 2895 2019 2948 eis
2039 2894 2154 2948 vita
2197 2910 2325 2948 cum
2367 2890 2633 2949 membris
2655 2890 2990 2959 juraverunt
3018 2885 3167 2957 quod
3195 2885 3349 2941 intra

1755 2978 2130 3058 quadraginta
2174 2984 2295 3038 dies
2341 2983 2411 3036 de
2454 2998 2627 3052 regno
2656 2984 2841 3033 vestro
2869 2977 3103 3042 exirent,
3133 2980 3193 3032 et
3218 2992 3350 3030 am-

1749 3077 1896 3146 plius
1924 3076 2045 3130 sine
2066 3080 2249 3128 vestra
2265 3072 2493 3127 licentia
2512 3071 2572 3124 in
2600 3070 2738 3124 illud
2767 3084 2881 3123 non
2914 3066 3235 3121 introirent.

102 3157 171 3205 εδδ
194 3156 514 3227 PmﬁCiPiens
536 3158 783 3228 P3595ioni
811 3155 1114 3211 Ποῐηίηίοθθ
1138 3151 1662 3206 communicandum
1687 3183 1730 3242 ί]
1820 3165 1927 3229 Qui
1977 3180 2105 3219 vero
2154 3162 2450 3232 Rodulpho
2480 3159 2766 3226 traditori,
2796 3162 2853 3212 et
2882 3155 3047 3212 sociis
3076 3156 3196 3227 ejus
3222 3153 3344 3213 sine

105 3254 221 3307 esse,
250 3248 305 3296 et
331 3247 583 3301 suaviter
610 3250 778 3316 atque
815 3245 1119 3300 utiliter‘in
1161 3243 1432 3299 memoria
1476 3257 1666 3296 recon-

1758 3260 1903 3309 terra
1928 3270 2029 3325 pro
2062 3252 2254 3306 solidis
2278 3248 2687 3314 servierunt,ad
2711 3247 2814 3301 hoc
2837 3244 3156 3301 faciendum
3174 3242 3344 3301 unius

104 3326 319 3385 dendum
346 3335 496 3404 quod
519 3351 622 3405 pro
647 3335 809 3389 nobis
834 3351 964 3389 caro
993 3336 1115 3405 ejus
1141 3334 1429 3387 vulnerata
1460 3338 1518 3386 et
1545 3347 1668 3386 cru-

101 3416 239 3473 ciﬁxa
270 3421 358 3475 sit.
394 3446 415 3472 ι
450 3424 724 3493 Figuram
774 3428 936 3479 vocat
970 3426 1272 3495 ﬁguratam
1301 3422 1661 3476 locutionem.

102 3520 256 3579 neque
292 3512 437 3569 enim
470 3510 663 3583 'negat
711 3513 1005 3568 veritatem
1060 3513 1246 3568 carnis
1285 3518 1343 3566 et
1373 3511 1663 3582 sanguinis

105 3594 282 3655 Christi
324 3604 488 3672 (quod
543 3603 824 3674 plerisque
859 3602 1228 3658 schismaticis
1256 3602 1435 3656 visum
1469 3607 1572 3665 est,
1608 3606 1664 3655 et

104 3683 257 3745 adhuc
277 3706 385 3747 non
416 3698 604 3747 cessat
621 3692 838 3761 videri).
864 3694 932 3747 Et
959 3692 1300 3747 Dominusin
1323 3691 1619 3761 Evangelio
1645 3709 1656 3745 :

106 3772 193 3837 Qui
224 3782 517 3836 manducat
565 3798 790 3837 carnem
835 3798 1017 3837 meam
1069 3785 1119 3835 et
1162 3782 1294 3836 bibit
1331 3783 1663 3849 sanguinem

106 3876 277 3931 meum,
302 3872 361 3923 in
398 3888 484 3926 me
522 3877 727 3934 manet,
749 3876 797 3924 et
839 3888 931 3939 ego
952 3874 1015 3924 in
1043 3888 1101 3925 eo
1119 3873 1305 3937 (Joan.
1342 3869 1459 3937 57).
1499 3869 1661 3934 Quod

106 3964 349 4021 exponens
387 3959 590 4016 beatus
638 3960 986 4031 Augustinus
1027 3960 1109 4015 ait
1130 3959 1458 4032 (In'E-vang.
1491 3960 1653 4012 Joan.

104 4043 236 4097 tract.
268 4044 379 4115 26):
405 4067 432 4101 α
464 4050 587 4105 Hoc
610 4055 695 4105 est
717 4066 961 4120 namque
983 4065 1208 4127 carnem
1237 4047 1444 4102 Christi
1458 4052 1514 4101 et
1533 4063 1659 4102 san-

101 4129 296 4195 guinem
321 4138 624 4197 salubriter
665 4140 957 4195 comedere
997 4144 1055 4193 et
1095 4138 1308 4204 bibere,
1343 4138 1403 4191 in
1434 4137 1656 4191 Christo

103 4225 379 4296 manerezet
404 4229 695 4285 Christum
722 4229 781 4285 in
813 4247 873 4284 se
903 4235 1223 4284 manentem
1257 4228 1497 4284 habere:
1522 4243 1654 4281 nam

106 4310 151 4359 et
173 4309 343 4379 ludas,
374 4321 471 4390 qui
510 4320 813 4377 Dominum
841 4320 1077 4374 tradidit
1121 4336 1245 4374 cum
1278 4317 1493 4373 caeteris
1523 4333 1658 4387 apo-

282 4420 372 4460 ore
415 4409 666 4481 accepit;
722 4411 819 4465 sed
858 4411 993 4481 quia
1027 4410 1194 4464 corde
1232 4424 1345 4467 non
1390 4407 1651 4473 comedit,

103 4484 333 4549 Jlldicium
362 4497 467 4552 sibi
493 4504 715 4555 aeternae
742 4500 1121 4559 damnationis
1146 4498 1375 4569 accepit.
1410 4515 1438 4551 υ

164 4576 485 4644 Οιιωειὶοηεε
513 4591 863 4647 saecularium
894 4591 1210 4645 litterarum
1240 4589 1400 4646 nobis
1433 4590 1652 4645 solven-

108 4660 187 4720 das
211 4672 455 4747 misistis;
502 4680 602 4734 sed
638 4681 961 4752 episcoPale
988 4681 1338 4750 propositum
1366 4697 1481 4735 non
1497 4680 1658 4735 decet

109 4766 298 4851 οξεηω
326 4766 456 4824 dare
476 4769 801 4840 hujusmodi
826 4770 1047 4825 studiis.
1065 4770 1212 4825 Olim
1244 4770 1471 4841 quidem
1497 4772 1655 4840 juve-

108 4843 246 4903 ιιϋεω
273 4859 485 4912 atatem
515 4858 574 4912 in
592 4858 682 4912 his
709 4857 1058 4925 detrivimus,
1097 4859 1196 4912 sed
1225 4859 1553 4913 accedentes
1580 4860 1651 4914 ad

108 4938 400 5000 Pastoralem
453 4962 667 5016 curam,
725 4947 1235 5003 abrenuntiandum
1291 4948 1372 5002 eis
1409 4949 1652 5003 decrevi-

108 5032 224 5078 mus.

545 5141 894 5201 EPISTOLA
913 5144 1162 5201 XXXIV.

295 5284 368 5327 AD
406 5287 766 5337 WILLEIXUH
808 5288 1133 5334 ANGLORUM
1180 5289 1406 5341 REGEH.

112 5386 213 5476 Regi
234 5397 488 5458 dissuadet
510 5420 577 5459 ne
604 5418 759 5459 mare
801 5410 1064 5459 transeat.
1097 5408 1449 5476 Radulphum
1478 5412 1649 5463 comi-

411 5480 650 5533 eaercitu
687 5493 786 5533 suo
833 5480 894 5532 in
937 5480 1132 5547 fugam
1159 5468 1396 5543 vers-um,
1430 5485 1481 5534 et
1509 5482 1652 5547 regis

170 5540 340 5596 milites
365 5563 444 5603 eos
470 5551 687 5622 insequi
708 5540 959 5604 nuntiat.

118 5634 139 5706 Ε
172 5639 379 5709 Domino
415 5673 535 5727 suo,
566 5659 881 5731 Anglorum
911 5661 1053 5731 regi,
1085 5661 1419 5728 Wintsmo,
1472 5660 1652 5716 ﬁdelis

1748 3344 1960 3401 mensis
1991 3342 2237 3413 spatium
2265 3339 2458 3395 n-ultis
2486 3337 2746 3409 precibus
2775 3336 3242 3407 impetraverunt.

1818 3434 1882 3488 In
1912 3433 2034 3504 ipso
2055 3436 2240 3489 castro
2267 3432 2662 3485 remanserunt
2696 3425 2990 3497 episcopus
3016 3421 3340 3488 Gaufridus,

1744 3522 2064 3576 Willelmus
2092 3522 2161 3574 de
2189 3520 2470 3578 Varenna,
2493 3516 2772 3572 Robertus
2799 3514 2990 3580 Malet,
3023 3517 3081 3566 et
3105 3509 3343 3566 trecenti

1743 3611 1961 3669 loricati
1982 3626 2110 3665 cum
2130 3610 2214 3665 eis
2241 3606 2590 3672 ballistariis,
2620 3610 2676 3661 et
2712 3601 3023 3658 artiﬁcibus
3049 3599 3341 3656 machina-

1744 3714 1871 3757 rum
1894 3700 2108 3755 multis.
2144 3697 2343 3754 Omnis
2389 3695 2657 3767 strepitus
2695 3693 2993 3760 bellorum,
3034 3690 3340 3749 miserante

1743 3791 1879 3855 Deo,
1912 3790 1970 3845 in
2002 3788 2237 3859 Anglice
2279 3792 2434 3841 terra
2472 3784 2701 3857 quievit.
2753 3781 3124 3852 Omnipotens
3151 3777 3341 3835 Domi-

1741 3879 1847 3935 dus
1874 3894 1972 3937 vos
1998 3877 2315 3933 benedicat.

2221 3962 2577 4021 EPISTOLA
2603 3956 2852 4017 XXXVI.

1831 4089 2001 4137 atem
2045 4090 2121 4135 er
2161 4087 2375 4135 eorum
2422 4062 2716 4131 ECCLESIE
2759 4078 3107 4128 nususnsrs
3148 4080 3230 4126 an

2320 4165 2747 4212 LANFRANCUM.

1741 4256 2051 4310 Patricium
2069 4252 2643 4320 presbyterum,quem
2676 4247 2973 4320 elegerunt,
3005 4242 3336 4298 Dublinemi

1984 4319 2516 4380 Ecclesia’ordinari
2540 4322 2734 4387 petunt
2764 4319 3091 4388 episcopum.

1808 4413 2142 4469 Venerando
2164 4416 2370 4469 sanctas
2389 4407 2809 4467 Cantuariensis
2838 4403 3096 4461 Ecclesiae
3129 4406 3336 4461 metro-

1674 4505 1990 4603 l)politano
2035 4502 2389 4565 LANFBANCO,
2444 4500 2628 4554 clerus
2675 4502 2733 4552 et
2785 4494 3027 4567 populus
3072 4491 3331 4555 Ecclesia

1741 4591 2116 4653 Dublinensis,
2141 4590 2384 4647 debitam
2418 4588 2839 4659 subjectionem.

1807 4683 2020 4737 Vestrae
2065 4679 2394 4752 paternitati
2435 4684 2521 4733 est
2576 4676 2864 4747 cognitum
2911 4672 3061 4745 quod
3084 4670 3335 4731 Ecclesia

1738 4771 2119 4836 Dublinensis,
2155 4786 2278 4840 qua:
2309 4767 2589 4822 Hiberniae
2630 4766 2827 4820 insulae
2864 4762 3193 4834 metropolis
3220 4765 3328 4830 est,

1733 4878 1837 4916 suo
1864 4861 1939 4914 sit
1962 4860 2189 4916 viduata
2208 4863 2433 4929 pastore
2452 4872 2517 4910 ac
2531 4854 2801 4911 destituta
2818 4851 3330 4921 rectore.Propter-

1732 4967 1802 5005 ea
1829 4949 2103 5019 elegimus
2129 4946 2519 5019 presbyterum
2529 4944 2785 5015 ,nomine
2812 4941 3138 5008 Patricium,
3163 4939 3325 5002 nobis

1733 5037 2217 5093 sufﬁcientissime
2271 5035 2578 5106 cognitum,
2635 5031 2915 5090 natalibus
2954 5036 3013 5086 et
3074 5029 3326 5089 moribus

1732 5126 1999 5193 nobilem,
2024 5125 2332 5197 apostolica
2355 5129 2412 5180 et
2439 5121 2816 5179 ecclesiastica
2835 5119 3126 5191 disciplina
3145 5117 3328 5179 imbu-

1731 5222 1876 5284 tum,
1911 5217 2022 5271 ﬁde
2068 5214 2430 5283 catholicum,
2475 5212 2534 5271 in
2586 5211 3005 5282 Scripturarum
3049 5206 3324 5275 sensibus,

1733 5312 1984 5375 cautum,
2015 5304 2074 5360 in
2103 5303 2462 5374 dogmatibus
2490 5300 2880 5358 ecclesiasticis
2908 5298 3278 5358 exercitatum
3308 5315 3325 5364 δ

1733 5412 1901 5466 quem
1923 5393 2083 5450 nobis
2094 5392 2425 5466 quantocius
2445 5391 2690 5462 petimus
2710 5388 2959 5447 ordinari
2979 5387 3324 5458 episcopum,

1736 5492 2015 5555 quatenus
2056 5487 2283 5537 auctore
2330 5482 2465 5547 Deo,
2517 5478 2853 5549 regulariter
2893 5475 3054 5535 nobis
3089 5490 3329 5548 praeesse

1734 5575 1918 5628 valeat
1935 5578 1992 5627 et
2019 5572 2303 5644 prodesse,
2331 5575 2389 5626 et
2406 5586 2509 5626 nos
2528 5568 2632 5625 sub
2652 5570 2776 5640 ejus
2795 5566 3069 5638 regimine
3087 5565 3330 5627 salubl‘iv-

1732 5667 1822 5717 ter
1837 5662 2083 5719 militem
2094 5661 2374 5732 possimus
2393 5677 2405 5714 :
2431 5659 2566 5730 quia
2576 5657 2873 5730 integritas
2883 5655 3328 5730 prandentium.
