3892 6358
517 342 627 399 535

1500 340 1560 392 Il.
1603 335 2014 393 LANFRANCI
2053 326 2410 390 CANTUAR.
2456 323 2791 380 ARCHIEP.

3690 317 3801 374 536

519 468 673 522 salus
703 471 790 521 est
817 465 1170 520 subditorum
1198 482 1211 531 ;
1243 474 1301 517 ει
1340 460 1431 517 ubi
1474 468 1561 515 est
1587 460 1944 515 incolumitas
1973 460 2105 515 obe-
2124 460 2168 517 A
2188 459 2340 509 stare
2371 449 2468 504 diu
2490 446 2877 520 permiseritis.
2902 443 3272 516 Omnipotens
3304 442 3574 498 Dominus
3594 447 3800 531 contra

521 556 766 623 dientize,
799 555 874 610 ibi
906 571 1043 609 sana
1073 558 1159 607 est
1185 553 1365 607 forma
1392 551 1678 605 doctrinae.

988 642 1239 697 EPISTO
1247 642 1336 695 LA
1365 640 1642 695 XXXVII.

580 749 922 794 LANFRANCI
968 750 1049 792 AD
1093 747 1442 792 GOTHBICUM
1488 746 1793 790 IIIBERNIE
1838 748 2064 794 REGEM.

524 816 833 869 Patricium
851 828 885 866 a
900 828 952 865 se
983 815 1356 865 consecratum
1374 812 1683 878 episcopum
1701 813 1994 878 signiﬁcat,
2026 828 2109 865 re-

594 901 817 952 gemque
849 884 1109 936 hortatur
1148 886 1212 935 ut
1248 897 1367 948 qua
1396 882 1613 947 nefarie
1642 882 1791 933 circa
1821 886 2117 936 matrimo-

597 958 761 1009 nium
796 956 922 1022 ﬁeri
976 954 1246 1006 dicuntur
1283 955 1547 1019 corrigat,
1594 952 1831 1005 Patricii
1866 956 2115 1008 consiliis

599 1028 830 1080 libenter
858 1029 1077 1077 utatur.

594 1114 966 1168 LANFRANCUS
996 1128 1106 1166 non
1147 1111 1264 1166 suis
1295 1109 1529 1169 meritis,
1559 1110 1653 1163 sed
1693 1111 1876 1181 gratia
1902 1112 2002 1167 Dei
2024 1129 2120 1167 ar-

524 1202 929 1273 chiepiscopus,
961 1201 1206 1272 glorioso
1227 1199 1508 1255 Hiberniae
1537 1200 1655 1269 regi
1673 1194 1955 1255 GOTlIRlCO
1977 1202 2122 1257 salu-

524 1296 639 1345 tem
671 1308 795 1346 cum
827 1290 1198 1346 orationibus.

594 1379 987 1435 Venerabilem
1037 1380 1270 1433 fratrem
1312 1393 1378 1431 ac
1417 1376 1807 1448 coepiscopum
1867 1383 2120 1432 nostrum

524 1468 850 1534 Patricium,
881 1484 1071 1539 quem,
1099 1466 1429 1522 charissime
1458 1465 1556 1531 ﬁli,
1590 1465 1919 1519 excellentia
1938 1472 2123 1521 vestra

526 1559 598 1615 ad
629 1574 732 1612 nos
763 1557 1202 1615 consecrandum
1251 1553 1584 1619 transmisit,
1614 1554 1850 1608 honeste
1880 1556 2123 1627 suscepi-

526 1663 677 1715 mus,
707 1652 901 1712 319
939 1644 1143 1699 debitis
1199 1643 1397 1697 ofﬁciis
1443 1642 1749 1697 secundum
1796 1645 2123 1699 canonicam

529 1735 967 1801 institutionem,
1008 1732 1222 1787 scilicet
1270 1731 1515 1802 Spirilus
1553 1731 1739 1801 gratia
1767 1740 2121 1803 cooperante,

2197 542 2453 598 inimicos
2474 538 2680 592 mentis
2705 542 2763 591 et
2781 535 3053 606 corporis,
3087 540 3145 589 et
3162 534 3349 589 balteo
3378 533 3504 604 [al.,
3535 530 3801 604 brachio]

2195 614 2420 685 virtutis
2444 644 2559 682 suae
2579 623 2964 681 excellentiam
2986 629 3229 678 vestram
3257 620 3543 687 defendat,
3571 624 3649 687 et,
3672 624 3807 691 post

2196 720 2419 788 longam
2455 716 2625 787 hujus
2653 712 2841 768 saeculi
2864 713 3058 779 vitam,
3082 712 3157 768 ad
3186 727 3312 767 eam
3335 727 3460 783 qua:
3485 709 3660 764 tinem
3685 724 3804 765 non

2195 808 2369 862 habet
2384 805 2622 861 feliciter
2650 819 2746 858 vos
2773 802 3061 875 perducat.

2662 927 3013 984 EPISTOLA
3038 925 3341 982 XXXVIII.

2416 1057 2500 1100 AD
2528 1053 2969 1099 TEBDELVACUM
3003 1049 3309 1096 HlBERNlE
3338 1048 3563 1096 REGEI.

2203 1158 2393 1223 Regem
2415 1155 2605 1208 laudat
2628 1170 2692 1206 ea:
2734 1155 2807 1205 iis
2827 1168 2945 1221 quas
2971 1166 3008 1203 α
3035 1152 3277 1223 Patricio
3302 1153 3648 1223 cognoverat,
3684 1166 3809 1204 mo-

2274 1222 2467 1295 uctquc
2496 1230 2575 1287 ut,
2608 1225 2681 1278 ad
2704 1238 2910 1291 pravas
2937 1222 3208 1291 quasdam
3247 1222 3672 1275 consuetudines
3720 1238 3810 1275 ea-

2275 1297 2625 1365 slirpandas,
2678 1297 3049 1362 episcoporum:
3102 1295 3453 1360 alz’ormnque
3471 1298 3811 1346 conventum

2272 1371 2398 1436 ﬁeri
2413 1369 2628 1436 jubeat,
2652 1370 2699 1419 et
2720 1370 2832 1434 ipse
2853 1366 3091 1417 intersit.

2274 1465 2662 1527 LANFRANCUS,
2691 1465 2950 1532 peccator
2976 1464 3034 1513 ct
3069 1458 3333 1529 indignus
3379 1464 3587 1513 sanctae
3633 1460 3814 1514 Doro-

2205 1554 2494 1609 bernensis
2525 1551 2779 1607 Ecclesia:
2799 1549 3271 1620 archiepiscopus,
3295 1548 3595 1619 magniﬁco
3613 1549 3813 1604 Iliber—

2207 1645 2315 1699 nise
2360 1642 2482 1713 regi
2527 1642 2913 1706 Teanenvaco,
2946 1636 3390 1692 benedictionem
3419 1654 3549 1692 cum
3576 1638 3812 1694 servitio

2206 1741 2262 1787 et
2290 1730 2658 1787 orationibus.

528 1824 910 1891 sacravimus;
969 1827 1256 1877 sacratum
1305 1821 1377 1875 ad
1435 1820 1718 1893 prepriam
1755 1821 1966 1887 sedem,
1996 1804 2187 1877 cumB
2278 1821 2509 1876 Nullam
2538 1820 2689 1874 Deus
2715 1819 2990 1889 majorem
3018 1817 3187 1871 terris
3223 1815 3671 1872 misericordiam
3702 1818 3814 1872 im-

527 1912 855 1970 testimonio
904 1912 1225 1966 litterarum
1255 1920 1598 1975 nostrarum,
1622 1926 1778 1965 more
1807 1916 2126 1967 antecesso-

527 2020 656 2058 rum
684 2006 1007 2057 nostrorum
1036 1999 1379 2054 remisimus.

601 2091 709 2156 Qui
749 2090 1006 2162 quamvis
1040 2089 1111 2144 de
1144 2088 1329 2159 gloria
1369 2092 1557 2142 vestra
1587 2088 1766 2143 multa
1792 2088 1954 2143 nobis
1984 2089 2127 2145 bona

526 2182 837 2252 multisque
856 2179 1119 2235 laudibus
1143 2178 1314 2248 digna
1342 2178 1555 2241 retulit,
1588 2194 1702 2232 non
1729 2178 1828 2233 abs
1849 2195 1909 2234 re
1940 2185 2128 2235 tamen

530 2271 813 2324 credimus
842 2285 964 2323 esse
1014 2268 1063 2322 si
1099 2267 1457 2338 praedicanda
1484 2272 1668 2321 vestra
1713 2269 1898 2322 studia
1935 2275 2128 2323 nostra

530 2358 923 2414 adhortatione
944 2358 1233 2428 pulsamus
1252 2374 1265 2423 ;
1280 2355 1426 2408 sicut
1441 2355 1589 2408 enim
1610 2356 1756 2425 ignis
1772 2358 1944 2411 ﬂante
1964 2364 2127 2413 vento

531 2446 740 2503 clarius
759 2448 908 2500 lucet
929 2452 986 2499 et
1014 2447 1196 2515 major
1228 2444 1486 2509 efficitur,
1523 2445 1603 2497 sic
1629 2462 1761 2499 vera
1779 2446 1956 2500 virtus
1984 2449 2129 2502 veris

537 2536 835 2609 praeconiis
866 2535 1155 2606 pulchrius
1180 2533 1437 2588 enitescit
1467 2541 1525 2587 et
1549 2534 1606 2588 in
1640 2535 1841 2589 melius
1865 2553 2131 2606 augmen-

535 2630 709 2679 tatur.
740 2625 1029 2694 Rogamus
1049 2622 1243 2694 igitur,
1276 2622 1422 2676 sicut
1462 2623 1646 2693 rogari
1676 2630 1899 2694 oportet
1927 2626 2132 2696 pretio—

534 2730 659 2770 sum
678 2720 885 2769 sanctae
904 2715 1169 2768 Romanae
1186 2712 1445 2767 Ecclesiae
1459 2713 1940 2784 ﬁlium,quatenus
1960 2716 2128 2771 ﬁdem

534 2809 770 2870 rectam,
794 2802 865 2857 ab
888 2803 1008 2874 ipso
1033 2803 1169 2868 Deo,
1207 2807 1264 2857 et
1291 2801 1558 2883 apostolis
1588 2803 1707 2870 ejus
1728 2803 1937 2858 sanctis
1960 2811 2131 2876 atque

535 2893 861 2948 orthodoxis
908 2890 1171 2946 Patribus
1216 2890 1503 2955 traditam,
1553 2906 1682 2944 cum
1729 2894 1881 2947 omni
1927 2895 2132 2949 mentis

541 2982 866 3037 sinceritate
886 2980 1211 3035 inviolatam
1237 2978 1507 3045 teneatis;
1526 2979 1656 3033 fidei
1677 2997 1926 3051 congrua
1940 3001 2128 3055 opera,

2206 1910 2424 1982 pendit,
2457 1925 2625 1980 quam
2645 1923 2771 1961 cum
2796 1906 2949 1978 pacis
2965 1922 3029 1960 ac
3037 1905 3270 1976 justitiae
3284 1911 3568 1960 amatores
3586 1906 3663 1961 ad
3683 1906 3814 1961 ani-

2211 2015 2433 2054 marum
2483 2014 2584 2052 seu
2637 2013 2933 2068 corporum
2997 1994 3377 2066 gubernacula
3418 1995 3697 2065 provehit,
3758 2002 3816 2051 et

2211 2089 2454 2142 maxime
2481 2102 2607 2141 cum
2631 2084 2793 2139 bonis
2821 2084 3045 2155 regibus
3074 2101 3249 2155 regna
3281 2085 3452 2155 hujus
3494 2086 3698 2140 mundi
3732 2102 3816 2140 re-

2211 2177 2398 2247 genda
2419 2175 2739 2231 committit.
2764 2176 2908 2229 Hinc.
2918 2191 3162 2246 namque
3182 2191 3286 2245 pax
3307 2174 3506 2239 oritur,
3524 2174 3814 2229 discordia

2213 2268 2449 2339 sepitur,
2470 2270 2545 2332 et,
2560 2271 2625 2319 ut
2642 2263 2887 2318 breviter
2903 2270 3103 2318 cuncta
3114 2261 3814 2334 complectanChristiame

2210 2355 2497 2425 religionis
2517 2352 2869 2408 observantia
2898 2353 3199 2407 stabilitur.
3243 2352 3402 2417 Quod
3448 2353 3658 2424 populo
3710 2353 3814 2408 Hi-

2210 2446 2419 2500 bernia:
2445 2443 2713 2499 divinitus
2744 2450 2879 2497 tunc
2930 2442 3196 2496 collatum
3238 2442 3410 2496 fuisse
3439 2442 3691 2513 prudens
3720 2443 3812 2496 in-

2211 2540 2432 2606 spector
2451 2533 2736 2603 intelligit,
2755 2532 2978 2602 quando
3000 2531 3354 2602 omnipotens
3374 2532 3523 2586 Deus
3541 2532 3818 2586 excellen-

2211 2625 2304 2679 tiae
2332 2630 2527 2678 vestra:
2550 2624 2644 2692 jus
2673 2622 2839 2693 regite
2885 2623 3183 2692 potestatis
3213 2637 3384 2692 super
3409 2621 3563 2675 illam
3594 2626 3815 2675 terram

2214 2712 2519 2780 concessit;
2544 2718 2630 2766 tot
2651 2710 2801 2765 enim
2832 2717 3103 2781 tantaque
3128 2709 3275 2764 bona
3303 2710 3374 2764 de
3402 2709 3816 2780 magnitudinis

2214 2808 2413 2857 vestrm
2458 2816 2593 2871 erga
2639 2799 2814 2853 bonos
2855 2798 2950 2870 pia
3005 2797 3340 2855 humilitate.
3374 2804 3572 2852 contra
3609 2814 3816 2869 pravos

2213 2891 2469 2945 districta
2512 2888 2834 2956 severitate,
2873 2887 3021 2942 circa
3061 2903 3228 2941 omne
3278 2887 3591 2941 humanum
3631 2904 3815 2958 genus

2212 2978 2516 3035 discretissi
2525 2995 2616 3032 ma
2635 2976 2920 3049 aequitate,
2951 2976 3129 3030 frater
3156 2981 3215 3031 et
3235 2975 3598 3048 coepiscopus
3618 2982 3817 3032 noster

534 3072 594 3126 in
627 3076 901 3142 quantum
950 3070 1093 3124 vires
1135 3075 1464 3141 suppetunt.
1503 3072 1839 3136 exhibeatis;
1876 3073 2189 3142 superbis“
2215 3068 2494 3124 Patricius
2525 3067 2794 3132 narravit,
2821 3071 2902 3130 ut,
2929 3065 3183 3136 quamvis
3206 3082 3303 3120 vos
3335 3081 3625 3135 nunquam
3656 3066 3813 3121 vide-

540 3166 848 3226 austeram,
879 3158 1188 3213 humilibus
1211 3160 1543 3229 placabilem
1567 3167 1809 3215 vestram
1841 3161 2129 3216 celsitudi-

536 3265 666 3303 nem
697 3248 1025 3302 ostendatis.

610 3338 676 3391 In
697 3352 871 3406 regno
902 3340 1087 3390 vestro
1106 3334 1474 3407 perhibentur
1496 3338 1751 3392 homines
1781 3354 1880 3392 seu
1910 3339 1981 3392 de
2001 3355 2133 3409 pro-

538 3427 797 3497 pria,seu
824 3425 895 3478 de
923 3429 1272 3479 mortuarum
1303 3442 1541 3480 uxorum
1563 3427 1851 3498 parentela
1869 3429 2134 3498 conjuges

541 3514 767 3578 ducere,
792 3514 889 3567 alii
922 3514 1173 3584 legitime
1218 3513 1324 3568 sibi
1359 3516 1648 3586 copulatas
1676 3532 1777 3587 pro
1818 3515 2052 3570 arbitrio
2079 3522 2137 3571 et

541 3602 830 3655 voluntate
861 3601 1199 3672 relinquere,
1231 3602 1489 3657 nonnulli
1543 3620 1675 3657 suas
1718 3603 1846 3657 aliis
1890 3604 2026 3659 dare
2080 3609 2138 3659 et

544 3690 783 3745 aliorum
812 3690 1043 3744 infanda
1071 3691 1509 3745 commutatione
1528 3692 1794 3763 recipere.
1822 3693 1969 3760 Haec,
2003 3698 2061 3746 et
2088 3693 2137 3747 si

544 3796 668 3851 quae
693 3774 971 3850 suntalia
1024 3780 1283 3844 crimina,
1320 3786 1549 3852 propter
1575 3781 1753 3835 Deum
1786 3787 1841 3835 et
1887 3782 2137 3836 animam

547 3874 793 3924 vestram
825 3868 882 3922 in
920 3874 1075 3922 terra
1117 3856 1412 3940 potestatis
1458 3876 1656 3925 vestrae
1696 3870 1899 3941 corrigi
1925 3870 2134 3940 iubete,

542 3959 798 4028 talesque
826 3974 923 4012 vos
951 3974 1078 4012 cum
1122 3958 1311 4012 divino
1346 3959 1629 4028 adjutorio
1672 3959 1871 4013 vestris
1902 3959 2140 4014 subditis

545 4047 821 4113 exhibete,
850 4052 916 4101 ut
935 4051 992 4100 et
1011 4055 1291 4102 amatores
1312 4046 1445 4101 boni
1464 4047 1610 4102 bona
1629 4048 1872 4119 amplius
1883 4048 2139 4120 diligant,

546 4140 605 4189 et
648 4135 992 4206 appetitores
1039 4135 1174 4189 mali
1230 4151 1431 4207 pravas
1478 4136 1726 4190 actiones
1787 4153 2141 4208 nequaquam

548 4239 808 4277 exercere
832 4230 1173 4294 praesumant
1201 4243 1213 4291 ;
1245 4224 1350 4278 hoc
1371 4224 1520 4278 enim
1543 4225 1831 4288 facientes,
1854 4232 1912 4280 et
1930 4226 2144 4282 diutius

548 4326 676 4364 cum
707 4327 898 4364 rerum
948 4313 1341 4382 temporalium
1373 4314 1639 4368 felicitate
1667 4314 1727 4368 ir.
1758 4319 1911 4368 terra
1939 4331 2145 4385 regna-

2147 3122 2190 3182 C

2211 3159 2410 3221 rimus,
2438 3164 2709 3228 tanquam
2734 3156 2882 3210 visos
2905 3164 3098 3209 tamen
3127 3171 3222 3209 vos
3251 3154 3574 3224 diligamus,
3604 3160 3666 3208 et
3694 3161 3816 3209 tan-

2214 3232 2391 3319 quam
2408 3246 2537 3301 visis
2565 3263 2630 3300 ac
2659 3245 2801 3299 bene
2830 3244 3069 3315 cognitis
3094 3243 3247 3297 vobis
3275 3242 3583 3299 salubriter
3611 3259 3814 3299 consu-

2216 3337 2331 3391 lere
2361 3341 2419 3391 et
2446 3335 2820 3390 sincerissime
2848 3333 3056 3388 servire
3085 3333 3397 3404 cupiamus.

2287 3426 2491 3479 Verum
2518 3424 2669 3478 inter
2697 3423 2877 3477 multa
2892 3440 3014 3493 quae
3041 3422 3466 3493 placent,relata
3495 3420 3660 3476 nobis
3681 3428 3814 3477 sunt

2216 3515 2473 3586 quaedam
2520 3530 2643 3585 quae
2688 3512 3004 3583 displicent,
3056 3510 3310 3565 videlicet
3339 3511 3506 3582 quod,
3538 3511 3601 3566 in
3639 3528 3814 3583 regno

2217 3608 2419 3670 vestro,
2443 3602 2681 3673 quisque
2710 3617 2812 3672 pro
2841 3600 3075 3654 arbitrio
3101 3616 3204 3654 suo
3234 3599 3483 3671 legitime
3511 3600 3617 3655 sibi
3645 3618 3814 3674 ecpu-

2222 3692 2396 3746 latam
2427 3708 2676 3756 uxorem,
2703 3690 2860 3744 nulla
2877 3689 3145 3743 canonica
3188 3705 3359 3743 causa
3381 3688 3813 3757 interveniente,

2223 3780 2512 3852 relinquit,
2536 3785 2594 3834 et
2634 3780 2806 3833 aliam
2855 3777 3168 3849 quamlibet
3198 3795 3297 3832 seu
3330 3778 3437 3833 sibi
3484 3779 3570 3833 vel
3612 3779 3818 3834 relictae

2219 3871 2378 3925 uxori
2397 3869 2884 3939 consanguinitate
2904 3869 3299 3939 propinquam,
3330 3867 3445 3921 sive
3475 3884 3645 3939 quam
3677 3869 3820 3925 alius

2221 3958 2391 4013 simili
2420 3958 2778 4029 improbitate
2807 3957 3076 4023 deseruit,
3111 3956 3358 4011 maritali
3387 3973 3488 4011 seu
3517 3957 3816 4013 fornicaria

2224 4048 2365 4118 lege,
2390 4047 2674 4118 punienda
2702 4046 2805 4100 sibi
2826 4045 3148 4100 temeritate
3180 4046 3498 4117 conjungit;
3531 4046 3684 4117 quod
3712 4046 3821 4117 epi-

2224 4137 2377 4208 scopi
2422 4135 2492 4190 ab
2526 4152 2640 4191 uno
2670 4136 2929 4207 episcopo
2972 4140 3405 4202 consecrantur;
3437 4140 3631 4202 ατε)
3676 4134 3822 4207 quod

2224 4225 2282 4279 in
2307 4225 2453 4280 villis
2481 4225 2564 4280 vel
2595 4224 2916 4279 civitatibus
2941 4225 3132 4295 plures
3156 4224 3529 4291 ordinantur;
3561 4224 3718 4294 quod
3744 4225 3820 4279 in-

2224 4314 2406 4368 fantes
2457 4314 2736 4385 baptismo
2775 4314 2899 4367 sine
2947 4313 3250 4368 chrismate
3294 4318 3624 4367 consecrato
3648 4312 3823 4385 bapti-

547 4399 702 4466 bitis,
727 4405 784 4454 et
811 4405 939 4470 post
959 4406 1248 4456 terrenum
1289 4418 1526 4473 regnum
1557 4403 1679 4457 sine
1710 4403 1822 4457 ﬁne
1853 4403 2144 4474 regnaturi
2160 4441 2209 4500 Β
2228 4409 2462 4472 zantur;
2489 4405 2637 4475 quod
2662 4403 2808 4459 sacri
2839 4403 3066 4458 ordines
3086 4418 3186 4475 per
3203 4402 3498 4476 pecuniam
3523 4401 3595 4457 ab
3621 4403 3823 4475 episco-

547 4489 620 4544 ad
650 4489 899 4544 coelestia
925 4506 1102 4560 regna
1129 4491 1464 4563 migrabitis.

622 4579 795 4633 Plura
823 4583 881 4633 et
909 4580 1181 4651 prolixius
1219 4581 1372 4636 vobis
1400 4582 1771 4651 scripsissem,
1801 4582 1896 4637 sed
1927 4581 2147 4637 habetis

547 4666 831 4722 vobiscum
862 4669 1192 4740 prmdictum
1214 4670 1528 4725 antistitem
1554 4676 1801 4725 vestrum
1822 4671 2147 4726 monasticis

549 4757 1000 4813 institutionibus
1029 4775 1065 4812 a
1094 4758 1336 4829 pueritia
1367 4758 1695 4825 enutritum,
1737 4760 1975 4814 scientia
2015 4760 2151 4815 divi-

550 4862 754 4902 narum
784 4846 1103 4901 litterarum
1132 4846 1519 4902 strenuissime
1541 4848 1844 4914 eruditum,
1872 4847 2149 4904 bonorum

548 4952 783 5007 operum
816 4935 1184 4997 ornamentis.
1216 4935 1275 4989 in
1305 4942 1579 5007 quantum
1626 4938 1884 5008 cognosci
1924 4955 1957 4993 a
1988 4938 2148 4992 nobis

547 5023 750 5095 potuit,
811 5022 1208 5078 decentissime
1237 5024 1594 5090 adornatum,
1631 5042 1798 5097 quem
1842 5027 1913 5080 de
1957 5026 2150 5080 anima

547 5118 739 5167 vestra
767 5111 974 5183 saepius
1002 5112 1157 5167 vobis
1188 5113 1511 5184 loquentem
1542 5114 1589 5168 si
1609 5114 1847 5170 intentio
1863 5115 2030 5170 corde
2053 5132 2150 5170 au-

548 5201 796 5270 dieritis;
831 5201 1145 5269 audientes,
1187 5210 1250 5257 ut
1283 5204 1428 5273 patri
1475 5204 1755 5275 spirituali
1801 5204 1860 5258 in
1902 5205 1993 5259 his
2025 5221 2149 5275 quae

547 5290 619 5344 ad
649 5291 828 5346 Deum
850 5291 1135 5361 pertinent
1164 5290 1519 5361 obedieritis;
1554 5292 1897 5359 obedientes,
1930 5309 1996 5347 ea
2026 5309 2149 5364 quae

548 5378 705 5434 vobis
730 5379 799 5433 ab
821 5396 887 5435 eo
914 5380 1136 5451 prolata
1182 5380 1413 5448 fuerint,
1458 5382 1516 5436 in
1558 5398 1689 5436 arca
1710 5382 1953 5453 pectoris
1980 5382 2150 5443 vestri

547 5467 940 5537 reposueritis:
966 5485 1278 5540 speramus,
1303 5487 1407 5542 per
1424 5470 2153 5542 misericordiam‘Dei,quia

548 5570 732 5626 neque
760 5573 858 5611 vos
878 5559 1189 5628 perniciose
1208 5559 1489 5621 errabitis.
1513 5576 1697 5632 neque
1726 5559 1980 5615 subditos
1996 5559 2151 5615 vobis

548 5642 608 5697 in
627 5643 971 5715 privatarum
1010 5647 1132 5718 [al.,
1167 5649 1496 5725 pravarum]
1530 5650 1815 5705 actionum
1842 5649 2152 5722 pertinacia

2230 4492 2315 4563 pis
2344 4492 2570 4548 dantur.

2300 4582 2434 4637 Haec
2461 4581 2667 4647 omnia,
2686 4586 2743 4635 et
2757 4580 2805 4634 si
2841 4597 2953 4651 qua
2981 4586 3115 4635 sunt
3140 4581 3352 4636 similia
3369 4586 3566 4636 contra
3586 4598 3821 4654 evange—

2232 4670 2395 4724 licam
2413 4674 2471 4724 et
2488 4670 2848 4741 apostolicam
2867 4670 3281 4736 auctoritatem,
3296 4675 3491 4725 contra
3503 4676 3821 4726 sanctorum

2230 4775 2505 4814 canonum
2524 4758 2981 4830 prohibitionem,
3004 4768 3197 4814 contra
3216 4759 3467 4814 omnium
3488 4759 3823 4815 orthodoxo—

2229 4863 2357 4901 rum
2398 4847 2632 4900 Patrum
2678 4846 2777 4917 qui
2807 4863 2910 4901 nos
2940 4853 3348 4918 praecesserunt
3375 4847 3497 4902 ﬁeri
3525 4847 3824 4902 institutio-

2228 4952 2378 5001 nem,
2438 4936 2648 5001 nullus,
2680 4936 2778 5007 qui
2826 4953 3015 4991 sacras
3053 4936 3274 4990 litteras
3328 4937 3416 4990 vel
3472 4936 3825 4991 mediocriter

2228 5024 2383 5095 legit,
2410 5024 2797 5094 ignor‘aLQuae
2827 5030 3039 5095 quanto
3059 5024 3119 5078 in
3139 5030 3440 5096 conspectu
3470 5024 3572 5079 Dei
3612 5030 3825 5079 sancto.

2229 5130 2468 5184 rumque
2482 5114 2604 5183 ejus
2619 5114 2862 5184 amplius
2881 5119 3015 5168 sunt
3034 5113 3503 5180 horrenda,tanto
3523 5114 3824 5168 studiosius

2229 5202 2430 5256 vestris
2452 5208 2586 5256 sunt
2603 5202 2725 5256 sine
2765 5202 2953 5274 aliqua
2983 5202 3253 5257 dilatione
3268 5202 3618 5272 jussionibus
3648 5202 3823 5273 prohi-

2233 5291 2432 5356 benda,
2465 5296 2540 5358 et,
2565 5291 2674 5345 nisi
2699 5290 2981 5363 prohibita
3009 5291 3383 5362 corrigantur,
3414 5290 3823 5347 districtissima

2231 5381 2463 5435 terroris
2503 5380 2669 5435 vestri
2719 5379 3019 5434 severitate
3071 5380 3391 5451 punienda;
3426 5380 3651 5435 nullum
3681 5380 3820 5435 enim

2232 5469 2348 5524 Deo
2378 5470 2462 5524 vel
2507 5470 2691 5539 majus
2722 5468 2809 5523 vel
2848 5469 3070 5539 gratius
3099 5484 3307 5524 munus
3342 5468 3545 5523 oﬂ‘erre
3572 5468 3816 5539 potestis,

2232 5574 2401 5630 quam
2428 5558 2478 5613 si
2506 5558 2697 5613 divina
2731 5563 2790 5612 et
2826 5558 3076 5614 humana
3131 5555 3337 5613 debitis
3382 5556 3602 5628 legibus
3628 5556 3820 5629 guber-

2232 5663 2370 5703 nare
2393 5646 2685 5701 studentis.
