3892 6350
138 321 243 380 537

1580 325 1970 383 EPISTOLE.

3309 322 3414 382 538

210 446 489 504 Memores
533 449 708 521 igitur
734 451 910 508 divini
943 451 1160 524 judicii,
1197 468 1308 524 quo
1335 452 1405 507 de
1443 451 1742 506 commisso
1757 449 1935 512 Atilio
1966 455 2021 504 et
2047 447 2226 504 amico
2258 447 2514 504 Rom:an
2543 448 2756 518 comiti,
2784 447 3022 504 salutem
3069 452 3128 505 et
3153 445 3416 503 benedic-

137 536 294 591 vobis
311 555 484 609 regno
505 542 782 596 rationem
805 543 1080 597 reddituri
1103 542 1236 597 estis
1277 541 1409 610 Deo,
1451 541 1739 612 episcopos

136 631 198 680 et
212 626 503 696 religiosos
524 647 774 702 quosque
787 633 936 686 viros
950 631 1009 686 in
1025 647 1199 686 unum
1213 630 1508 685 convenire
1522 629 1734 700 jubete,

135 730 299 768 sacro
329 733 525 771 eorum
573 721 870 774 conventui
924 721 1277 792 praesentiam
1331 724 1574 774 vestram
1613 734 1740 772 cum

133 805 339 858 vestris
359 806 726 876 optimatibus
755 808 1034 877 exhibete,
1065 809 1168 866 has
1207 825 1408 880 pravas
1438 813 1740 862 consuetu-

135 892 319 958 dines,
353 910 660 967 omnesque
679 897 819 952 alias
847 915 968 969 quae
997 914 1031 952 a
1058 898 1231 952 sacris
1277 897 1494 967 legibus
1534 896 1742 968 impro-

134 979 588 1054 bantur,aregno
608 991 793 1040 vestro
809 987 1182 1041 exterminare
1201 986 1443 1052 studete,
1462 991 1740 1057 quatenus

133 1069 254 1123 Rex
280 1087 477 1140 regum
509 1078 566 1126 et
594 1073 865 1129 Dominus
905 1074 1339 1141 dominantium,
1370 1091 1496 1129 cum
1540 1073 1742 1128 viderit

133 1158 357 1228 regiam
389 1161 742 1231 majestatem
771 1169 1012 1218 vestram
1033 1163 1324 1235 praaceptis
1343 1163 1461 1217 suis
1481 1163 1538 1216 in
1568 1162 1744 1217 omni-

130 1245 241 1302 bus
264 1264 392 1302 esse
415 1249 746 1320 subjectam,
778 1252 951 1306 servis
972 1238 1210 1323 quoque
1250 1269 1316 1306 ac
1344 1251 1602 1306 ﬁdelibus
1626 1251 1742 1306 suis

129 1352 236 1407 pro
264 1334 289 1409 [
297 1338 378 1394 al.
396 1377 412 1404 ,
443 1337 586 1411 prae]
605 1339 808 1394 timore
836 1345 894 1393 et
917 1357 1108 1394 amore
1129 1342 1254 1412 ejus
1273 1346 1622 1394 mansuetam
1637 1340 1743 1394 ini-

131 1424 298 1478 micis
326 1425 530 1480 divime
565 1427 854 1498 religionis
882 1429 1069 1483 divino
1118 1430 1234 1483 zelo
1280 1430 1579 1496 infestam;
1621 1429 1742 1500 ipse

132 1528 362 1584 quoque
407 1531 500 1569 vos
523 1522 848 1588 vestrosque
868 1517 1007 1571 ﬁdes
1028 1518 1339 1572 clamantes
1367 1518 1434 1572 ad
1468 1535 1527 1572 se
1548 1517 1737 1588 propi-

128 1601 310 1655 tiatus
345 1605 632 1670 exaudiat,
664 1605 854 1660 hostes
881 1612 1137 1661 conterat
1162 1623 1468 1678 pacemque
1496 1606 1650 1660 vobis
1677 1606 1736 1660 in

128 1689 240 1745 hoc
269 1692 475 1746 saeculo
509 1692 788 1762 stabilem,
833 1699 890 1748 et
936 1695 997 1750 in
1039 1695 1229 1750 futuro
1259 1696 1428 1749 vitam
1470 1700 1736 1749 aeternam

129 1780 426 1835 concedat.

621 1870 970 1928 EPISTOLA
991 1872 1240 1927 XXXIX.

560 1982 640 2038 AD
689 1994 991 2041 noosnwn
1037 1995 1329 2040 conum.

134 2091 464 2146 Castrorum
495 2095 798 2148 custodiam
819 2097 962 2162 regis
989 2097 1211 2148 nomine
1251 2097 1612 2162 commendat,
1638 2112 1738 2164 pa-

207 2166 421 2232 trisque
449 2168 500 2217 ei
527 2169 840 2234 exemplum
856 2169 1134 2234 proponit,
1177 2169 1278 2234 qui
1297 2167 1740 2234 ﬁdeliterservie-

203 2240 332 2295 rat;
365 2239 416 2288 et
445 2237 508 2288 de
536 2239 918 2290 vicecomitum
941 2239 1165 2306 placitis
1204 2253 1239 2290 a
1268 2253 1408 2305 rege,
1450 2240 1630 2305 quoad
1658 2254 1740 2292 re-

205 2306 353 2360 deat.
399 2307 670 2360 inhibitis.

247 2322 353 2367 εατ,
399 2322 670 2360 inmoms.

210 2393 576 2448 Lsxrnmcus
590 2394 775 2463 gmtia
785 2395 886 2449 Dei
903 2395 1741 2466 archiepiscopus,dilectissimo

129 2468 252 2534 ﬁlio
279 2487 337 2535 et
366 2481 549 2535 amico
605 2483 856 2538 R001:an
887 2483 1074 2538 comiti
1107 2485 1345 2538 salutem
1390 2489 1448 2537 et
1489 2483 1742 2538 benedic-

132 2571 345 2624 tionem
357 2615 369 2627 .

205 2659 484 2713 Dominus
514 2666 705 2714 noster
727 2662 1036 2730 Anglorum
1070 2678 1164 2715 rex
1190 2661 1401 2715 salutat
1430 2678 1525 2716 vos
1553 2668 1610 2716 et
1639 2679 1741 2716 nos

136 2748 510 2815 omnes,sicut
529 2749 721 2803 ﬁdeles
735 2767 866 2804 suos
884 2750 941 2803 in
965 2750 1167 2820 quibus
1189 2766 1453 2820 magnam
1476 2751 1741 2806 fiduciam

133 2836 328 2902 habet,
360 2849 419 2891 et
447 2837 682 2892 mandat
717 2844 800 2904 ut,
854 2845 1127 2909 quantum
1183 2856 1503 2910 possumus,
1549 2856 1743 2895 curam

134 2925 448 2980 habeamus
468 2926 538 2980 de
573 2927 818 2981 castellis
848 2929 987 2994 suis,
1015 2945 1106 2993 ne,
1139 2929 1286 2999 quod
1313 2929 1460 2983 Deus
1486 2931 1738 2985 avertat!

135 3015 383 3069 inimicis
421 3015 539 3069 suis
567 3015 883 3071 tradantur.
917 3017 1222 3088 Propterea
1266 3033 1402 3088 rogo
1431 3035 1548 3084 vos,
1599 3017 1745 3072 sicut

137 3121 342 3174 rogare
377 3105 554 3159 debeo
588 3106 762 3160 ﬁlium
786 3106 1198 3173 charissimum,
1231 3123 1417 3177 quem,
1439 3112 1581 3161 teste
1603 3108 1738 3174 Deo,

137 3197 257 3246 toto
276 3193 447 3246 corde
463 3192 634 3263 diligo
652 3199 708 3247 et
727 3195 938 3248 servire
960 3194 1235 3258 desidero,
1263 3200 1320 3248 et
1331 3196 1492 3264 cujus
1522 3201 1742 3266 patrem

137 3281 284 3335 sicut
303 3281 553 3336 animam
577 3298 758 3336 meam
780 3283 1254 3354 dilexi,quatenus
1277 3283 1345 3336 de
1368 3283 1472 3337 hac
1502 3300 1563 3337 re
1591 3290 1649 3338 et
1672 3285 1742 3338 de

141 3371 296 3424 omni
327 3371 603 3425 ﬁdelitate
631 3371 844 3426 domini
864 3371 1041 3426 nostri
1064 3372 1213 3442 regis
1238 3372 1408 3426 talem
1440 3389 1631 3427 curam
1649 3390 1743 3443 ge-

134 3461 296 3524 ratis,
329 3465 394 3514 ut
420 3475 455 3513 a
487 3460 622 3527 Deo,
656 3465 714 3514 et
740 3461 809 3514 ab
831 3477 896 3515 eo
922 3467 980 3515 et
998 3459 1257 3514 omnibus
1303 3460 1462 3515 bonis
1507 3461 1745 3516 homini-

138 3547 242 3602 bus
275 3549 499 3603 laudem
517 3548 791 3604 habeatis.

210 3639 273 3693 In
302 3638 574 3692 memoria
607 3645 792 3693 vestra
820 3655 1043 3709 semper
1070 3644 1257 3694 tenete
1287 3639 1530 3710 qualiter
1541 3640 1746 3709 glorio-

141 3743 236 3780 sus
257 3734 420 3797 pater
445 3732 631 3781 vester
660 3727 814 3791 vixit,
847 3733 905 3781 et
932 3744 1099 3798 quam
1123 3727 1362 3781 ﬁdeliter
1390 3728 1742 3782 Dominosuo

143 3816 386 3880 servivit,
397 3821 451 3870 et
475 3833 601 3870 cum
621 3823 831 3887 quanta
860 3817 1196 3870 strenuitate
1228 3817 1407 3871 multa
1426 3817 1738 3888 acquisivit,

143 3911 198 3959 et
226 3905 501 3976 acquisita
532 3922 736 3976 magno
761 3907 971 3960 honore
999 3905 1260 3964 retinuit.

211 3995 356 4049 Item
387 3994 673 4049 mandavit
700 4011 797 4049 rex
827 4011 898 4048 ne
928 3996 1014 4048 sui
1041 3994 1387 4048 vicecomites
1407 3995 1598 4066 aliqua
1613 3996 1744 4066 pla—

143 4083 251 4137 cita
272 4083 331 4137 in
361 4083 560 4137 vestris
588 4083 753 4138 terris
783 4089 1034 4147 teneant,
1060 4084 1428 4154 quoadusque
1449 4083 1567 4153 ipse
1589 4099 1744 4139 mare

143 4177 417 4236 transeat,
450 4177 507 4226 et
533 4172 682 4226 inter
717 4189 814 4226 vos
843 4178 901 4226 et
929 4172 1079 4244 ipsos
1109 4172 1461 4226 vicecomites
1501 4189 1602 4243 per
1655 4191 1746 4228 se-

145 4261 448 4331 metipsum
479 4277 678 4316 causas
703 4267 916 4316 vestras
941 4262 1158 4317 audiat.

215 4349 694 4405 Libentervellem
720 4349 1005 4404 vobiscum
1036 4351 1208 4421 loqui;
1234 4350 1302 4404 de
1332 4367 1442 4421 qua
1468 4367 1548 4417 re,
1586 4351 1634 4404 si
1649 4368 1745 4405 vo-

1818 539 2048 594 tionem.

1890 628 2114 682 Auditis
2141 627 2211 681 de
2241 632 2297 681 te
2319 643 2443 698 quae
2465 627 2660 682 audire
2689 627 2918 690 nollem,
2953 627 3114 682 doleo
3144 630 3419 698 quantum

1823 717 2008 770 dicere
2031 733 2143 770 non
2172 733 2422 788 possum.
2456 717 2653 787 Neque
2692 717 2842 770 enim
2891 717 3114 770 deceret
3155 719 3221 770 ut
3270 715 3420 770 ﬁlius

1823 805 2092 860 Willelmi
2109 805 2347 872 comitis,
2370 806 2531 876 cujus
2549 805 2851 876 prudentia
2863 809 2922 860 et
2939 804 3180 869 bonitas,
3212 809 3270 858 et
3287 820 3423 875 erga

1823 894 2124 949 Dominum
2181 911 2345 948 suum
2404 899 2462 948 et
2510 910 2706 948 omnes
2757 894 2967 948 amicos
3007 910 3140 948 suos
3176 893 3419 948 fidelitas

1823 983 2018 1037 multis
2045 983 2211 1038 terris
2240 982 2506 1046 innotuit,
2527 981 2769 1036 inﬁdelis
2789 982 3090 1048 diceretur,
3114 986 3171 1035 et
3196 982 3267 1036 de
3296 997 3422 1052 per-

1819 1072 1970 1142 jurio
2003 1073 2084 1125 u-l
2114 1072 2309 1126 fraude
2341 1071 2586 1142 aliquam
2617 1070 2910 1125 infamiam
2951 1075 3273 1141 pateretur:
3304 1071 3420 1124 imo

1825 1166 2003 1227 32]
2038 1160 2361 1215 conveniret
2388 1160 2576 1232 potius
2596 1164 2661 1213 ut
2686 1159 2836 1213 ﬁlius
2867 1159 3013 1213 tanti
3039 1159 3142 1212 viri
3167 1159 3422 1213 imitator

1823 1249 2002 1320 patris
2020 1250 2300 1314 existeret,
2328 1255 2384 1302 et
2400 1248 2582 1302 omnis
2606 1248 2876 1302 bonitatis
2902 1253 2960 1301 et
2987 1246 3274 1301 ﬁdelitatis
3295 1246 3421 1301 aliis

1825 1339 2142 1409 exemplum
2174 1337 2465 1409 praeberet.
2488 1337 2798 1408 Propterea
2823 1353 2959 1407 rogo
2982 1343 3060 1402 te,
3095 1335 3422 1390 dulcissime

1824 1425 1904 1479 ﬁli
1927 1431 1983 1479 et
2007 1426 2335 1480 charissime
2361 1425 2562 1489 amice,
2598 1433 2874 1496 quatenus
2906 1429 3133 1496 propter
3159 1424 3336 1478 Deum
3363 1427 3423 1478 et

1823 1514 2093 1568 honorem
2131 1519 2313 1576 tuum.
2340 1515 2385 1568 si
2416 1515 2636 1585 culpam
2682 1513 2751 1567 de
2781 1513 2881 1567 tali
2908 1529 2968 1566 re
2997 1512 3189 1576 habes,
3229 1511 3424 1582 resipi-

1821 1619 1962 1669 scas;
1996 1603 2042 1657 si
2075 1619 2201 1656 vero
2230 1619 2342 1657 non
2371 1601 2564 1666 habes,
2597 1601 3070 1656 manifestissimis
3125 1600 3424 1654 documen-

1819 1691 1892 1744 tis
1923 1699 1978 1745 te
2006 1708 2116 1746 non
2148 1691 2354 1746 habere
2383 1691 2666 1746 ostendas.
2699 1689 2985 1760 Quidquid
3013 1705 3144 1743 vero
3172 1689 3264 1755 sit,
3286 1703 3423 1758 rogo

1756 1802 1804 1861 Β
1822 1786 1886 1835 ut
1905 1781 1976 1835 ad
1995 1797 2083 1835 me
2104 1781 2310 1844 venias,
2336 1797 2567 1836 securus
2587 1779 2783 1851 procul
2802 1779 2972 1832 dubio
2988 1778 3134 1850 quod
3153 1793 3334 1849 neque
3363 1778 3424 1831 in

1825 1869 2033 1936 eundo,
2051 1887 2234 1940 neque
2255 1870 2311 1924 in
2333 1870 2638 1936 redeundo,
2661 1886 2759 1940 per
2777 1885 2898 1933 nos,
2913 1867 2998 1922 vel
3029 1867 3212 1938 regios
3240 1865 3424 1920 homi-

1822 1974 1922 2012 nes
1942 1958 2332 2029 impedimenti
2347 1959 2555 2029 aliquid
2573 1956 2822 2030 patieris.
2859 1955 3227 2028 Omnipotens
3237 1954 3426 2009 Domi-

1819 2063 1927 2102 nus
1957 2052 2012 2100 te
2031 2045 2345 2100 benedicat.

2355 2152 2703 2207 EPISTOLA
2745 2149 2886 2208 XLI.

2417 2277 2497 2319 AD
2542 2276 2818 2321 EUMDEM.

1821 2378 1900 2431 Ab
1933 2377 2511 2435 arcommunicatione,
2537 2391 2648 2442 qua
2672 2377 2839 2428 illum
2869 2376 3258 2436 obstrinxerat,
3285 2376 3423 2428 solvi

1896 2464 2009 2500 non
2043 2463 2192 2514 posse
2243 2447 2357 2498 nisi
2387 2449 2530 2511 regis
2568 2447 3010 2499 misericordiam
3043 2447 3316 2514 imploret,
3349 2447 3424 2500 ad

1895 2534 2059 2586 quam
2094 2517 2503 2573 inmetranrlam
2526 2533 2686 2570 suam
2719 2519 2810 2570 illi
2837 2531 3056 2584 operam.
3083 2519 3318 2584 spondet.

1893 2605 2258 2659 LANFRANCUS
2269 2604 2368 2658 Dei
2379 2605 2562 2674 gratia
2575 2604 3042 2676 archiepiscOpus,
3062 2604 3424 2659 dilectissimo

1826 2694 2108 2766 quondam
2139 2693 2255 2747 ﬁlio
2285 2699 2342 2746 et
2369 2692 2568 2757 amico,
2587 2693 2835 2749 ROGERIO
2864 2692 3074 2753 comiti,
3096 2692 3237 2746 bene
3265 2693 3428 2746 intel-

1824 2784 2000 2854 ligere
2027 2788 2086 2836 et
2113 2781 2393 2836 salubrem
2426 2783 2495 2835 de
2524 2781 2715 2835 anima
2738 2798 2842 2835 sua
2867 2798 3058 2836 curam
3089 2780 3314 2836 habere.

1900 2871 2072 2926 Doleo
2104 2887 2204 2941 pro
2220 2876 2296 2937 te,
2319 2876 2591 2940 quantum
2609 2869 2719 2923 dici
2742 2886 2852 2923 non
2881 2875 3084 2942 potest,
3105 2869 3256 2940 quia,
3279 2874 3426 2924 teste

1824 2961 1960 3026 Deo,
1993 2965 2049 3014 te
2079 2959 2368 3026 amabam;
2403 2965 2460 3012 et
2482 2965 2537 3012 te
2581 2975 2773 3012 amare
2819 2967 2876 3012 et
2926 2959 3028 3012 tibi
3069 2959 3278 3012 servire
3305 2964 3426 3014 toto

1827 3049 1993 3102 corde
2021 3048 2428 3113 desiderabam;
2458 3047 2554 3100 sed
2586 3047 2738 3118 quia,
2771 3047 3039 3101 instinctu
3069 3046 3339 3101 daemonis
3369 3052 3428 3101 et

1758 3156 1800 3216 ρ
1830 3137 2061 3192 consilio
2093 3153 2390 3208 pravorum
2430 3135 2745 3202 hominum,
2771 3152 2841 3190 ea
2868 3136 3095 3190 molitus
3123 3152 3181 3190 es
3205 3152 3329 3207 quae
3366 3140 3424 3190 te

1825 3226 2010 3281 moliri
2041 3226 2271 3279 minime
2299 3226 2984 3296 oportuerat,necessitate
3011 3230 3426 3288 coactus,men-

1824 3320 1942 3370 tem
1973 3315 2204 3380 mutavi,
2239 3319 2296 3368 et
2315 3313 2672 3368 dilectionem
2720 3331 2832 3368 non
2875 3314 2934 3368 in
2981 3314 3171 3369 odium
3202 3318 3426 3368 tantum

1827 3407 2100 3473 quantum
2134 3402 2203 3455 ad
2236 3401 2366 3475 [al.,
2402 3400 2486 3475 in]
2533 3419 2826 3457 rancorem
2880 3403 3084 3458 mentis
3132 3408 3189 3458 et
3210 3403 3426 3474 justam

1828 3492 2184 3545 severitatem
2216 3491 2482 3546 converti.
2517 3490 2746 3562 Legatis
2784 3497 2976 3546 tamen
3007 3497 3063 3546 et
3106 3492 3309 3546 litteris
3335 3507 3423 3546 se-

1827 3579 1938 3632 mel
1965 3585 2022 3632 et
2046 3579 2250 3632 iterum
2280 3583 2336 3633 te
2366 3578 2594 3633 invitavi
2618 3585 2682 3634 ut
2706 3579 2776 3633 ad
2797 3597 2886 3634 me
2908 3581 3144 3646 venires,
3168 3585 3227 3634 et
3251 3579 3431 3633 consi-

1827 3669 1963 3722 lium
1994 3668 2196 3722 animae
2247 3673 2358 3722 tua:
2406 3685 2436 3721 a
2489 3686 2578 3722 me
2623 3669 2828 3723 sicuta
2877 3676 3036 3740 patre
3065 3668 3344 3740 spirituali
3372 3672 3431 3722 et

1826 3757 2006 3811 amico
2036 3757 2250 3812 sincero
2276 3757 2578 3828 acciperes,
2635 3764 2806 3828 atque
2859 3775 2892 3812 a
2942 3759 3114 3812 stulto
3143 3756 3429 3829 proposito

1826 3847 1974 3918 quod
1995 3863 2350 3918 conceperas,
2382 3846 2615 3900 consilio
2637 3847 2867 3901 meliore
2887 3847 3218 3913 desisteres;
3248 3851 3312 3900 tu
3330 3860 3430 3898 ve-

1825 3951 1887 3990 ro
1917 3935 1972 3990 id
1997 3937 2180 3989 facere
2208 3935 2509 3992 recusasti.

1897 4023 2182 4078 Canonica
2204 4024 2380 4094 igitur
2407 4024 2741 4078 auctoritate
2761 4029 2818 4078 te
2843 4029 2900 4077 et
2920 4038 3115 4077 omnes
3139 4023 3429 4092 adjutores

1826 4118 1956 4166 tuos
1987 4112 2248 4165 maledixi
2280 4117 2338 4165 et
2364 4111 3030 4182 excommunicavi,atque
3067 4127 3102 4164 a
3140 4109 3429 4164 liminibus

1828 4207 2034 4255 sanctae
2067 4201 2323 4254 Ecclesia:
2351 4206 2408 4253 et
2435 4200 2717 4254 consortio
2758 4199 3008 4254 fidelium
3057 4199 3332 4271 separavi,
3373 4203 3432 4254 et

1827 4307 1929 4362 per
1950 4296 2125 4343 totam
2147 4289 2442 4359 Anglicam
2471 4295 2678 4342 terram
2707 4289 2812 4343 hoc
2844 4289 2992 4343 idem
3023 4289 3433 4361 pastoraliauc-

1827 4379 2056 4433 toritate
2085 4378 2205 4431 ﬁeri
2225 4377 2516 4448 imperavi.
2546 4377 2630 4432 Ab
2665 4379 2770 4432 hoc
2817 4377 3035 4432 vinculo
3055 4376 3431 4432 anathematis

141 4438 228 4493 διε
259 4440 520 4539 voluntas
570 4444 680 4539 est,
729 4439 992 4539 mandate
1047 4439 1184 4539 mihi
1241 4439 1312 4539 ad
1344 4439 1810 4539 .quem‘locumn
1831 4467 2119 4521 absolvere
2149 4472 2204 4520 te
2236 4483 2346 4520 non
2384 4468 2757 4538 possum,nisi
2783 4467 3227 4522 misericordiam
3258 4466 3434 4521 domi-

141 4529 423 4600 possimus
454 4528 768 4594 convenire,
801 4534 858 4582 et
886 4528 955 4582 de
992 4527 1160 4582 rebus
1190 4528 1390 4582 vestris
1440 4543 1504 4582 ac
1531 4527 1746 4582 domini

142 4617 321 4672 nostri
353 4617 500 4687 regis
532 4617 870 4688 colloquium
919 4616 1147 4672 habere.
1174 4615 1296 4686 Ego
1346 4633 1478 4670 vero
1515 4622 1746 4687 paratus

142 4723 269 4761 sum
302 4705 460 4760 vobis
482 4707 670 4760 venire
699 4706 918 4760 obviam
962 4723 1296 4776 quocunque
1345 4705 1742 4776 preceperitis.

213 4796 373 4866 Rogo
391 4801 458 4850 ut
473 4795 673 4849 harum
690 4795 1006 4849 litterarum
1030 4795 1287 4866 portitori
1310 4794 1536 4848 nomine
1559 4795 1750 4848 Berin—

142 4885 300 4955 gerio
321 4884 603 4955 justitiam
659 4883 876 4938 faciatis
931 4884 999 4938 de
1059 4883 1170 4937 illis
1229 4882 1548 4936 hominibus
1578 4899 1750 4954 super

147 4990 285 5044 quos
315 4973 619 5026 clamorem
646 4973 781 5026 facit
805 4989 906 5044 pro
957 4989 1102 5043 equo
1133 4989 1236 5026 suo
1263 4988 1431 5042 quem
1461 4971 1611 5026 furto
1640 4971 1746 5026 sibi

148 5063 401 5120 ablatum
426 5063 578 5116 dicit.
613 5063 982 5134 Omnipotens
1003 5064 1274 5116 Dominus
1297 5079 1392 5116 vos
1419 5061 1738 5132 benedicat,

149 5159 206 5207 et
227 5154 398 5208 vitam
429 5158 674 5207 vestram
704 5153 762 5206 in
791 5152 943 5207 omni
971 5151 1220 5206 bonitate
1250 5151 1527 5222 disponat.

706 5257 1058 5336 EPISTOLA
1082 5259 1196 5313 XL.

747 5365 830 5410 AD
875 5365 1148 5410 BUMDEM.

154 5463 212 5518 Ut
237 5481 273 5519 a
287 5465 548 5533 perjurio
577 5467 624 5516 et
652 5463 860 5532 fraude
889 5464 1180 5529 abstineat,
1190 5465 1479 5532 patrisque
1501 5478 1633 5530 erga
1664 5477 1753 5516 re-

444 5568 567 5620 gem
591 5556 639 5605 et
661 5555 802 5607 alios
822 5553 1141 5619 ﬁdelitatem
1172 5554 1444 5606 imitetur.

220 5641 584 5702 LANFBANGUS
594 5641 696 5696 Dei
714 5640 900 5711 gratia
911 5639 1753 5713 archiepisc0pus,dilectissimo

1830 4557 1888 4611 ni
1919 4556 2030 4609 mei
2059 4556 2208 4625 regis
2241 4557 2515 4626 requiras,
2553 4556 2770 4628 sibique
2799 4563 2858 4611 et
2887 4557 3031 4625 aliis,
3074 4573 3314 4628 quorum
3339 4570 3432 4610 res

1828 4646 2037 4716 injuste
2061 4644 2342 4715 praedatus
2372 4662 2449 4711 es,
2478 4646 2758 4715 justitiam
2789 4647 2978 4701 facias.

1903 4731 2186 4787 Mandasti
2220 4733 2368 4802 quod
2392 4733 2578 4787 adhuc
2608 4734 2796 4788 venire
2844 4735 3015 4789 velles
3040 4753 3053 4800 ;
3098 4735 3204 4788 hoc
3232 4750 3335 4804 ego
3360 4733 3433 4788 li-

1830 4821 2156 4876 bentissime
2178 4821 2397 4886 vellem,
2431 4821 2538 4875 nisi
2562 4823 2807 4892 regalem
2839 4824 2980 4878 iram
3011 4839 3112 4894 pro
3127 4823 3234 4876 hac
3261 4840 3321 4877 re
3340 4839 3432 4876 me

1830 4913 2188 4966 incursurum
2220 4914 2551 4974 metuerem,
2585 4911 2682 4964 sed
2716 4911 2899 4980 legato
2942 4917 2999 4965 et
3022 4911 3225 4964 litteris
3247 4910 3430 4981 poeni-

1829 5001 2084 5055 tudinem
2141 5006 2319 5063 tuam,
2352 5005 2409 5052 et
2461 4999 2858 5064 humilitatem,
2891 5005 2949 5054 et
2995 5016 3187 5069 preces
3214 5000 3265 5053 ei
3295 4999 3431 5054 inti-

1830 5089 2018 5159 mabo,
2052 5095 2110 5143 et
2137 5095 2212 5151 te,
2240 5088 2394 5142 salva
2419 5089 2542 5159 ejus
2581 5088 2870 5152 ﬁdelitate,
2903 5094 3070 5160 prout
3099 5087 3298 5142 melius
3327 5105 3430 5160 po-

1830 5186 1972 5243 tero,
2003 5177 2296 5248 adjuvabo.
2324 5178 2555 5232 Interim
2586 5193 2720 5247 rogo
2753 5182 2810 5231 et
2839 5192 3039 5232 moneo
3063 5182 3128 5230 ut
3149 5176 3425 5247 quiescas,

1833 5285 1936 5322 nec
1959 5267 2172 5338 aliquid
2198 5267 2417 5322 coneris
2446 5267 2626 5321 facere
2661 5266 2810 5320 unde
2835 5266 3108 5338 majorem
3139 5265 3258 5338 ejus
3282 5265 3426 5320 iram

1833 5374 2106 5412 ιηοιιιτειε.
