3892 6354
1021 448 1377 508 EPISTULA
1405 448 1576 506 XLII.

900 559 981 605 AD
1023 560 1310 604 ABBATEM

604 646 776 714 Rogat
804 649 869 698 ut
895 658 997 697 sua
1029 657 1195 697 causa
1222 643 1539 695 litterarum
1571 636 1741 695 latori
1758 640 1981 694 veniam

1141 713 1444 780 indulgeat.

574 802 934 860 Laus-amcos
965 801 1155 856 divina
1201 801 1546 871 dignatione,
1581 814 1695 854 non
1725 798 1843 854 suis
1883 794 2099 851 meritis

510 893 981 965 archiepiscopus,
1009 889 1196 944 abbati
1230 888 1356 947 B...
1388 889 1629 943 salutem
1654 904 1778 942 cum
1837 884 2102 942 orationi-

498 983 622 1038 bus.

577 1073 791 1127 Harum
821 1066 1138 1124 litterarum
1163 1067 1404 1139 portitor
1431 1068 1576 1121 iram
1601 1071 1841 1121 vestram
1873 1082 1932 1118 se
1970 1062 2106 1118 dicit

508 1151 837 1225 incurrisse,
868 1164 926 1213 et
979 1161 1278 1229 propterea
1307 1154 1570 1228 patriam,
1622 1156 1679 1210 in
1716 1172 1825 1227 qua
1854 1159 2020 1209 natus
2051 1158 2108 1207 et

508 1252 867 1302 conversatus
897 1251 1036 1313 erat,
1074 1251 1449 1317 parentesque
1478 1253 1536 1299 et
1554 1245 1763 1298 amicos
1791 1243 2103 1313 reliquisse.

500 1334 573 1392 Et
586 1338 716 1409 quia
730 1336 949 1409 putavit
970 1336 1118 1406 quod
1140 1351 1240 1405 pro
1255 1351 1345 1389 me
1372 1334 1613 1388 multum
1630 1334 1811 1389 facere
1833 1332 2102 1397 debeatis,

505 1431 713 1491 nostris
730 1431 878 1502 apud
929 1427 1327 1500 paternitatem
1355 1433 1595 1481 vestram
1627 1444 1686 1481 se
1714 1426 1876 1498 petiit
1902 1425 2107 1479 litteris

508 1519 784 1590 adjuvari.
824 1518 977 1573 Mota
1007 1519 1183 1589 igitur
1208 1516 1416 1571 nostris
1438 1516 1693 1587 precibus
1726 1520 1909 1570 vestra
1930 1515 1982 1568 ei
2006 1514 2105 1568 be-

504 1608 753 1680 nignitas
782 1607 1093 1677 indulgeat,
1136 1612 1413 1677 quatenus
1438 1603 1557 1676 ipse
1585 1605 1825 1659 amicum
1849 1610 2103 1659 nostrum

505 1714 609 1771 pro
632 1696 917 1751 commissi
946 1696 1034 1750 sui
1064 1694 1224 1749 venia
1251 1712 1309 1748 se
1336 1695 1566 1766 petiisse
1595 1698 1909 1765 cognoscat.

1016 1802 1365 1857 EPISTOLA
1383 1798 1585 1855 XLIII.

926 1926 1010 1973 AD
1050 1925 1381 1970 ANSELIUM
1426 1924 1688 1970 PATREM.

500 2029 720 2081 Fratris
746 2029 838 2080 sui
866 2028 1049 2094 ﬁlium
1082 2025 1310 2079 liberius
1354 2025 1423 2077 ab
1451 2026 1526 2076 eis
1564 2027 1874 2091 susceptum
1928 2024 2100 2090 fuisse

573 2102 809 2163 laetatur,
833 2102 879 2151 et
900 2099 1115 2163 gratias
1141 2098 1279 2161 agit,
1294 2096 1466 2149 simul
1488 2098 1790 2149 insinuans
1810 2096 1946 2163 quid
1971 2111 2101 2163 erga

568 2172 735 2225 illum
760 2170 1039 2222 observari
1062 2170 1267 2234 cupiat.

570 2275 831 2339 Domino,
861 2274 1028 2344 patri,
1062 2273 1245 2337 ﬂ'atri,
1276 2272 1456 2326 amico
1486 2274 1767 2337 Assumo,
1804 2271 2093 2325 LANFRAN-

497 2379 597 2418 eus
616 2369 895 2434 peccator,
914 2367 1244 2434 perpetuam
1275 2378 1310 2414 a
1333 2361 1448 2417 Deo
1462 2362 1719 2415 salutem.

572 2452 719 2517 Quid
745 2452 882 2505 mihi
914 2452 1191 2523 expediat,
1219 2449 1506 2504 beatitudo
1536 2456 1717 2503 vestra
1761 2449 1970 2519 optime
1995 2465 2092 2502 no-

496 2540 596 2609 vit;
628 2540 683 2595 in
712 2541 1020 2610 Anglorum
1050 2540 1200 2594 enim
1231 2545 1440 2592 terram
1472 2537 1836 2607 veniens,sive
1854 2537 2089 2592 Romam

494 2629 871 2705 proﬁciscens,
904 2629 1094 2682 omnia
1129 2626 1413 2682 sanctitati
1459 2632 1655 2680 vestrae
1703 2629 1942 2681 reseravi
1970 2644 2092 2697 quae

495 2718 797 2772 reseranda
822 2734 945 2771 esse
972 2723 1106 2771 tunc
1133 2715 1404 2787 temporis
1433 2733 1534 2786 pro
1573 2733 1826 2770 mearum
1851 2714 2093 2770 necessi-

495 2811 613 2861 tate
637 2806 900 2877 judicavi.
936 2806 1025 2861 Sic
1054 2823 1186 2877 ergo
1215 2812 1389 2871 orate,
1425 2805 1503 2859 sic
1532 2804 1602 2858 ab
1633 2804 1827 2858 amicis
1854 2821 1918 2859 ac
1937 2805 2095 2858 fami-

494 2886 729 2951 liaribus
760 2901 947 2962 322
975 2895 1176 2949 vestris
1220 2899 1439 2948 oratum
1466 2894 1533 2947 iri
1565 2894 1865 2966 deposcite,
1900 2900 2098 2965 quate-

494 3000 603 3039 nus
623 2985 978 3055 omnipotens
1007 2985 1155 3038 Deus
1188 2989 1288 3039 aut
1311 2984 1380 3038 ad
1409 2984 1700 3037 meliorem
1732 2984 1975 3038 fructum
2008 3001 2098 3038 me

495 3073 787 3146 perducat,
816 3080 917 3127 aut
959 3072 1027 3128 de
1078 3074 1364 3143 ergastulo
1410 3072 1579 3143 hujus
1629 3073 1811 3126 carnis
1850 3073 2098 3127 animam

1486 327 1549 383 B.
1592 314 2007 383 LANFRANOI
2040 314 2407 375 CRETUER.
2450 313 2808 371 ARCHIEP.

2118 1838 2165 1898 B

3688 311 3801 371 MD

2114 446 2163 505 Α
2180 441 2446 507 laniatur,
2480 440 2674 495 multis
2695 439 3043 510 diversisque
3060 438 3246 495 carnis
3267 435 3692 495 titillationibus
3712 436 3799 489 in-

2181 535 2276 585 tus
2298 530 2652 600 exteriusque
2697 529 3001 594 cruciatur,
3038 534 3261 598 oportet
3305 529 3464 585 valde
3511 533 3576 581 ut
3625 527 3798 583 vestri

2187 634 2318 673 eum
2348 618 2608 688 colloquii
2639 617 2969 688 participem
3001 616 3310 686 saepissime
3338 615 3801 680 laciatis,omnes

2186 723 2299 779 que
2326 723 2565 778 quorum
2594 706 2852 761 doctrina
2879 704 3123 761 salubris
3150 722 3274 761 esse
3294 710 3478 776 potest
3508 704 3583 770 ei,
3617 703 3800 759 collo-

2180 797 2278 868 qui
2306 813 2435 851 cum
2464 812 2551 861 eo,
2584 795 2807 866 quoties
2836 794 3077 866 expedit,
3105 792 3373 864 jubeatis.

2253 886 2573 940 Discedenti
2597 884 2707 956 ipsi
2735 900 2769 939 a
2799 900 2907 949 me,
2940 883 3191 953 rogando
3223 882 3462 954 praecepi
3487 887 3546 939 et
3592 881 3803 954 preci-

2184 975 2390 1047 piendo
2413 974 2603 1045 rogavi
2620 990 2692 1030 ne
2708 973 2812 1028 hoc
2831 988 2979 1029 anno
2996 972 3243 1043 aliquam
3259 972 3346 1027 vel
3370 972 3428 1027 in
3470 971 3797 1036 refectorio,

2189 1066 2273 1119 vel
2296 1064 2357 1118 in
2381 1065 2755 1133 capitulo,aut
2781 1063 2837 1119 in
2869 1061 3213 1118 monasterio
3242 1061 3537 1117 lectionem
3552 1061 3784 1129 legeret

2189 1154 2555 1225 quoadusque
2600 1152 2943 1223 psalmorum
2999 1151 3292 1207 scientiam
3339 1150 3538 1220 suique
3576 1150 3803 1209 ordinis

2188 1259 2354 1297 usum
2404 1243 2647 1311 aliquem
2700 1240 2976 1295 haberet:
3011 1242 3156 1295 hanc
3205 1241 3551 1299 voluntatem
3603 1254 3801 1297 meam

2190 1334 2419 1387 omnino
2441 1331 2712 1402 despexit,
2737 1337 2794 1384 et
2819 1338 2883 1384 ut
2910 1332 3140 1400 legeret,
3167 1344 3397 1385 suarum
3439 1344 3673 1399 precum
3708 1328 3800 1385 ni-

2189 1423 2471 1477 mietatea
2517 1419 2672 1474 vobis
2703 1420 2968 1487 extorsit;
3013 1436 3115 1490 pro
3153 1436 3265 1490 qua
3294 1437 3353 1475 re
3400 1418 3799 1475 amarissimas

2188 1510 2408 1565 litteras
2435 1509 2826 1564 transmittere
2851 1509 2957 1564 sibi
2979 1509 3248 1581 disposui;
3277 1510 3376 1564 sed
3405 1508 3539 1563 visis
3567 1506 3799 1564 aliialii.-

2186 1600 2324 1654 teris
2353 1599 2551 1654 vestris
2569 1603 2898 1670 conceptum
2926 1597 3193 1654 adversus
3220 1595 3607 1656 temeritatem
3639 1612 3799 1654 men-

2186 1690 2262 1743 tis
2289 1704 2579 1743 rancorem
2611 1686 2792 1741 omisi.

2684 1774 3037 1832 EPISTOLA
3062 1775 3261 1833 XLIV.

2408 1884 2671 1928 ANSELMI
2707 1882 2960 1927 FRATRIS
3000 1881 3082 1925 AD
3125 1880 3556 1925 LANFRANCUM.

2180 1967 2459 2020 Proximis
2513 1966 2819 2032 Lanfranoi
2866 1966 3072 2018 litteris
3103 1963 3387 2032 respondet
3441 1978 3506 2015 ac
3576 1961 3799 2015 Mauri-

2257 2039 2400 2090 tium
2429 2030 2675 2090 vicissim
2701 2037 2900 2104 capitis
2922 2030 3253 2103 aegritudine
3276 2030 3619 2087 laborantem
3645 2048 3797 2086 com-

2253 2108 2494 2161 mendat.

2253 2196 2491 2251 Domino
2517 2195 2826 2249 reverendo
2848 2193 3152 2267 patri,vere
3173 2191 3457 2263 diligendo
3478 2196 3535 2246 et
3563 2190 3796 2256 dilecto,

2176 2284 2463 2340 catholicae
2517 2284 2684 2338 matri
2733 2282 3125 2354 amplectende
3166 2281 3609 2353 archiepiscopo,
3642 2279 3796 2334 LAN-

2173 2388 2412 2437 FBANOO,
2430 2373 2610 2429 frater
2634 2374 2932 2429 Ansewus
2958 2389 3095 2427 suus
3141 2370 3293 2442 quod
3322 2369 3550 2441 dignius
3579 2373 3794 2440 potest,

2172 2469 2324 2521 totus
2343 2479 2496 2517 suus.

2244 2551 2475 2616 Quoties
2491 2549 2644 2603 vobis
2660 2554 2747 2603 est
2763 2555 2993 2620 gratum
3014 2548 3223 2619 aliquid
3242 2546 3380 2602 mihi
3394 2562 3516 2600 esse
3534 2552 3770 2616 gratum

2175 2642 2369 2710 utique
2399 2639 2535 2693 mihi
2558 2644 2615 2693 et
2659 2639 2765 2692 hoc
2808 2644 2895 2692 est
2940 2642 3188 2707 gratum,
3213 2643 3270 2693 et
3293 2635 3431 2690 illud
3461 2635 3526 2687 ﬁt
3551 2635 3778 2703 gratius

2176 2730 2322 2801 quod
2341 2729 2498 2801 prius
2518 2734 2641 2782 erat
2655 2732 2900 2798 gratum.
2919 2726 3287 2797 Signiﬁcastis
3315 2741 3412 2779 vos
3440 2723 3591 2777 inter
3615 2723 3780 2777 laetos

2179 2836 2320 2885 esse,
2355 2819 2489 2890 quia
2519 2835 2645 2888 ego,
2686 2823 2751 2872 ut
2804 2818 2874 2871 de
2916 2817 3042 2873 aliis
3086 2822 3327 2886 taceam,
3354 2813 3791 2871 dilectissimum

2180 2914 2459 2972 nostrum,
2481 2912 2742 2977 nepotem
2772 2910 3039 2973 vestrum,
3072 2906 3233 2961 valde
3259 2903 3513 2975 gaudens
3527 2902 3750 2977 suscepi
3768 2946 3781 2959 .

2179 2998 2358 3055 Tanto
2384 2996 2557 3066 igitur
2576 3000 2634 3050 et
2663 2996 2768 3049 hac
2789 3000 2976 3049 vestra
3003 2994 3199 3048 laetitia
3217 3010 3342 3048 sum
3373 2992 3712 3056 ltetiﬁcatus,
3732 2996 3791 3045 et

2179 3084 2630 3156 gaudium,quod
2653 3084 2959 3139 habueram
2990 3084 3059 3138 de
3088 3083 3352 3155 praedicto
3379 3081 3550 3137 charo
3567 3086 3785 3145 nostro.

495 3182 680 3223 meam
705 3166 760 3221 in
788 3166 873 3219 sui
902 3166 1081 3219 sancti
1101 3166 1346 3220 nominis
1368 3165 1715 3219 confessione
1732 3166 1935 3220 educat
1959 3185 1971 3234 ;
1992 3170 2158 3253 .totC
2182 3174 2435 3246 quamvis
2486 3190 2709 3243 semper
2757 3173 2958 3243 vigeat,
3009 3172 3265 3242 augendo
3307 3174 3393 3224 est
3428 3173 3783 3234 renovatum,

492 3255 641 3311 enim
667 3255 953 3324 tantisque
1008 3253 1471 3309 tribulationibus
1516 3260 1670 3309 terra
1724 3255 1852 3318 ista;
1894 3255 1950 3309 in
1991 3272 2103 3326 qua
2183 3270 2396 3334 quanto
2417 3262 2474 3317 id
2504 3262 2654 3332 quod
2685 3277 2797 3315 non
2829 3261 3175 3315 verecundor
3202 3258 3363 3313 fateri
3414 3266 3522 3325 (me
3569 3257 3789 3313 scilicet

493 3358 708 3405 sumus,
739 3342 989 3413 quotidie
1045 3344 1314 3415 quatitur.
1374 3349 1459 3398 tot
1513 3343 1804 3397 adulteriis
1864 3344 2101 3416 aliisque
2182 3368 2248 3407 ex
2279 3367 2486 3421 magna
2505 3354 2665 3420 parte
2686 3349 2840 3404 illum
2868 3349 2947 3404 sic
2973 3347 3325 3419 suscipiendo
3348 3345 3677 3413 intendisse)
3712 3345 3784 3399 ad

492 3430 778 3505 spurcitiis
805 3430 1153 3502 inquinatur,
1181 3436 1245 3485 ut
1273 3429 1461 3485 nullus
1502 3430 1615 3484 fere
1645 3430 1939 3486 hominum
1965 3432 2101 3486 ordo
2183 3446 2372 3495 votum
2408 3426 2723 3510 pervenisse
2753 3438 2984 3507 cognovi
3006 3437 3073 3491 de
3116 3453 3241 3491 meo
3282 3435 3500 3489 meritis
3527 3435 3779 3500 domino,

489 3521 566 3575 sit
620 3519 717 3593 qui
761 3519 848 3572 vel
875 3519 1077 3573 animae
1108 3536 1222 3573 suae
1242 3516 1516 3585 consulat,
1561 3520 1646 3573 vel
1687 3520 2011 3590 proﬁciendi
2038 3521 2096 3575 in
2180 3530 2289 3583 ﬁde
2334 3529 2527 3596 fratre,
2560 3526 2935 3581 sollicitudine
2984 3526 3097 3580 ﬁlio
3150 3525 3431 3591 Mauritio,
3478 3540 3647 3596 quem
3677 3540 3780 3597 pro

485 3607 674 3664 Deum
702 3607 1005 3662 salutarem
1035 3608 1347 3687 dQCtl'inam
1383 3609 1587 3662 saltem
1614 3608 1809 3663 andil‘e
1840 3609 2099 3682 Concupi-
2178 3617 2332 3672 vobis
2352 3618 2626 3689 separatis
2646 3617 2715 3671 ab
2740 3618 2836 3672 illo
2866 3634 2897 3671 a
2928 3634 3037 3687 quo
3059 3618 3184 3688 plus
3204 3614 3504 3671 amabatur
3524 3630 3696 3686 quam
3710 3613 3780 3666 ab

487 3702 624 3751 seat.

496 3832 521 3843 ε
554 3787 818 3854 Litteras,
854 3802 993 3857 quas
1025 3802 1124 3857 per
1145 3784 1446 3839 dominum
1478 3782 1783 3841 Robertum
1824 3788 2096 3845 transmi-

485 3877 627 3942 sisti,
656 3877 818 3931 laetus
838 3874 1088 3947 suscepi,
1114 3874 1296 3929 laetior
1324 3875 1474 3945 regi:
1506 3892 1632 3929 cum
1664 3882 1874 3945 quanto
1904 3884 2091 3931 autem

480 3966 689 4047 gaudio
711 3966 894 4021 adhuc
918 3982 1018 4020 eas
1054 3963 1351 4035 relegendo
1377 3963 1579 4027 recolo,
1604 3970 1661 4018 et
1690 3966 1983 4020 recolendo
2011 3983 2095 4021 re-

482 4054 629 4126 lego,
670 4054 875 4110 litteris
904 4054 1190 4126 explicare
1219 4071 1327 4108 non
1363 4070 1612 4124 possum,
1648 4071 1748 4125 pro
1801 4072 1866 4109 eo
1896 4055 2093 4112 videli-

484 4148 575 4201 cet
602 4144 770 4215 quod,
804 4144 950 4198 sicut
976 4144 1035 4199 in
1047 4144 1127 4203 eis
1155 4143 1427 4215 scriptum
1452 4148 1557 4208 est,
1583 4142 1967 4199 dulcissimum
1992 4148 2093 4201 mi-

484 4231 544 4286 hi
560 4231 750 4285 fratris
779 4231 914 4285 mihi
934 4231 1136 4298 filium,
1167 4248 1332 4301 quem
1365 4231 1510 4285 sicut
1538 4231 1785 4285 animam
1805 4250 1987 4287 meam
2010 4233 2090 4288 di-

488 4318 621 4391 ligo,
654 4335 778 4374 cum
804 4318 1019 4389 ingenti
1050 4318 1246 4372 laetitia
1269 4319 1613 4388 suscepistis,
1638 4319 1786 4391 quod
1817 4323 2086 4393 majorem

487 4423 624 4477 erga
643 4423 739 4461 vos
764 4406 976 4463 amoris
1003 4408 1113 4460 mei
1140 4407 1400 4461 ﬁduciam
1435 4424 1499 4461 ex
1529 4408 1632 4461 hac
1654 4410 1943 4465 occasione
1960 4430 2087 4467 con-

2177 3706 2310 3773 alio,
2341 3714 2399 3763 et
2428 3721 2595 3776 quem
2628 3707 2754 3777 plus
2781 3706 3012 3760 amabat
3066 3722 3233 3776 quam
3282 3704 3496 3769 alium;
3537 3719 3634 3757 vos
3672 3702 3781 3774 ipsi

2172 3795 2442 3865 judicate,
2473 3812 2581 3866 quo
2611 3795 2692 3851 illi
2723 3795 2992 3849 debeatis.
3037 3793 3356 3860 Quamlibet
3391 3808 3639 3863 namque
3671 3791 3779 3846 vile

2175 3884 2250 3939 sit
2278 3886 2427 3955 quod
2449 3885 2528 3938 sic
2556 3890 2733 3954 amat,
2760 3890 2819 3940 et
2863 3901 2899 3939 a
2938 3901 3048 3954 quo
3106 3885 3185 3941 sic
3213 3887 3454 3947 amatur,
3505 3881 3776 3937 nimirum

2174 3975 2278 4028 hoc
2304 3975 2387 4031 illi
2420 3974 2636 4029 debetis
2666 3974 2815 4044 quod
2844 3990 2954 4029 non
2980 3974 3168 4029 minus
3196 3978 3365 4039 amet,
3388 3977 3444 4025 et
3463 3988 3498 4025 a
3523 3987 3635 4041 quo
3666 3986 3778 4025 non

2175 4062 2360 4117 minus
2389 4068 2634 4124 ametur.
2667 4062 2942 4126 Quoniam
2975 4062 3150 4132 igitur
3173 4066 3230 4115 et
3254 4077 3355 4131 ego
3390 4059 3521 4114 novi
3540 4059 3777 4129 justitie

2174 4157 2370 4205 vestrae
2386 4151 2799 4215 rectitudinem,
2824 4158 2881 4206 et
2898 4169 2995 4206 vos
3027 4151 3202 4205 nostis
3232 4156 3487 4204 mutuam
3521 4156 3775 4204 nostram

2174 4239 2550 4307 dilectionem,
2581 4242 2732 4295 omni
2762 4242 2884 4310 ejus
2936 4241 3366 4311 supersedemus
3417 4238 3777 4293 commenda-

2168 4326 2339 4380 tione.
2374 4326 2455 4383 De
2475 4326 2810 4395 aegritudine
2834 4326 3034 4397 capitis
3056 4327 3178 4396 ejus
3207 4331 3450 4381 vestram
3477 4323 3771 4394 pietatem,

2169 4420 2441 4485 quantum
2464 4415 2611 4485 apud
2623 4431 2720 4469 vos
2737 4431 2985 4484 possum,
3014 4431 3149 4484 rogo
3171 4413 3447 4484 praecipue
3469 4418 3770 4482 quatenus,

484 4495 728 4565 cepistis,
761 4500 818 4549 et
842 4495 1138 4566 praecipue,
1193 4513 1257 4550 ac
1301 4514 1471 4568 super
1524 4499 1733 4559 omnia,
1768 4500 1914 4570 quod
1943 4519 2084 4557 onus
2104 4517 2151 4574 D
2169 4508 2400 4574 propter
2419 4502 2596 4557 Deum
2610 4508 2667 4557 et
2687 4509 2907 4556 mtcrnaa
2929 4503 3128 4557 salutis
3150 4500 3599 4566 retributionem,
3620 4499 3772 4553 vobis

484 4585 787 4657 prioratus.
839 4585 985 4656 quod
1042 4585 1395 4657 importabile
1433 4593 1601 4640 antea
1651 4586 1962 4656 videbatur,
2024 4608 2090 4646 ex

485 4674 607 4745 ejus
636 4674 874 4729 adventu
904 4673 1208 4746 levigatum
1247 4675 1401 4728 vobis
1446 4675 1828 4746 perhibuistis.
1866 4679 1946 4732 De
1978 4698 2088 4751 quo

482 4761 707 4819 brevem
746 4780 1111 4836 veracemque
1135 4766 1468 4818 sententiam
1492 4765 1650 4819 vobis
1672 4767 1795 4820 dico
1821 4787 1833 4821 :
1864 4768 1911 4821 si
1940 4769 2090 4825 inter

482 4869 732 4933 paganos
753 4854 919 4909 etiam
941 4854 1061 4924 ipse
1080 4853 1309 4918 viveret,
1336 4854 1461 4924 plus
1484 4854 1697 4908 caeteris
1720 4857 1955 4926 paganis
1985 4876 2088 4929 ego

481 4942 634 5015 ipsos
647 4943 736 5014 [[1,
755 4942 965 5014 ipsum]
1011 4942 1328 5011 diligerem,
1379 4948 1435 4996 et
1463 4942 1754 5012 prodesset
1783 4945 1863 4998 eis
1892 4942 1986 5021 [/.,
2015 4948 2087 5018 ei]

482 5030 530 5086 si
551 5030 761 5102 quidin
803 5032 909 5085 hoc
946 5031 1147 5084 saeculo
1180 5029 1552 5102 possiderem.
1592 5032 1806 5096 Quibus
1832 5033 1901 5086 de
1922 5034 2088 5090 rebus

485 5123 726 5191 quantas
746 5135 973 5188 possum
996 5119 1110 5172 Deo
1142 5123 1199 5172 et
1223 5118 1452 5173 domino
1474 5117 1663 5173 abbati
1686 5120 1951 5192 vobisque
1974 5140 2089 5177 om-

479 5205 645 5262 nibus
673 5207 888 5277 gratias
916 5204 1115 5273 refero,
1138 5205 1269 5279 quia
1290 5208 1484 5279 quales
1513 5207 1736 5263 voluero
1770 5209 1892 5280 [at,,
1915 5212 2080 5282 volo],

479 5296 622 5349 tales
650 5309 750 5350 vos
779 5312 915 5366 erga
944 5312 1035 5350 me
1082 5302 1140 5350 et
1183 5313 1377 5351 omnes
1434 5297 1531 5367 qui
1569 5295 1885 5367 diliguntur
1928 5316 1961 5353 a
1995 5318 2085 5355 me

481 5400 705 5454 semper
733 5401 857 5438 esse
886 5386 1189 5457 comperio.

555 5471 663 5525 Sed
694 5473 824 5542 quia
850 5475 1120 5529 accedens
1139 5475 1209 5529 ad
1234 5475 1559 5529 servitutem
1600 5475 1841 5539 Domini,
1886 5482 1943 5531 et
1971 5494 2086 5551 ma-

483 5557 634 5612 xime
663 5557 720 5611 id
740 5560 933 5639 .aetatis
954 5562 1142 5628 homo,
1171 5564 1368 5618 multis
1380 5564 1659 5634 variisque
1678 5565 2084 5623 tentationibus

479 5663 584 5720 per
603 5652 955 5704 tentatorum
986 5652 1286 5722 spirituum
1333 5653 1720 5723 suggestiones
1746 5654 2083 5711 intrinsecus

2171 4590 2512 4649 instantibus
2532 4607 2567 4644 a
2595 4590 2800 4645 dilecto
2831 4591 3009 4645 amico
3039 4596 3230 4645 nostro
3278 4589 3508 4644 domino
3540 4588 3771 4644 Alberto

2170 4681 2407 4747 medico,
2432 4686 2705 4751 quantum
2736 4685 2939 4751 potest,
2970 4680 3331 4752 perquiratur
3352 4684 3408 4734 et
3425 4683 3677 4733 curetur.

2590 4774 2777 4837 32:8
2808 4769 3160 4827 EPISTOLA
3184 4767 3345 4823 XLV.

2711 4878 2791 4922 ΔΙ)
2834 4876 3217 4925 GONDULFUN.

2206 4963 2420 5015 Fratris
2449 4963 2540 5014 sui
2569 4962 2774 5027 ﬁlium,
2812 4965 2873 5014 ut
2903 4962 2972 5014 ab
2992 4977 3049 5014 eo
3078 4963 3422 5020 instruatur,
3457 4961 3735 5027 pracipuc

2275 5034 2636 5098 commendat,
2661 5046 2980 5100 c-rucemque
3012 5034 3183 5086 mittit
3224 5047 3347 5088 cum
3380 5031 3658 5099 reliquiis.

2240 5120 2612 5175 Dilectissimo
2673 5138 2774 5175 suo
2832 5121 3135 5175 GONDULFO
3185 5118 3583 5174 dilectissimus
3632 5134 3768 5175 suus

2168 5207 2548 5275 LANFRANCUS,
2582 5209 2893 5265 dilectionis
2922 5215 3119 5287 coeptae
3146 5209 3363 5263 felicem
3400 5224 3767 5279 perseveran-

2164 5298 2323 5352 tiam.

2236 5388 2478 5453 Fratres,
2502 5404 2661 5460 quos,
2699 5386 3026 5441 charissima
3066 5384 3258 5467 frater,
3290 5385 3494 5440 litteris
3526 5386 3763 5441 edocen-

2167 5472 2288 5540 dos,
2311 5472 2586 5548 bonisque
2644 5475 2891 5530 moribus
2948 5476 3307 5530 instruendos
3335 5475 3439 5529 tibi
3482 5477 3760 5548 praecipue

2164 5566 2472 5633 transmisi,
2522 5567 2755 5620 honeste
2786 5572 2839 5620 et
2869 5566 3177 5620 secundum
3204 5566 3549 5621 voluntatem
3574 5582 3755 5620 meam

2163 5652 2394 5710 tractari
2423 5654 2795 5727 quorumdam
2825 5655 3097 5709 relatione
3117 5654 3377 5725 cognovi;
3418 5669 3523 5726 pro
3543 5666 3657 5727 qua
3694 5669 3752 5708 re
