3892 6360
108 305 197 366 bii

100 520 143 574 si
161 526 341 576 tamen
370 522 754 579 admonitione
776 524 1013 594 indiges,
1067 526 1375 582 admonere
1405 534 1463 584 te
1490 531 1673 602 cupio.

100 610 486 666 Charissimum
518 612 655 666 mihi
677 611 871 668 fratris
900 614 1011 669 mei
1044 615 1244 682 ﬁlium,
1279 616 1508 673 fratrem
1529 619 1677 675 vide-

97 698 216 753 licet
231 704 405 760 tuum.
441 701 708 755 charitati
735 706 847 757 tuae
884 704 1236 771 commendo,
1269 722 1497 777 rogans,
1529 707 1676 764 sicut

99 788 268 857 rogari
287 793 513 859 oportet
537 807 572 844 a
589 807 677 844 me
698 791 1174 860 iucundissimum
1204 794 1383 849 ﬁlium
1413 795 1675 852 fratrem—

96 891 191 945 que
210 892 417 939 meum,
445 884 731 948 quatenus
747 896 872 934 cum
893 896 1102 950 magna
1122 881 1478 950 jucunditate
1497 884 1674 940 animi

96 965 165 1018 tui
183 981 304 1019 eum
332 965 562 1036 diligas,
593 972 652 1021 et
681 968 752 1022 ad
781 968 953 1023 vitam
968 969 1312 1026 laudabilem
1334 989 1437 1042 pro
1460 974 1672 1030 viribus

94 1053 191 1107 tuis
209 1053 514 1109 informare
528 1071 644 1111 non
676 1056 1186 1115 desinas.Fratrem
1198 1063 1358 1116 tuum
1373 1068 1672 1132 propterea

92 1141 189 1193 dixi
215 1141 394 1207 illum,
449 1161 623 1214 quem
663 1145 787 1215 [at.,
820 1146 1105 1216 quoniam]
1148 1163 1342 1203 revera
1388 1148 1492 1203 sibi
1549 1168 1670 1205 esse

93 1230 195 1283 volo
222 1231 584 1301 multumque
615 1249 750 1303 rogo
771 1275 784 1297 ,
845 1249 976 1289 nam
1008 1240 1064 1288 et
1114 1252 1309 1290 revera
1336 1238 1669 1315 venerabilis

90 1325 250 1372 mater
296 1326 416 1386 tua,
472 1321 625 1375 sicut
667 1323 807 1377 mihi
859 1323 1101 1379 relatum
1139 1330 1241 1387 est,
1290 1325 1468 1380 filium
1501 1342 1667 1384 suum

89 1417 322 1471 eumdem
344 1434 555 1472 vocare
575 1420 997 1490 dignatur,cum
1010 1421 1107 1475 illa
1122 1423 1190 1475 de
1203 1424 1667 1479 excellentissimo

88 1522 287 1576 genere,
320 1508 429 1560 iste
459 1508 664 1562 humili
703 1509 825 1563 loco
872 1510 947 1563 sit
1000 1515 1187 1577 natus,
1250 1513 1445 1582 procul
1495 1513 1665 1568 dubio

88 1601 356 1666 receptura
378 1597 451 1650 ab
479 1613 552 1651 eo
582 1599 896 1652 mercedem
934 1615 1095 1653 suam
1126 1601 1222 1671 qui
1266 1600 1439 1655 dixit:
1480 1603 1586 1669 Qui
1610 1619 1663 1658 se

89 1685 349 1746 humiliat,
404 1688 756 1740 multabitur
788 1690 933 1756 (Luc.
974 1703 1083 1748 xiv,
1126 1688 1235 1753 ll).
1271 1691 1507 1745 Crucem
1536 1708 1664 1746 cum

930 362 947 375 ρ
1544 315 1937 375 EPISTOLE.

100 431 299 503 gratias
316 431 653 504 benignitati
672 438 784 490 tuae
808 435 1017 504 refero,
1039 441 1099 492 et
1113 440 1181 494 ut
1193 438 1389 509 emptis
1417 440 1668 504 insistas.
1686 444 1739 503 A
1821 441 1995 497 vatim
2021 440 2295 501 condonet
2312 444 2463 512 quod
2474 457 2537 498 ea
2550 455 2665 498 non
2682 444 2988 500 observavit
3009 447 3351 514 mimu-

1826 522 2004 571 serat.

1828 601 2211 659 Dilectissimis
2261 601 2530 657 fratribus
2574 602 2924 659 LANFRANCO
2973 607 3032 658 et
3076 602 3353 673 GUIBONI,

1754 689 1952 745 Frater
1974 693 2374 760 LANFRANCUB,
2398 695 2733 766 perpetuam
2771 707 2805 745 a
2833 691 3075 746 Domino
3123 690 3353 748 benedi-

1757 781 2018 838 ctionem.

1828 871 1971 935 Quia
1997 872 2290 938 divinitus,
2315 877 2382 928 ut
2408 872 2594 939 credo,
2633 888 2730 926 vos
2759 871 3031 928 dilexistis
3050 872 3349 951 inseculo,

1755 976 1890 1029 rogo
1937 965 2001 1015 ut
2032 960 2241 1032 rogetis
2281 961 2462 1016 Deum
2493 965 2790 1032 quatenus,
2822 961 2945 1031 ipso
2992 968 3349 1033 cooperante,

1753 1065 1847 1102 vos
1872 1049 2122 1121 diligatis
2150 1050 2209 1105 in
2231 1068 2299 1105 eo
2315 1051 2465 1121 quod
2485 1049 2871 1122 assumpsistis
2886 1055 3082 1106 sancto
3100 1052 3352 1123 proposi-

1752 1139 1995 1193 to.Alter
2017 1140 2182 1194 alteri
2206 1139 2281 1194 sit
2302 1139 2361 1193 in
2391 1138 2755 1194 tribulatione
2777 1139 3040 1193 solatium
3065 1157 3079 1207 ;
3111 1139 3257 1197 alter
3276 1139 3350 1197 ab

1751 1226 1983 1281 alterius
1997 1228 2107 1282 vita
2122 1234 2310 1282 sumat
2325 1234 2530 1283 sanctae
2544 1227 2983 1283 conversationis
3000 1229 3345 1298 exemplum.

1751 1315 2142 1370 Humilitatem
2178 1316 2438 1371 omnibus
2463 1316 2761 1381 ostendite,
2798 1316 3018 1385 linguas
3045 1323 3262 1373 vestras
3275 1319 3347 1373 ab

1751 1405 1906 1458 omni
1952 1405 2317 1476 derogatione
2365 1404 2575 1460 salubri
2623 1405 2747 1475 [al.,
2804 1406 3077 1476 fraterna]
3107 1420 3349 1465 censura

1749 1494 2104 1564 compescite;
2123 1495 2171 1549 si
2192 1494 2316 1565 quis
2331 1493 2632 1564 cujuslibet
2647 1494 2838 1549 fratris
2874 1494 3044 1550 vitam
3058 1495 3346 1553 Theodino

1749 1581 1917 1637 dente
1945 1584 2163 1646 rodere,
2219 1583 2269 1638 si
2306 1588 2591 1637 correctus
2620 1599 2653 1637 a
2697 1582 2855 1638 vobis
2900 1583 3203 1640 emendare
3242 1601 3345 1641 ne-e

1747 1671 2006 1739 glexerit,
2037 1689 2071 1726 a
2098 1678 2286 1726 vestro
2316 1672 2594 1743 colloquio
2627 1675 2906 1727 arceatur.
2937 1671 3222 1743 Quidquid
3245 1673 3345 1730 alii

86 1770 331 1843 reliquiis,
377 1774 763 1830 fraternitatis
827 1782 939 1831 tuae
993 1777 1167 1831 oculis
1230 1779 1366 1833 dum
1431 1781 1663 1835 missam

1756 1759 1818 1812 de
1846 1759 2001 1815 vobis
2026 1761 2217 1815 dicant
2241 1760 2539 1816 laudantes
2560 1760 2797 1815 fortasse
2818 1765 2876 1815 et
2895 1761 3342 1832 magniﬁcantes,

88 1860 307 1917 celebras
362 1864 847 1935 conspiciendam,
902 1865 1006 1919 tibi
1067 1869 1431 1936 transmitto;
1495 1886 1664 1940 quam

89 1956 346 2020 perpetuae
371 1953 643 2007 amicitiae
663 1944 1091 2009 monumentum
1117 1956 1269 2011 inter
1297 1964 1355 2012 te
1383 1963 1441 2013 et
1468 1958 1658 2030 ipsum

92 2055 191 2094 esse
208 2040 484 2096 desidero.

146 2130 331 2199 Magno
365 2130 585 2200 gaudio
604 2147 696 2185 me
722 2131 970 2202 replesti,
1004 2133 1138 2204 quia
1164 2134 1590 2205 promissionem
1606 2136 1665 2190 in

90 2217 298 2287 pueritia
325 2218 562 2286 factam,
595 2220 652 2274 in
691 2221 988 2291 juventute
1039 2223 1223 2277 adhuc
1267 2240 1370 2294 per
1418 2224 1665 2279 divinam

91 2307 504 2362 misericordiam
555 2314 614 2362 te
660 2326 883 2364 servare
911 2312 1221 2382 scripsisti;
1277 2329 1445 2383 quam
1498 2314 1545 2367 si
1590 2315 1660 2367 ad

91 2394 231 2450 tinem
258 2397 491 2452 illmsam
524 2399 871 2468 perduxeris,
907 2401 1216 2454 terribilem
1247 2402 1373 2456 aliis
1409 2402 1657 2472 judicem

91 2486 255 2553 procul
280 2486 453 2540 dubio
480 2502 615 2540 cum
638 2503 843 2557 magna
872 2489 1172 2545 securitate
1205 2491 1432 2546 videbis.
1468 2493 1661 2548 Omni-

92 2578 259 2643 potens
302 2576 455 2629 Deus
512 2575 671 2629 cordi
718 2583 815 2630 tuo
868 2594 971 2649 per
1038 2581 1218 2633 sancti
1276 2581 1521 2651 Spiritus
1571 2583 1658 2636 sui

92 2662 485 2733 inspirationem
521 2664 769 2719 inserere
795 2667 1079 2737 dignetur,
1117 2674 1398 2738 quatenus
1427 2670 1485 2724 in
1506 2673 1659 2727 omni

92 2756 231 2804 aetate
276 2758 376 2806 tua
426 2752 513 2806 sic
575 2768 667 2806 me
721 2754 942 2824 diligas,
1002 2756 1147 2810 sicut
1204 2757 1263 2809 in
1315 2758 1556 2827 pueritia
1582 2766 1662 2830 _et

91 2839 434 2896 adolescentia
475 2848 584 2896 tua
609 2843 890 2913 quondam
930 2844 1165 2915 diligere
1204 2863 1296 2900 me
1323 2847 1558 2902 solebas.
1593 2849 1662 2904 Et

90 2927 187 2997 ipse
209 2936 262 2983 te
288 2930 609 2996 benedicat,
642 2937 813 3003 atque
842 2932 913 2987 ab
960 2934 1221 2990 omnibus
1250 2936 1491 3007 peccatis
1529 2954 1663 3009 pro-

93 3016 293 3086 pitiatus
326 3019 606 3075 absolvat.
838 3074 849 3086 ,

574 3107 926 3164 EPISTOLA
952 3110 1143 3166 XLVI.

662 3215 741 3259 AD
779 3216 1058 3261 EUMDEM.

90 3289 431 3356 £grotantem
460 3296 819 3419 consolatur,t
835 3301 883 3421 et!
907 3297 1285 3364 pharmacum
1324 3302 1508 3355 mittit
1553 3316 1659 3370 quo

754 3382 794 3419 τι
820 3384 857 3421 a
882 3384 973 3421 ur.

754 3382 973 3424 utatur.

146 3448 505 3509 Dilectissimo
535 3452 694 3508 fratri
723 3454 1051 3521 GONDULFO,
1071 3456 1248 3513 frater
1265 3458 1656 3524 LANFBANOUS,

92 3534 526 3597 benedictionem.
543 3559 577 3596 a
602 3542 737 3605 Deo,
771 3550 829 3597 et
855 3551 1185 3615 perpetuam
1213 3547 1476 3602 salutem.

148 3627 314 3683 Lectis
337 3631 548 3689 litteris
576 3632 946 3688 fraternitatis
966 3640 1097 3700 tum,
1118 3637 1299 3691 multa
1326 3643 1382 3691 te
1420 3638 1659 3707 cognovi

91 3713 390 3781 egritudine
418 3719 700 3785 laborare,
732 3738 835 3793 pro
871 3739 983 3793 qua
1025 3740 1087 3778 re
1123 3724 1320 3779 hortor
1347 3742 1418 3780 ne
1443 3726 1654 3793 doleas,

92 3798 185 3855 imo
218 3807 480 3874 gaudeas,
537 3814 747 3879 tuoque
796 3811 1067 3879 Creatori,
1101 3812 1199 3883 qui
1245 3814 1315 3868 de
1364 3818 1420 3868 te
1463 3831 1655 3870 curam

93 3886 251 3958 habet,
275 3894 589 3952 indefessas
604 3898 817 3968 gratias
836 3900 1256 3961 referas.sciens
1276 3902 1547 3973 scriptum
1568 3920 1658 3958 es-

94 3992 165 4031 se:
184 3982 418 4040 Libenter
434 3988 721 4054 gloriabor
736 3990 800 4041 in
822 3991 1248 4055 inﬁrmitatibus
1272 3994 1402 4044 meis
1423 3994 1505 4054 (II
1531 3993 1651 4046 Cor.

95 4068 291 4138 xu,15).
325 4073 393 4127 Et
421 4073 578 4128 aliud
602 4094 619 4129 :
642 4076 907 4142 Ftagellat
928 4078 1198 4131 Dominus
1228 4096 1445 4133 omnem
1473 4083 1656 4148 ﬁlium

96 4168 229 4218 Quem
278 4164 471 4228 recipit
521 4163 701 4229 (Hebr.
737 4178 835 4226 ΧΠ,
890 4161 963 4221 6).
1009 4166 1135 4220 Non
1172 4166 1322 4221 enim
1375 4172 1431 4222 te
1463 4168 1520 4222 in
1551 4170 1657 4224 hoc

93 4245 263 4300 saeculo
289 4250 457 4304 tantis
487 4251 726 4321 ﬂagellis
751 4257 1038 4320 attereret,
1067 4254 1176 4308 nisi
1208 4261 1333 4325 post
1355 4256 1460 4311 hoc
1480 4275 1655 4312 saecu-

95 4326 191 4384 lum
223 4333 335 4390 sine
359 4338 581 4409 ﬂagello
611 4345 668 4393 te
699 4357 820 4394 esse
848 4340 1189 4411 disponeret.
1240 4344 1324 4398 Tu
1373 4361 1506 4415 ergo
1544 4362 1655 4400 me-

1748 1849 1896 1918 quod
1930 1855 2214 1920 parentes,
2236 1850 2638 1920 possessiones,
2662 1850 2916 1905 carnalia
2938 1849 3347 1909 oblectamenta

1746 1953 1847 2008 pro
1895 1938 2010 1992 Deo
2065 1939 2503 2009 contempsistis,
2556 1955 2655 1992 vos
2704 1954 2928 2009 semper
2955 1938 3247 1996 introrsus
3273 1942 3346 1997 ad

1744 2027 2112 2081 conscientias
2139 2034 2354 2082 vestras
2393 2028 2594 2093 redite,
2627 2033 2946 2098 peccatores
2973 2044 3071 2082 vos
3116 2044 3340 2100 semper

1746 2131 1870 2168 esse
1906 2116 2243 2186 cognoscite,
2288 2120 2346 2170 et
2387 2116 2629 2185 peccatis
2656 2115 2858 2170 vestris
2888 2115 3170 2170 coutinuis
3208 2132 3340 2172 ora-

1746 2202 1993 2256 tionibus
2026 2203 2209 2257 Deum
2240 2204 2542 2275 propitium
2574 2204 2691 2257 fore
2710 2204 3011 2274 deposcite.

1816 2293 2126 2347 Adversum
2152 2299 2229 2357 te,
2260 2293 2588 2347 charissima
2617 2308 2815 2363 nepos,
2838 2309 3108 2363 magnum
3132 2293 3338 2349 mentis

1741 2396 2034 2435 rancorem
2085 2382 2333 2452 concepi,
2383 2383 2515 2452 quia
2541 2381 2798 2436 videlicet
2842 2386 3229 2452 transgressus
3279 2400 3340 2440 es

1743 2474 2081 2541 praeceptum
2102 2489 2114 2537 ;
2141 2471 2289 2541 quod
2309 2472 2378 2525 de
2396 2471 2500 2525 hoc
2518 2471 2713 2525 ordine
2733 2471 2979 2541 primum
2999 2470 3102 2525 tibi
3122 2471 3340 2541 iujuuxi

1743 2560 1840 2613 sed
1867 2560 2278 2614 interveniente
2292 2560 2611 2613 venerando
2628 2558 2799 2614 Patre
2818 2559 3342 2627 dominoAnselmo,

1743 2658 1832 2711 cui
1861 2657 2007 2711 sicut
2034 2658 2148 2712 Deo
2177 2657 2406 2711 obedire
2451 2657 2731 2719 desidero,
2771 2657 2990 2712 sincero
3035 2656 3137 2710 tibi
3173 2657 3341 2712 corde

1742 2745 1895 2799 illam
1950 2762 2152 2800 noxam
2211 2746 2496 2816 indulgeo,
2541 2751 2597 2799 et
2648 2762 2849 2800 moneo
2887 2746 3098 2800 natale
3126 2746 3340 2816 aliquid

1742 2833 1981 2905 amplius
2012 2834 2200 2899 facias,
2243 2834 2378 2904 quia
2405 2850 2515 2904 quo
2544 2834 2855 2905 impensius
2883 2833 3124 2888 amicum
3144 2832 3335 2904 diligo,

1745 2939 1810 2976 eo
1856 2923 2098 2993 amplius
2146 2923 2418 2992 majorem
2457 2926 2653 2976 contra
2682 2939 2808 2976 eum
2841 2922 2984 2975 iram
3024 2938 3127 2992 pro
3164 2938 3339 2992 parva

1744 3012 1914 3065 etiam
1937 3011 2102 3082 culpa
2125 3010 2395 3081 concipio.
2429 3009 2798 3080 Omnipotens
2828 3010 3097 3064 Dominus
3118 3023 3221 3065 sua
3241 3027 3338 3065 vos

1676 3070 1721 3130 θ
1738 3099 1923 3171 gratia
1949 3070 2227 3171 prdtegat,
2244 3070 2414 3171 atque
2439 3098 2509 3153 ab
2540 3070 2800 3154 omnibus
2827 3098 3067 3171 peccatis
3093 3100 3332 3155 clemen-

1740 3194 1828 3244 ter
1856 3189 2124 3243 absolvat.

2230 3276 2581 3332 EPISTOLA
2607 3276 2852 3332 XLVIII.

2134 3386 2217 3431 AD
2260 3384 2622 3429 WILLELMUM
2667 3384 2930 3428 PATREM.

1746 3467 1807 3521 Ut
1828 3467 2130 3521 Ermstum
2166 3468 2415 3533 priorem
2436 3467 2677 3533 designet
2691 3484 2705 3528 ;
2738 3466 2882 3534 quod
2905 3468 2955 3519 si
2977 3467 3114 3535 quid
3139 3466 3335 3533 obstat,

1956 3540 2074 3591 alia
2104 3540 2337 3591 consilia
2365 3539 2608 3604 suggerit
2627 3553 2744 3604 qua
2772 3539 2927 3605 sequi
2952 3539 3128 3592 liceat.

1812 3625 2196 3680 Dilectissimo
2214 3624 2367 3678 Patri
2400 3624 2744 3690 WILLELMO,
2764 3624 3136 3680 LANFRANCUS
3161 3641 3341 3697 quon-

1742 3715 1871 3770 dam
1922 3714 2297 3778 dulcissimus,
2323 3719 2380 3767 et
2413 3713 2631 3767 utinam
2680 3729 2831 3766 nunc
2876 3713 3077 3767 saltem
3108 3712 3286 3768 dulcis
3317 3714 3331 3769 l

1742 3803 2013 3875 quidquid
2058 3803 2117 3857 in
2148 3804 2252 3857 hoc
2280 3802 2480 3858 saeculo
2512 3808 2569 3855 et
2614 3801 2672 3855 in
2716 3802 2908 3855 futuro
2946 3802 3238 3857 honestius
3280 3807 3339 3858 et

1738 3893 1959 3947 melius.

1809 3983 1876 4036 lu
1904 3981 2109 4036 litteris
2141 3998 2280 4052 quas
2301 3996 2483 4051 nuper
2501 3978 2911 4044 trausmisistis,
2936 3979 3040 4033 hoc
3057 3978 3337 4052 praecipue

1736 4070 1886 4125 inter
1909 4075 2112 4124 caetera
2140 4069 2406 4143 posuistis
2437 4075 2492 4121 et
2522 4067 2779 4138 rogastis,
2809 4073 2889 4133 ut,
2925 4072 3076 4122 moto
3125 4085 3190 4123 eo
3238 4070 3338 4140 qui

1737 4176 1887 4214 nunc
1934 4160 2214 4230 praesidet,
2268 4159 2337 4213 de
2393 4157 2781 4211 substituendo
2838 4157 3082 4212 ecclesiae
3136 4163 3336 4214 vestrm

1737 4248 1923 4321 priore
1953 4248 2106 4302 vobis
2141 4245 2886 4316 consulerem,cousultaque
2906 4244 3011 4300 sub
3041 4245 3333 4302 celeritate

1738 4337 2072 4403 scriberem;
2125 4352 2294 4408 quam
2344 4351 2464 4389 rem
2514 4333 2781 4388 fratribus
2811 4334 2906 4406 qui
2935 4351 3159 4390 mecum
3206 4342 3341 4393 sunt

95 4426 255 4475 mento
288 4425 387 4493 tui,
420 4444 739 4483 memorare
776 4430 1080 4485 novissima
1121 4437 1239 4495 tua,
1292 4438 1349 4487 et
1390 4423 1977 4491 confitereuostendi,
2030 4425 2279 4496 mihique
2329 4424 2620 4478 consulere
2665 4424 2875 4477 volenti
2925 4428 3202 4496 quatenus
3231 4423 3339 4496 ipsi

97 4516 290 4573 Peccata
332 4520 466 4583 tua;
513 4516 619 4570 hoc
662 4517 811 4571 enim
867 4518 1096 4586 faciens,
1161 4526 1259 4575 aut
1306 4524 1653 4593 corporalem
1738 4532 1958 4588 quoque
1988 4515 2347 4569 consulerent
2377 4512 2575 4568 obnixe
2601 4513 2810 4583 rogavi.
2855 4513 3182 4568 Communis
3224 4530 3340 4568 om-

98 4594 301 4654 salutem
329 4619 362 4657 a
390 4605 512 4659 Deo
551 4606 929 4676 consequeris,
961 4614 1062 4662 aut
1086 4615 1325 4663 mortem
1356 4612 1483 4665 aliis
1533 4628 1653 4665 me-
1739 4605 1897 4660 nium
1954 4604 2238 4659 sententia
2268 4602 2374 4657 fuit
2411 4608 2493 4669 ut,
2527 4603 2575 4657 si
2605 4602 2795 4674 aliquo
2826 4601 3131 4656 secundum
3160 4601 3340 4657 Deum

97 4688 329 4744 tuendam
352 4696 471 4747 sine
493 4698 647 4748 metu
679 4695 1061 4765 exspectabis;
1114 4715 1236 4768 quae
1264 4699 1522 4755 videlicet
1550 4701 1659 4755 erit
1740 4693 1905 4747 modo
1946 4693 2166 4746 efﬁcere
2206 4692 2457 4755 valeatis,
2509 4708 2796 4746 summum
2847 4690 3092 4745 ecclesiae
3145 4697 3342 4748 vestrae

99 4769 199 4827 ﬁnis
226 4777 320 4832 tibi
358 4783 655 4849 malorum,
688 4785 1025 4856 principium
1057 4803 1184 4841 vero
1220 4787 1521 4847 bonorum.
1740 4782 1988 4854 priorem
2023 4781 2292 4835 domuum
2348 4781 2653 4835 Eruostum
2695 4778 3083 4845 constituatis;
3117 4780 3264 4850 quod
3296 4780 3345 4834 si

154 4860 298 4920 Mitto
323 4869 423 4923 tibi
470 4871 819 4942 diaprasium
869 4890 1161 4943 magnum,
1195 4878 1345 4946 quod
1396 4877 1466 4931 ad
1505 4878 1651 4933 hanc
1734 4871 1853 4942 ipse
1881 4869 2153 4933 renuerit,
2182 4874 2282 4923 aut
2331 4868 2571 4922 fortasse
2603 4868 2865 4922 dominus
2897 4868 3072 4922 abbas
3098 4867 3229 4923 huic
3255 4870 3340 4925 rei

99 4944 445 5014 inﬁmitatem
480 4961 640 5015 valde
669 4961 808 5016 utile
839 4979 962 5016 esse
990 4964 1191 5018 medici
1211 4944 1546 5036 perhibent,
1580 4968 1649 5022 de
1733 4975 2067 5013 consensum
2090 4957 2339 5030 praebere
2354 4957 2618 5022 noluerit,
2642 4956 2897 5011 ordinate
2919 4973 3084 5028 quem
3106 4973 3336 5013 concors

100 5049 189 5104 quo
222 5041 275 5097 in
311 5049 538 5103 modum
576 5051 869 5121 sylvestris
900 5052 1057 5106 nucis
1086 5054 1254 5108 tertia
1300 5072 1525 5126 semper
1562 5057 1651 5112 die
1733 5048 1973 5103 fratrum
2031 5047 2227 5101 electio
2275 5045 2654 5100 ordinandum
2695 5045 3028 5102 decreverit.
3088 5046 3148 5100 Si
3204 5063 3333 5109 vero

102 5126 317 5199 accipies.
349 5137 715 5209 Omnipotens
770 5140 1047 5195 Dominus
1099 5149 1287 5197 custos
1318 5145 1403 5198 tui
1434 5162 1657 5217 semper
1737 5137 1891 5191 vobis
1937 5138 2043 5191 hoc
2071 5136 2368 5191 consilium
2399 5134 2766 5207 displicuerit,
2805 5134 2990 5206 capite
3019 5128 3158 5190 illud
3184 5136 3331 5207 quod

104 5214 289 5288 existat,
326 5231 493 5297 atque
538 5224 610 5281 ab
635 5227 895 5283 omnibus
925 5231 1168 5301 peccatis
1196 5233 1534 5304 propitiatus
1557 5214 1656 5289 pb.
1736 5242 1938 5282 sanum
1967 5226 2208 5298 sapienti
2247 5224 2540 5297 displicere
2584 5240 2696 5278 non
2726 5223 2954 5295 poterit,
2984 5223 3240 5278 videlicet
3273 5231 3339 5281 ut

104 5301 263 5360 Solvat.
1198 5301 1212 5304 ἡ
1301 5301 1319 5303 _
1631 5360 1634 5369 ,
1736 5315 1916 5386 agatis
1938 5316 2084 5387 quod
2107 5332 2173 5369 ex
2193 5330 2289 5368 ore
2308 5313 2501 5369 domui
2523 5313 2742 5368 abbatis
2757 5312 3011 5367 Herluiui
3028 5314 3336 5387 domuique

581 5403 931 5460 EPISTOLA
948 5405 1164 5462 XLVII.
1735 5404 1988 5460 Auselmi
2013 5405 2292 5476 agendum
2323 5421 2444 5459 esse
2493 5402 2884 5473 cognoveritis.
2932 5403 3078 5457 Nam
3105 5419 3227 5475 ego,
3269 5409 3335 5460 ut

223 5502 296 5546 Αι)
323 5505 719 5554 ιΑΝιδΒΑΝουΠ
752 5512 825 5555 ET
851 5511 1163 5557 animum;
1194 5514 1485 5561 ηΑτῃεε,
1736 5500 1993 5564 peccator
2012 5494 2199 5556 homo,
2217 5492 2390 5546 divini
2420 5491 2638 5546 consilii
2667 5491 2902 5561 ignarus
2929 5490 3127 5559 existo,
3151 5491 3332 5567 etipsi

104 5574 261 5645 824
282 5586 481 5663 Nepoti,
515 5593 736 5659 ejusque
775 5595 910 5647 οιίηι
934 5596 1132 5656 amico,
1183 5611 1336 5651 nunc
1370 5598 1548 5663 fram-
1583 5601 1645 5652 z-n
1734 5582 1979 5654 utrique,
2014 5586 2077 5637 ut
2113 5581 2410 5646 credimus,
2466 5580 2678 5652 Spiritu
2728 5580 2829 5635 Dei
2862 5581 3013 5654 pleni
3063 5586 3217 5648 sunt,
3274 5588 3333 5639 et

164 5661 478 5728 monasterio,
510 5664 790 5717 salutaria
818 5665 914 5718 dat
941 5667 1178 5720 monita.
1214 5668 1282 5721 Et
1321 5661 1504 5736 nepoti
1526 5672 1647 5736 pri-
1728 5685 1919 5725 secum
1966 5669 2195 5737 habent,
2241 5668 2427 5740 quiin
2463 5669 2634 5738 hujus
2662 5667 2859 5724 mundi
2905 5669 3148 5741 negotiis
3177 5671 3329 5743 apud
