3892 6386
587 305 695 365 543

1563 311 1628 366 Β.
1669 311 2082 368 LANFRANCI
2122 309 2484 370 CANTUAR.
2525 312 2860 382 ARCHIEP,
3778 313 3842 373 54

590 431 772 488 Deum
791 433 1059 504 adjuvare
1085 450 1183 490 eos
1219 433 1423 491 valent.
1461 437 1662 492 Divina
1692 437 1976 508 majestas,
2016 441 2246 499 vene-A
2270 437 2527 510 imponit,
2560 437 2770 494 multos
2813 436 3150 494 orthodoxos
3187 436 3506 510 principes,
3539 437 3641 508 qui
3670 439 3841 506 magni

592 523 769 576 rande
818 524 988 578 Pater
1017 525 1375 596 jocundeque
1413 529 1606 591 trater,
1666 532 1723 581 te
1771 526 2081 594 benedicat,
2117 527 2187 581 ab

593 611 857 668 omnibus
877 614 1120 685 peccatis
1149 631 1378 684 prorsus
1409 615 1675 669 absolvat.

1104 702 1453 757 EPISTOLA
1489 701 1677 756 XLIX.

968 799 1047 843 AD
1089 799 1471 842 ADELELINUM
1515 799 1826 844 ABBATEM.

592 879 888 933 Intercedz't
904 894 1004 947 pro
1015 880 1298 933 monachis
1317 882 1416 947 qui
1433 881 1496 932 de
1515 882 1848 933 monasterio
1862 884 2191 934 recesserant

857 955 926 1012 et,
961 953 1155 1017 agnita
1177 952 1359 1018 culpa,
1387 951 1568 1004 redire
1597 951 1906 1019 cupiebant.

664 1038 1032 1093 LANFRANCUS
1059 1039 1528 1110 archiepiscopus,
1579 1039 1942 1093 dilectissimo
1981 1039 2092 1093 tilio
2131 1045 2188 1093 et

593 1125 772 1180 amico
792 1127 1121 1182 ADELELINO
1151 1125 1249 1200 [μ
1282 1127 1612 1197 Αῡειεωιο]
1643 1126 1832 1182 abbati
1857 1128 2102 1182 salutem
2130 1135 2188 1182 et

589 1213 1057 1269 benedictionem.

663 1304 890 1358 Fratres
917 1304 1014 1359 isti
1056 1305 1127 1359 ad
1175 1321 1265 1360 me
1312 1309 1584 1360 venerunt
1627 1312 1952 1359 accusantes
1997 1321 2078 1371 se,
2129 1309 2186 1359 et

591 1391 841 1447 dicentes
862 1393 921 1446 in
950 1410 1046 1447 vos
1074 1394 1322 1463 graviter
1348 1409 1625 1465 peccasse,
1660 1398 1718 1447 et
1764 1410 1868 1447 sua
1913 1394 2081 1464 culpa
2116 1393 2186 1447 de

591 1481 934 1536 monasterio
950 1482 1266 1550 recessisse;
1291 1499 1394 1552 ego
1410 1499 1540 1536 vero
1571 1483 1868 1536 stultitiam
1893 1499 2086 1537 eorum
2109 1482 2191 1537 eis

593 1569 954 1624 audientibus
995 1571 1235 1625 multum
1285 1571 1508 1628 adauxi.
1539 1576 1597 1626 et
1623 1571 1760 1625 satis
1789 1571 1965 1636 duris,
2001 1577 2192 1638 325

595 1659 766 1726 atque
804 1657 1174 1712 amarissimis
1203 1657 1384 1713 verbis
1405 1675 1521 1725 eos,
1553 1663 1722 1729 prout
1750 1659 1954 1724 decuit,
2006 1658 2192 1714 incre-e

2275 543 2405 582 eum
2435 525 2697 581 laudibus
2726 527 3068 592 extulerunt,
3103 528 3361 598 ejusdem
3395 526 3619 581 erroris
3672 527 3842 579 macul

2272 616 2523 670 involvit.
2550 615 2809 670 Gelasius
2838 633 2984 687 papa
3024 617 3084 670 in
3126 617 3372 670 decretis
3427 615 3555 669 suis
3581 615 3750 685 (dist.
3804 616 3842 670 1Ξ

2273 720 2395 759 can.
2429 703 2518 772 13)
2547 721 2742 759 omnes
2771 704 2943 760 libros
2971 707 3093 776 ejus
3121 705 3272 759 inter
3300 703 3632 758 catholicas
3661 703 3844 774 scripti

2273 809 2366 848 ras
2403 799 2716 848 enumerat.
2761 795 2898 865 Ejus
2924 794 3230 848 auctoritas
3258 794 3320 848 in
3351 793 3542 847 sacris
3582 792 3844 846 canonibu

2273 881 2670 936 decentissime
2723 889 3090 946 memoratur,
3139 883 3425 954 recipitur
3483 887 3546 935 et
3603 881 3843 936 laudatur

2274 971 2513 1025 Sanctus
2550 972 2902 1042 Augustinus
2939 972 2999 1026 in
3027 971 3169 1026 libro
3207 972 3286 1026 De
3335 971 3634 1026 Trinitate
3662 971 3782 1040 (lib.
3810 985 3844 1024 v1

2272 1077 2392 1131 cap.
2436 1059 2542 1130 ll),
2572 1060 2863 1116 excellenti
2897 1078 3027 1116 eum
3057 1060 3225 1115 laude
3255 1060 3504 1125 extollit,
3541 1064 3604 1114 et
3633 1058 3844 1130 quaedam

2268 1149 2338 1202 ab
2361 1165 2427 1204 eo
2456 1149 2526 1203 de
2557 1150 2743 1211 Patre,
2776 1156 2834 1204 et
2862 1150 3022 1215 Filio,
3055 1155 3113 1204 et
3151 1149 3374 1220 Spiritu
3418 1153 3626 1203 sancto
3657 1147 3844 1201 obscur

2269 1238 2424 1292 dicta
2449 1239 2796 1292 enucleatius
2813 1239 3056 1310 exponit.
3075 1241 3280 1294 Beatus
3293 1238 3700 1308 Hieronymus
3713 1253 3840 1307 quan

2268 1327 2342 1381 tis
2371 1345 2500 1382 eum
2530 1344 2834 1398 omnesque
2864 1327 3034 1382 libros
3055 1329 3177 1398 ejus
3205 1328 3263 1382 in
3293 1326 3652 1398 quibusdam
3674 1327 3843 1395 scripti

2273 1417 2391 1471 suis
2433 1417 2724 1487 praeconiis
2754 1417 2932 1482 etl'ert,
2983 1417 3269 1488 epistolari
3320 1416 3617 1470 brevitate
3647 1431 3844 1485 compre

2273 1505 2440 1560 bendi
2471 1522 2582 1560 non
2612 1510 2834 1576 potest:
2871 1522 3072 1560 vocans
3110 1522 3238 1560 eum
3267 1507 3676 1560 Romanorum
3705 1503 3844 1558 lucife

2277 1610 2426 1658 rum,
2445 1593 2818 1648 Ecclesiarum
2840 1594 3149 1658 lucernam,
3166 1593 3418 1664 lapidem
3455 1593 3786 1664 pretiosum,
3810 1608 3843 1644 at

2275 1699 2442 1754 quem
2475 1683 2738 1736 mortalia
2766 1683 2851 1736 vix
2869 1683 3198 1749 ascendunt,
3215 1683 3459 1754 pulchro
3491 1698 3755 1737 sermone
3781 1698 3844 1734 au-

592 1745 742 1817 paVi'
776 1747 980 1842 θδίθδ
1002 1747 1335 1842 ίηίθπῗὲθίί
1372 1765 1404 1803 ⁸
1437 1765 1526 1803 me
1556 1749 1615 1842 si
1634 1749 1704 1803 de
1750 1755 1951 1842 θδῖίθῖξο
1979 1749 2190 1842 “ne”?
2209 1753 2254 1812 B
2275 1745 2483 1842 reoque
2505 1771 2766 1825 universa
2794 1771 3134 1842 loquentem.
3153 1745 3356 1826 caeteri
3386 1787 3572 1825 sacrae
3604 1769 3843 1839 religioni

595 1835 918 1902 emendare,
960 1837 1375 1907 responderunt
1413 1854 1474 1891 se
1513 1838 1676 1908 velle,
1719 1843 1776 1891 et
1803 1838 1873 1891 de
1903 1837 2011 1892 hoc
2041 1837 2190 1908 quod

595 1922 847 1992 egissent
873 1923 1178 1994 plurimum
1210 1941 1270 1979 se
1298 1925 1516 1992 dolere;
1566 1930 1624 1979 et
1661 1925 1875 1996 precati
1927 1930 2062 1979 sunt
2099 1941 2190 1980 me

595 2015 875 2080 quatenus
903 2028 1004 2084 pro
1025 2013 1106 2067 eis
1135 2013 1285 2084 apud
1304 2030 1399 2068 vos
1428 2013 1856 2081 intercederem,
1883 2019 1941 2068 et
1953 2029 2080 2068 mea
2093 2029 2190 2068 eos

592 2099 994 2156 intercessione
1040 2103 1403 2170 monasterio,
1436 2102 1586 2157 unde
1614 2102 1891 2171 exierunt,
1945 2101 2190 2157 reconci-

591 2188 812 2243 liarem.

665 2278 1018 2351 Quapropter
1041 2280 1450 2336 fraternitatem
1473 2287 1715 2336 vestram
1737 2297 1954 2353 precor,
1978 2281 2026 2334 si
2048 2280 2188 2334 meis

593 2367 743 2436 apud
774 2383 898 2421 eam
927 2369 1184 2438 precibus
1223 2370 1379 2424 locus
1414 2371 1622 2436 existit,
1649 2377 1712 2425 ut
1741 2387 1842 2441 pro
1863 2385 2056 2423 amore
2085 2369 2187 2423 Dei

595 2460 654 2508 et
681 2460 896 2522 nostro,
928 2457 1198 2528 quidquid
1241 2458 1297 2512 in
1346 2475 1443 2512 vos
1473 2466 1530 2512 et
1557 2464 1753 2513 contra
1781 2458 2036 2512 ordinem
2056 2457 2190 2510 deli-

596 2549 862 2614 quarunt,
905 2544 1122 2599 sincero
1160 2547 1326 2600 corde
1377 2546 1706 2614 remittatis;
1759 2553 1816 2600 et
1861 2547 1919 2600 in
1948 2547 2066 2600 suis
2095 2563 2190 2600 eos

595 2632 736 2686 locis
770 2633 830 2687 in
860 2634 1061 2704 quibus
1089 2642 1220 2689 ante
1267 2636 1488 2708 culpam
1543 2643 1724 2701 erant,
1753 2636 2094 2707 suscipiatis,
2130 2643 2188 2690 et

597 2725 898 2792 paternum
929 2721 1011 2776 eis
1039 2723 1319 2789 affectum,
1355 2729 1421 2778 ut
1465 2725 1616 2779 Deus
1666 2724 1819 2779 vobis
1867 2723 2188 2780 misericors

597 2809 695 2879 sit,
716 2809 786 2864 de
815 2809 1032 2882 reliquo
1051 2812 1379 2868 ostendatis.

1161 2902 1510 2958 EPISTOLA
1545 2903 1607 2958 L.

715 2996 795 3040 AD
839 2995 1252 3056 REGINALDUM,
1285 2999 1630 3058 SENTUNUM,
1666 3001 1742 3044 ET
1769 2999 2104 3045 HENBICUI.

595 3077 866 3133 Sanctum
902 3080 1190 3134 Hilarium
1219 3082 1479 3134 adversus
1519 3083 1841 3147 Berengariz’
1876 3065 2251 3134 catumm'asC

668 3149 932 3215 defendit,
993 3153 1214 3219 ejusque
1269 3153 1450 3216 verba,
1514 3169 1630 3220 quae
1682 3155 1744 3205 in
1779 3167 2024 3219 pravum
2072 3151 2189 3204 seri-

668 3235 815 3342 :Itgmt
841 3220 1104 3282 trahebat,
1157 3223 1450 3276 orthodoxe
1480 3224 1627 3276 dicta
1676 3227 1724 3276 et
1765 3223 2189 3291 interpretanda

738 3305 792 3342 ce
820 3331 832 3342 .

669 3375 1036 3433 LANFRANCUS
1065 3379 1322 3447 antistes,
1354 3381 1736 3435 dilectissimis
1777 3380 2048 3436 fratribus
2084 3381 2190 3435 Re—

604 3477 850 3519 GINALDO
880 3465 1234 3522 Pictavorum
1264 3467 1420 3523 urbis
1439 3468 1648 3536 abbati,
1681 3474 1740 3523 et
1767 3469 2034 3525 SENTUNO
2063 3470 2185 3539 [al.,

600 3553 847 3624 Smeo]
875 3557 1166 3623 monacho,
1199 3563 1256 3611 et
1284 3558 1529 3613 stnlco
1559 3559 1845 3625 canonico,
1871 3560 2130 3613 salutem.

667 3642 850 3696 Lectis
877 3643 1081 3698 litteris
1111 3661 1145 3699 a
1183 3653 1367 3700 vestra
1400 3647 1538 3700 mihi
1586 3664 1686 3718 per
1718 3649 1866 3702 hunc
1906 3647 2191 3702 hominem

596 3729 952 3786 fraternitate
987 3733 1333 3788 transmissis
1362 3735 1705 3789 voluntatem
1733 3741 1978 3790 vestram
2023 3735 2192 3788 intel-

598 3817 724 3887 lexi,
747 3820 794 3874 si
822 3820 1063 3876 facultas
1083 3822 1266 3889 detur,
1289 3823 1357 3877 ad
1389 3840 1480 3878 me
1505 3824 1783 3878 veniendi.
1808 3825 1871 3879 Id
1897 3824 2191 3878 commode

597 3909 719 3964 fieri
745 3926 908 3981 posse
938 3928 1049 3966 non
1071 3911 1346 3980 arbitror;
1371 3929 1503 3967 nam
1530 3919 1587 3968 et
1615 3913 1724 3967 iter
1757 3913 2031 3984 prolixum
2066 3918 2184 3966 est:

595 3997 846 4069 pericula
873 3999 1070 4067 multa,
1099 4005 1270 4063 terra,
1303 4001 1594 4072 marique;
1628 4008 1683 4055 et
1721 4018 1824 4072 ego
1869 4005 1955 4055 tot
1997 4001 2195 4055 tantis-

599 4101 707 4157 que
727 4087 897 4157 hujus
927 4089 1122 4142 mundi
1149 4089 1392 4160 negotiis
1408 4089 1703 4144 obvolutus
1725 4105 1873 4153 sum,
1895 4093 1962 4142 ut
1985 4089 2193 4144 talibus

596 4173 799 4228 studiis
819 4174 953 4228 dare
983 4175 1120 4229 mihi
1147 4193 1374 4248 operam
1392 4177 1496 4231 hac
1523 4182 1858 4247 tempestate
1879 4192 1989 4231 non
2006 4175 2190 4231 liceat.

599 4260 658 4316 Si
687 4261 876 4317 divina
912 4270 1160 4334 potestas
1203 4266 1524 4336 expeditum
1562 4283 1652 4320 me
1682 4282 1805 4320 esse
1853 4265 2192 4337 quandoque

599 4350 855 4417 voluerit,
889 4358 946 4406 et
972 4353 1157 4407 doceri
1187 4355 1398 4424 pariter
1425 4362 1483 4409 et
1510 4355 1709 4410 docere
1730 4359 2024 4426 promptus
2054 4372 2196 4410 sem-

597 4454 702 4510 per
730 4440 865 4493 mihi
895 4441 1119 4496 animus
1147 4442 1271 4496 erit.

670 4529 842 4583 Porro
861 4530 1011 4600 quod
1040 4531 1430 4586 schismaticus
1450 4531 1544 4586 ille
1561 4532 1990 4602 (Berengarium
2020 4529 2187 4600 dico),

599 4617 745 4672 sicut
772 4625 961 4673 vestra
1009 4620 1250 4691 epistola
1268 4626 1475 4675 testata
1504 4626 1608 4685 est,
1633 4627 1962 4675 constanter
1989 4620 2194 4674 asserit

600 4706 736 4778 quia
754 4706 953 4763 beatus
983 4709 1229 4764 Hilarius
1258 4715 1455 4764 vestrae
1484 4709 1639 4764 urbis
1670 4715 1978 4780 vestrasque
2004 4709 2192 4779 gentis

599 4797 883 4868 quondam
909 4797 1200 4870 episcopus
1228 4799 1284 4854 in
1314 4804 1561 4853 tractatu
1595 4799 1752 4852 Fidei
1775 4815 2038 4869 perversa
2069 4815 2193 4851 scn-

598 4886 774 4940 serit:
809 4892 865 4940 et
891 4887 950 4941 in
988 4887 1132 4941 libro
1162 4889 1241 4942 De
1270 4887 1460 4941 divina
1485 4887 1762 4942 Trinitate
1793 4886 2188 4956 improbabiles

595 4976 906 5030 sententias
918 4977 986 5030 de
1007 4977 1244 5031 Domino
1256 4976 1291 5030 J
1295 4993 1390 5031 esu
1406 4976 1633 5031 Christo
1655 4975 1892 5046 protulit
1914 4973 2011 5048 [αι.
2023 5012 2036 5036 ,
2057 4992 2190 5046 pro-

593 5063 844 5138 tulerit];
883 5065 1078 5120 mirari
1121 5082 1233 5120 non
1271 5065 1437 5119 debet
1483 5064 1773 5118 beatitudo
1816 5070 2002 5117 vestra
2043 5065 2090 5118 si
2119 5064 2188 5131 is,

597 5155 695 5225 qui
725 5155 794 5208 de
833 5154 952 5226 ipso
983 5155 1166 5225 capite
1214 5161 1332 5208 tam
1367 5154 1543 5208 multa
1575 5158 1633 5206 et
1659 5159 1775 5207 tam
1806 5152 2047 5207 nefanda
2075 5169 2189 5207 cre-

595 5243 730 5297 dere
760 5248 818 5298 et
846 5243 1046 5298 docere
1095 5242 1401 5297 verissimis
1433 5241 1802 5295 relationibus
1844 5241 2186 5308 infamatur;

597 5331 668 5387 de
699 5333 876 5403 ipsius
903 5332 1103 5402 capitis
1127 5330 1378 5385 membro
1403 5337 1518 5384 tam
1536 5330 1849 5402 perniciosa
1876 5329 2061 5383 dicere
2080 5336 2193 5384 tra-

599 5421 772 5488 ditur,
803 5421 861 5475 in
896 5419 1200 5493 reprobum
1230 5435 1460 5475 sensum
1509 5419 1697 5474 divino
1721 5418 1933 5488 judicio
1963 5420 2188 5490 permit-

600 5513 774 5564 tatur.

671 5597 884 5654 Revera
914 5599 1168 5674 quisquis
1198 5598 1413 5654 Hilario
1433 5598 1672 5669 alicujus
1697 5598 1971 5653 haereseos
1999 5603 2192 5653 notam

2273 1861 2549 1927 doctores,
2581 1859 2904 1932 quicunque
2933 1860 3002 1914 de
3049 1877 3116 1915 eo
3153 1859 3370 1930 aliquid
3404 1859 3588 1914 locuti
3633 1863 3782 1926 sunt,
3805 1857 3843 1910 al

2271 1951 2475 2005 horum
2527 1950 2813 2004 sententia
2869 1949 2926 2006 in
2977 1949 3084 2004 hac
3121 1954 3283 2020 parte
3326 1949 3578 2004 minime
3607 1947 3846 2002 dissense-

2270 2044 2420 2094 runt.

2341 2128 2540 2182 Tutius
2555 2127 2728 2198 igitur
2746 2132 2834 2182 est
2860 2127 3054 2182 lectori
3084 2128 3145 2182 in
3170 2127 3530 2182 difficillimis
3559 2131 3846 2182 sanctorum

2270 2218 2504 2272 Patrum
2551 2217 2865 2282 sententiis,
2917 2233 3058 2287 quas
3108 2217 3320 2287 ingenii
3371 2217 3467 2272 sui
3526 2215 3846 2270 imbecillitas

2271 2323 2471 2378 capere
2509 2322 2622 2360 non
2652 2311 2854 2376 potest,
2897 2306 3244 2376 interrogato
3276 2306 3433 2377 quod
3465 2306 3669 2370 nescit,
3697 2303 3846 2358 dicere

2276 2411 2336 2449 se
2368 2393 2602 2461 nescire,
2621 2411 2789 2464 quam
2814 2395 3085 2465 pertinaci
3110 2396 3464 2465 arrogantia,
3500 2400 3562 2449 et
3589 2390 3846 2462 arroganti

2273 2483 2599 2554 pertinacia,
2631 2499 2742 2537 non
2773 2483 2893 2537 sine
2923 2499 3026 2537 sua
3066 2489 3123 2537 et
3163 2483 3406 2537 aliorum
3433 2482 3706 2554 pernicie,
3746 2478 3846 2533 ﬁdei

2273 2571 2556 2625 contraria
2581 2571 2816 2626 definire
2849 2588 2860 2622 :
2896 2572 3206 2642 praesertim
3237 2573 3284 2626 si
3326 2572 3462 2626 talis
3508 2586 3748 2642 persona
3775 2569 3845 2630 sit,

2271 2677 2394 2731 quae
2425 2661 2508 2714 vel
2538 2661 2771 2715 scientia
2807 2660 3147 2726 litterarum,
3178 2661 3263 2714 vel
3295 2661 3586 2731 probitate
3633 2672 3842 2717 morum,

2270 2749 2354 2804 vel
2377 2749 2564 2821 potius
2593 2755 2833 2820 utraque
2861 2755 3021 2822 parte
3049 2750 3407 2804 auctoritatis
3429 2749 3654 2822 pondus
3676 2763 3781 2818 prae
3803 2759 3846 2796 se

2270 2856 2469 2910 gerere
2498 2839 2776 2895 videatur.
3293 2862 3300 2867 ι

2344 2927 2530 2984 Verba
2559 2929 2773 3000 praefati
2794 2929 3058 2995 doctoris,
3083 2945 3205 3000 quas
3231 2929 3508 3000 praefatus
3534 2927 3778 2981 inversor
3801 2922 3845 2975 in

2275 3019 2398 3088 ejus
2427 3019 2769 3072 calumniam
2816 3023 3053 3072 conatur
3101 3018 3401 3084 invertere,
3437 3019 3558 3072 haec
3583 3017 3643 3070 in
3674 3011 3843 3067 vestris

2274 3106 2474 3161 litteris
2495 3107 2677 3178 reperi
2718 3109 2809 3172 (De
2844 3109 3071 3171 Trinit.,
3129 3107 3222 3161 lib.
3267 3124 3320 3173 x,
3369 3113 3507 3162 ante
3558 3103 3841 3168 medium):

2278 3216 2299 3246 ι
2312 3197 2407 3250 Dei
2421 3196 2595 3250 Filius
2610 3196 2894 3250 hominem
2906 3213 3098 3250 verum
3111 3196 3424 3250 secundum
3445 3192 3842 3250 similitudinem

2273 3286 2450 3339 nostri
2481 3285 2722 3340 hominis
2772 3302 2886 3340 non
2915 3286 3179 3340 deficiens
3208 3302 3242 3339 a
3274 3302 3336 3340 se
3392 3286 3531 3350 Deo,
3581 3278 3842 3350 sumpsit:

2273 3373 2330 3428 in
2360 3391 2470 3445 quo
2504 3373 2631 3447 [at.,
2665 3375 2723 3430 in
2754 3373 2948 3447 quem]
2982 3375 3236 3446 quamvis
3265 3379 3365 3429 aut
3394 3374 3542 3430 ictus
3576 3369 3841 3427 incideret,

2273 3468 2371 3516 aut
2399 3464 2585 3518 vultus
2631 3464 2754 3534 [at.,
2788 3463 3008 3534 vulnus]
3039 3464 3378 3518 discinderet
3411 3464 3535 3534 [at.,
3565 3454 3844 3514 descende-

2273 3551 2410 3625 ret],
2439 3554 2704 3607 afl'errent
2727 3553 2952 3624 quidem
2981 3553 3098 3609 haec
3128 3553 3403 3624 impetum
3432 3547 3716 3624 passionis,
3744 3556 3842 3596 n0"

2271 3648 2468 3697 tamen
2483 3642 2732 3696 dolorem
2749 3641 3021 3712 passionis
3037 3642 3329 3708 inferrent,
3353 3650 3421 3696 ut
3439 3642 3611 3696 telum
3637 3628 3840 3702 aliquod

2273 3737 2374 3786 aut
2410 3748 2615 3803 aquam
2636 3732 2946 3802 perforans,
2981 3738 3089 3786 aut-
3123 3730 3310 3801 ignem
3333 3740 3728 3802 compungensa
3757 3723 3842 3772 aut

2275 3838 2408 3875 aera
2438 3822 2756 3874 vulnerans.
2789 3841 2817 3872 ι
2846 3822 2915 3875 Et
2944 3821 3114 3893 paulo
3150 3825 3280 3892 post
3310 3838 3322 3873 :
3351 3839 3378 3874 ι
3413 3820 3599 3873 Virtus
3619 3805 3839 3882 corporis

2273 3911 2394 3964 sine
2427 3927 2594 3965 sensu
2616 3927 2792 3982 pmnae
2829 3911 2938 3964 vim
2965 3927 3141 3982 paenae
3169 3910 3227 3964 in
3257 3927 3318 3964 se
3336 3903 3683 3964 desaevientis
3701 3913 3838 3954 exce-

2275 4001 2376 4071 pit.
2399 4020 2427 4053 »
2447 4001 2574 4054 Haec
2597 3999 2714 4054 sine
2729 3999 3045 4070 przejudicio
3071 3999 3318 4054 melioris
3334 3992 3704 4071 expositionis,
3729 4001 3836 4040 con-

2275 4105 2433 4154 sona,
2466 4094 2530 4143 ut
2549 4098 2833 4160 putamus,
2867 4090 3077 4144 sanctis
3124 4088 3385 4142 Patribus
3438 4078 3831 4155 astipulatione,

2276 4178 2355 4232 sic
2385 4185 2742 4250 exponuntur
2769 4195 2803 4232 a
2831 4178 3009 4232 nobis.
3037 4178 3308 4232 Dominus
3327 4178 3492 4232 Jesus
3521 4171 3762 4228 Christus
3786 4161 3828 4214 in

2277 4268 2473 4322 eadem
2514 4284 2751 4338 persona
2781 4284 2945 4322 verus
2983 4268 3151 4321 homo
3180 4274 3236 4321 et
3265 4283 3429 4320 verus
3460 4267 3625 4328 Deus,
3659 4266 3824 4312 secun-

2275 4357 2410 4410 dum
2431 4357 2838 4412 humanitatem
2861 4356 3087 4428 quidem
3105 4356 3352 4418 esurivit,
3371 4355 3564 4419 sitivit,
3599 4347 3827 4414 fatigataS

2211 4421 2380 4509 Dest,
2414 4446 2566 4499 flevit
2592 4463 2602 4496 :
2633 4421 3122 4517 apprOpinquante
3160 4445 3300 4498 hora
3326 4443 3543 4506 mortis,
3579 4447 3762 4509 pavere
3786 4431 3828 4480 et

2271 4534 2478 4589 taedere
2511 4535 2678 4604 cmpit
2701 4553 2712 4588 :
2745 4534 2895 4588 unde
2922 4541 2979 4588 et
3007 4534 3186 4588 oravit
3204 4533 3396 4587 dicens
3420 4551 3432 4586 :
3460 4533 3643 4597 ξιτεδ
3663 4521 3820 4578 Pater,

2273 4627 2322 4678 .ςί
2349 4627 2475 4690 ﬁeri
2507 4629 2696 4692 potest.
2735 4628 2980 4677 transeat
3007 4640 3042 4676 a
3068 4640 3152 4676 me
3173 4625 3323 4676 calix
3343 4626 3440 4676 iste
3465 4616 3672 4690 (Matth.
3695 4616 3821 4664 xxvi,

2275 4711 2382 4776 39).
2417 4713 2616 4782 Plagae
2648 4713 2952 4782 virgarum,
2975 4712 3382 4782 vulnerumque
3403 4705 3754 4765 discissiones,
3777 4696 3824 4744 ut

2274 4803 2440 4856 homo
2471 4803 2673 4856 similis
2705 4802 2887 4867 nobis,
2911 4802 3104 4863 sensit,
3155 4808 3214 4855 et
3261 4801 3470 4861 doluit;
3522 4795 3822 4853 craterasque

2272 4891 2533 4945 humana;
2559 4897 2774 4945 naturae
2794 4891 3152 4945 infirmitates
3188 4889 3524 4944 assumendo
3553 4879 3820 4940 hominem,

2270 4985 2474 5052 Pmter
2494 4985 2804 5050 peccatum,
2827 4978 3480 5049 assumpSit.Secundum
3511 4967 3821 5054 divinitate}.n

2271 5087 2420 5134 vero,
2438 5087 2549 5141 qua
2572 5069 2726 5123 Patri
2748 5069 3050 5140 etSpiritui
3071 5073 3263 5121 sancto
3294 5084 3395 5138 per
3417 5063 3600 5120 omnia
3627 5047 3822 5141 aequalis

2275 5167 2379 5227 est,
2399 5138 2540 5214 nihil
2573 5160 2774 5213 horum
2799 5138 3097 5213 sustinuit:
3129 5174 3255 5211 cum
3281 5157 3431 5228 apud
3456 5165 3640 5210 omnes
3659 5138 3820 5236 ﬁdeles

2273 5251 2390 5305 haec
2435 5266 2658 5321 semper
2685 5249 2758 5303 sit
2782 5249 3062 5318 fueritque
3083 5246 3379 5307 sententia,
3404 5252 3462 5300 et
3479 5255 3628 5299 sacra
3646 5238 3818 5321 pag"?i

2273 5316 2598 5410 hujusmodi
2623 5316 2990 5392 documentis
3007 5353 3147 5407 pene
3178 5337 3251 5389 sit
3279 5336 3486 5406 ubique
3525 5329 3744 5386 referta;
3766 5316 3816 5413 ft

2273 5435 2464 5483 tamen
2503 5433 2733 5499 pr0pter
2755 5427 3033 5480 unitatem
3061 5442 3334 5497 personae,
3381 5425 3439 5478 in
3473 5433 3630 5495 quam
3671 5404 3814 5464 conll‘

2275 5517 2531 5572 ciendam
2589 5517 2739 5571 Deus
2795 5522 2854 5570 et
2901 5517 3068 5570 homo
3119 5518 3515 5579 convenerant,
3543 5517 3674 5576 saepe
3714 5502 3811 5583 (Ψδῖ

2274 5607 2518 5662 hominis
2554 5611 2704 5673 sunt,
2754 5608 2812 5660 et
2853 5604 3110 5676 quaedam
3148 5605 3321 5658 etiam
3376 5619 3498 5673 quae
3541 5593 3696 5652 solius
3732 5580 3810 5635 Del
