3892 6362
63 315 177 408 ίτδιδ

31 448 77 489 ΜΞ

31 540 45 559 t'
60 556 65 563 η

31 564 63 574 δικ,

32 572 216 651 :mim
242 574 632 637 cognovissent.
662 589 960 644 nunquam
973 577 1279 630 Dominum
1288 578 1479 644 gloria
1488 578 1665 630 cruci-

32 652 309 735 ifgyﬁn'ssent
338 660 389 719 (Ι
414 659 538 714 σον.
575 675 637 727 Il,
666 659 740 729 8).
778 663 904 717 Non
933 663 1084 718 enim
1119 680 1331 726 revera,
1390 668 1665 735 quantum

83 745 140 798 ad
161 746 338 816 ipsum
359 755 604 820 spectat,
625 750 901 807 Dominus
920 752 1115 823 gloriae
1134 758 1220 807 est
1244 753 1561 819 cruciﬁxus,
1593 751 1660 818 si,

32 823 291 913 iipropter
315 845 681 911 assumptum
740 842 1048 909 hominem,
1085 843 1234 913 quod
1283 842 1529 898 hominis
1557 843 1667 899 fuit

31 913 268 999 ifdicitur
282 928 596 998 pertulisse
624 930 793 985 Deus.
822 930 900 987 Et
924 931 1043 1003 ipse
1070 932 1345 987 Dominus
1371 933 1433 988 in
1482 933 1666 988 Evan-

84 1013 209 1086 gelio
236 1032 250 1067 :
273 1016 446 1070 Nemo
474 1021 723 1074 ascendit
749 1022 813 1075 in
860 1022 1073 1087 calum,
1102 1024 1217 1076 nisi
1241 1024 1342 1091 qui
1395 1023 1668 1076 descendit

160 1106 295 1170 rato,
326 1107 511 1161 Filius
534 1108 799 1171 hominis,
842 1112 943 1179 qui
993 1115 1069 1164 est
1115 1113 1179 1164 in
1224 1113 1349 1165 calo
1400 1112 1541 1180 (Luc.
1575 1124 1663 1175 In,

89 1189 252 1260 13).Et
266 1210 468 1250 rursus
491 1195 551 1250 id
572 1198 722 1268 quod
742 1198 843 1253 Dei
877 1204 1017 1265 erat,
1049 1199 1267 1254 homini
1295 1204 1383 1255 est
1409 1199 1667 1270 assigna-

31 1269 186 1360 j'tum
210 1301 222 1349 ;
246 1299 432 1354 neque
461 1285 619 1340 enim
656 1286 827 1341 homo
876 1287 937 1342 in
983 1293 1138 1343 terra
1164 1288 1392 1360 degens,
1433 1289 1492 1343 in
1528 1288 1668 1343 coelo

86 1375 198 1425 tunc
223 1387 344 1426 esse
365 1377 637 1444 poterat;
682 1376 781 1430 sed
823 1377 953 1449 quia
1000 1358 1337 1449 Unigenitus
1367 1377 1552 1433 Patris
1586 1377 1668 1432 ita

48 1464 59 1468 ’
89 1460 133 1514 in
157 1461 424 1517 mundum
457 1463 615 1518 venit
658 1469 724 1519 ut
748 1470 939 1521 tamen
978 1482 1014 1521 a
1065 1472 1301 1538 paterno
1352 1467 1482 1522 sinu
1518 1483 1667 1522 nun-

88 1564 232 1619 quam
278 1551 619 1619 discederet,
669 1554 819 1625 quod
869 1555 1021 1610 solus
1058 1555 1368 1610 divinitatis
1396 1561 1537 1623 erat,
1583 1555 1671 1610 lo-

34 1642 55 1721 ξ
88 1654 241 1708 quens
265 1638 322 1693 in
354 1644 538 1708 terra,
564 1649 855 1715 assumpto
892 1643 1106 1700 homini
1134 1650 1364 1718 prapter
1393 1645 1671 1700 unitatem

35 1730 39 1735 λ
85 1743 313 1798 personae
339 1729 653 1787 tribuebat.
1032 1749 1048 1760 ‘

38 1818 53 1889 ξ,
144 1816 253 1872 Hoc
277 1817 590 1874 locutionis
619 1821 784 1876 modo
803 1823 1063 1892 superius
1081 1820 1293 1879 dictum
1308 1828 1394 1878 est
1408 1823 1541 1894 quia
1566 1823 1674 1877 ho-
1690 1840 1736 1899 Β

90 1904 202 1958 mini
220 1914 514 1980 assumpto
545 1925 581 1963 a
601 1909 741 1965 Filio
769 1910 871 1965 Dei
894 1910 1038 1967 ictus
1064 1916 1122 1966 et
1142 1912 1377 1967 vulnera
1395 1911 1670 1983 impetum

34 1982 55 2003 ⁵’
89 1993 336 2063 passionis
379 1996 683 2065 inferrent,
739 2016 853 2054 non
895 2005 1086 2055 tamen
1113 2001 1362 2056 dolorem
1393 1998 1670 2072 passionis

32 2150 53 2157 Η
92 2082 344 2138 an‘errent.
366 2085 442 2140 Et
461 2086 572 2141 hoc
600 2088 907 2159 suppositis
933 2088 1393 2145 similitudinibus
1423 2090 1670 2144 declara-

32 2176 39 2247 ‘_
94 2174 182 2235 tur,
208 2178 272 2226 ut
289 2172 337 2227 si
360 2175 544 2229 telum
568 2193 774 2248 aquam
823 2179 1090 2250 perforet,
1132 2183 1190 2233 et
1217 2185 1419 2233 caetera
1441 2195 1570 2249 quae
1593 2195 1679 2233 se.

31 2266 53 2333 ’ς
95 2266 335 2330 quuntur,
364 2279 432 2318 ac
457 2264 509 2319 si
531 2266 746 2320 diceret
771 2285 782 2320 :
815 2268 997 2322 Homo
1020 2273 1344 2339 assumptus
1401 2267 1675 2340 impetum

97 2350 344 2418 passionis
364 2359 425 2408 et
452 2354 569 2409 vim
590 2355 799 2410 doloris
819 2357 1014 2424 sensit,
1053 2357 1203 2412 Deus
1234 2374 1528 2413 assumens
1561 2372 1676 2412 non

40 2443 47 2451 '
99 2439 278 2495 sensit:
311 2446 370 2496 et
389 2442 502 2498 hoc
526 2445 698 2515 paulo
723 2450 852 2516 post
877 2445 1127 2500 declarat
1143 2447 1335 2501 dicens
1367 2465 1380 2500 :
1418 2467 1441 2498 ι
1482 2446 1675 2501 Virtus

36 2534 49 2603 ς
97 2529 333 2599 corporis,
354 2550 381 2584 πυ
417 2532 477 2587 id
498 2538 607 2600 est,
639 2533 901 2590 divinitas
929 2552 1221 2591 assumens
1256 2536 1439 2608 ipsum
1471 2552 1674 2607 corpus

34 2620 43 2691 ς
103 2633 120 2662 ι
147 2617 255 2671 sine
272 2635 441 2675 sensu
466 2638 669 2692 poenae,
709 2639 734 2673 ιι
770 2630 1045 2695 quantum
1079 2625 1149 2679 ad
1196 2623 1377 2696 ipsam
1406 2625 1671 2697 pertinet,

102 2722 120 2752 ι
149 2705 244 2760 vim
272 2725 450 2778 poenae
470 2711 538 2765 in
566 2728 645 2777 se,
679 2734 706 2762 ιο
730 2712 788 2767 id
810 2718 914 2773 est.
938 2714 995 2768 in
1023 2731 1192 2769 carne
1216 2721 1506 2785 assumpta
1531 2734 1553 2765 ι
1573 2713 1675 2767 de-

40 2782 45 2803 ⁷
99 2794 350 2852 saevientis
375 2800 620 2872 excepit.
657 2820 680 2853 ι
703 2802 864 2866 Quod
888 2802 936 2856 si
988 2803 1163 2858 virtus
1192 2803 1462 2874 corporis,
1496 2801 1676 2873 magis

32 2952 43 2957 Η
98 2885 247 2940 robur
270 2887 448 2958 ipsius
478 2891 756 2962 corporis,
789 2892 894 2947 hoc
921 2892 980 2946 in
1017 2893 1137 2948 loco
1175 2892 1540 2964 intelligenda
1569 2897 1672 2957 est,

31 2978 47 3045 χ
101 2973 273 3029 eadem
301 2978 590 3033 sententia
615 2978 674 3033 in
702 2980 920 3035 caeteris
957 2986 1167 3048 manet,
1201 2986 1267 3035 ut
1303 2981 1381 3036 sit
1427 2998 1626 3036 sensus
1660 2998 1672 3034 :

104 3082 124 3112 ‹
144 3063 323 3120 Virtus
350 3068 607 3140 corporis
635 3070 757 3124 sine
785 3087 952 3125 sensu
981 3087 1158 3143 pcenze
1187 3071 1246 3125 in
1257 3087 1317 3125 se
1332 3069 1681 3125 desaevientis

103 3151 330 3222 excepit;
367 3174 391 3207 ι
425 3161 707 3227 quantum
739 3157 811 3210 ad
859 3162 1206 3228 assumptam
1246 3158 1676 3212 humanitatem.

107 3237 164 3291 Et
179 3239 278 3295 hoc
292 3226 595 3300 locutionis
613 3262 822 3316 genere
839 3263 1035 3301 revera
1053 3226 1111 3302 et
1151 3248 1304 3302 salva
1349 3247 1682 3301 Christianae

31 3316 45 3409 ξ
109 3328 366 3399 religionis
395 3334 510 3389 ﬁde
541 3334 649 3388 dici
682 3340 867 3406 potest
898 3335 1028 3407 quia
1046 3336 1324 3403 Christus,
1343 3336 1457 3391 sive
1481 3351 1683 3408 corpus

32 3481 49 3515 γ

32 3424 49 3497 Lb
107 3417 309 3487 Christi,
329 3424 592 3478 sivecaro
621 3424 833 3480 Christi
855 3425 912 3479 in
945 3443 1109 3481 cruce
1138 3425 1461 3497 patiebatur
1488 3431 1545 3480 et
1570 3442 1685 3480 non

104 3507 412 3579 patiebatur,
465 3514 697 3569 dolebat
723 3520 782 3568 et
825 3531 938 3569 non
968 3515 1213 3582 dolebat,
1249 3514 1592 3570 moriebatur
1627 3518 1686 3570 et

111 3610 205 3650 non
232 3600 593 3657 moriebatur.
623 3603 692 3658 Et
715 3603 777 3658 in
803 3602 955 3659 hunc
984 3604 1213 3658 modum
1248 3605 1446 3669 multa,
1481 3619 1680 3658 nume-

32 3678 43 3778 ἐ
109 3699 259 3756 roque
277 3691 550 3745 carentia.
586 3691 857 3764 Alioquin
888 3692 934 3746 si
975 3693 1245 3764 praefatus
1273 3692 1467 3748 doctor
1487 3697 1684 3747 contra

32 3772 47 3851 ξ
110 3772 510 3835 usitatissimum
558 3781 1028 3848 Ecclesize'ﬁdem,
1052 3786 1249 3836 contra
1303 3772 1682 3852 evangelicum

32 3864 43 3941 ζ
108 3867 496 3937 auctoritatem,
529 3875 726 3924 contra
769 3869 1020 3924 omnium
1060 3876 1383 3924 sanctorum
1449 3871 1679 3926 Patrum

32 3952 39 4033 ἐ
111 3948 486 4025 deﬁnitionem,
513 3975 738 4015 carnem
755 3958 963 4015 Christi
988 3959 1372 4013 insensibilem
1400 3966 1457 4014 et
1473 3960 1682 4015 doloris

32 4040 35 4115 Ῐ
111 4049 367 4111 expertam
392 4047 633 4119 intelligi
656 4047 941 4112 voluisset,
973 4053 1322 4120 assumptam
1350 4065 1384 4102 a
1412 4049 1553 4103 Filio
1581 4049 1684 4105 Dei

32 4192 35 4199 ἱ
112 4126 366 4189 hominem
397 4136 640 4191 similem
680 4138 840 4193 nobis
889 4138 1177 4193 hominem
1205 4137 1264 4192 in
1292 4136 1525 4208 praefata
1553 4153 1683 4192 scn-

32 4216 35 4289 ξ
115 4218 271 4273 tentia
297 4224 526 4279 minime
554 4226 857 4281 retulisset.
892 4227 1027 4290 Quae
1052 4226 1199 4280 enim
1230 4225 1540 4280 similitudo
1561 4242 1684 4280 sen-

34 4370 35 4373 η
117 4303 243 4362 sibili
270 4316 325 4365 et
347 4313 695 4369 insensibili?
722 4314 935 4370 dolenti
968 4320 1027 4369 et
1054 4315 1262 4369 doloris
1301 4314 1551 4387 experti?
1581 4316 1685 4370 Re-

32 4390 35 4399 '
116 4395 230 4451 tulit
252 4407 453 4470 autem,
476 4420 592 4459 non
614 4404 789 4473 igitur
813 4403 1053 4474 intelligi
1070 4403 1262 4459 voluit-

177 4485 420 4559 Obsecro,
443 4457 956 4565 'vigilatiaomnibus
981 4457 1181 4561 modis,
1211 4492 1340 4565 quia
1373 4473 1747 4548 schismati-D

32 4562 33 4571 “
120 4571 233 4630 ciet
264 4576 507 4637 fautores
531 4599 725 4637 eorum
748 4582 898 4636 circa
922 4598 1020 4636 vos
1042 4588 1100 4636 et
1118 4581 1267 4637 inter
1289 4599 1386 4636 vos
1405 4587 1558 4648 sunt;
1582 4599 1684 4653 op-

120 4663 285 4727 ponite
312 4669 391 4724 eis
413 4675 635 4726 scutum
655 4671 875 4726 timoris
889 4671 1475 4742 Domini,impetentes
1497 4686 1592 4724 eos
1600 4670 1685 4739 ja-

123 4750 241 4807 culis
265 4755 573 4815 divinorum
604 4759 974 4831 eloquiorum;
1008 4757 1490 4814 adminiculamini
1521 4757 1683 4812 nobis

124 4853 367 4903 memores
394 4850 572 4906 nostri
598 4850 658 4904 in
686 4849 1036 4905 orationibus
1067 4848 1285 4905 vestris.
1312 4847 1683 4920 Omnipotens

126 4923 469 4995 Dominusdet
485 4938 640 4994 vobis
667 4938 811 4994 bene
839 4954 1028 5010 agere,
1064 4944 1124 4993 et
1148 4937 1387 4993 feliciter
1420 4953 1532 5008 quo
1561 4941 1682 4992 teu-

128 5016 238 5076 ditis
260 5029 560 5097 pervenire.
590 5030 788 5086 Amen.

659 5118 1008 5175 EPISTOLA
1025 5117 1118 5175 LI.

570 5221 648 5266 AD
691 5220 975 5265 ΔΒΒΔΤΕΠ
1017 5220 1077 5264 '1‘.
1091 5249 1103 5266 .
1116 5246 1132 5265 ο
1144 5246 1159 5264 .
1172 5247 1186 5262 .

137 5288 187 5343 Ut
223 5304 735 5357 escommunicatam
760 5303 1078 5356 adulteram
1124 5300 1188 5353 de
1233 5300 1535 5354 cmmeterio
1563 5301 1692 5369 ejici

308 5375 604 5443 pracipiat,
638 5389 915 5443 quousque
942 5376 1178 5441 episcopo
1200 5372 1481 5440 satisﬁat;

191 5451 524 5518 LANmncus
569 5461 1046 5534 archiepiscopus,
1100 5458 1462 5514 dilectissimo
1508 5458 1688 5514 amico

137 5552 221 5593 suo
236 5542 408 5604 abbati
589 5595 602 5609 .
634 5548 815 5622 [Forte
832 5548 1101 5605 Turstino
1120 5549 1196 5602 ad
1224 5564 1385 5617 quem
1413 5551 1566 5616 epist.
1595 5547 1689 5620 53]

140 5628 364 5691 salutem.

1497 357 1892 415 EPISTOLE.

64 454 216 546 isunt,
246 477 454 537 dicitur
498 480 707 539 habere
758 487 947 554 homo,
978 490 1043 544 ut
1069 483 1213 548 illud
1270 486 1522 557 Apostoli
1556 504 1570 542 :
1601 486 1733 547 StA
1820 487 2063 542 Causam
2081 485 2341 553 Godvini,
2355 486 2413 540 et
2440 483 2672 555 Lifginae
2692 483 2963 543 adultera
2995 504 3111 545 suae
3132 489 3347 561 optime

3235 363 3344 422 546

1746 574 1875 630 novi
1898 593 1912 643 ;
1945 580 2003 630 et
2027 591 2225 629 revera
2245 573 2547 630 Londoniae
2570 589 2760 628 coram
2805 591 2897 628 me
2935 592 3058 631 eam
3081 575 3348 647 vestigari

1745 663 2001 735 praecipi;
2032 663 2339 735 auditaque
2367 664 2665 733 utriusque
2723 663 2902 734 partis
2931 666 3261 731 assertione,
3290 665 3352 722 in

1745 751 2032 807 adulteros
2051 751 2390 806 sententiam
2419 750 2683 817 diximus,
2717 755 2773 804 et
2814 750 2968 821 juste
2995 768 3091 807 eos
3112 769 3234 807 esse
3262 769 3353 808 ex-

1746 840 2186 895 communicatos
2216 839 2502 894 communi
2522 855 2799 894 consensu
2826 839 3355 898 decrevimus.Pro-

1747 935 1941 1001 pterea
1969 929 2108 983 nihil
2133 929 2287 983 aliud
2324 933 2521 994 restat,
2566 927 2678 981 nisi
2720 928 2868 999 quod
2899 929 3227 985 fraternitas
3253 935 3356 986 tua

1748 1017 2062 1072 adulteram
2085 1016 2155 1071 de
2185 1016 2505 1072 coemeterio
2533 1015 2660 1087 ejici
2713 1016 3027 1089 praecipiat;
3060 1032 3356 1091 quousque

1747 1107 1835 1161 vel
1860 1111 2158 1177 corruptor
2180 1107 2321 1176 ejus,
2356 1105 2441 1160 vel
2476 1104 2681 1176 aliquis
2708 1120 2813 1176 pro
2841 1120 2929 1174 ea,
2960 1106 3110 1178 quod
3132 1108 3356 1177 justum

1748 1201 1854 1261 est,
1875 1195 2134 1267 episcopo
2162 1195 2350 1249 faciat.
2383 1193 2651 1250 Libenter
2664 1193 2906 1249 facerem
2921 1195 3071 1265 quod
3096 1195 3201 1251 tibi
3228 1196 3353 1267 pla-

1750 1300 1879 1339 cere
1909 1301 2073 1356 posse
2102 1283 2500 1354 intelligerem,
2533 1288 2591 1337 et
2639 1283 2882 1338 multum
2911 1283 3074 1339 doleo
3103 1284 3254 1356 quod
3282 1284 3353 1341 de

1748 1372 2013 1443 praesenti
2041 1371 2265 1443 negotio
2293 1371 2641 1426 voluntatem
2665 1376 2822 1427 tuam
2856 1372 3091 1445 implere
3117 1389 3230 1430 non
3250 1390 3351 1429 va-

1749 1460 1856 1515 leo.

2300 1545 2654 1604 EPISTOLA
2680 1546 2805 1605 LII.

2232 1654 2313 1699 AD
2354 1653 2640 1700 ΑΒΒΑΤΕΠ
2682 1654 2740 1700 G.
2753 1682 2851 1701 ...ο

1752 1758 1939 1821 32!
1973 1754 2259 1809 Orricium
2286 1754 2646 1826 commendat,
2667 1754 2784 1826 iqui
2836 1755 2988 1823 apud
3016 1755 3185 1810 illum
3206 1759 3349 1826 regis

2214 1826 2480 1879 mandato
2502 1825 2872 1880 detinebatur.

1824 1932 2191 1986 anraxncus
2234 1930 2501 2002 indignus
2547 1931 2803 1999 antistes,
2835 1933 3137 1990 venerabili
3162 1934 3353 1992 abbati

1955 2020 2193 2074 salutem
2213 2024 2272 2075 et
2296 2019 2761 2076 benedictionem.

1832 2109 2061 2164 Gratias
2090 2115 2332 2181 quantas
2377 2125 2602 2181 possum
2636 2111 2962 2181 paternitati
2985 2118 3184 2170 vestrae
3220 2131 3348 2187 ago,

1759 2197 1908 2269 quod
1935 2204 2238 2269 praesentes
2268 2204 2327 2253 et
2350 2199 2611 2253 absentes
2638 2197 2800 2253 nobis
2834 2205 2893 2254 et
2918 2199 2988 2254 de
3017 2201 3179 2257 nobis
3206 2202 3356 2258 bona

1756 2288 1963 2353 dicitis,
1996 2289 2233 2344 meliora
2258 2289 2483 2361 optatis,
2505 2295 2810 2361 utrumque
2836 2289 3021 2346 verbis
3052 2296 3109 2346 et
3153 2293 3358 2352 litteris

1758 2376 2125 2431 confirmatis.
2161 2377 2233 2432 Et
2260 2392 2455 2432 revera
2484 2376 2676 2432 sciatis
2702 2394 2793 2432 me
2818 2379 3070 2434 eamdem
3085 2380 3231 2437 circa
3257 2400 3356 2440 vos

1757 2467 2103 2521 voluntatem
2133 2465 2362 2533 habere,
2393 2472 2451 2521 et
2476 2466 2632 2521 vobis
2660 2474 2714 2522 et
2743 2468 2943 2523 vestris
2972 2469 3249 2526 sinceram
3269 2471 3359 2528 di-

1756 2557 2053 2611 lectionem
2072 2555 2132 2609 in
2158 2555 2417 2610 omnibus
2442 2560 2500 2610 et
2525 2571 2628 2626 per
2652 2555 2846 2611 omnia
2881 2558 3163 2617 exhibere.

1828 2645 1991 2709 Quod
2028 2645 2099 2700 de
2155 2644 2382 2699 domino
2434 2644 2651 2700 Orricio
2695 2646 2988 2719 [Orricius]
3021 2649 3355 2716 mandastis,

1756 2738 2052 2803 gratanter
2071 2732 2300 2804 accipio,
2332 2732 2431 2788 sed
2461 2738 2657 2788 contra
2674 2741 3015 2807 praeceptum
3044 2738 3192 2809 regis
3220 2738 3360 2795 nihil

1759 2838 1960 2891 rogare
1989 2827 2047 2875 et
2074 2821 2154 2875 nil
2170 2820 2370 2891 jubere
2394 2838 2695 2892 praesumo;
2715 2824 2812 2877 sed
2840 2840 2976 2895 rogo
3005 2827 3362 2899 multumque

1761 2927 1896 2980 rogo
1921 2915 2199 2981 quatenus
2246 2915 2478 2981 propter
2513 2911 2692 2966 Deum
2747 2915 2804 2966 et
2845 2919 3076 2986 propter
3108 2931 3360 2972 amorem

1760 3015 1970 3065 meum,
2000 3004 2062 3053 et
2104 2998 2239 3070 quia
2263 2998 2384 3070 ipse
2433 2998 2636 3068 dignus
2666 3005 2771 3064 est,
2802 3016 2928 3055 eum
2954 3002 3222 3074 diligatis,
3256 3004 3361 3061 ho-

1764 3092 1922 3141 neste
1950 3086 2221 3152 tractetis,
2273 3091 2572 3158 paternum
2612 3086 2663 3141 ei
2709 3088 2992 3157 affectum,
3050 3091 3198 3146 sicut
3219 3095 3362 3164 ‘pru-

1763 3175 1957 3229 dentia
1989 3180 2168 3229 vestra
2207 3174 2563 3244 judicaverit,
2594 3174 2967 3247 impendatis;
3007 3195 3109 3251 pro
3139 3179 3364 3250 justitia

1763 3280 2008 3334 namque
2025 3262 2471 3335 persecutionem
2492 3263 2725 3334 patitur,
2753 3269 2829 3329 et,
2856 3281 2985 3320 cum
3011 3283 3258 3339 superna
3273 3284 3366 3324 vo-

1765 3354 1954 3408 luntas
1980 3353 2169 3418 fuerit,
2202 3352 2259 3407 in
2278 3352 2550 3424 gaudium
2583 3352 2691 3407 sibi
2721 3359 2778 3408 et
2794 3354 3052 3410 laetitiam
3080 3363 3365 3414 converte-

1764 3446 1861 3497 tur
1889 3458 1901 3492 :
1934 3441 2200 3496 misertus
2229 3448 2316 3496 est
2355 3445 2547 3496 tamen
2611 3441 2663 3496 ei
2711 3442 3003 3511 Dominus,
3037 3446 3185 3517 quod
3214 3447 3367 3504 inter

1764 3547 1861 3586 vos
1885 3547 2015 3585 eum
2042 3530 2220 3585 voluit
2238 3546 2394 3598 esse;
2427 3534 2486 3584 et
2514 3535 2777 3602 putantes
2827 3549 3047 3603 nocere,
3076 3535 3222 3591 sicut
3247 3537 3364 3593 Do-

1765 3619 1918 3674 mino
1942 3620 2170 3691 placuit,
2201 3618 2507 3690 plurimum
2536 3618 2823 3691 profuere.

2297 3724 2650 3781 EPISTOLA
2667 3727 2816 3786 LIII.

2162 3841 2241 3885 AD
2285 3841 2631 3886 TURSTINUM
2673 3842 2979 3891 ABBATEM.

1797 3921 2026 3977 Solatur
2053 3923 2320 3982 amicum,
2344 3924 2639 4000 suadetque
2668 3928 2738 4000 ut
2764 3940 2943 3993 regem
2966 3943 3066 3996 per
3083 3945 3137 3982 se
3154 3933 3205 3984 et
3225 3945 3330 4000 per

1837 3996 2041 4047 amicos
2058 3997 2267 4062 ﬂectere
2286 3995 2517 4056 studeat,
2543 4010 2639 4047 nec
2660 3997 2914 4050 tristetur
2931 3995 2979 4051 si
3006 3995 3288 4067 spreverit.

1836 4101 2196 4155 Laurus-cus
2243 4098 2508 4171 indignus
2554 4099 2809 4169 antistes,
2851 4102 3041 4160 abbati
3067 4105 3361 4179 TURSTINO,

1765 4189 2025 4243 salutem.

1836 4276 2143 4333 Consilium
2174 4293 2363 4332 meum
2421 4277 2526 4333 tibi
2577 4278 2823 4337 breviter
2875 4283 3255 4342 intimandum
3276 4304 3367 4343 ro-

1762 4366 1928 4438 gasti,
1949 4371 2008 4420 et
2035 4383 2139 4436 ego
2156 4366 2297 4421 illud
2324 4366 2428 4421 tibi
2464 4368 2657 4439 paucis
2686 4370 2950 4429 intimare
2977 4376 3183 4433 curavi.
3210 4376 3368 4449 Roga

1852 4471 1947 4510 um
1978 4461 2044 4509 ut
2071 4455 2395 4510 meminerit
2420 4458 2506 4511 tui
2533 4464 2591 4513 et
2629 4460 2964 4518 misereatur
3005 4463 3140 4533 tibi;
3179 4471 3237 4521 et
3263 4467 3368 4523 hoc

1766 4544 2062 4610 instanter,
2078 4549 2197 4598 tam
2215 4562 2316 4616 per
2334 4551 2392 4600 te
2413 4563 2580 4616 quam
2603 4566 2704 4620 per
2718 4551 2927 4607 amicos
2938 4558 3085 4622 tuos;
3106 4571 3209 4611 nos
3236 4572 3367 4612 vero

1764 4633 1871 4688 hoc
1898 4632 2119 4704 agimus
2141 4633 2200 4687 in
2228 4640 2502 4704 quantum
2533 4654 2850 4709 possumus.
2902 4643 3143 4700 Domino
3174 4649 3369 4701 nostro

1766 4722 1885 4793 regi
1901 4722 2039 4777 offer
2059 4722 2194 4776 recti
2202 4723 2453 4778 tudinem
2470 4742 2570 4795 per
2579 4728 2787 4783 amicOs
2796 4735 2853 4784 et
2864 4730 3055 4787 fideles
3069 4732 3369 4790 intemun-

1766 4810 1973 4867 tios.Si
1993 4811 2403 4881 spreverit,noli
2422 4814 2809 4871 multuminde
2825 4835 2947 4873 esse
2972 4821 3153 4877 tristis
3181 4838 3367 4894 neque

1771 4898 2060 4954 sollicitus.
2093 4898 2366 4954 Visitabit
2393 4900 2545 4955 enim
2594 4903 2744 4959 Deus
2773 4905 2993 4976 plebem
3027 4925 3209 4978 suam,
3237 4926 3369 4966 cum

1770 4986 2034 5060 expedire
2063 4987 2390 5045 decreverit.
2413 4988 2795 5047 Misericordia
2813 5000 3000 5051 tecum
3022 4996 3117 5052 sit.

2302 5095 2652 5153 EPISTOLA
2677 5097 2829 5159 LIV.

2077 5209 2161 5254 AD
2190 5209 2490 5255 DILECTUM
2521 5213 2594 5257 ET
2621 5215 2888 5263 FIDELEM
2928 5218 3069 5265 6....

1773 5299 1841 5353 In
1871 5299 2219 5353 comitatibus
2249 5302 2360 5368 ipsi
2387 5305 2690 5359 commissis
2733 5309 2960 5362 nultum
2996 5309 3106 5363 sibi
3131 5326 3241 5365 esse
3268 5314 3366 5368 do-

1844 5372 2112 5437 minium,
2140 5371 2231 5424 sed
2257 5372 2331 5425 ad
2382 5374 2592 5428 vietum
2639 5380 3039 5435 monachorum
3070 5385 3247 5438 terras
3275 5401 3367 5439 ec-

1844 5444 2015 5496 clesiae
2040 5458 2152 5496 sua
2178 5458 2363 5516 omnes
2387 5447 2684 5511 pertinere.

1840 5547 2200 5605 Lampsacus
2244 5547 2509 5620 indignus
2555 5552 2809 5620 antistes,
2864 5556 3069 5614 dilecto
3116 5565 3174 5616 et
3214 5561 3368 5619 ﬁdeli

1772 5635 1952 5692 amico
1980 5653 2084 5692 suo
2112 5636 2248 5693 G....
2273 5638 2513 5694 salutem
2545 5645 2604 5698 et
2623 5642 3093 5706 benedictionem.
