3892 6358
559 298 666 358 543

1533 304 1598 359 Β.
1639 303 2054 361 LANFRANCI
2093 302 2454 362 CANTUAR.
2496 304 2831 376 ARCHIEP,

3734 300 3886 361 544

563 425 744 481 Deum
763 425 1030 498 adjuvare
1057 444 1154 483 eos
1190 427 1394 484 valent.
1431 429 1633 486 Divina
1662 429 1946 501 majestas,
1987 433 2218 491 vene-A
2241 429 2498 502 imponit,
2531 429 2740 485 multos
2783 427 3121 486 orthodoxos
3159 427 3460 501 principes,
3491 429 3588 500 qui
3616 426 3886 497 magnis

563 516 741 570 rande
790 517 959 571 Pater
989 519 1346 590 jocundeque
1384 522 1578 584 frater,
1636 525 1694 574 te
1741 519 2052 585 benedicat,
2087 519 2158 573 ab

564 604 828 661 omnibus
848 607 1092 678 peccatis
1120 623 1350 678 prorsus
1379 608 1645 662 absolvat.

1075 695 1424 750 EPISTULA
1461 694 1648 750 XLIX.

938 792 1018 836 AD
1061 792 1444 835 ADELELINUM
1486 791 1797 836 ΔΒΒΔΤΕΗ.

564 872 859 926 Intercedit
875 887 976 940 pro
985 873 1270 926 monachis
1288 875 1388 940 qui
1404 874 1468 925 de
1487 875 1819 926 monasterio
1833 875 2162 925 recesserant

829 947 898 1005 et,
932 946 1126 1010 agnita
1149 945 1330 1010 culpa,
1357 944 1538 996 redire
1568 943 1878 1012 cupiebant.

635 1031 1004 1086 LANFRANCUS
1031 1031 1500 1103 archiepiscopus,
1549 1031 1913 1085 dilectissimo
1951 1031 2064 1086 filio
2102 1037 2160 1084 et

565 1118 744 1174 amico
763 1120 1092 1174 ADELELINO
1123 1118 1220 1192 [/Z,
1254 1120 1584 1190 ADELELMO]
1615 1118 1804 1174 abbati
1829 1120 2074 1174 salutem
2102 1126 2159 1174 et

561 1205 1029 1262 benedictionem.

635 1296 862 1351 Fratres
890 1297 986 1352 isti
1028 1297 1099 1351 ad
1146 1314 1236 1352 me
1285 1301 1556 1352 venerunt
1599 1304 1924 1351 accusantes
1969 1313 2049 1363 se,
2101 1301 2158 1350 et

562 1383 812 1440 dicentes
833 1385 892 1440 in
922 1402 1018 1440 vos
1045 1386 1293 1456 graviter
1319 1401 1596 1457 peccasse,
1632 1390 1690 1439 et
1736 1401 1840 1439 sua
1885 1386 2052 1456 culpa
2087 1384 2158 1439 de

562 1473 906 1528 monasterio
921 1474 1238 1542 recessisse;
1263 1492 1366 1544 ego
1381 1491 1511 1528 vero
1543 1474 1841 1529 stultitiam
1865 1491 2058 1528 eorum
2080 1473 2162 1528 eis

564 1562 925 1617 audientibus
967 1564 1207 1618 multum
1258 1563 1479 1620 adauxi.
1510 1568 1568 1618 et
1595 1563 1732 1617 satis
1761 1563 1937 1628 duris,
1972 1569 2164 1629 ειπῦ

565 1652 738 1719 atque
775 1650 1146 1705 amarissimis
1173 1651 1355 1706 verbis
1376 1669 1492 1718 eos,
1525 1656 1694 1722 prout
1722 1651 1926 1716 decuit,
1978 1651 2162 1706 incre-_

2245 535 2376 574 eum
2406 517 2668 573 laudibus
2697 518 3040 584 extulerunt,
3073 519 3326 589 ejusdem
3357 518 3566 572 erroris
3617 516 3886 571 macula

2243 607 2494 662 involvit.
2521 607 2780 662 Gelasius
2808 624 2954 679 papa
2996 608 3055 662 in
3097 607 3336 661 decretis
3387 607 3506 660 suis
3529 607 3695 676 (dist.
3775 606 3886 668 15,

2243 712 2365 750 can.
2401 695 2489 764 13)
2519 713 2713 750 omnes
2742 695 2913 751 libros
2943 698 3064 767 ejus
3093 696 3244 750 inter
3271 695 3578 750 catholicas
3605 695 3886 765 scriptu-

2244 801 2337 839 ras
2374 790 2688 840 enumerat.
2732 786 2868 856 Ejus
2895 786 3201 840 auctoritas
3230 785 3289 838 in
3317 785 3493 839 sacris
3531 783 3886 838 canonibus

2244 873 2641 928 decentissime
2695 879 3062 936 memoratur,
3110 874 3385 945 recipitur
3439 879 3496 927 et
3549 873 3886 928 laudatur.

2245 963 2484 1017 Sanctus
2521 964 2873 1033 Augustinus
2911 963 2970 1017 in
2999 963 3140 1017 libro
3177 963 3258 1017 De
3303 962 3578 1017 Trinitate
3606 962 3740 1033 (lib.
3788 976 3885 1026 γι,

2243 1069 2364 1123 cap.
2408 1051 2513 1120 ll),
2544 1051 2833 1106 excellenti
2869 1069 2999 1108 eum
3029 1052 3196 1107 laude
3225 1051 3458 1117 extollit,
3491 1057 3550 1106 et
3577 1050 3886 1122 quaedam

2240 1140 2310 1194 ab
2333 1157 2398 1196 eo
2428 1141 2498 1195 de
2528 1142 2714 1202 Patre.
2747 1147 2805 1196 et
2832 1141 2993 1207 Filio,
3026 1147 3084 1196 et
3123 1141 3339 1212 Spiritu
3379 1145 3572 1194 sancto
3601 1139 3885 1194 obscure

2241 1229 2394 1284 dicta
2421 1230 2768 1284 enucleatius
2784 1230 3027 1301 exponit.
3047 1233 3251 1286 Beatus
3265 1230 3644 1300 Hieronymus
3658 1245 3884 1300 quan-

2239 1319 2314 1373 tis
2342 1336 2471 1373 eum
2501 1335 2806 1390 omnesque
2835 1319 3005 1374 libros
3027 1321 3148 1390 ejus
3176 1319 3234 1374 in
3265 1318 3596 1390 quibusdam
3619 1318 3885 1389 scriptis

2245 1409 2362 1462 suis
2405 1408 2696 1479 praeconiis
2725 1408 2903 1474 elfert,
2954 1408 3240 1479 epistolari
3291 1408 3563 1462 brevitate
3592 1424 3886 1478 compre-

2245 1497 2412 1552 hendi
2443 1514 2554 1551 non
2584 1502 2806 1568 potest:
2842 1513 3044 1551 vocans
3083 1513 3210 1551 eum
3238 1498 3623 1552 Romanorum
3653 1496 3886 1551 lucife-

2249 1585 2790 1650 rum,Ecclesiarum
2811 1585 3380 1656 luccrnam,lapidem
3413 1585 3752 1655 pretiosum,
3792 1586 3885 1638 ad

2247 1691 2414 1746 quem
2446 1673 2710 1728 mortalia
2739 1674 2822 1727 vix
2841 1674 3170 1739 ascendunt,
3185 1674 3417 1745 pulchro
3447 1690 3712 1728 sermone
3748 1691 3883 1728 au-

563 1738 714 1810 PaVi'
748 1740 951 1834 οδίθίδ
974 1741 1307 1834 ίηίθτνῗεδίί
1343 1759 1376 1796 ⁸
1407 1758 1497 1795 me
1527 1741 1585 1834 si
1605 1741 1675 1796 de
1722 1747 1923 1834 οθῖίθῖξο
1950 1740 2161 1834 “ne”?
2181 1745 2226 1804 B
2247 1738 2454 1834 reoque
2477 1763 2738 1817 universa
2766 1763 3106 1833 loquentem.
3125 1738 3324 1818 Caeteri
3351 1778 3522 1816 sacra:
3553 1761 3882 1832 religionis

566 1828 890 1894 emendare,
932 1829 1346 1900 responderunt
1385 1847 1445 1884 se
1484 1831 1648 1900 velle,
1690 1835 1748 1884 et
1775 1830 1845 1883 de
1875 1829 1982 1884 hoc
2012 1829 2161 1900 quod

489 1936 492 1940 ·
567 1915 819 1985 egissent
846 1916 1149 1987 plurimum
1181 1934 1241 1971 se
1269 1918 1488 1984 dolere;
1538 1923 1595 1971 et
1632 1917 1846 1988 precati
1899 1923 2033 1972 sunt
2070 1933 2162 1972 me

567 2008 847 2073 quatenus
874 2021 976 2076 pro
997 2005 1078 2059 eis
1107 2006 1257 2077 apud
1276 2023 1371 2060 vos
1399 2005 1828 2072 intercederem,
1853 2011 1912 2060 et
1925 2022 2052 2060 mea
2065 2021 2161 2060 eos

564 2092 965 2148 intercessione
1011 2095 1376 2162 monasterio,
1408 2094 1558 2150 unde
1585 2094 1864 2163 exierunt,
1917 2093 2162 2149 reconci-

563 2181 785 2236 liarem.

636 2271 990 2344 Quapropter
1012 2273 1422 2327 fraternitatem
1445 2280 1687 2329 vestram
1709 2289 1926 2345 precor,
1949 2273 1997 2326 si
2019 2272 2160 2326 meis

565 2360 714 2430 apud
746 2375 871 2414 eam
899 2361 1156 2431 precibus
1194 2363 1351 2416 locus
1386 2363 1595 2429 existit,
1622 2369 1684 2418 ut
1713 2379 1814 2434 pro
1835 2378 2028 2416 amore
2056 2361 2158 2415 Dei

566 2453 624 2502 et
653 2454 868 2516 nostro,
900 2449 1170 2522 quidquid
1211 2451 1268 2504 in
1318 2468 1414 2506 vos
1445 2458 1501 2505 et
1529 2457 1724 2506 contra
1753 2451 2007 2504 ordinem
2027 2450 2162 2503 deli-

568 2542 832 2608 querunt,
877 2537 1093 2592 sincero
1131 2539 1297 2594 corde
1348 2539 1678 2607 remittatis;
1730 2546 1787 2593 et
1833 2539 1890 2592 in
1920 2539 2038 2593 suis
2066 2555 2162 2593 eos

566 2627 707 2680 locis
742 2626 800 2680 in
831 2628 1032 2698 quibus
1060 2635 1191 2683 ante
1237 2630 1459 2700 culpam
1515 2636 1695 2694 erant,
1725 2629 2065 2700 suscipiatis,
2102 2634 2160 2683 et

569 2719 870 2785 paternum
900 2715 982 2770 eis
1009 2716 1290 2782 allectum,
1327 2723 1392 2771 ut
1437 2718 1588 2772 Deus
1638 2716 1790 2772 vobis
1838 2716 2159 2772 misericors

568 2802 666 2872 sit,
688 2802 759 2857 de
787 2803 1003 2876 reliquo
1021 2805 1351 2860 ostendatis.

1133 2895 1482 2950 EPISTOLA
1518 2895 1580 2950 L.

687 2990 768 3034 AD
811 2989 1224 3048 REGINALDUI,
1257 2992 1602 3051 SENTUNUH,
1637 2993 1714 3036 ET
1741 2991 2076 3038 HENHICUK.

567 3070 838 3127 Sanctum
874 3073 1162 3126 Hilarium
1191 3074 1452 3127 adversus
1491 3075 1812 3140 Berengarii
1848 3057 2223 3126 calumniasc

639 3143 905 3209 defendit,
965 3147 1186 3212 ejusque
1241 3145 1423 3208 verba,
1485 3161 1603 3212 qua:
1654 3147 1716 3197 in
1750 3160 1996 3212 pravum
2043 3143 2161 3196 seri-

640 3228 787 3336 ;zmt
813 3213 1078 3276 trahebat,
1129 3216 1423 3270 orthodoxe
1451 3217 1599 3269 dicta
1648 3220 1696 3269 et
1737 3215 2161 3284 interpretanda

710 3299 764 3336 ce
792 3324 804 3336 .

641 3370 1008 3427 Lmraucus
1036 3373 1294 3440 antistes,
1325 3374 1708 3429 dilectissimis
1749 3372 2020 3427 fratribus
2057 3373 2162 3426 Re-

576 3471 822 3513 GINALDO
852 3459 1205 3516 Pictavorum
1235 3462 1391 3516 urbis
1411 3462 1620 3529 abbati,
1653 3467 1711 3516 et
1739 3463 2006 3517 SENTUNO
2035 3461 2157 3530 [al.,

572 3548 818 3618 SEWINO]
846 3551 1137 3616 monacho,
1170 3557 1227 3605 et
1256 3552 1501 3607 Hssmco
1530 3552 1817 3617 canonico,
1843 3551 2102 3605 salutem.

639 3637 822 3692 Lectis
848 3637 1052 3693 litteris
1083 3656 1116 3693 a
1155 3646 1339 3694 vestra
1372 3641 1508 3694 mihi
1558 3657 1658 3711 per
1691 3641 1839 3694 hunc
1879 3639 2163 3693 hominem

568 3722 923 3780 fraternitate
958 3728 1304 3781 transmissis
1333 3728 1678 3782 voluntatem
1705 3732 1950 3781 vestram
1995 3726 2163 3780 intel-

570 3811 696 3880 lexi,
719 3814 766 3868 si
794 3815 1035 3870 facultas
1055 3816 1238 3882 detur,
1261 3815 1330 3870 ad
1363 3833 1453 3870 me
1477 3815 1756 3870 veniendi.
1781 3815 1843 3870 Id
1871 3815 2163 3869 commode

569 3903 692 3956 fieri
718 3920 880 3975 posse
911 3921 1022 3959 non
1044 3904 1318 3972 arbitror;
1344 3921 1476 3958 nam
1503 3910 1560 3958 et
1588 3905 1697 3958 iter
1730 3904 2004 3976 prolixum
2038 3909 2157 3958 est:

568 3991 819 4062 pericula
845 3993 1043 4058 multa,
1073 3998 1244 4055 terra,
1277 3993 1567 4062 marique;
1601 3999 1656 4046 et
1693 4009 1797 4062 ego
1843 3997 1927 4046 tot
1969 3992 2166 4047 tantis-

571 4095 680 4151 que
699 4080 870 4150 hujus
900 4081 1095 4134 mundi
1123 4081 1366 4151 negotiis
1382 4080 1676 4135 obvolutus
1697 4097 1845 4144 sum,
1867 4085 1935 4134 ut
1958 4081 2166 4136 talibus

569 4167 772 4221 studiis
792 4168 926 4221 dare
957 4167 1093 4221 mihi
1121 4185 1348 4239 operam
1366 4169 1470 4222 hac
1495 4173 1830 4239 tempestate
1851 4184 1962 4222 non
1978 4168 2162 4223 liceat.

571 4254 630 4309 Si
659 4255 848 4310 divina
885 4261 1133 4327 potestas
1177 4257 1498 4327 expeditum
1535 4274 1625 4311 me
1655 4274 1778 4312 esse
1825 4257 2164 4329 quandoque

571 4344 827 4410 voluerit,
861 4352 918 4400 et
944 4345 1130 4399 doceri
1160 4346 1371 4417 pariter
1399 4352 1456 4400 et
1483 4346 1682 4401 docere
1703 4352 1996 4418 promptus
2026 4365 2168 4402 sem-

570 4448 674 4503 per
703 4432 837 4486 mihi
867 4433 1092 4488 animus
1119 4435 1244 4488 erit.

642 4523 815 4576 Porro
834 4523 983 4594 quod
1013 4523 1404 4578 schismaticus
1423 4524 1516 4578 ille
1533 4525 1962 4594 (Berengarium
1992 4521 2159 4591 dico),

571 4610 718 4665 sicut
745 4618 934 4666 vestra
983 4612 1222 4684 epistola
1241 4618 1448 4667 testata
1477 4618 1580 4678 est,
1605 4619 1934 4668 constanter
1961 4611 2166 4666 asserit

573 4699 708 4771 quia
727 4699 925 4756 beatus
956 4701 1202 4756 Hilarius
1231 4709 1428 4757 vestra:
1456 4702 1612 4756 urbis
1642 4708 1950 4772 vestraeque
1977 4701 2164 4770 gentis

572 4789 855 4861 quondam
881 4791 1172 4862 episcopus
1201 4792 1257 4847 in
1286 4797 1533 4846 tractatu
1568 4791 1725 4845 Fidei
1749 4806 2011 4861 perversa
2041 4807 2165 4843 sen-

572 4878 747 4932 serit:
782 4884 839 4932 et
865 4880 922 4934 in
961 4879 1106 4934 libro
1135 4881 1214 4934 De
1243 4881 1432 4934 divina
1458 4879 1735 4934 Trinitate
1766 4877 2160 4947 improbabiles

569 4968 879 5023 sententias
892 4969 960 5023 de
979 4969 1217 5023 Domino
1229 4969 1263 5023 J
1268 4986 1362 5024 esu
1379 4969 1606 5024 Christo
1629 4967 1864 5037 protulit
1887 4965 1983 5039 [aL
1995 5003 2008 5028 ,
2029 4983 2161 5038 pro-

567 5056 818 5130 tulerit];
857 5058 1051 5113 mirari
1095 5075 1206 5112 non
1244 5058 1410 5112 debet
1454 5055 1746 5110 beatitudo
1789 5061 1974 5109 vestra
2015 5055 2062 5109 si
2091 5055 2160 5124 is,

571 5148 669 5218 qui
699 5147 768 5202 de
806 5147 926 5218 ipso
956 5147 1139 5219 capite
1187 5153 1304 5202 tam
1338 5147 1517 5200 multa
1548 5150 1606 5198 et
1632 5151 1748 5198 tam
1778 5143 2020 5198 nefanda
2047 5161 2161 5199 cre-

569 5236 704 5291 dere
733 5242 792 5291 et
819 5236 1019 5291 docere
1067 5235 1374 5290 verissimis
1405 5233 1775 5287 relationibus
1816 5232 2158 5299 infamatur;

571 5325 642 5381 de
671 5326 848 5397 ipsius
876 5326 1076 5396 capitis
1099 5324 1351 5379 membro
1375 5330 1491 5376 tam
1508 5321 1822 5394 perniciosa
1848 5321 2033 5375 dicere
2052 5327 2165 5376 tra-

572 5415 744 5482 ditur,
776 5416 834 5470 in
869 5415 1174 5487 reprobum
1203 5428 1433 5468 sensum
1482 5411 1670 5466 divino
1694 5410 1905 5480 judicio
1935 5412 2160 5482 permit-

573 5508 747 5558 tatur.

644 5592 857 5650 Revera
887 5591 1142 5667 quisquis
1171 5591 1386 5646 Hilario
1406 5591 1646 5661 alicujus
1669 5589 1944 5645 haereseos
1972 5595 2165 5645 notam

2245 1853 2521 1918 doctores,
2553 1852 2875 1924 quicunque
2904 1851 2974 1906 de
3021 1868 3087 1906 eo
3125 1851 3337 1922 aliquid
3367 1851 3539 1906 locuti
3581 1857 3752 1919 sunt,
3790 1852 3879 1904 ab

2243 1943 2446 1996 horum
2499 1941 2784 1996 sententia
2841 1941 2898 1997 in
2949 1941 3055 1995 hac
3093 1945 3254 2012 parte
3297 1940 3528 1995 minime
3557 1939 3876 1995 dissense-

2243 2036 2393 2086 runt.

2313 2119 2512 2174 Tutius
2527 2119 2700 2190 igitur
2718 2124 2806 2174 est
2832 2119 3025 2174 lectori
3057 2120 3116 2174 in
3141 2118 3486 2173 difficillimis
3513 2124 3874 2173 sanctorum

2242 2210 2476 2264 Patrum
2523 2209 2838 2273 sententiis,
2889 2225 3029 2279 quas
3081 2208 3292 2278 ingenii
3339 2209 3428 2263 sui
3482 2207 3872 2262 imbecillitas

2243 2315 2443 2370 capere
2480 2313 2594 2351 non
2624 2303 2826 2368 potest,
2869 2297 3216 2368 interrogato
3248 2297 3396 2368 quod
3427 2297 3621 2362 nescit,
3652 2297 3869 2351 dicere

2248 2403 2308 2441 se
2340 2385 2574 2453 nescire,
2593 2403 2761 2456 quam
2786 2386 3057 2457 pertinaci
3082 2386 3426 2456 arrogantia,
3459 2391 3517 2440 et
3543 2387 3870 2456 arroganti

2244 2474 2572 2546 pertinacia,
2603 2491 2714 2528 non
2745 2474 2865 2528 sine
2895 2491 2998 2528 sua
3038 2481 3095 2528 et
3135 2475 3373 2528 aliorum
3397 2473 3666 2546 pernicie,
3712 2475 3867 2529 ﬁdei

2245 2563 2526 2617 contraria
2553 2563 2787 2616 deﬁnire
2821 2580 2832 2613 :
2867 2564 3177 2633 praesertim
3208 2564 3256 2616 si
3297 2563 3425 2617 talis
3467 2579 3715 2634 persona
3751 2565 3864 2629 sit,

2243 2669 2366 2724 quae
2397 2653 2480 2706 vel
2509 2652 2742 2706 scientia
2779 2651 3119 2717 litterarum,
3150 2652 3236 2705 vel
3266 2651 3544 2722 probitate
3589 2668 3860 2718 morum,

2242 2741 2326 2796 vel
2348 2741 2535 2813 potius
2564 2747 2805 2812 utraque
2833 2747 2993 2813 parte
3021 2741 3373 2796 auctoritatis
3394 2740 3612 2813 pondus
3634 2757 3761 2812 prae
3794 2759 3866 2796 se

2242 2848 2440 2902 gerere
2470 2832 2748 2887 videatur.
3263 2853 3271 2857 ·

2315 2919 2502 2975 Verba
2529 2921 2745 2992 praefati
2765 2920 3029 2988 doctoris,
3054 2937 3178 2992 quae
3203 2920 3471 2992 praefatus
3496 2919 3760 2975 inversor
3792 2923 3862 2976 in

2246 3011 2368 3080 ejus
2399 3011 2740 3065 calumniam
2787 3015 3024 3064 conatur
3073 3010 3369 3075 invertere,
3403 3009 3520 3063 haec
3545 3009 3606 3063 in
3635 3011 3862 3065 vestr-is

2246 3098 2446 3153 litteris
2465 3099 2648 3170 reperi
2690 3101 2780 3164 (De
2816 3101 3043 3163 Trinit.,
3101 3098 3194 3153 lib.
3239 3115 3292 3164 x,
3339 3103 3471 3152 ante
3521 3098 3806 3169 medium)
3843 3120 3855 3152 :

2250 3207 2271 3238 ι
2284 3187 2379 3242 Dei
2393 3188 2567 3242 Filius
2581 3187 2866 3242 hominem
2877 3204 3070 3242 verum
3083 3187 3390 3242 secundum
3411 3187 3859 3242 similitudinem

2245 3278 2423 3330 nostri
2452 3277 2694 3332 hominis
2744 3293 2857 3331 non
2886 3277 3151 3331 deficiens
3179 3293 3214 3330 a
3245 3293 3308 3330 se
3361 3276 3495 3342 Deo,
3546 3277 3806 3348 sumpsit
3843 3295 3856 3329 :

2245 3364 2302 3419 in
2332 3382 2442 3436 quo
2475 3364 2603 3438 [al.,
2637 3367 2695 3421 in
2726 3365 2920 3438 quem]
2954 3366 3208 3437 quamvis
3237 3371 3337 3420 aut
3363 3365 3507 3420 ictus
3542 3365 3856 3433 incideret,

2245 3459 2344 3508 aut
2371 3455 2557 3509 vultus
2603 3455 2726 3525 [at.,
2760 3455 2980 3524 vulnus]
3011 3455 3350 3510 discinderet
3379 3455 3501 3524 [at.,
3533 3454 3858 3509 descende-

2245 3543 2382 3616 ret],
2411 3545 2676 3598 aiferrent
2699 3545 2924 3615 quidem
2952 3545 3070 3600 haec
3099 3545 3372 3615 impetum
3400 3543 3698 3615 passionis,
3729 3560 3856 3597 non

2244 3639 2440 3688 tamen
2455 3634 2704 3687 dolorem
2722 3633 2993 3704 passionis
3009 3634 3301 3700 inferrent,
3325 3640 3389 3687 ut
3407 3633 3582 3687 telum
3611 3633 3855 3703 aliquod

2245 3728 2345 3778 aut
2382 3739 2587 3794 aquam
2609 3723 2918 3794 perforans,
2954 3730 3061 3778 aut
3095 3722 3282 3792 ign'em
3305 3737 3712 3794 compungens,
3745 3729 3858 3776 aut

2246 3829 2381 3867 aera
2410 3813 2728 3867 vulnerans.
2761 3832 2789 3864 ι
2817 3814 2887 3867 Et
2917 3813 3086 3884 paulo
3122 3817 3252 3884 post
3283 3829 3294 3864 :
3324 3830 3350 3865 ε
3383 3811 3571 3865 Virtus
3591 3812 3855 3883 corporis

2245 3902 2366 3956 sine
2398 3919 2566 3957 sensu
2588 3919 2764 3974 poena;
2801 3903 2910 3955 vim
2936 3919 3113 3973 pcenae
3141 3902 3199 3955 in
3229 3918 3289 3955 se
3309 3901 3660 3956 desaevientis
3680 3917 3854 3955 exce-

2247 3993 2348 4063 pit.
2371 4012 2399 4044 »
2419 3993 2546 4046 Haec
2569 3991 2687 4046 sine
2700 3991 3016 4061 praejudicio
3043 3991 3290 4046 melioris
3306 3990 3686 4062 expositionis,
3714 4007 3853 4045 con-

2247 4097 2405 4146 sona,
2438 4087 2502 4134 ut
2521 4089 2806 4151 putamus,
2839 4081 3049 4136 sanctis
3096 4079 3358 4133 Patribus
3409 4078 3846 4149 astipulatione,

2248 4169 2327 4224 sic
2357 4176 2714 4241 exponuntur
2741 4186 2775 4224 a
2803 4169 2980 4224 nobis.
3009 4169 3281 4224 Dominus
3300 4169 3464 4223 Jesus
3494 4167 3754 4222 Christus
3787 4168 3845 4222 in

2249 4259 2445 4313 eadem
2486 4276 2724 4330 persona
2753 4275 2917 4314 verus
2955 4259 3123 4313 homo
3152 4264 3209 4312 et
3237 4275 3401 4312 verus
3431 4259 3600 4324 Deus,
3636 4274 3838 4311 secun-

2247 4349 2383 4402 dum
2403 4348 2811 4403 humanitatem
2833 4348 3059 4420 quidem
3077 4347 3324 4410 esurivit,
3345 4347 3538 4414 sitivit,
3572 4346 3845 4416 fatigatus

2183 4412 2353 4500 Dest,
2386 4437 2538 4490 ﬂevit
2564 4455 2574 4488 :
2606 4412 3094 4507 apprOpinquante
3132 4436 3272 4489 hora
3299 4412 3533 4500 mortis,
3553 4412 3757 4505 pave-re
3789 4441 3845 4488 et

2243 4526 2451 4580 taedere
2483 4525 2650 4596 coepit
2673 4543 2684 4579 :
2718 4525 2867 4580 unde
2894 4531 2951 4579 et
2979 4525 3159 4579 oravit
3176 4525 3368 4578 dicens
3393 4543 3405 4577 :
3432 4529 3622 4589 εηθ
3645 4522 3837 4585 Pater,

2245 4619 2295 4669 si
2321 4618 2448 4682 ﬁeri
2480 4621 2668 4684 potest.
2708 4619 2953 4668 transeat
2980 4632 3014 4668 a
3042 4631 3125 4668 me
3145 4616 3295 4668 calix
3315 4617 3414 4668 iste
3438 4613 3653 4681 (Mat-th.
3680 4627 3838 4674 XXVI,

2247 4702 2354 4769 39;.
2389 4705 2588 4774 Plagas
2620 4704 2924 4774 virgarum,
2948 4705 3354 4772 vulnerumque
3376 4695 3751 4766 discissiones,
3778 4709 3844 4755 ut

2245 4795 2412 4848 homo
2443 4794 2646 4848 similis
2677 4793 2860 4859 nobis,
2883 4793 3076 4854 sensit,
3128 4800 3186 4847 et
3233 4792 3443 4852 doluit;
3495 4796 3841 4861 caeterasque

2244 4883 2505 4938 humana:
2531 4887 2746 4937 naturae
2765 4882 3125 4936 inﬁrmitates
3160 4880 3499 4936 assumendo
3527 4880 3838 4944 hominem,

2243 4977 2446 5044 praeter
2467 4977 2776 5042 peccatum,
2801 4969 3452 5042 assumpsit.Secundum
3485 4967 3842 5022 divinitatem

2244 5078 2392 5126 vero,
2411 5078 2522 5132 qua
2545 5061 2699 5114 Patri
2721 5066 2777 5114 et
2788 5060 3022 5131 Spiritui
3043 5064 3236 5113 sancto
3266 5075 3367 5129 per
3390 5057 3579 5111 omnia
3608 5073 3688 5126 aeq
3699 5058 3841 5112 ualis

2247 5160 2352 5218 est,
2371 5151 2513 5206 nihil
2546 5151 2746 5204 horum
2771 5150 3037 5204 sustinuit
3059 5169 3069 5202 :
3102 5167 3227 5203 cum
3254 5148 3403 5219 apud
3429 5164 3624 5202 omnes
3646 5147 3840 5201 fideles

2245 5242 2363 5297 haec
2408 5257 2631 5312 semper
2658 5240 2730 5294 sit
2754 5239 3034 5310 fueritque
3056 5237 3351 5298 sententia.
3377 5244 3433 5292 et
3452 5254 3611 5292 sacra
3631 5237 3837 5308 pagina

2245 5331 2570 5402 hujusmodi
2595 5329 2948 5383 documentis
2979 5344 3120 5399 pene
3150 5329 3224 5382 sit
3251 5327 3459 5398 ubique
3500 5327 3747 5394 referta;
3781 5334 3836 5380 et

2246 5427 2437 5476 tamen
2475 5425 2706 5490 propter
2728 5418 3005 5473 unitatem
3034 5434 3306 5489 personae,
3353 5416 3411 5470 in
3445 5432 3616 5488 quam
3662 5417 3833 5470 conﬁ-

2247 5509 2503 5564 ciendam
2561 5509 2712 5563 Deus
2768 5513 2827 5562 et
2872 5508 3041 5562 homo
3091 5511 3490 5573 convenerant,
3520 5522 3668 5577 saepe
3715 5521 3832 5576 quis

2247 5598 2491 5655 hominis
2527 5603 2677 5665 sunt,
2727 5600 2785 5652 et
2826 5596 3082 5668 quaedam
3121 5597 3292 5650 etiam
3349 5611 3472 5665 qua:
3518 5595 3694 5650 solius
3735 5594 3830 5648 Dei
