3892 6368
46 347 164 404 555

1507 349 1904 406 EPISTOLIE.

3247 349 3356 409 546

48 477 218 541 sunt,
255 474 469 534 dicitur
511 476 718 537 habere
770 481 958 547 homo,
988 485 1055 539 ut
1081 477 1224 541 illud
1281 478 1534 551 Apostoli
1567 497 1581 534 :
1612 478 1745 539 SiA
1831 478 2074 533 Causam
2092 474 2352 542 Godvini,
2365 475 2424 529 et
2450 472 2683 545 Lifginae
2703 471 2973 530 adulterae
3006 491 3121 532 suae
3143 476 3358 548 optime

51 568 218 618 enim
251 569 644 634 cognovissent,
673 585 971 638 nunquam
986 570 1290 624 Dominum
1299 571 1489 637 gloriae
1500 570 1676 622 cruci-

54 655 328 719 ﬁxissent
357 657 407 715 (Ι
433 656 551 711 Cor.
585 670 648 723 II,
678 655 752 726 8).
789 658 917 712 Non
945 657 1096 712 enim
1131 673 1343 719 revera,
1401 661 1676 728 quantum

56 741 123 794 ad
152 742 359 813 ipsum
381 751 615 816 spectat,
638 745 912 801 Dominus
932 747 1127 817 gloriae
1146 751 1233 801 est
1256 745 1572 812 cruciﬁxus,
1605 744 1672 811 si,

56 838 311 904 propter
338 841 694 907 assumptum
753 836 1060 904 hominem,
1098 836 1246 907 quod
1295 835 1542 891 hominis
1568 836 1680 891 fuit

60 920 288 977 dicitur
305 924 608 995 pertulisse
636 925 807 980 Deus.
836 924 913 981 Et
937 925 1057 998 ipse
1082 925 1357 981 Dominus
1385 926 1447 980 in
1495 926 1678 980 Evan-

61 1011 219 1082 gelio
255 1029 270 1064 :
296 1013 467 1067 Nemo
494 1015 736 1068 ascendit
762 1017 826 1069 in
874 1017 1086 1081 calum,
1114 1017 1230 1069 nisi
1254 1017 1355 1084 qui
1408 1015 1681 1069 descendit

65 1102 128 1154 de
159 1103 320 1168 cwlo,
352 1104 528 1157 Filius
551 1104 813 1166 hominis,
855 1106 956 1174 qui
1007 1108 1082 1159 est
1128 1107 1192 1157 in
1238 1105 1363 1158 caelo
1414 1104 1554 1173 (Luc.
1588 1115 1677 1167 In,

72 1187 276 1259 l3).Et
291 1207 490 1247 rursus
510 1190 567 1246 id
586 1193 736 1264 quod
757 1192 857 1248 Dei
890 1198 1032 1258 erat,
1063 1192 1281 1247 homini
1308 1196 1398 1248 est
1423 1192 1681 1262 assigna-

66 1284 239 1347 tum;
269 1296 457 1351 neque
484 1281 634 1335 enim
670 1281 840 1337 homo
890 1280 950 1336 in
997 1286 1152 1336 terra
1177 1281 1406 1353 degens,
1447 1281 1507 1336 in
1543 1280 1681 1334 coelo

69 1374 212 1423 tunc
241 1385 373 1424 esse
393 1374 651 1441 poterat;
696 1371 794 1426 sed
838 1370 968 1443 quia
1014 1370 1352 1442 Unigenitus
1381 1370 1566 1426 Patris
1600 1368 1683 1423 ita

71 1459 130 1512 in
161 1459 448 1513 mundum
480 1459 630 1513 venit
672 1464 738 1514 ut
762 1464 954 1515 tamen
993 1475 1029 1514 a
1081 1465 1316 1532 paterno
1367 1460 1497 1515 sinu
1533 1475 1681 1513 nun-

71 1562 254 1618 quam
305 1547 634 1614 discederet,
684 1549 834 1621 quod
883 1549 1037 1605 solus
1073 1548 1384 1603 divinitatis
1411 1552 1553 1614 erat,
1598 1547 1686 1601 lo-

71 1652 263 1707 quens
291 1636 350 1690 in
383 1641 556 1703 terra,
581 1644 870 1710 assumpto
908 1638 1121 1693 homini
1150 1643 1378 1710 propter
1409 1637 1686 1692 unitatem

70 1741 342 1798 personae
369 1725 669 1782 tribuebat.
1048 1742 1063 1754 ·

146 1814 278 1870 Hoc
305 1815 606 1870 locutionis
635 1816 800 1871 modo
819 1817 1079 1887 superius
1097 1813 1308 1872 dictum
1324 1821 1411 1871 est
1424 1815 1558 1887 quia
1583 1814 1690 1868 ho-
1706 1831 1752 1891 Β

74 1903 218 1957 mini
240 1910 536 1976 assumpto
564 1921 599 1958 a
617 1904 756 1960 Filio
784 1905 888 1960 Dei
909 1905 1055 1960 ictus
1081 1910 1139 1960 et
1159 1905 1394 1960 vulnera
1411 1903 1687 1975 impetum

74 1991 367 2063 passionis
409 1993 699 2059 inferrent,
755 2010 869 2049 non
910 1999 1103 2049 tamen
1130 1994 1379 2049 dolorem
1410 1990 1688 2065 passionis

77 2082 374 2135 afferrent.
395 2081 468 2136 Et
487 2082 591 2136 hoc
618 2083 923 2154 suppositis
950 2082 1411 2138 similitudinibus
1440 2081 1687 2136 declara-

79 2175 193 2234 tur,
227 2175 298 2225 ut
317 2169 367 2224 si
390 2171 565 2225 telum
588 2188 791 2243 aquam
841 2173 1107 2245 perforet,
1149 2177 1207 2226 et
1234 2177 1436 2226 caetera
1458 2187 1587 2242 qua;
1610 2186 1696 2225 se-

80 2264 365 2331 quuntur,
394 2276 459 2314 ac
483 2259 531 2314 si
552 2260 764 2316 diceret
788 2279 800 2315 :
833 2262 1014 2316 Homo
1037 2266 1362 2333 assumptus
1418 2259 1692 2332 impetum

83 2349 373 2419 passionis
394 2355 452 2404 et
479 2349 588 2404 vim
610 2350 818 2405 doloris
837 2351 1032 2418 sensit,
1071 2351 1221 2406 Deus
1252 2366 1546 2405 assumens
1579 2364 1694 2404 non

84 2438 302 2492 sensit:
338 2443 399 2492 et
419 2438 526 2493 hoc
548 2440 716 2510 paulo
742 2445 869 2511 post
895 2440 1144 2495 declarat
1162 2440 1353 2494 dicens
1386 2457 1399 2493 :
1436 2459 1460 2490 ι
1500 2439 1694 2493 Virtus

84 2527 362 2599 corporis,
383 2546 409 2581 »
444 2527 503 2583 id
523 2534 626 2596 est,
656 2528 920 2584 divinitas
947 2546 1240 2584 assumens
1276 2528 1458 2601 ipsum
1490 2544 1693 2599 corpus

90 2635 113 2666 ι
149 2616 277 2670 sine
296 2632 467 2671 sensu
493 2633 687 2688 pinnae,
727 2634 753 2668 ι
789 2624 1063 2689 quantum
1098 2618 1167 2672 ad
1214 2616 1395 2690 ipsam
1425 2617 1690 2688 pertinet,

92 2724 115 2755 ι
153 2705 268 2760 vim
298 2722 477 2777 poenae
497 2707 557 2761 in
585 2724 665 2772 se,
698 2729 724 2757 κ
750 2707 807 2762 id
829 2712 934 2767 est.
957 2708 1015 2762 in
1042 2725 1211 2763 carne
1235 2713 1525 2777 assumpta
1550 2726 1572 2757 α
1592 2705 1694 2758 de-

88 2794 379 2850 smvientis
405 2796 639 2867 excepit.
677 2816 699 2848 ι
723 2797 883 2861 Quod
908 2796 955 2851 si
1008 2797 1183 2852 virtus
1212 2795 1481 2867 corporis.
1516 2792 1696 2864 magis

86 2886 271 2940 robur
297 2885 476 2956 ipsius
506 2886 776 2957 corporis,
808 2887 914 2941 hoc
941 2887 1000 2940 in
1038 2887 1157 2941 loco
1195 2885 1559 2957 intelligenda
1589 2888 1692 2949 est,

89 2974 298 3029 eadem
329 2973 610 3029 sententia
635 2974 694 3028 in
723 2974 940 3030 caeteris
978 2979 1187 3041 manet,
1220 2980 1287 3029 ut
1323 2974 1400 3028 sit
1447 2990 1646 3029 sensus
1680 2990 1692 3025 :

95 3085 120 3117 ι
148 3064 353 3118 Virtus
380 3062 627 3136 corporis
655 3065 777 3119 sine
805 3081 973 3119 sensu
1002 3081 1178 3136 paenae
1207 3064 1267 3118 in
1278 3081 1338 3118 se
1352 3061 1701 3117 desaevientis

93 3149 359 3222 excepit;
396 3170 420 3203 ι
454 3156 728 3223 quantum
759 3151 831 3205 ad
880 3156 1227 3222 assumptam
1266 3150 1697 3205 humanitatem.

99 3241 175 3295 Et
192 3240 305 3294 hoc
318 3240 615 3295 locutionis
634 3257 843 3311 genere
859 3257 1056 3295 revera
1074 3245 1132 3295 et
1171 3241 1325 3295 salva
1370 3239 1704 3294 Christianae

102 3329 395 3400 religionis
423 3329 533 3384 ﬁde
562 3329 671 3383 dici
703 3335 889 3401 potest
919 3329 1048 3402 quia
1068 3329 1345 3396 Christus,
1364 3329 1478 3384 sive
1503 3343 1705 3400 corpus

101 3419 336 3485 Christi,
357 3421 613 3473 sivecaro
642 3419 854 3483 Christi
876 3419 934 3474 in
967 3436 1130 3474 cruce
1159 3419 1482 3491 patiebatur
1509 3422 1566 3472 et
1592 3433 1707 3471 non

99 3508 441 3581 patiebatur,
493 3509 719 3564 dolebat
745 3515 803 3564 et
846 3526 960 3564 non
990 3508 1235 3575 dolebat,
1271 3506 1614 3563 moriebatur
1649 3510 1708 3561 et

108 3613 222 3652 non
252 3596 615 3653 moriebatur.
644 3599 714 3653 Et
738 3598 798 3653 in
826 3597 977 3653 hunc
1006 3597 1235 3652 modum
1269 3598 1468 3661 multa,
1504 3610 1703 3650 nume-

106 3701 282 3757 roque
301 3687 572 3740 carentia.
609 3686 880 3759 Alioquin
910 3686 956 3740 si
998 3686 1267 3758 praefatus
1295 3684 1490 3740 doctor
1509 3689 1707 3739 contra

104 3775 533 3831 usitatissimam
581 3775 1051 3841 Ecclesiae'ﬁdem,
1074 3779 1272 3829 contra
1326 3775 1705 3845 evangelicum

100 3865 521 3931 auctoritatem,
552 3871 748 3919 contra
792 3864 1043 3919 omnium
1083 3869 1406 3917 sanctorum
1471 3864 1702 3918 Patrum

101 3953 511 4022 deﬁnitionem,
536 3971 761 4010 carnem
778 3952 986 4009 Christi
1012 3952 1395 4007 insensibilem
1424 3958 1481 4006 et
1496 3951 1705 4007 doloris

102 4050 393 4116 expertam
418 4043 657 4114 intelligi
680 4043 964 4105 voluisset.
996 4046 1345 4113 assumptam
1375 4058 1408 4095 a
1436 4041 1577 4095 Filio
1604 4040 1708 4097 Dei

103 4133 392 4189 hominem
424 4132 664 4187 similem
704 4133 863 4188 nobis
912 4132 1202 4187 hominem
1229 4131 1288 4184 in
1317 4128 1550 4201 praefata
1577 4144 1706 4184 scn-

106 4222 291 4276 tentia
320 4220 551 4275 minime
579 4221 881 4276 retulisset.
916 4220 1051 4284 Quae
1076 4218 1224 4273 enim
1255 4218 1563 4272 similitudo
1586 4234 1708 4272 sen-

110 4310 260 4366 sibili
289 4315 349 4365 et
373 4309 719 4364 insensibili?
747 4310 958 4364 dolenti
993 4314 1051 4363 et
1078 4308 1286 4363 doloris
1326 4306 1575 4379 experti?
1605 4307 1709 4362 Re-

110 4400 246 4455 tulit
271 4405 480 4465 autcm,
503 4416 616 4455 non
638 4398 814 4468 igitur
837 4397 1077 4468 intelligi
1095 4396 1287 4452 voluit.

185 4489 446 4555 Obsecro,
479 4489 703 4560 vigilate
723 4488 981 4543 omnibus
1006 4486 1203 4554 modis,
1235 4485 1365 4558 quia
1398 4485 1711 4540 schismati-

115 4580 165 4634 ci
191 4585 249 4634 et
284 4578 532 4633 fautores
556 4594 751 4633 eorum
774 4577 923 4631 circa
947 4593 1045 4630 vos
1068 4581 1125 4630 et
1142 4575 1292 4629 inter
1314 4591 1410 4628 vos
1430 4579 1584 4640 sunt;
1607 4591 1710 4645 0p-

117 4668 304 4739 ponite
334 4668 416 4721 eis
438 4671 661 4722 scutum
680 4666 900 4720 timoris
914 4664 1501 4736 Domini,impetentes
1522 4679 1618 4716 eos
1627 4662 1710 4731 ja-

118 4757 256 4812 culis
283 4756 598 4811 divinorum
630 4754 1000 4826 eloquiorum;
1033 4750 1516 4807 adminiculamini
1548 4749 1709 4804 nobis

121 4863 391 4903 memores
419 4847 598 4902 nostri
624 4845 684 4900 in
712 4844 1062 4900 orationibus
1092 4842 1311 4898 vestris.
1338 4840 1709 4912 Omnipotens

122 4936 495 4992 Dominusdet
512 4934 666 4990 vobis
694 4934 837 4989 bene
866 4949 1054 5005 agere,
1091 4937 1150 4987 et
1174 4929 1414 4987 feliciter
1446 4945 1559 5001 quo
1588 4933 1709 4983 ten-

124 5028 251 5085 ditis
276 5026 586 5101 pervenire.
616 5026 815 5081 Amen.

687 5113 1035 5170 EPISTOLA
1052 5111 1145 5168 LI.

596 5217 675 5262 AD
717 5215 1003 5260 ABBATEM
1044 5213 1213 5259 T.....

133 5304 189 5357 Ut
229 5299 762 5356 eacommunicatam
787 5297 1106 5350 adulteram
1151 5295 1215 5347 de
1261 5293 1563 5346 cameterio
1591 5292 1720 5362 ejici

323 5372 630 5441 praecipiat,
665 5383 942 5438 quousque
969 5370 1206 5435 episcopo
1228 5365 1509 5432 satisﬁat,

192 5463 552 5518 LANFBANCUS
597 5455 1074 5528 archiepiscopus,
1128 5450 1490 5508 dilectissimo
1536 5449 1716 5506 amico

132 5568 225 5606 suo
241 5548 432 5605 abbati
616 5590 630 5604 .
662 5544 843 5619 [Forte
861 5543 1129 5600 Turstino
1149 5542 1224 5595 ad
1252 5557 1413 5610 quem
1442 5543 1594 5609 epist.
1624 5539 1718 5611 53]

134 5642 382 5697 salutem.

1757 565 1887 621 novi
1910 585 1923 633 ;
1956 571 2015 621 et
2039 581 2236 620 revera
2256 562 2558 620 Londoniae
2581 578 2770 616 coram
2817 578 2908 616 me
2946 579 3070 618 eam
3092 561 3360 634 vestigari

1757 654 2013 727 praecipi;
2044 654 2350 725 auditaque
2378 652 2676 722 utriusque
2734 651 2913 722 partis
2942 652 3272 718 assertione,
3301 653 3363 709 in

1757 742 2043 797 adulteros
2063 741 2401 796 sententiam
2431 739 2694 805 diximus,
2728 744 2784 792 et
2826 739 2979 809 juste
3007 756 3103 794 eos
3123 756 3246 794 esse
3273 756 3364 794 ex-

1758 830 2198 886 communicatos
2227 828 2513 884 communi
2534 844 2811 882 consensu
2839 827 3366 884 decrevimus.Pro-

1759 926 1954 992 pterea
1981 920 2121 974 nihil
2146 918 2299 974 aliud
2336 922 2534 984 restat,
2578 916 2691 971 nisi
2732 917 2881 987 quod
2912 917 3239 972 fraternitas
3265 922 3368 972 tua

1761 1008 2075 1063 adulteram
2098 1007 2169 1062 de
2197 1006 2517 1063 cmmeterio
2545 1004 2672 1076 ejici
2726 1004 3040 1077 praecipiat;
3073 1019 3368 1078 quousque

1761 1098 1848 1152 vel
1873 1102 2172 1168 corruptor
2193 1096 2334 1166 ejus,
2368 1095 2454 1149 vel
2489 1093 2694 1165 aliquis
2721 1109 2826 1165 pro
2854 1108 2941 1162 ea,
2973 1094 3123 1166 quod
3145 1096 3369 1164 justum

1762 1192 1867 1252 est,
1888 1186 2147 1257 episcopo
2175 1184 2364 1239 faciat.
2397 1182 2664 1239 Libenter
2677 1182 2920 1237 facerem
2934 1183 3084 1253 quod
3111 1182 3214 1238 tibi
3241 1183 3367 1254 pla-

1764 1291 1892 1330 cere
1923 1291 2088 1347 posse
2116 1273 2514 1343 intelligerem,
2547 1276 2605 1326 et
2652 1271 2896 1326 multum
2925 1271 3089 1326 doleo
3117 1271 3268 1343 quod
3296 1271 3367 1327 de

1763 1363 2027 1434 praesenti
2054 1360 2279 1432 negotio
2308 1360 2655 1416 voluntatem
2680 1364 2836 1415 tuam
2870 1360 3105 1433 implere
3132 1376 3244 1416 non
3264 1376 3364 1416 va.

1763 1451 1870 1506 leo.

2314 1534 2668 1594 EPISTOLA
2694 1534 2819 1593 LII.

2247 1644 2328 1688 AD
2369 1642 2655 1688 ABBA'I‘EII
2697 1641 2754 1688 G.
2767 1671 2783 1688 .
2793 1669 2810 1688 .
2820 1669 2838 1688 .
2848 1670 2866 1688 .

1769 1749 1955 1812 32'!
1989 1744 2274 1800 Orricium
2301 1743 2661 1803 commendat,
2681 1742 2800 1809 {qui
2851 1742 3002 1810 apud
3031 1742 3200 1797 illum
3220 1745 3363 1812 regis

2230 1815 2496 1868 mandato
2517 1813 2887 1867 detinebatur.

1840 1923 2207 1977 Laurnmcus
2250 1918 2516 1990 indignus
2562 1918 2819 1986 antistes,
2850 1920 3153 1977 venerabili
3178 1920 3369 1978 abbati

1972 2010 2210 2065 salutem
2230 2013 2289 2064 et
2313 2007 2776 2063 benedictionem.

1850 2099 2079 2155 Gratias
2107 2104 2349 2171 quantas
2393 2114 2619 2170 possum
2652 2098 2980 2168 paternitati
3002 2104 3201 2156 vestrae
3236 2117 3365 2173 ago,

1777 2188 1925 2260 quod
1953 2194 2256 2260 praesentes
2286 2193 2345 2242 et
2368 2188 2628 2241 absentes
2654 2184 2817 2241 nobis
2851 2193 2910 2241 et
2935 2187 3005 2242 de
3034 2188 3196 2244 nobis
3222 2188 3373 2245 bona

1774 2279 1981 2343 dicitis,
2014 2279 2250 2334 meliora
2275 2278 2501 2350 optatis,
2523 2283 2826 2349 utrumque
2854 2276 3039 2333 verbis
3070 2284 3127 2333 et
3169 2280 3374 2338 litteris

1776 2366 2144 2422 conﬁrmatis.
2179 2367 2250 2421 Et
2278 2382 2473 2420 revera
2502 2365 2694 2420 sciatis
2720 2381 2811 2420 me
2836 2366 3088 2421 eamdem
3102 2367 3249 2423 circa
3274 2387 3374 2426 vos

1775 2457 2120 2512 voluntatem
2152 2454 2380 2522 habere,
2411 2460 2469 2510 et
2495 2454 2650 2510 vobis
2677 2461 2733 2509 et
2761 2456 2962 2511 vestris
2990 2457 3267 2513 sinceram
3287 2457 3377 2514 di-

1774 2547 2071 2602 lectionem
2090 2544 2150 2599 in
2176 2544 2435 2600 omnibus
2459 2549 2518 2598 et
2543 2560 2646 2615 per
2670 2543 2864 2599 omnia
2899 2545 3182 2605 exhibere.

1847 2635 2009 2700 Quod
2046 2635 2116 2689 de
2173 2633 2400 2688 domino
2452 2632 2668 2688 Orricio
2712 2633 3005 2706 [Orricius]
3039 2636 3373 2702 mandastis,

1775 2728 2070 2794 gratanter
2089 2722 2319 2793 accipio,
2350 2721 2450 2776 sed
2480 2726 2675 2776 contra
2693 2728 3033 2795 praeceptum
3062 2725 3211 2796 regis
3238 2725 3378 2781 nihil

1778 2828 1980 2882 rogare
2008 2816 2067 2865 et
2093 2810 2173 2864 nil
2189 2810 2390 2881 jubere
2412 2827 2713 2881 praesumo;
2734 2811 2831 2865 sed
2859 2828 2995 2883 rogo
3024 2814 3381 2886 multumque

1781 2918 1916 2971 rogo
1941 2905 2219 2972 quatenus
2266 2904 2498 2970 propter
2532 2900 2713 2955 Deum
2767 2902 2823 2955 et
2865 2906 3095 2973 propter
3127 2918 3380 2959 amorem

1781 3006 1990 3055 meum,
2019 2994 2083 3043 et
2123 2988 2259 3060 quia
2283 2988 2405 3060 ipse
2454 2988 2657 3058 dignus
2687 2993 2792 3053 est,
2823 3005 2949 3044 eum
2974 2990 3242 3061 diligatis,
3276 2992 3380 3048 ho-

1717 3083 1943 3164 Cneste
1970 3076 2242 3142 tractetis,
2293 3081 2593 3147 paternum
2634 3076 2684 3131 ei
2730 3077 3013 3145 affectum,
3071 3079 3218 3134 sicut
3239 3083 3382 3151 ‘pru-

1784 3166 1979 3220 dentia
2010 3170 2189 3219 vestra
2228 3164 2585 3235 judicaverit,
2616 3164 2988 3236 impendatis;
3028 3182 3130 3239 pro
3159 3166 3385 3237 justitia

1785 3270 2029 3325 namque
2046 3252 2492 3325 persecutionem
2513 3251 2747 3322 patitur,
2775 3258 2851 3316 et,
2878 3270 3006 3309 cum
3033 3271 3279 3327 superna
3295 3271 3386 3311 vo-

1786 3345 1975 3399 luntas
2001 3343 2190 3408 fuerit,
2223 3342 2279 3396 in
2300 3340 2570 3413 gaudium
2604 3341 2712 3395 sibi
2743 3348 2799 3396 et
2816 3343 3073 3398 laetitiam
3102 3350 3386 3401 converte-

1786 3438 1882 3488 tur
1911 3449 1922 3483 :
1955 3432 2221 3486 misertus
2250 3437 2337 3485 est
2376 3434 2569 3484 tamen
2632 3429 2684 3484 ei
2732 3430 3024 3499 Dominus,
3059 3433 3208 3504 quod
3236 3434 3388 3491 inter

1786 3539 1883 3577 vos
1907 3538 2037 3576 eum
2064 3520 2241 3575 voluit
2260 3534 2417 3587 esse;
2450 3523 2507 3573 et
2536 3523 2798 3591 putantes
2848 3536 3069 3590 nocere,
3098 3523 3244 3578 sicut
3270 3524 3387 3579 Do-

1787 3610 1940 3665 mino
1963 3609 2192 3682 placuit,
2223 3608 2530 3680 plurimum
2558 3606 2845 3679 profuere.

2320 3714 2673 3770 EPISTOLA
2690 3715 2839 3774 LIII.

2185 3832 2264 3875 AD
2308 3830 2654 3876 TURSTINUM
2696 3831 3002 3878 ABBATEM.

1820 3913 2049 3969 Solatur
2077 3913 2343 3972 amicum,
2368 3914 2663 3987 suadetque
2692 3917 2755 3966 ut
2788 3929 2967 3982 regem
2991 3930 3090 3984 per
3107 3932 3160 3970 se
3178 3919 3228 3972 et
3249 3932 3353 3987 per

1860 3987 2064 4038 amicos
2082 3987 2290 4053 ﬂectere
2309 3984 2542 4046 studeat,
2568 3999 2663 4037 nec
2685 3986 2938 4039 tristetur
2955 4003 3003 4040 ,ςι
3030 3984 3312 4055 spreverit.

1860 4092 2220 4146 Lara/mons
2267 4088 2533 4161 indignus
2579 4089 2834 4158 antistes,
2875 4091 3065 4147 abbati
3092 4093 3385 4165 Tuns'rmo,

1790 4180 2050 4235 salutem.

1860 4267 2168 4324 Consilium
2199 4283 2387 4322 meum
2445 4266 2550 4322 tibi
2601 4267 2847 4324 breviter
2899 4270 3279 4329 intimandum
3301 4291 3391 4330 ro-

1787 4358 1952 4429 gasti,
1974 4362 2032 4411 et
2059 4373 2164 4427 ego
2181 4356 2321 4410 illud
2349 4356 2453 4410 tibi
2488 4357 2681 4428 paucis
2709 4359 2975 4416 intimare
3002 4363 3208 4419 curavi.
3234 4363 3393 4436 Roga

1723 4464 1772 4523 D
1793 4448 1972 4503 Deum
2003 4452 2069 4500 ut
2095 4445 2420 4500 meminerit
2445 4446 2531 4500 tui
2558 4452 2616 4502 et
2653 4448 2989 4506 misereatur
3030 4451 3164 4521 tibi;
3204 4458 3262 4508 et
3288 4453 3394 4509 hoc

1791 4535 2087 4600 instanter,
2103 4539 2222 4588 tam
2242 4551 2342 4605 per
2360 4540 2417 4589 te
2438 4552 2605 4606 quam
2628 4555 2729 4608 per
2743 4539 2952 4595 amicos
2964 4546 3110 4610 tuos;
3132 4559 3234 4598 nos
3262 4559 3392 4598 vero

1790 4625 1897 4679 hoc
1924 4622 2144 4694 agimus
2167 4622 2226 4677 in
2253 4630 2528 4694 quantum
2559 4643 2874 4697 possumus.
2927 4631 3168 4687 Domino
3200 4636 3394 4688 nostro

1791 4713 1911 4784 regi
1927 4713 2064 4768 otl‘er
2084 4712 2478 4767 rectitudinem
2496 4730 2596 4784 per
2605 4716 2812 4771 amicos
2821 4722 2879 4772 et
2889 4718 3080 4774 ﬁdeles
3094 4719 3394 4776 internun-

1792 4801 1999 4859 tios.Si
2019 4800 2430 4872 spreverit,noli
2448 4802 2688 4857 multum
2703 4803 2834 4858 inde
2850 4822 2972 4860 esse
2997 4808 3178 4863 tristis
3207 4825 3393 4880 neque

1797 4888 2086 4945 sollicitus.
2120 4887 2392 4943 Visitabit
2419 4888 2571 4944 enim
2621 4891 2770 4946 Deus
2801 4892 3018 4963 plebem
3052 4912 3235 4964 suam,
3264 4913 3395 4953 cum

1797 4977 2060 5051 expedire
2089 4976 2417 5035 decreverit.
2439 4976 2821 5035 Misericordia
2840 4987 3026 5038 tecum
3048 4983 3142 5039 sit.

2330 5085 2679 5143 EPISTULA
2705 5086 2856 5147 LIV.

2105 5200 2189 5245 AD
2217 5200 2519 5246 DILECTUI
2549 5203 2623 5247 ET
2650 5204 2933 5252 Ριυειιειιν
2956 5205 3096 5253 G....

1801 5290 1869 5344 In
1898 5290 2247 5344 comitatibus
2278 5292 2388 5358 ipsi
2415 5295 2719 5348 commissis
2762 5298 2990 5351 nullum
3025 5297 3133 5351 sibi
3158 5313 3269 5352 esse
3296 5301 3394 5354 do-

1872 5363 2140 5427 minium,
2168 5362 2258 5414 sed
2285 5362 2359 5415 ad
2410 5363 2622 5417 victum
2668 5369 3068 5423 monachorum
3099 5372 3275 5425 terras
3303 5388 3395 5426 ec-

1872 5434 2043 5487 clesia
2069 5448 2180 5486 suae
2207 5448 2391 5505 omnes
2416 5436 2713 5500 pertinere.

1868 5538 2229 5595 LANFBANCUS
2272 5537 2537 5609 indignus
2583 5541 2838 5609 antistes,
2892 5545 3098 5601 dilecto
3145 5552 3203 5604 et
3243 5548 3396 5606 ﬁdeli

1800 5626 1981 5683 amico
2008 5643 2112 5683 suo
2142 5627 2278 5683 G....
2302 5627 2542 5683 salutem
2574 5634 2633 5686 et
2652 5630 3122 5692 benedictionem.
