3892 6358
530 365 636 427 547

603 493 829 550 Gratias
850 506 954 563 ago
973 489 1230 561 benigna:
1245 487 1607 544 sollicitudini
1622 494 1756 556 tuae,
1797 492 1854 542 et
1873 487 2121 542 sollicita
2141 487 2188 546 Α

527 581 862 653 benignitati
881 587 1012 645 tua},
1049 597 1168 650 qum
1200 577 1499 632 amicitiam
1533 595 1565 631 a
1589 577 1896 648 primordio
1918 583 2127 630 mutuae

530 670 866 741 cognitionis
882 669 1016 722 mihi
1030 667 1353 739 promisisti;
1370 665 1569 736 reipsa,
1583 682 1708 719 cum
1738 665 2126 735 opportunitas

532 764 592 814 'se
618 759 871 829 ingessit,
902 773 1124 828 semper
1153 757 1538 809 demonstrare
1579 755 1864 820 studuisti,
1903 758 1959 806 et
1980 770 2128 807 nunc

529 855 728 919 precor
760 847 1109 916 multumque
1138 861 1351 915 precor,
1387 844 1636 914 quamvis
1693 860 1803 896 non
1835 848 2128 915 tantopere

528 933 788 1006 precibus
838 935 1108 1004 indigeas,
1169 939 1445 1004 quatenus
1504 934 1572 986 de
1603 933 1861 1004 praesenti
1899 933 2128 1002 negotio

526 1015 751 1078 tantum
773 1025 938 1077 rebus
965 1023 1162 1076 vestris
1191 1024 1393 1087 valeas,
1427 1028 1697 1094 quantum
1733 1024 1917 1077 valere
1960 1022 2131 1077 fuerit

526 1114 632 1168 tibi
661 1113 901 1184 deSUper
929 1113 1059 1166 data
1089 1111 1341 1165 facultas.

602 1201 756 1255 Scias
779 1208 967 1255 autem
992 1200 1050 1253 in
1096 1200 1206 1253 illis
1237 1200 1613 1266 comitatibus,
1661 1217 1896 1272 quorum
1930 1202 2127 1272 exqui-

531 1290 837 1344 rendorum
869 1306 1004 1343 cura
1031 1288 1131 1343 tibi
1167 1290 1465 1342 commissa
1495 1296 1597 1352 est,
1643 1306 1732 1342 me
1770 1290 1910 1343 nihil
1941 1291 1998 1344 in
2029 1291 2129 1344 do—

529 1379 687 1433 inino
716 1378 943 1445 habere,
968 1379 1064 1432 sed
1091 1395 1284 1432 omnes
1309 1379 1366 1431 in
1398 1379 1504 1432 illis
1537 1378 1787 1448 partibus
1820 1387 2014 1434 vestrae
2039 1381 2133 1434 Ec-

531 1469 712 1523 clesize
740 1475 921 1523 terras
950 1469 1019 1522 ad
1052 1469 1221 1521 vitam
1247 1469 1644 1522 monachorum
1677 1486 1777 1539 per
1805 1470 1992 1523 omnia
2014 1487 2135 1540 per-

531 1558 729 1611 tinere.
763 1558 961 1610 Frater
990 1561 1189 1621 vester,
1225 1556 1319 1626 qui
1371 1557 1471 1609 has
1515 1555 1615 1608 tibi
1670 1557 1886 1610 litteras
1921 1563 2127 1628 portat,

532 1647 715 1699 multa
742 1646 1121 1699 laudanda'de
1155 1652 1210 1698 te
1239 1646 1372 1698 mihi
1405 1647 1613 1706 retulit,
1669 1663 1906 1716 quorum
1947 1647 2133 1716 plura-

532 1735 664 1789 litas
693 1739 751 1787 et
778 1735 1092 1806 epistolaris
1120 1735 1362 1788 brevitas
1391 1751 1457 1788 ea
1486 1751 1644 1803 nunc
1673 1736 1987 1788 enumerari
2020 1751 2131 1790 non

532 1823 685 1876 sinit.
717 1824 824 1877 Sed
853 1823 1207 1893 omnipotens
1237 1823 1385 1876 Deus
1413 1825 1573 1892 cujus
1629 1825 1958 1878 memoriam
1993 1825 2195 1904 nihilB

533 1911 894 1981 subterfugit,
929 1912 1074 1965 sicut
1110 1913 1281 1970 novit.
1307 1911 1692 1982 multipliciter
1706 1912 1809 1965 tibi
1840 1913 2127 1983 rependat,

535 2006 593 2054 et
620 2001 690 2054 ab
724 2001 876 2054 omni
908 2017 1076 2071 Opere
1112 2001 1262 2054 malo
1310 2000 1469 2071 prius
1507 1999 1599 2072 [[1,
1634 2002 1780 2072 pius]
1810 2003 2129 2067 auxiliator,

531 2093 591 2144 te
610 2089 960 2144 incessanter
985 2089 1266 2143 defendat.

1083 2177 1202 2233 EPI
1210 2177 1442 2233 STOLA
1474 2179 1590 2233 LV.

1010 2285 1091 2327 AD
1134 2285 1446 2329 ABBATEM.
1481 2287 1539 2330 Η.
1554 2315 1566 2330 .
1581 2315 1621 2330 ο.
1637 2317 1648 2329 .

531 2378 608 2432 De
637 2375 902 2429 monacho
925 2390 1028 2444 pro
1060 2391 1164 2444 quo
1194 2381 1418 2443 rogarat
1449 2380 1597 2429 utin
1626 2379 2031 2430 monasterium.
2053 2395 2133 2432 re-

519 2481 532 2487 -
601 2451 896 2515 ciperetur,
930 2463 1047 2499 rem
1102 2450 1381 2513 integram
1430 2462 1582 2501 nunc
1607 2449 1658 2500 ei
1681 2453 1977 2514 permittit,
2007 2465 2135 2518 pro-

605 2520 839 2572 baturus
866 2519 1009 2586 quod
1029 2519 1343 2572 decreverit.

602 2617 965 2672 LANFRANCUS
1003 2617 1474 2688 archiepiscopus,
1531 2617 1718 2672 abbati
1771 2619 1820 2673 R

533 2710 673 2766 tem.

605 2795 766 2858 Quod
796 2795 1026 2849 fratrem
1053 2795 1123 2848 de
1144 2810 1254 2865 quo
1281 2794 1417 2848 mihi
1443 2795 1668 2865 scripsit
1684 2797 2006 2851 fraternitas
2035 2803 2135 2852 tua

533 2885 595 2940 in
620 2885 1024 2939 monasterium
1053 2884 1455 2954 recipiendum,
1474 2902 1600 2938 cum
1634 2887 1773 2939 meis
1799 2887 2001 2941 litteris
2033 2888 2134 2941 tibi

533 2973 731 3040 direxi,
765 2979 952 3039 329
982 2979 1125 3028 teste
1145 2974 1486 3028 con-scientia
1533 2991 1678 3039 mea,
1719 2975 1906 3030 divino
1930 2977 1984 3030 id
2016 2978 2132 3031 zelo

533 3067 593 3116 et
619 3080 813 3118 amore
855 3065 1033 3118 nostri
1060 3064 1274 3117 ordinis
1303 3064 1427 3128 feci,
1452 3080 1633 3133 neque
1655 3066 1807 3117 enim
1834 3066 2021 3134 gratia
2049 3066 2131 3118 vi-

1978 2621 2131 2675 salu-

528 3153 686 3207 tandi
713 3153 961 3206 scandali
983 3152 1196 3222 aliquid
1230 3154 1352 3205 volo
1374 3154 1458 3206 vel
1484 3169 1683 3222 rogare
1737 3155 1818 3208 vel
1863 3156 2127 3225 praecipe-
2150 3157 2193 3219 C

507 3258 616 3305 re,
651 3242 800 3310 quod
825 3242 1012 3310 aliquo
1035 3242 1200 3294 modo
1240 3242 1298 3294 in
1331 3243 1510 3311 majus
1567 3243 1648 3295 vel
1693 3243 1940 3296 deterius
1970 3260 2130 3297 scan-

510 3329 723 3386 dalum
793 3331 976 3383 valeat
1037 3331 1351 3399 pervenire.
1427 3329 1683 3400 Loquere
1749 3332 1924 3402 igitur
2003 3349 2128 3386 cum

537 3418 816 3488 episcopo,
852 3418 899 3472 si
949 3417 1092 3472 forte
1135 3419 1313 3481 adest,
1355 3423 1413 3471 et
1441 3435 1566 3472 cum
1597 3420 1801 3473 domno
1830 3422 2131 3475 Godefrido

531 3507 721 3578 priore
757 3508 907 3577 ejus;
950 3513 1007 3560 et
1030 3507 1300 3577 quidquid
1357 3525 1525 3578 super
1578 3509 1680 3562 hoc
1724 3512 1948 3580 negotio
1987 3512 2135 3565 inter

532 3612 629 3649 vos
658 3596 1070 3660 eonsulueritis,
1114 3601 1170 3649 et
1190 3598 1503 3650 consultum
1541 3614 1709 3668 opere
1736 3601 2128 3670 complendum

533 3685 908 3747 decreveritis,
935 3685 990 3738 in
1014 3685 1272 3739 omnibus
1305 3692 1361 3739 et
1389 3703 1490 3756 per
1514 3689 1703 3741 omnia
1741 3689 1879 3741 mihi
1911 3706 2132 3760 quoque

531 3773 752 3846 placere
786 3775 1068 3828 noveritis.
1109 3775 1303 3844 Neque
1337 3775 1484 3828 enim
1550 3776 1869 3847 superbiam
1917 3779 2132 3832 nutrire

529 3865 675 3931 volo,
704 3882 870 3935 quam
902 3864 1094 3934 procul
1151 3863 1218 3916 ab
1281 3865 1433 3917 omni
1493 3883 1698 3934 genere
1755 3866 2046 3919 hominum
2077 3874 2132 3920 et

529 3954 810 4026 praecipue
873 3969 907 4006 a
960 3958 1153 4006 nostro
1221 3952 1418 4007 ordine
1468 3960 1745 4007 remotam
1805 3971 1927 4009 esse
1988 3955 2132 4009 desi-

530 4043 682 4097 dero.

1061 4127 1410 4185 EPISTOLA
1439 4129 1587 4185 LVI.

909 4235 989 4278 AD
1031 4237 1389 4281 WILLELMUM
1434 4237 1468 4280 Α
1479 4239 1722 4283 BBATEM
1734 4267 1748 4282 .

533 4331 595 4384 Ut
629 4329 900 4383 Rainatdo
927 4329 1190 4401 monacho
1229 4330 1585 4383 Glocestrensc
1605 4335 2008 4386 monasterium
2029 4349 2124 4401 pe-

602 4406 727 4459 tere,
753 4397 1167 4466 ibiqueSerlone
1193 4402 1381 4454 abbate
1401 4417 1501 4468 per
1521 4405 1666 4454 anni
1692 4405 1863 4457 unius
1878 4397 2125 4471 spatium

595 4473 912 4524 conversari
937 4473 1112 4523 liceat.

599 4570 959 4624 LANFRANCUS
975 4569 1426 4640 archiepiscopus
1456 4571 1783 4626 charissimo
1813 4574 1991 4626 amico
2027 4590 2128 4627 suo

531 4658 720 4713 abbati
745 4659 1070 4725 WILLELMO,
1102 4660 1358 4713 salutem.

599 4748 757 4820 Rogo
780 4755 851 4815 te,
879 4755 1150 4820 quantum
1179 4765 1376 4818 rogare
1409 4766 1635 4820 possum
1679 4756 1735 4803 et
1758 4751 1950 4818 debeo,
1995 4770 2130 4822 qua-

526 4843 692 4892 tenus
735 4839 865 4893 huic
895 4839 1053 4892 fratri
1086 4837 1356 4892 Rainaldo
1381 4839 1651 4892 concedas
1685 4839 1966 4894 licentiam
1998 4859 2126 4895 con-

525 4929 784 4982 versandi
810 4929 958 4998 apud
989 4928 1334 4981 Glocestram
1379 4944 1507 4980 eum
1536 4927 1737 4982 abbate
1766 4931 1995 4984 Serlone
2028 4949 2128 5002 per

527 5018 771 5088 spatium
803 5017 970 5071 unius
1023 5017 1186 5082 anni;
1232 5016 1458 5086 expedit
1503 5017 1648 5070 enim
1690 5019 1888 5072 animm
1919 5037 2032 5074 suae
2063 5027 2126 5075 ut

527 5107 634 5160 hoc
664 5108 782 5160 ﬁat.
817 5107 1003 5176 Hujus
1034 5121 1276 5174 namque
1305 5105 1574 5158 indicium
1621 5107 1749 5159 hinc
1781 5109 2121 5177 permaxime

527 5196 706 5267 capio,
736 5195 884 5266 quod
906 5195 1220 5264 regularem
1244 5195 1425 5247 locum
1456 5195 1617 5263 petit,
1645 5197 1897 5266 quamvis
1928 5205 1984 5251 et
2013 5215 2128 5252 m0-

527 5286 775 5340 nasterio
805 5290 924 5349 tuo,
956 5284 1013 5336 in
1040 5300 1149 5354 quo
1178 5284 1424 5337 nutritus
1448 5290 1550 5348 est,
1578 5285 1634 5338 in
1674 5287 1828 5340 nullo
1845 5287 2122 5342 detrahat.

529 5374 638 5428 Sed
667 5390 767 5427 cur
789 5375 894 5426 hoc
923 5373 1102 5425 facere
1129 5371 1278 5427 velit.
1314 5373 1700 5427 rationabilem
1732 5392 2128 5431 causamenar—

527 5467 634 5515 rat.
671 5464 883 5516 Iterum
916 5479 1051 5533 rogo
1080 5478 1150 5515 ne
1181 5462 1414 5516 moleste
1460 5463 1603 5516 feras
1650 5465 1798 5534 quod
1832 5465 1902 5518 ad
1929 5483 2019 5521 me
2041 5485 2128 5522 ve-

526 5551 633 5616 nit,
665 5553 812 5623 quod
837 5569 927 5606 me
954 5553 1200 5607 amicum
1226 5557 1387 5607 tuum
1419 5569 1520 5625 pro
1539 5556 1874 5611 necessitate
1894 5573 1995 5611 sua
2025 5575 2124 5612 ex-

523 5639 706 5710 petiit.

1511 364 1574 418 B.
1616 359 2035 418 LANFRANCI
2077 351 2440 414 CANTUAR.
2483 355 2825 412 ARCHIEP.

2145 4478 2195 4536 D

3704 354 3814 411 548

2730 477 3083 534 EPISTOLA
3105 477 3273 534 LVII.

2602 582 2610 596 ’
2688 588 2764 630 AD
2794 586 2988 632 0......
3016 585 3325 630 ABBATEM.

2209 679 2411 746 Arquit
2441 679 2583 746 quod
2613 676 2873 729 monacho
2889 692 2986 729 suo
3017 679 3256 742 vagandi
3287 678 3570 728 licentiam.
3602 692 3819 728 conces-

2281 753 2431 804 serit.
2462 752 2686 802 red-iraa
2704 766 2754 800 se
2775 750 3118 815 compulsum
3140 764 3263 799 cum
3283 749 3484 800 honore
3505 751 3564 799 ut
3580 750 3817 814 recipiat

2281 826 2483 884 monet,
2518 826 2680 887 atque
2702 821 2810 878 illi,
2845 825 3110 886 tanquam
3141 821 3278 885 ﬁlio,
3299 824 3597 884 paternam
3627 819 3822 870 chari-

2283 898 2447 944 tatem
2479 892 2777 959 impendat.

2284 989 2642 1043 Las-raucus
2693 986 3143 1056 archiepiscopus
3409 984 3619 1052 abbati,
3662 987 3822 1038 salu-

2210 1083 2346 1133 tem.

2280 1167 2536 1220 Fratrem
2592 1164 2926 1234 Gregorium
2978 1164 3315 1218 monachum
3347 1168 3506 1217 tuum
3538 1164 3823 1217 volentem

2212 1270 2368 1308 mare
2421 1254 2663 1308 transire
2712 1251 3136 1323 prohibuimus;
3189 1258 3247 1306 et
3292 1252 3363 1305 ad
3410 1253 3820 1305 monasterium

2212 1360 2376 1398 suum
2425 1343 2608 1396 redire
2656 1342 3027 1412 praecipimus,
3072 1348 3128 1395 et
3155 1340 3528 1412 praecipiendo
3549 1343 3825 1412 compuli-

2214 1449 2359 1486 mus.
2395 1433 2479 1486 Tu
2512 1449 2622 1485 non
2644 1431 2786 1484 bene
2814 1429 2998 1500 egisti,
3049 1430 3197 1499 quod
3227 1430 3332 1500 ipsi
3379 1430 3622 1499 vagandi
3666 1435 3826 1482 extra

2214 1522 2457 1591 patriam
2488 1520 2781 1573 licentiam
2816 1519 3227 1572 c0ncessisti.ln
3252 1520 3355 1572 hoc
3369 1519 3506 1573 satis
3532 1519 3827 1571 evidenter

2213 1615 2448 1679 apparet
2477 1609 2658 1679 qualis
2683 1614 2876 1679 pastor
2921 1609 3145 1665 existas.
3199 1612 3255 1661 et
3299 1624 3411 1678 qua
3439 1607 3824 1661 sollicitudine

2212 1699 2528 1767 gubernare
2550 1697 2880 1751 commissas
2917 1696 3018 1750 tibi
3043 1697 3260 1750 animas
3285 1697 3446 1753 scias.

2286 1787 2626 1840 Mandamus
2657 1787 2830 1855 igitur
2848 1791 2906 1838 et
2935 1786 3312 1856 praecipimus,
3343 1792 3401 1838 et
3447 1784 3825 1856 praecipiendo

2213 1893 2479 1946 rogamus
2507 1881 2785 1946 quatenus
2836 1891 2962 1928 cum
3019 1875 3230 1928 honore
3283 1891 3409 1928 eum
3457 1875 3723 1944 recipias,
3772 1878 3824 1926 et

2215 1966 2285 2018 de
2315 1972 2516 2019 caetero
2545 1965 2693 2017 sicut
2749 1964 2864 2018 filio
2916 1969 3010 2017 tuo
3041 1968 3334 2034 paternam
3383 1963 3435 2016 ei
3483 1963 3823 2016 charitatem

2213 2054 2526 2123 impendas.
2551 2053 2846 2107 Credimus
2876 2053 3026 2106 enim
3068 2069 3170 2123 per
3216 2052 3664 2105 misericordiam
3697 2051 3820 2115 Dei,

2215 2143 2263 2196 si
2284 2143 2556 2196 sollicitus
2581 2142 2662 2196 tui
2690 2141 2903 2194 ordinis
2933 2157 3055 2194 esse
3085 2140 3498 2211 volucris,quod
3520 2140 3822 2194 consilium

2217 2239 2274 2284 et
2299 2232 2567 2285 auxilium
2625 2236 2741 2284 tam
2790 2231 2848 2283 in
2896 2229 3079 2284 causis
3129 2228 3517 2300 spiritualibus
3557 2245 3734 2299 quam
3768 2229 3822 2282 in

2217 2319 2580 2374 saecularibus
2641 2337 2742 2389 per
2788 2336 2917 2373 eum
2974 2319 3181 2372 habere
3235 2317 3461 2372 valebis.
3493 2318 3824 2372 Laetiﬁcavit

2213 2426 2305 2463 me
2335 2410 2596 2471 multum,
2619 2409 2765 2478 quod
2789 2408 3048 2461 timorem
3081 2407 3184 2462 Dei
3213 2412 3268 2460 te
3289 2406 3514 2473 habere,
3536 2411 3593 2461 et
3612 2406 3824 2460 bonum

2213 2500 2500 2553 hominem
2526 2516 2647 2552 esse
2676 2498 2978 2568 perhibuit,
3003 2498 3098 2551 sed
3122 2503 3310 2551 tamen
3334 2514 3437 2567 pro
3459 2497 3823 2567 simplicitate

2213 2593 2313 2642 tua
2342 2589 2724 2658 negligentem
2755 2604 2875 2641 esse
2895 2587 3075 2641 nostri
3105 2586 3318 2640 ordinis
3347 2602 3555 2656 negare
3573 2603 3692 2640 non
3721 2602 3824 2657 po-

2214 2678 2340 2732 tuit.

2716 2764 3074 2820 EPISTOLA
3101 2764 3302 2820 LVIII.

2616 2872 2697 2916 AD
2727 2871 3031 2916 REMIGIUM
3069 2871 3386 2916 DlLECTUM.

2214 2964 2414 3015 Multos
2445 2965 2508 3015 de
2551 2965 2666 3030 ipso
2707 2963 2856 3028 apud
2902 2977 3084 3027 regem
3115 2964 3258 3014 male
3289 2962 3458 3028 loqui,
3488 2961 3697 3028 quibus
3727 2977 3826 3014 rea:

2287 3035 2448 3100 ﬁdem.
2480 3050 2592 3086 non
2621 3033 2896 3086 adhibeat.
2930 3033 3200 3098 Erpcdire
3243 3037 3306 3084 ut
3333 3033 3408 3084 ad
3435 3048 3487 3084 se
3525 3035 3742 3096 veniat,
3769 3039 3823 3085 ut

2286 3121 2353 3157 ex
2381 3108 2496 3172 ejus
2525 3120 2620 3157 ore
2644 3106 2812 3171 plura
2835 3105 3049 3155 audiat.

2285 3193 2645 3246 LANFRANCUS
2693 3191 2793 3244 Dei
2843 3191 3028 3261 gratia
3083 3191 3553 3263 archiepiscopus,
3612 3191 3826 3245 dilecto

2213 3281 2373 3334 fratri
2397 3287 2454 3335 et
2483 3281 2661 3333 amico
2694 3280 2956 3346 Remum,
2989 3281 3246 3335 salutem.

2285 3370 2428 3424 Cum
2461 3369 2625 3422 multi
2654 3369 2722 3421 de
2745 3374 2799 3421 te
2829 3370 3005 3422 multa
3032 3386 3294 3440 perversa
3339 3369 3546 3433 dicant,
3591 3374 3648 3422 et
3694 3387 3827 3441 per-

2217 3460 2380 3529 pauci
2413 3459 2528 3512 sint
2559 3459 2652 3528 qui
2683 3458 2864 3512 verbis
2895 3460 3310 3513 detrahentium
3334 3459 3584 3528 ingenita
3613 3459 3826 3514 libera-

2218 3548 2372 3601 litate
2397 3549 2519 3617 [al.,
2545 3547 2825 3616 libertate]
2843 3547 3392 3600 contradicantscias
3421 3553 3610 3600 tamen
3645 3548 3826 3602 domi-

2215 3654 2350 3692 num
2374 3642 2627 3690 nostrum
2650 3653 2840 3706 regem
2892 3637 3102 3690 nullius
3150 3637 3500 3691 detrahentis
3536 3644 3741 3692 contra
3772 3646 3824 3691 te

2215 3725 2382 3779 verba
2412 3726 2678 3795 recipere,
2705 3726 2801 3778 sed
2832 3725 3018 3794 potius
3047 3731 3240 3778 contra
3273 3743 3466 3778 omnes
3513 3726 3822 3780 maledicos

2214 3815 2388 3884 regali
2413 3819 2468 3867 te
2500 3814 2835 3868 auctoritate
2874 3813 3192 3866 defendere.
3221 3813 3419 3884 Itaque
3451 3815 3679 3885 expedit
3699 3816 3817 3881 tibi,

2215 3904 2260 3957 si
2288 3921 2458 3974 prope
2490 3920 2547 3956 es
2568 3909 2627 3955 et
2653 3903 2867 3955 licitum
2898 3903 3086 3967 habes,
3103 3909 3379 3972 quatenus
3399 3904 3465 3956 ad
3489 3920 3580 3956 me
3599 3905 3816 3967 venias,

2215 3998 2268 4046 et
2296 4010 2363 4046 ea
2389 4009 2511 4062 quia
2536 4009 2636 4062 pro
2658 3992 2744 4045 sui
2773 3992 3092 4062 prolixitate
3114 3991 3351 4046 breviter
3369 3991 3537 4045 scribi
3554 4008 3670 4046 non
3693 4011 3819 4064 pos-

2212 4087 2365 4146 sunt,
2393 4098 2489 4135 ore
2515 4081 2584 4134 ad
2616 4098 2677 4134 os
2699 4081 2912 4135 audias.

2639 4174 2832 4235 329
2860 4169 3214 4224 EPISTOLA
3235 4171 3380 4224 LIX.

2849 4277 2930 4319 AD
2957 4275 3181 4321 IIUG....

2210 4367 2534 4434 Gregorium.
2559 4381 2765 4434 papam
2811 4369 2879 4418 ab
2926 4383 2984 4420 eo
3013 4369 3343 4434 vituperari,
3377 4372 3426 4419 et
3482 4365 3809 4421 Clementem

2285 4439 2542 4490 laudibus
2572 4440 2756 4502 e/I'e-rri
2789 4454 2899 4490 non
2923 4441 3136 4505 probat.
3172 4439 3289 4490 Etsi
3337 4441 3670 4504 imperatori
3699 4456 3807 4492 cre-

2284 4509 2379 4561 dat
2408 4510 2544 4573 faeti
2573 4513 2662 4560 sui
2691 4525 2881 4559 causas
2915 4525 3024 4562 non.
3049 4511 3300 4575 defuisse,
3342 4510 3618 4562 dissuadet
3655 4527 3723 4563 ne
3753 4513 3808 4562 in

2281 4581 2542 4645 Angliam
2575 4583 2757 4632 veniat
2787 4582 2904 4632 sine
2939 4583 3079 4646 regis
3103 4583 3345 4632 licentia.

2283 4669 2660 4733 LANFRANCUS,
2696 4669 2948 4724 HUG.....
2983 4669 3163 4738 Vorte,
3193 4668 3461 4739 HUGONI.]

2282 4756 2523 4809 Litteras
2551 4763 2696 4822 tuas,
2725 4773 2863 4826 quas
2896 4757 3032 4809 mihi
3063 4774 3162 4827 per
3194 4757 3521 4827 portitorem
3555 4774 3807 4812 mearum

2209 4845 2432 4909 misisti,
2467 4846 2683 4916 suscepi
2716 4851 2771 4898 et
2791 4846 2920 4915 legi,
2955 4853 3011 4899 et
3041 4847 3447 4917 displicuerunt
3477 4847 3613 4900 mihi
3664 4865 3811 4918 qure-

2209 4934 2338 4987 dam
2371 4952 2493 5005 quae
2549 4935 2607 4988 in
2662 4935 2742 4988 eis
2789 4936 2996 4990 inveni.
3031 4936 3159 4989 Non
3211 4936 3384 5006 probo
3415 4937 3561 5006 quod
3607 4954 3810 5008 papam

2209 5025 2545 5094 Gregorium
2608 5025 2910 5095 vituperas,
2975 5026 3122 5096 quod
3172 5025 3615 5080 Hildebrandum
3683 5043 3810 5080 eum

2212 5131 2389 5174 vocas,
2421 5115 2568 5185 quod
2597 5116 2811 5184 legatos
2843 5116 2964 5185 ejus
2987 5115 3303 5185 spinosulos
3341 5115 3620 5182 nominas,
3661 5114 3810 5186 quod

2210 5203 2554 5257 Clementem
2584 5210 2669 5257 tot
2701 5209 2757 5256 et
2785 5204 2955 5256 tantis
2986 5204 3274 5274 praeconiis
3313 5209 3427 5256 tam
3460 5219 3697 5273 propere
3721 5205 3805 5272 [/‘..

2209 5292 2574 5365 praepostere]
2623 5295 2859 5349 exaltas.
2915 5294 3197 5364 Scriptum
3228 5299 3310 5346 est
3343 5291 3490 5345 enim
3545 5308 3659 5344 non
3689 5309 3809 5344 esse

2209 5383 2552 5436 laudandum
2574 5384 2629 5436 in
2660 5384 2772 5436 vita
2802 5401 2902 5437 sua
2948 5385 3230 5437 hominem
3255 5384 3444 5454 (Ecrli.
3470 5395 3545 5446 XI,
3567 5380 3672 5450 30},
3711 5398 3808 5434 nec

2209 5472 2619 5526 detrahendum
2675 5473 2931 5543 proximo
2991 5491 3088 5527 su:
3147 5475 3286 5532 (Jac.
3336 5489 3405 5535 Iv,
3464 5471 3566 5528 ll).
3610 5470 3806 5524 Adhuc

2209 5561 2556 5631 incognitum
2587 5567 2673 5615 est
2699 5563 2948 5616 humano
2969 5562 3160 5633 generi
3188 5562 3381 5633 quales
3407 5575 3555 5614 nunc
3586 5559 3718 5624 sint,
3751 5565 3805 5612 et

2209 5651 2403 5720 quales
2427 5650 2603 5706 futuri
2631 5651 2748 5705 sint
2786 5651 2845 5705 in
2893 5657 3195 5723 conspectu
3254 5650 3376 5706 Dei.
3413 5647 3591 5704 Credo
3609 5651 3802 5702 tamen
