3892 6352
94 320 185 400 549

1514 334 1908 400 EPIS'I‘OLE.

3243 319 3364 403 556

90 465 225 540 quod
244 466 548 540 imperator
565 468 684 523 sine
705 484 912 540 magna
933 468 1152 524 ratione
1170 471 1393 524 tantum
1414 482 1534 522 rem
1557 482 1671 523 non
1692 466 1738 528 Α
1758 482 2111 520 recessurum
2131 466 2429 537 jurassem,
2468 464 2715 520 viderem
2745 469 2936 520 autem
2961 465 3111 537 quod
3134 464 3212 521 ibi
3238 465 3362 521 ani-

90 563 166 610 est
196 571 491 627 aggressus
515 564 756 628 patrare,
789 574 892 612 nec
935 558 1055 612 sine
1083 574 1289 629 magno
1319 558 1524 612 auxilio
1573 558 1675 612 Dei

87 644 288 699 tantam
316 646 504 715 potuit
531 646 817 701 victoriam
849 664 1261 702 consummare.

1759 571 1912 609 mam
1942 571 2126 610 meam
2156 555 2373 609 salvare
2400 570 2513 608 non
2542 570 2787 625 possem,
2817 554 3056 621 exirem;
3100 571 3204 609 nec
3232 571 3362 627 per-

1754 645 1893 716 jurii
1941 645 2153 699 crimen
2204 645 2573 699 incurrerem.
2625 643 2734 707 Qui
2781 643 2931 698 enim
2973 643 3094 698 Deo
3136 648 3365 716 prapter

148 734 269 788 Non
297 734 465 788 laudo
493 740 557 789 ut
584 736 641 789 in
686 737 975 806 Anglicam
1016 743 1227 791 terram
1258 738 1467 802 venias,
1501 736 1609 791 nisi
1643 752 1676 790 a
1758 736 1936 789 Deum
1980 735 2264 804 alligatur.
2300 749 2412 787 non
2441 733 2676 787 solvitur
2720 732 2791 786 ab
2835 733 2980 803 ipso,
3012 733 3121 786 nisi
3169 738 3367 788 contra

86 823 532 893 regeAnglnrum
579 824 866 879 licentiam
918 826 1175 879 veniendi
1225 825 1379 897 prius
1409 826 1669 895 accipias.

85 911 326 965 Nondum
356 912 507 966 enim
538 913 724 968 insula
753 919 948 968 nostra
978 916 1223 985 priorem
1255 915 1538 980 refutavit,
1571 931 1674 968 nec

88 1006 258 1054 utrum
280 1001 411 1055 huic
438 1002 664 1057 obedire
694 1003 897 1057 debeat
915 1005 1251 1058 sententiam
1273 1004 1668 1075 promulgavit.

84 1089 284 1144 Auditis
321 1091 591 1163 utrinque
619 1094 818 1158 causis,
849 1094 897 1147 si
927 1094 1007 1147 ita
1033 1094 1350 1164 contigerit,
1384 1094 1671 1165 perspica—

84 1179 187 1232 cius
217 1178 349 1249 quid
377 1180 505 1234 ﬁeri
535 1188 791 1251 oporteat
820 1182 1116 1252 provideri,
1163 1182 1380 1237 valebit.

616 1271 966 1326 EPISTOLA
1005 1272 1115 1327 LX.

434 1376 520 1419 AD
565 1375 929 1421 RODULPUUM
972 1379 1280 1423 ABBATEM.

83 1454 212 1507 Posse
247 1457 584 1510 monachum
616 1461 715 1528 qui
760 1462 822 1512 in
866 1476 978 1512 uno
1022 1461 1354 1512 monasterio
1389 1458 1668 1510 stabilita-

144 1531 238 1578 tem
260 1532 604 1594 promiserit,
627 1531 881 1601 justisde
911 1533 1091 1583 causis
1113 1533 1175 1585 in
1205 1532 1366 1584 aliud
1394 1528 1668 1583 transmi-

138 1612 311 1664 grare.

140 1683 513 1743 LANFRANCUS
543 1688 860 1745 Cantuarios
890 1691 1357 1761 archiepiscopus,
1393 1689 1665 1745 RODULFO

84 1771 249 1827 abbati
280 1776 524 1831 salutem
542 1822 551 1835 .

1759 823 1941 893 ipsum
1972 824 2238 876 solvatur.
2264 824 2433 875 Porro
2456 821 2526 874 ab
2556 821 2677 891 ipso
2706 827 2902 875 contra
2928 823 3114 893 ipsum
3128 821 3363 876 mimine

1757 911 2018 977 solvitur,
2052 911 2149 981 qui
2181 915 2411 980 propter
2439 925 2688 963 amorem
2727 911 2869 979 ejus,
2909 916 2967 963 et
2996 917 3061 964 ut
3088 910 3195 964 sibi
3223 909 3363 964 bene

1758 1000 2124 1071 complaceat,
2147 1016 2182 1053 ει
2206 998 2336 1054 ﬁliis
2362 998 2670 1062 discordiae,
2693 997 2989 1068 superbia,
3013 998 3356 1065 difﬁdentiae,

1755 1096 1813 1143 et
1869 1095 1933 1142 ut
1969 1089 2156 1159 aptius
2193 1090 2316 1152 [al.,
2363 1087 2636 1160 apertius]
2683 1086 2865 1141 dicam
2911 1104 2947 1140 a
2979 1088 3110 1141 ﬁliis
3152 1086 3361 1141 diaboli

1755 1177 1963 1247 migrat
1980 1178 2050 1230 ad
2077 1177 2221 1230 ﬁlios
2244 1176 2415 1247 pacis,
2441 1175 2795 1237 humilitatis,
2821 1176 2962 1245 spei,
2983 1176 3096 1229 imo
3121 1176 3190 1230 ad
3214 1176 3358 1230 ﬁlios

1754 1265 1881 1320 Dei.
1902 1266 2010 1330 Qui
2041 1266 2189 1319 enim
2223 1266 2301 1318 sic
2330 1264 2553 1326 transit,
2582 1280 2769 1317 nonne
2797 1265 2961 1334 plane
2990 1264 3136 1335 fugit
3163 1281 3198 1318 a
3223 1265 3357 1319 sede

1755 1353 1965 1408 diaboli
1983 1353 2050 1408 ad
2074 1354 2263 1407 sedem
2281 1350 2428 1406 Dei?
2456 1352 2591 1415 Quis
2613 1352 2760 1405 enim
2777 1353 2991 1422 judicet
3011 1353 3168 1406 illum
3188 1368 3221 1406 a
3240 1353 3357 1407 Deo

1752 1442 2158 1506 damnandum,
2193 1441 2289 1512 qui
2320 1446 2384 1496 ut
2412 1440 2481 1493 ad
2518 1445 2755 1511 patrem,
2789 1447 2854 1495 ut
2881 1441 2952 1495 ad
2980 1441 3268 1495 dominum
3299 1445 3357 1495 et

1753 1533 2017 1587 amicum.
2044 1530 2192 1600 fugit
2215 1530 2285 1584 ad
2311 1529 2536 1601 ipsum?
2563 1529 2868 1599 Propterea
2897 1530 2993 1600 qui
3021 1530 3101 1584 sic
3128 1530 3351 1598 transit,

1750 1638 1863 1675 non
1896 1620 1965 1674 ab
2012 1618 2259 1674 Ecclesia
2301 1617 2371 1672 ad
2420 1617 2725 1671 Ecclesiam
2765 1619 3007 1685 transit;
3057 1636 3170 1673 non
3200 1620 3351 1673 enim

1751 1712 1942 1783 plures
1965 1714 2098 1763 sunt
2122 1708 2397 1773 Ecclesia),
2439 1708 2536 1760 sed
2561 1724 2675 1761 una
2698 1712 2785 1761 est
2807 1714 2926 1762 toto
2955 1707 3090 1762 orbe
3127 1708 3347 1775 diffusa,

1749 1808 1806 1855 et
1827 1820 1852 1855 α
1878 1798 1975 1855 uni
1999 1801 2113 1853 Deo
2134 1798 2342 1867 ubique
2363 1797 2619 1855 servitur.
2640 1803 2697 1851 et
2716 1799 2814 1852 uni
2835 1799 2978 1867 Regi
2999 1798 3296 1853 militatur.
3321 1818 3348 1852 ι

142 1863 445 1919 lndicatum
478 1871 565 1921 est
594 1868 729 1921 mihi
763 1885 773 1921 :
809 1869 877 1921 de
907 1873 1004 1922 tuo
1030 1867 1373 1922 monasterio
1402 1866 1723 1924 recedereB
1750 1886 2041 1941 postremo
2081 1887 2143 1940 Β,
2178 1863 2514 1939 Βεήεάίοωε
2544 1889 2772 1953 (θωπί,
2804 1863 3068 1956 δεμ-61),
3101 1886 3203 1941 sub
3232 1904 3352 1941 me-

84 1946 179 2017 vis;
205 1951 272 2006 de
302 1956 591 2024 promissa
620 1957 926 2012 stabilitate
952 1957 1221 2011 sollicitus
1242 1974 1319 2021 es,
1350 1957 1557 2009 timens
1594 1972 1665 2009 ne

86 2040 213 2095 unde
238 2042 415 2098 Deum
449 2046 675 2115 placare
700 2047 889 2101 studes
931 2050 1046 2118 [al.,
1086 2046 1297 2115 debes].
1331 2046 1459 2098 inde
1489 2045 1664 2097 offen-

86 2128 184 2182 das.
220 2132 297 2185 De
335 2150 447 2204 quo
489 2135 767 2189 rationem
797 2137 967 2190 talem
1000 2136 1251 2197 ostendo,
1286 2140 1342 2188 et
1369 2135 1426 2187 in
1474 2138 1663 2187 osten-

87 2217 242 2274 dendo
266 2222 550 2295 meipsum
596 2225 653 2278 in
699 2226 1013 2297 exemplum
1061 2225 1141 2279 sic
1169 2225 1259 2278 do.
1295 2224 1353 2278 Si
1384 2240 1485 2293 ego
1516 2224 1665 2276 Lan-

85 2305 281 2364 francus
308 2327 487 2367 manu
508 2314 739 2385 propria
765 2331 856 2369 me
886 2315 956 2369 de
982 2314 1171 2385 aliquo
1193 2312 1531 2367 monasterio
1554 2328 1667 2365 non

1748 1973 1952 2045 dium),
1971 1976 2067 2047 qui
2092 1975 2453 2029 stabilitatem
2475 1975 2727 2046 praecipit
2746 1975 2994 2042 ﬁrmare,
3010 1976 3348 2035 monachum

1750 2065 1818 2118 ab
1850 2065 1957 2118 alio
1988 2064 2331 2118 monasterio
2365 2064 2433 2116 ad
2478 2063 2631 2117 aliud
2680 2064 3080 2118 monasterium
3120 2065 3348 2118 venien-

1747 2159 1860 2208 tem
1882 2153 2045 2223 jubet
2069 2152 2308 2223 suscipi;
2343 2158 2419 2221 et,
2442 2153 2490 2206 si
2518 2152 2676 2207 bonae
2705 2153 2831 2207 vitae
2858 2153 3047 2222 fuerit,
3079 2159 3144 2208 ut
3171 2153 3346 2209 stabi-

1749 2235 1968 2297 litatem
1997 2243 2203 2308 ﬁrmet,
2235 2241 2460 2296 suaderi
2492 2242 2755 2313 (ibidem).

1152 2423 1302 2476 Finis
1340 2422 1702 2487 epistularum
1743 2422 1885 2476 beati
1921 2422 2250 2489 Lanfranci.

292 2567 609 2652 Epistolas
636 2582 939 2654 sequentes
970 2571 1158 2633 edidit
1189 2569 1242 2631 Β
1270 2571 1449 2633 .Ι.-Α.
1489 2572 1644 2632 GILLI

1767 2568 1923 2652 Opp.
1961 2569 2041 2633 Β.
2084 2570 2469 2652 Lanfranci;
2500 2571 2693 2635 Oxon.
2730 2573 2907 2637 1844.
2941 2577 3096 2636 tom.

585 2671 934 2726 EPISTOLA
979 2672 1121 2726 LXI.

226 2772 302 2815 Δι)
344 2774 770 2821 MARGARETAM
815 2778 1089 2823 REGINAM
1136 2777 1473 2822 SCOTORUM.

136 2849 512 2921 Lanramcns,
540 2856 808 2928 indignus
849 2864 1054 2913 sanctae
1085 2859 1505 2913 Cantuariensis
1550 2859 1654 2913 Ec-

80 2936 232 2993 clesiae
257 2943 517 3011 antistes,
546 2946 803 3015 gloriosae
842 2949 1135 3001 Scotorum
1178 2947 1387 3018 reginae
1417 2948 1651 3004 Mimos-

81 3040 209 3081 nsra:
233 3031 472 3087 salutem
507 3040 565 3087 et
594 3034 1056 3091 benedictionem.

134 3115 398 3188 Explicare
440 3139 558 3175 non
584 3130 769 3194 potest
801 3126 1115 3196 epistolaris
1162 3125 1405 3181 brevitas
1438 3132 1649 3198 quanta

1742 2668 1901 2722 valde
1931 2669 1989 2722 in
2021 2669 2218 2723 ofﬁciis
2255 2670 2372 2723 suis
2409 2672 2710 2725 necessarii
2749 2676 2912 2726 erant
2952 2672 3199 2727 ecclesiae
3238 2687 3346 2728 no-

1742 2761 1890 2815 strae.
1923 2757 2049 2811 Fiat
2095 2764 2285 2812 tamen
2314 2760 2570 2813 voluntas
2599 2765 2802 2824 vestra,
2836 2760 2968 2831 quia
2999 2762 3056 2815 in
3084 2762 3342 2818 omnibus

1740 2850 1794 2898 et
1828 2863 1928 2918 per
1966 2847 2158 2901 omnia
2187 2846 2571 2902 desideramus
2601 2848 2826 2902 obedire
2854 2849 3027 2903 vobis.
3069 2850 3341 2922 Omnipo-

1734 2939 1859 2988 tens
1907 2934 2056 2989 Deus
2101 2953 2197 2989 vos
2245 2933 2556 3004 benedicat,
2590 2942 2646 2990 et
2690 2936 2760 2990 ab
2791 2936 3048 2992 omnibus
3095 2940 3338 3010 peccatis

1736 3024 2043 3078 clementer
2078 3024 2349 3081 absolvat.

2457 3143 2622 3199 LXII.

78 3217 155 3256 cor
176 3223 352 3263 meum
396 3211 600 3265 laetitia
640 3214 932 3285 perfudisti
979 3216 1239 3287 perfectis
1291 3217 1498 3270 litteris
1542 3217 1721 3293 tuisc

78 3306 191 3359 quas
214 3297 366 3365 mihi,
398 3301 519 3354 Deo
556 3303 813 3357 amabilis
856 3305 1069 3375 regina,
1106 3306 1324 3359 misisti.
1363 3307 1407 3361 Ο
1439 3312 1652 3378 quanta

72 3378 390 3467 iucunditate
446 3389 621 3443 verba
674 3392 981 3461 profluunt,
1029 3411 1153 3464 qum
1205 3395 1391 3449 divino
1444 3395 1644 3467 spiritu

75 3466 312 3539 inspirata
340 3479 693 3547 procedunt!
738 3481 916 3535 Credo
945 3482 1094 3536 enim
1126 3500 1237 3537 non
1265 3500 1298 3537 a
1328 3490 1384 3537 te
1414 3466 1510 3538 sed
1545 3503 1644 3556 pro

77 3558 272 3618 tedicta
315 3582 437 3620 esse
480 3585 604 3639 quae
648 3569 966 3641 scripseras.
999 3572 1213 3626 Revera
1240 3590 1337 3643 per
1374 3591 1434 3626 os
1478 3580 1640 3628 tuum

76 3642 257 3704 locutus
286 3660 370 3709 est
397 3656 516 3722 ille,
551 3658 647 3727 qui
674 3659 964 3730 discipulis
992 3661 1108 3715 suis
1134 3662 1216 3715 ait
1246 3642 1262 3714 7:
1303 3682 1325 3713 ι
1371 3662 1579 3717 Discite
1608 3681 1642 3717 a

77 3746 145 3785 me
184 3740 271 3807 qui
322 3743 476 3798 mitis
526 3763 651 3800 sum
702 3754 758 3801 et
808 3749 1039 3803 humilis
1091 3752 1275 3805 corde.
1326 3772 1348 3805 ι
1401 3753 1480 3806 De
1537 3753 1640 3805 hac

75 3819 247 3880 Christi
307 3832 601 3905 disciplina
666 3842 939 3908 processit
1001 3841 1168 3911 quod,
1228 3842 1401 3912 regali
1465 3842 1638 3912 stirpe

73 3916 341 3986 Progenita,
392 3924 662 3993 regaliter
704 3927 957 3993 educata,
1000 3929 1170 3983 nobili
1213 3931 1335 4000 regi
1376 3931 1640 3985 nobiliter

72 4004 311 4090 fonulata,
345 4027 435 4065 me
486 4012 771 4069 hominem
802 4024 1150 4085 extraneum,
1181 4020 1369 4090 vilem,
1413 4020 1637 4090 ignobi-

71 4084 174 4181 letil,
215 4101 447 4164 peccatis
498 4102 832 4171 involutum,
874 4106 934 4160 in
978 4114 1198 4178 patrem
1240 4084 1637 4181 eligisjteque

72 4176 183 4233 mihi
205 4183 258 4237 in
282 4187 454 4244 ﬁliam
475 4190 846 4262 spiritualiter
872 4176 1186 4251 habendam
1214 4176 1480 4269 precaris.
1510 4176 1629 4254 an

2022 3293 2101 3337 AD
2146 3292 2628 3340 ARCBIDIACONOS
2669 3294 3061 3342 BAJOCBNSES.

1800 3410 2190 3476 LANFRANCUS,
2218 3412 2484 3481 indignus
2504 3413 2758 3479 antistes,
2790 3419 2996 3469 sanctae
3016 3414 3334 3486 Bajocensis

1728 3497 1996 3552 Ecclesiae
2028 3500 2437 3554 archidiaconis
2466 3502 2726 3556 salutem.

1799 3588 2075 3641 Indicavit
2105 3588 2243 3643 mihi
2275 3590 2478 3644 litteris
2509 3591 2627 3645 suis
2652 3592 3098 3646 Constantiensis
3126 3594 3337 3664 episco-

1724 3692 1829 3746 pus
1859 3678 2160 3746 quemdam
2194 3679 2588 3749 presbyterum
2632 3680 2775 3734 villae
2804 3698 2939 3744 suae,
2980 3682 3035 3735 in
3068 3683 3333 3753 parochia

1722 3770 1908 3818 vestra
1972 3766 2119 3830 sitae,
2190 3768 2451 3821 manibus
2508 3769 2624 3822 suis
2680 3768 2877 3823 fecisse
2936 3770 3325 3838 homicidium,

1722 3871 1849 3908 cum
1906 3861 2105 3908 contra
2162 3856 2503 3910 moriturum
2551 3875 2610 3911 se
2662 3858 2973 3912 defenderit
3013 3865 3067 3912 et
3110 3865 3329 3930 patrem

1722 3960 1909 3998 suum.
1942 3944 2174 3997 Addidit
2204 3962 2426 4016 quoque
2455 3947 2752 4000 consilium
2795 3963 2983 4001 meum
3028 3963 3197 4018 super
3222 3946 3328 4003 hac

1720 4048 1783 4085 re
1806 4049 1902 4085 vos
1933 4032 2072 4087 velle
2102 4033 2329 4099 habere,
2355 4034 2400 4088 si
2426 4035 2512 4088 vel
2539 4051 2850 4106 nunquam,
2882 4036 2967 4089 vel
2997 4042 3125 4107 post
3156 4052 3330 4108 quan-

1720 4126 1841 4176 tum
1885 4123 2156 4193 temporis
2194 4124 2425 4178 missam
2477 4124 2772 4179 homicidm
2810 4123 2977 4180 liceat
3018 4125 3323 4181 celebrare.

1719 4209 2061 4274 Periculose,
2094 4212 2301 4266 fratres
2330 4213 2461 4277 mei,
2507 4230 2539 4267 a
2584 4230 2673 4267 me
2715 4214 2784 4268 de
2812 4215 2917 4268 hac
2961 4232 3022 4268 re
3051 4215 3206 4270 vobis
3234 4233 3325 4271 re-

72 4278 170 4376 i]?
198 4275 334 4342 Ψιοά
352 4284 540 4347 Ρυιθεν
581 4282 680 4336 88d
706 4283 811 4336 Sim
855 4284 987 4376 quia
1031 4292 1214 4376 putas-
1266 4288 1351 4341 Ne
1398 4288 1633 4360 decepta
1715 4300 2025 4369 spondetur
2050 4318 2060 4351 :
2089 4317 2216 4353 cum
2238 4318 2369 4355 reus
2393 4275 2587 4374 reique
2611 4302 2728 4357 vita
2752 4320 2787 4357 a
2810 4321 2899 4358 me
2921 4305 3146 4376 penitus
3170 4305 3326 4376 igno-

71 4366 340 4432 remaneas,

370 4383 471 4421 ora
497 4386 597 4440 pro
637 4388 727 4425 me
772 4378 834 4427 ut
875 4373 979 4427 sim
1019 4375 1224 4445 dignus
1272 4382 1431 4446 pater
1468 4395 1630 4433 orare
1713 4393 1888 4442 retur.
1910 4388 2090 4451 Quam
2106 4388 2152 4441 si
2171 4396 2271 4444 aut
2290 4391 2520 4461 propria
2544 4392 2907 4465 experientia,
2923 4400 3022 4448 aut
3042 4393 3323 4449 veracium

498 4437 515 4440 —
1077 4437 1110 4445 -ν
1273 4437 1287 4446 -
1713 4437 1729 4440 -
1752 4437 1857 4442 vn"
1879 4437 1888 4440 —
1920 4437 2090 4451 νν--τ--
2107 4437 2152 4441 --
2172 4437 2271 4444 π-ν
2290 4437 2345 4461 r-
2364 4437 2520 4461 τιν’-’-
2547 4437 2699 4465 ν-Ί-ν·
2714 4437 2907 4460 ’νυ-’δ”
2923 4437 3022 4448 *νιν
3054 4437 3127 4448 ’ν’
3141 4437 3323 4449 υνηιιιιι

71 4437 213 4499 Deum
236 4458 293 4548 ξπ
318 4457 571 4548 Ῠπδυάίτί
599 4476 666 4530 Pr
668 4478 700 4514 0
731 4468 806 4515 te.
843 4464 1177 4519 orationum
1222 4472 1283 4519 et
1309 4466 1676 4548 benefact0-_
1713 4476 1987 4530 relatione
2018 4478 2300 4547 cognitam
2332 4486 2602 4547 tenerem,
2638 4482 2824 4537 multo
2853 4484 3030 4537 tutius
3060 4483 3327 4538 fraterni-

72 4543 172 4642 mtli‘
208 4542 276 4592 sit
319 4542 467 4599 inter
510 4563 613 4602 nos
668 4566 965 4606 commune
995 4555 1415 4610 commercium.
1448 4557 1625 4609 Parva

1736 4565 1819 4620 eti
1848 4571 2044 4620 vestrae
2092 4567 2162 4619 de
2212 4573 2372 4621 tanta
2418 4586 2480 4623 re
2527 4572 2865 4642 respondere
2911 4574 3177 4627 valerem.
3210 4573 3322 4629 Vos

73 4620 257 4685 (lnidem
293 4631 495 4700 tribuo,
528 4636 625 4690 sed
671 4639 849 4693 multo
882 4642 1098 4711 majora
1129 4659 1220 4697 me
1267 4651 1624 4716 recepturum

72 4720 164 4762 esse
200 4720 421 4776 confido.
466 4724 678 4781 Dehinc
726 4728 897 4798 igitur
943 4730 1051 4784 sim
1083 4738 1243 4802 pater
1269 4738 1423 4799 tuus,
1467 4740 1524 4788 et
1560 4740 1624 4788 tu

72 4807 169 4890 nteit
193 4804 296 4859 ﬁlia
333 4817 469 4865 esto.
506 4814 666 4869 Mitto
691 4818 939 4887 glorioso
975 4820 1092 4873 viro
1118 4827 1216 4876 tuo
1248 4828 1306 4875 et
1356 4822 1457 4876 tibi
1487 4824 1620 4877 cha-

70 4888 306 4949 Iissimum
329 4899 557 4956 fratrem
588 4912 864 4969 nostrum,
891 4909 1182 4964 dominum
1208 4912 1622 4980 Goldewinum,

70 4980 327 5071 fecundum
356 4990 681 5059 petitionem
721 5000 898 5058 tuam,
924 4997 1064 5052 alios
1095 5015 1317 5071 quoque
1345 5000 1486 5054 duos
1515 5000 1621 5054 fra-

70 5061 174 5127 tres»
224 5075 344 5141 quia
391 5082 538 5149 quod
589 5082 658 5136 de
706 5085 931 5139 servitio
988 5061 1199 5142 Dei-et
1222 5061 1434 5143 -vestro
1498 5089 1621 5143 ﬁeri

69 5161 266 5250 έβοηθῐ,
303 5167 450 5222 solus
480 5170 597 5241 ipse
641 5189 743 5243 per
788 5191 848 5228 se
896 5177 1118 5247 explere
1165 5195 1280 5232 non
1325 5184 1530 5250 posset,
1566 5185 1623 5232 et

69 5248 175 5307 r080
214 5252 548 5329 multumque
592 5276 729 5332 rogo
779 5270 1059 5334 quatenus
1107 5268 1256 5338 quod
1287 5248 1388 5338 pro
1422 5269 1535 5323 Deo
1568 5273 1624 5322 et

69 5338 146 5425 Ρξξο
174 5338 443 5401 animabus
474 5351 671 5405 vestris
713 5354 976 5425 ccepistis,
1012 5355 1292 5410 instanter
1335 5365 1391 5411 et
1438 5358 1623 5412 efﬁca-

70 5422 178 5471 cner
204 5432 452 5494 perficere
479 5440 772 5509 studeatis,
797 5422 890 5507 et,
929 5444 977 5497 si
1015 5446 1253 5515 possetis
1277 5452 1377 5501 aut
1400 5448 1618 5502 velletis

204 5524 430 5579 Vestrum
458 5542 558 5597 per
580 5530 722 5584 alios
761 5532 1094 5604 adimplere,
1126 5536 1305 5591 multo
1341 5536 1620 5592 desiderio

70 5594 292 5660 Vellem
330 5611 432 5669 hos
458 5594 681 5683 intres
723 5594 949 5677 nostros
996 5594 1091 5678 ad-
1112 5641 1215 5682 nos
1241 5625 1449 5696 redire,
1490 5627 1624 5698 quia

1707 4653 1905 4723 igitur,
1940 4671 2180 4724 quorum
2212 4657 2383 4710 ofﬁcii
2430 4658 2488 4712 id
2538 4658 2796 4728 interest,
2839 4661 3009 4715 vitam
3041 4663 3160 4732 ejus
3196 4680 3322 4734 per-

1707 4742 1939 4812 quirite;
1974 4743 2232 4799 videlicet
2272 4746 2552 4816 quomodo
2595 4748 2813 4813 vixerit,
2840 4752 3119 4820 quomodo
3148 4752 3316 4818 vivat,

1707 4831 1755 4885 si
1783 4832 2076 4886 humiliter
2115 4834 2406 4903 pceniteat,
2441 4835 2488 4888 si
2519 4836 2726 4902 doleat,
2759 4838 2807 4892 si
2836 4839 3044 4909 lugeat,
3079 4840 3319 4895 maxime

1705 4921 1752 4973 si
1792 4921 2107 4976 castitatem
2160 4923 2232 4977 ad
2284 4924 2455 4979 ﬁnem
2514 4925 2641 4979 vitae
2695 4943 2811 4981 sua:
2852 4934 3207 4983 servaturum
3258 4945 3317 4984 se

1705 5026 1826 5063 esse
1853 5010 2168 5080 promittat.
2202 5013 2332 5067 Haec
2354 5017 2433 5079 ‘et
2474 5013 2800 5083 hujusmodi
2843 5017 2957 5069 alia
2992 5017 3316 5088 paenitentis

1704 5097 1917 5152 indicia
1940 5117 1951 5151 :
1972 5099 2021 5153 si
2050 5100 2108 5154 in
2132 5118 2196 5155 eo
2220 5118 2341 5157 esse
2365 5103 2866 5175 deprehenderitis,
2890 5112 3115 5176 peracta
3139 5107 3318 5178 ι)ωηὶ-

1706 5187 1886 5242 tentia
1915 5188 2198 5243 licentiam
2221 5190 2542 5247 celebrandi
2565 5193 2795 5248 missam
2819 5194 2953 5249 dare
2975 5195 3025 5250 ei
3045 5196 3311 5266 potestis;

1706 5277 1955 5348 alioquin
1981 5279 2360 5349 periculosum
2393 5282 2547 5337 vobis
2576 5288 2633 5338 et
2663 5283 2744 5337 illi
2772 5284 3151 5356 perniciosum
3181 5287 3309 5353 erit,

1706 5365 1753 5419 si
1801 5367 2030 5437 pollutis
2073 5369 2335 5424 manibus
2380 5388 2585 5443 corpus
2635 5372 2845 5427 Christi
2884 5379 2940 5427 et
2983 5375 3314 5446 sanguinem

1702 5456 2053 5511 sanctiﬁcare
2104 5461 2541 5530 praesumpserit.
2603 5461 2971 5533 Omnipotens
3020 5463 3171 5520 Deus
3218 5483 3314 5521 vos

1703 5543 2017 5609 benedicat,
2057 5550 2115 5601 et
2149 5547 2221 5603 de
2251 5552 2479 5620 pastore
2521 5555 2709 5605 vestro
2748 5551 3128 5609 desideratam
3157 5554 3315 5612 vobis
