3892 6390
585 338 686 397 551
1773 339 2013 396 DOMNI
2049 339 2122 395 LI

2298 338 2666 397 DACHERII.
3730 341 3811 401 ιη

1292 463 1488 521 LXIII.
2204 465 2329 526 Ain
2359 465 2792 536 eleemosynam,
2824 479 2953 521 cum
2993 462 3256 520 omnibus
3299 463 3372 520 ad
3407 464 3653 522 eamdem
3678 467 3814 523 eccle-

657 571 903 617 cnaan
948 570 1267 617 CANONICIS
1311 571 1389 615 nn
1432 570 1754 616 causam
1803 570 2119 617 concussa.
2269 554 2409 609 siam
2438 554 2868 625 pertinentibus,
2900 552 3016 608 sive
3050 553 3111 607 in
3138 551 3326 617 terris,
3372 553 3486 609 sive
3526 554 3583 609 in
3624 555 3814 611 decimis

659 651 1064 718 memcus,
1092 651 1194 706 Dei
1233 651 1419 722 gratia
1461 648 1883 706 Cantuariensi’s
1911 649 2189 722 archiepi-
2268 643 2357 697 vel
2402 642 2528 697 aliis
2578 642 2920 714 quibuslibet
2962 641 3247 697 beneﬁciis
3280 661 3291 697 :
3324 642 3576 698 Testibus
3617 644 3815 714 Rogerio

587 756 810 812 scapus,
832 744 1133 795 WALTERO
1159 740 1571 807 archidiacono,
1602 740 1818 811 totique
1847 740 2092 811 capitulo
2119 739 2189 793 de
2270 731 2340 785 de
2369 732 2545 786 Ponte
2574 732 2863 804 episcopo;
2894 731 3175 786 \Valarico
3198 733 3266 786 de
3286 732 3607 787 Wroteham
3630 751 3643 799 ;
3670 733 3816 787 Alano

583 829 834 886 Lenham
864 830 1123 884 salutem.
2270 822 2340 875 de
2368 822 2585 886 Wellis,
2607 820 2829 875 Joanne
2870 822 2941 875 de
2986 821 3328 889 Cantuaria;
3357 821 3585 888 Tboma,
3614 821 3679 875 de
3706 822 3819 875 Lon-

658 917 1028 973 Concedimus
1075 921 1132 972 et
1178 917 1470 988 pmsentis
1519 917 1727 971 chartae
1757 916 1960 988 pagina
1989 916 2187 970 conﬁr.
2266 908 2454 976 donia,
2483 910 2727 978 clericis;
2760 909 2998 964 Ricardo
3040 908 3110 963 de
3138 909 3434 978 Gravenel,
3466 908 3691 980 Hugone
3715 924 3819 980 pas-

584 1023 807 1062 mamus
835 1004 1124 1061 ecclesiam
1157 1005 1425 1061 Omnium
1458 1006 1793 1061 Sanctorum
1834 1005 1903 1059 de
1931 1005 2184 1060 Gravene
2265 998 2499 1070 soriere,
2525 1000 2742 1054 Joanne
2770 1015 3056 1056 converso.

582 1095 864 1151 canonicis
891 1093 1246 1166 regularibus
1272 1095 1489 1150 Sanctae
1517 1093 1708 1150 Mariae
1736 1093 1806 1148 de
1832 1093 2180 1160 Suthwerca,

581 1339 3807 1375 ..Μ

1140 1533 1747 1656 DOMNI
1807 1530 2337 1653 LUGE
2407 1525 3301 1651 DAGHBBH

1808 1760 2146 1818 MONACHI
2182 1758 2653 1816 BENEDICTINI

585 1957 700 2049 1N
761 1951 1375 2048 EPISTOLAS
1447 1950 1547 2044 B.
1590 1945 2252 2044 LANFIiAiCI
2300 1916 2634 2041 Nom:
2709 1948 2842 2040 ar
2923 1944 3825 2043 onsaavn'nomgs

653 2289 1046 2352 εδει-εει
1087 2284 1155 2342 Β.
1182 2282 1558 2338 Lanfrancum
1595 2280 1862 2352 epistolas
1896 2279 2246 2353 scripsisseB
2267 2295 2395 2334 cum
2435 2279 2840 2335 monasterium
2879 2280 2940 2335 in
2983 2280 3335 2336 Normannia
3370 2281 3542 2337 situm
3568 2298 3601 2336 a
3637 2280 3827 2336 ﬂuviolo

583 2379 847 2428 constans
866 2378 954 2427 est
971 2371 1309 2437 omnium,et
1328 2376 1576 2425 veterum
1591 2374 1648 2423 et
1660 2368 2184 2433 recentiorum,sen-
2265 2369 2626 2423 interﬂuente
2655 2386 2862 2424 nomen
2890 2369 3125 2442 accipit:
3170 2370 3459 2426 Gilbertus
3489 2371 3757 2443 Crispinus
3782 2369 3826 2421 in

584 2461 784 2516 tentia.
807 2461 885 2515 Ex
906 2459 1319 2531 antiquioribus
1347 2460 1528 2512 instar
1555 2457 1807 2512 omnium
1830 2457 1940 2511 erit
1958 2457 2191 2512 Guillel—
2269 2457 2400 2511 Vita
2446 2458 2507 2512 B.
2561 2457 2818 2513 Herluini
2874 2457 3187 2513 fundatoris
3231 2459 3485 2530 ejusdem
3526 2457 3760 2525 coanobii,
3785 2462 3828 2511 et

584 2566 712 2605 mus
736 2548 1246 2604 blalmesburiensis
1271 2546 1604 2612 monachus,
1626 2546 1722 2618 qui
1740 2545 1796 2600 in
1816 2545 1992 2615 gestis
2008 2544 2193 2616 ponti-
2271 2547 2586 2601 Chronicon
2615 2548 2890 2604 Beccense
2917 2564 3046 2619 pag.
3079 2548 3128 2602 ‘l.
3154 2566 3182 2601 α
3213 2549 3289 2602 At
3317 2549 3526 2615 verius,
3557 2546 3728 2618 inquit
3750 2545 3829 2598 Pa-

582 2639 751 2693 ﬁcum
768 2638 1075 2709 Anglorum
1093 2636 1192 2691 lib.
1217 2650 1259 2702 I,
1281 2634 1641 2698 fol.’l‘.’l,‘.’.n.
1669 2634 1751 2701 ‘lO,
1768 2634 2031 2688 editionis
2049 2633 2191 2688 Lon-
2270 2636 2447 2707 pirius
2477 2637 2714 2702 Masson,
2747 2636 2807 2690 in
2833 2636 3206 2707 descriptione
3257 2637 3555 2692 ﬂuminum
3584 2635 3761 2691 Gallia.
3784 2632 3828 2686 in

584 2727 891 2793 doniensis,
916 2727 986 2781 de
1006 2725 1243 2797 epistola
1263 2724 1316 2793 2,
1340 2723 1661 2778 Alexandro
1691 2739 1913 2777 summo
1939 2721 2189 2794 pontiﬁci
2270 2724 2477 2795 Ligeri,
2532 2742 2705 2796 agens
2739 2726 2808 2780 de
2853 2725 3090 2792 Elaveri,
3123 2726 3328 2781 Beccus
3371 2726 3580 2781 dicitur
3612 2734 3828 2779 veterum

583 2815 853 2886 inscripta
885 2814 962 2869 sic
989 2813 1268 2886 loquitur:
1307 2832 1332 2863 α
1370 2813 1657 2867 Sermonis
1685 2812 2074 2882 hujuscemodi
2101 2828 2190 2866 ve-
2270 2813 2561 2891 Gallorum
2616 2830 2717 2868 seu
2768 2815 3053 2869 Danorum
3108 2815 3301 2885 lingua.
3354 2831 3518 2887 aqua;
3556 2830 3738 2869 cursus
3783 2812 3830 2863 in

583 2905 741 2960 ritati
766 2903 1010 2960 assensit
1037 2902 1276 2975 epistola
1301 2901 1462 2956 initio
1491 2906 1731 2973 papatus
1760 2901 2023 2971 Angliam
2043 2901 2190 2955 dire-
2268 2902 2440 2955 alium
2474 2901 2705 2957 ﬂuvium
2729 2903 2950 2957 intrans
2973 2918 2986 2953 :
3016 2922 3040 2956 ))
3067 2903 3273 2974 quippe
3292 2904 3401 2957 hoc
3427 2904 3483 2958 in
3512 2904 3628 2958 loco
3651 2898 3828 2956 ﬂuvioli

582 3001 693 3062 cta,
725 3009 847 3065 quae
879 2992 1026 3046 inter
1054 2990 1319 3062 epistolas
1344 2989 1643 3044 Lanfranci
1669 2989 2016 3060 reperitur.»
2042 2988 2182 3042 Item
2267 2990 2379 3044 duo
2408 2995 2646 3054 exstant,
2682 3008 2922 3063 quorum
2952 2992 3096 3046 alter
3123 2992 3309 3047 inﬂuit
3335 2992 3398 3047 in
3426 2994 3681 3047 alterum.
3711 2990 3830 3044 Fun-

582 3084 677 3138 iol.
706 3081 824 3147 122,
849 3084 902 3143 '2,
934 3097 991 3135 n.
1033 3078 1104 3137 30
1134 3095 1146 3130 :
1179 3098 1206 3131 «
1239 3080 1366 3150 Ipse
1395 3078 1741 3133 Lanfrancus
1769 3094 1948 3148 pauca
1974 3076 2185 3149 ingenii
2265 3078 2509 3134 dationis
2538 3085 2730 3134 autem
2758 3080 2991 3135 celebris
3020 3081 3253 3152 hujusce
3283 3078 3610 3137 monasterii
3637 3080 3743 3135 haec
3764 3081 3829 3131 est

580 3172 668 3227 sui
724 3171 1075 3226 monimenta
1122 3168 1371 3239 reliquit,
1423 3167 1731 3222 decretales
1787 3166 2070 3238 epistolas,
2127 3170 2186 3221 et
2265 3165 2447 3222 brevis
2474 3168 2674 3224 forma.

578 3260 921 3332 praecipuam
952 3262 1148 3312 contra
1176 3255 1601 3326 Berengarium.
1637 3274 1660 3307 ι
1695 3254 1802 3319 Qui
1831 3255 1901 3309 de
1929 3255 2181 3327 epistolis
2338 3274 2361 3306 ι
2394 3256 2605 3310 Notum
2634 3256 2707 3311 sit
2731 3257 2992 3313 omnibus
3022 3258 3355 3313 Christianae
3383 3257 3666 3330 religionis
3686 3256 3832 3311 culto-

579 3348 798 3424 praefati
819 3344 1230 3418 archipraesulis
1255 3351 1431 3415 agunt
1454 3343 1742 3409 neoterici,
1764 3343 2073 3399 indicatum
2095 3350 2183 3401 est
2261 3342 2437 3410 ribus,
2487 3344 2635 3416 quod
2681 3362 2785 3416 ego
2833 3346 3005 3402 abbas
3054 3347 3358 3403 Herluinus
3407 3349 3557 3403 ﬁlius
3605 3343 3830 3415 Ansgoti,

581 3435 1040 3495 annotationibus
1070 3434 1140 3489 ad
1170 3433 1377 3500 Vitam,
1405 3449 1534 3504 pag.
1559 3431 1647 3499 41,
1680 3432 1764 3486 lit.
1793 3449 1836 3486 ε.
2261 3432 2578 3488 astantibus
2615 3439 2674 3489 et
2700 3435 3060 3491 laudantibus
3098 3436 3366 3492 fratribus
3410 3438 3550 3492 meis
3588 3436 3766 3493 Odone
3789 3436 3834 3485 et

1123 3540 1204 3586 AD
1248 3538 1587 3583 EPISTOLAM
1631 3538 1675 3582 ι.
2262 3521 2522 3591 Rogerio,
2548 3522 2782 3593 jubente
2824 3524 3129 3580 Gilleberto
3173 3525 3400 3592 comite,
3434 3531 3492 3581 et
3517 3526 3754 3592 Alberto,
3789 3527 3833 3574 et

648 3616 962 3672 Alexandro
976 3629 1146 3683 papae.
1165 3614 1431 3667 Sanctum
1453 3611 1771 3681 pontiﬁcem
1800 3610 2180 3666 Alexandrum
2200 3646 2244 3706 C
2265 3609 2563 3682 Ranulpho
2583 3613 2985 3681 consentiente,
3007 3614 3251 3669 Roberto
3274 3615 3502 3683 comite,
3535 3622 3592 3670 et
3619 3612 3831 3670 Roberto

579 3706 684 3761 hoc
728 3703 957 3760 nomine
997 3702 1324 3767 secundum,
1359 3700 1692 3755 Guillelmus
1730 3700 2094 3755 Pictaviensis
2121 3701 2180 3755 in
2207 3699 2701 3774 'archiepiscopo,
2742 3703 2945 3757 donavi
2986 3705 3204 3759 Sancta;
3249 3704 3442 3759 Mariae
3484 3703 3702 3759 tertiam
3729 3714 3834 3772 par-

579 3796 757 3868 gestis
799 3791 1083 3849 Guillelmi
1126 3791 1302 3856 ducis,
1345 3796 1405 3845 et
1447 3791 1595 3860 regis
1643 3788 1977 3860 Anglorum,
2030 3789 2183 3844 inter
2261 3797 2378 3843 tem
2419 3795 2583 3844 terrae
2610 3791 2680 3844 de
2731 3793 3066 3859 Burnerilla,
3098 3800 3156 3848 et
3192 3793 3297 3848 hoc
3332 3795 3484 3864 quod
3526 3791 3752 3867 pertinet
3776 3785 3832 3840 ad

581 3885 883 3957 scriptores
944 3880 1208 3937 Historia:
1252 3879 1775 3935 Northmannorum
1821 3878 1891 3932 ab
1955 3878 2183 3934 Andrea
2263 3894 2409 3943 eam,
2437 3884 2496 3933 et
2520 3878 2784 3947 Tavileio,
2815 3885 2873 3934 et
2899 3882 2969 3936 de
2998 3883 3248 3950 Surceio,
3286 3889 3344 3938 et
3371 3884 3477 3938 hoc
3508 3882 3653 3954 quod
3681 3875 3831 3951 perti-

579 3972 900 4031 Duchesnio
920 3971 1119 4036 editos,
1150 3986 1278 4042 pag.
1311 3966 1437 4035 197,
1463 3984 1685 4022 summe
1708 3967 1925 4021 extollit
1951 3966 2010 4021 in
2036 3968 2184 4023 hunc
2264 3973 2362 4021 net
2403 3967 2475 4020 ad
2519 3985 2634 4033 eas,
2668 3974 2725 4022 et
2777 3975 2983 4024 terram
3041 3972 3111 4025 de
3153 3971 3406 4036 Sarnaio,
3458 3979 3513 4027 et
3563 3972 3662 4025 hoc
3705 3961 3829 4038 quod

579 4064 808 4119 modum
845 4080 859 4117 :
893 4080 916 4112 ι
949 4061 1005 4115 1s
1032 4058 1232 4131 praesul
1273 4056 1579 4121 Luciensis,
1614 4072 1740 4110 cum
1771 4055 2030 4110 altiorem
2059 4073 2185 4128 gra-
2263 4054 2511 4126 pertinet
2537 4056 2609 4110 ad
2646 4073 2791 4125 eam,
2824 4075 2949 4130 quae
2976 4060 3259 4131 Ansgotus
3284 4066 3448 4132 pater
3477 4077 3631 4115 meus
3659 4057 3711 4112 in
3738 4054 3831 4107 vita

579 4153 716 4207 dum
748 4150 1098 4215 .nullatenus
1144 4151 1455 4218 appeteret,
1507 4144 1754 4200 violento
1805 4144 2179 4216 plurimorum
2263 4160 2365 4199 sua
2380 4144 2809 4201 habuit:dotem
2829 4165 3053 4220 quoque
3074 4149 3272 4204 matris
3287 4167 3445 4216 meae,
3458 4149 3685 4221 jubente
3696 4149 3829 4217 patre

578 4255 874 4303 consensu,
907 4251 1145 4308 quorum
1173 4234 1325 4306 apud
1362 4235 1642 4289 Romanos
1666 4239 1801 4288 tunc
1830 4233 2182 4304 praecellebat
2260 4249 2385 4287 meo
2406 4250 2471 4288 ex
2492 4235 2711 4305 integro
2732 4236 2869 4290 mihi
2889 4237 3099 4305 datam,
3126 4255 3315 4292 coram
3333 4239 3572 4294 testibus
3594 4235 3827 4293 Fulberto

579 4327 906 4393 auctoritas,
948 4324 1163 4395 ingenti
1190 4323 1423 4378 concilio
1461 4321 1822 4387 assentiente,
1853 4321 1911 4374 in
1940 4336 2007 4374 eo
2036 4321 2182 4375 loca-
2241 4317 2567 4388 sacerdote,
2594 4324 2797 4393 Vitale,
2832 4326 3123 4393 Rainaldo,
3152 4333 3209 4382 et
3235 4328 3362 4382 aliis
3389 4329 3609 4386 multis.
3647 4344 3673 4379 ι

578 4422 672 4473 tus
700 4414 966 4488 primatu,
1009 4429 1118 4485 quo
1148 4412 1450 4485 praesulum
1480 4409 1632 4464 orbis
1665 4415 1830 4463 terra!
1872 4419 2043 4480 caput
2069 4410 2180 4464 exi-
2331 4412 2615 4484 Quidquid
2657 4414 2728 4468 ad
2773 4431 2863 4469 res
2905 4416 3196 4471 Beccensis
3250 4417 3575 4472 monasterii
3620 4414 3823 4487 spectat.

578 4511 755 4562 steret
780 4510 950 4576 atque
977 4502 1265 4573 magister.
1296 4499 1667 4555 Allectionem
1697 4498 1841 4552 hanc
1879 4498 2178 4557 sanctitate
2258 4500 2479 4556 docebit
2506 4502 2821 4557 Chronicon
2852 4503 2912 4558 in
2954 4505 3261 4576 appendice
3302 4506 3566 4576 operibus
3609 4505 3667 4559 Β.
3709 4504 3824 4557 Lan-

577 4600 857 4651 memorat
883 4600 1053 4665 atque
1081 4591 1355 4646 doctrina.
1379 4590 1487 4643 Per
1514 4588 1707 4642 eadem
1736 4591 1863 4657 post
1885 4588 1956 4642 ad
1988 4584 2176 4642 ortum
2257 4588 2435 4643 franci
2449 4588 2780 4660 subjectum,
2805 4592 3156 4647 solummodo
3178 4592 3566 4649 immunitates
3586 4590 3825 4665 quasdam

577 4686 711 4741 solis
739 4691 796 4740 et
838 4698 1097 4738 occasum
1125 4677 1445 4750 eﬂulgebat.
1478 4678 1674 4748 Neque
1702 4692 1898 4730 cursus
1936 4676 2175 4730 limitem
2257 4694 2290 4733 a
2330 4668 2873 4748 Rothomageiisibus
2900 4680 3298 4753 archiepiscop.
3336 4683 3653 4747 Guillelmo,
3684 4686 3829 4747 atque

575 4776 660 4833 sol
689 4772 1096 4830 immutabilius
1145 4775 1370 4834 natura,
1423 4782 1592 4837 quam
1640 4781 1742 4837 per
1785 4764 2034 4820 veritatis
2080 4765 2176 4821 ille
2259 4767 2514 4838 Hugone,
2537 4783 2754 4822 necnon
2783 4774 2892 4823 eta
2914 4770 3212 4825 Caelestino
3237 4788 3385 4843 papa
3410 4772 3581 4827 tertio
3611 4767 3829 4825 indultas

576 4867 851 4922 directum
878 4860 1150 4917 tendebat
1190 4857 1303 4911 vita
1336 4873 1348 4908 :
1381 4854 1684 4927 quodquod
1720 4853 2044 4926 ubiquaque
2077 4870 2235 4929 per_
2260 4861 2318 4910 et
2341 4857 2702 4912 conﬁrmatas
2730 4857 2975 4929 adjicere
3005 4860 3188 4914 visum
3217 4866 3323 4915 est.

574 4954 852 5012 mundum
898 4949 1103 5023 potuit,
1146 4945 1402 5017 iniquum
1451 4943 1759 5014 corrigens,
1800 4942 1940 4997 nulli
1985 4922 2452 5031 conce-D332
2504 4965 2711 5019 οηανια
2760 4970 3117 5035 “emptionis
3154 4969 3482 5021 monasterii
3508 4971 3557 5021 σε
3586 4960 3833 5035 parochi;

575 5045 736 5101 dens.
773 5060 801 5096 ι
2328 5037 2600 5090 Beccensis
2629 5038 2698 5089 ab
2735 5033 3137 5107 archiepiscopo
3181 5033 3601 5107 Rothomagensi
3637 5037 3696 5090 Β.
3735 5033 3833 5086 An-

641 5136 715 5190 Dc
762 5129 1006 5189 Beccensi
1049 5122 1479 5194 congregatione.
1534 5118 1638 5175 Cui
1684 5118 1903 5191 pridem
1941 5119 2177 5175 dederat
2328 5110 2497 5161 εθινηο
2525 5123 2797 5162 001103338?-

574 5238 802 5290 nomen,
828 5225 998 5290 atque
1026 5216 1084 5270 in
1112 5230 1180 5269 ea
1209 5210 1460 5284 pluribus
1489 5207 1652 5263 annis
1691 5206 2058 5262 monasticam
2084 5208 2169 5263 vi-
2333 5213 2595 5269 Virorum
2634 5215 2999 5285 prudentium
3036 5216 3382 5272 consuetudo
3413 5221 3522 5279 est,
3560 5220 3617 5270 et
3662 5221 3833 5266 eorum

572 5321 692 5369 tam
710 5312 967 5372 duxerat,
998 5323 1028 5357 σι
1052 5318 1277 5359 omnem
1317 5314 1548 5371 Operam
1575 5296 1932 5367 impenderat
1952 5299 2036 5365 (ut
2061 5298 2170 5352 Mi-
2253 5301 2497 5357 maxime
2544 5303 2639 5374 qui
2669 5303 2739 5358 de
2785 5311 2938 5359 statu
2986 5311 3192 5360 sanctae
3223 5305 3476 5360 Ecclesiae
3516 5301 3720 5375 aliquid
3763 5312 3835 5352 ra-

545 5402 722 5458 'lonis
751 5400 871 5471 ejus
914 5391 1207 5466 biographi
1233 5388 1416 5445 verbis
1456 5387 1606 5449 utar)
1634 5384 1828 5455 quieti,
1860 5389 1917 5439 et
1944 5384 2168 5442 silentio
2250 5390 2599 5446 tionabiliter
2625 5392 2950 5464 disponunt,
2980 5410 3050 5449 ne
3074 5410 3174 5465 per
3202 5393 3580 5464 ignorantiam
3610 5391 3690 5445 vel
3716 5384 3833 5442 obli-

579 5490 763 5547 cordis
802 5487 891 5542 sui
931 5481 1151 5540 novalia
1192 5479 1342 5535 verbi
1383 5476 1527 5532 sacri
1555 5473 1813 5530 excoleris
1840 5473 2068 5530 assidua
2094 5476 2180 5531 le-
2260 5479 2482 5535 vionem
2519 5497 2554 5535 a
2594 5482 2824 5554 propria
2853 5483 3121 5538 ﬁrmitate
3150 5483 3455 5554 aliquando
3484 5480 3718 5543 decidat,
3760 5475 3833 5527 in-

576 5579 776 5645 ctione,
812 5575 1054 5646 irrigans
1076 5588 1144 5627 ea
1170 5568 1339 5636 dulci,
1381 5581 1551 5638 quam
1579 5578 1725 5634 saepe
1748 5561 2054 5631 obtinebat,
2088 5565 2174 5620 la-
2257 5567 2576 5641 scriptionis
2596 5571 2931 5627 auctoritate
2949 5573 3194 5627 ﬁrmare.
3218 5572 3328 5627 Sed
3356 5570 3682 5644 episcopalis
3709 5577 3832 5619 cura:

577 5679 897 5741 crymarum
923 5658 1371 5735 compunctione.
1397 5673 1422 5709 »
1447 5654 1673 5721 Beccus,
1692 5665 1880 5725 porro,
1911 5667 2012 5708 seu
2039 5653 2114 5710 Be

2295 5657 2500 5715 fﬁcium
2527 5665 2614 5716 est
2629 5660 2930 5733 diligenter
2947 5677 3252 5736 procurare
3271 5665 3551 5733 quatenus
3572 5656 3832 5714 monaste-
