3892 6396
101 373 185 430 553

95 499 161 551 ria
183 508 440 550 servorum
468 489 562 544 Dei
590 489 650 542 in
672 502 826 559 pace,

96 591 258 649 neant;
289 599 352 635 ne
381 579 571 634 divinis
601 576 796 630 officiis
836 573 1164 642 mancipata
1195 576 1411 623 mentes
1442 565 1630 634 aliqua

93 673 339 727 occasione
365 687 394 722 a
421 685 518 722 suo
547 665 830 737 preposito
869 661 1268 733 impediantur.
1302 659 1419 710 Hac
1460 654 1632 724 igitur

1089 358 1166 411 IN
1205 352 1429 411 EPIST.
1472 351 1536 405 B.
1577 342 1993 403 LANFRANCI
2031 339 2246 397 NOTJE

853 490 910 539 et
939 483 1126 556 quiete
1153 482 1379 536 ﬁrmata
1401 491 1626 550 perma-
1645 475 1695 533 Α
1712 472 1820 526 "ac
1845 465 2400 556 {demdvt’lii'iilﬁgi'fi’i
2418 460 3308 556 fﬁtﬂiez’if‘i’srfjifﬁz‘sﬁe

3203 334 3305 394 554

1778 557 1916 610 pene
1935 531 2193 610 verbisqu
2207 536 2434 610 Ilugone
2460 533 2873 610 Rothomogensi
2890 531 3304 610 archiepiscopo,

1784 605 2080 665 successore
2095 608 2384 663 Guillelmi
2400 620 2552 659 anno
2565 607 2859 659 millesimo
2880 605 3164 658 centesimo
3176 617 3311 671 qua-

1787 683 2094 749 dragesimo
2118 681 2306 746 primo
2334 679 2720 749 conﬁrmatur.

92 759 290 815 rationis
333 755 691 811 aestimatione
745 769 848 822 ego
903 765 1124 821 quoque
1153 746 1487 807 Willelmi“:
1529 740 1630 795 Dei
1719 740 2075 819 Conﬁrv‘matio
2096 740 2511 818 eiusdemtituli
2531 746 2936 802 abAleccandro
2958 761 3106 814 papa
3128 746 3309 799 tertio.

91 849 242 918 gratia
252 842 768 913 Rothomagensium
783 839 1249 910 archiepisc0pus.
1265 833 1468 887 litteris
1481 846 1634 884 man-

92 917 201 991 dare
221 933 440 996 decrevi,
473 939 723 1002 tempore
746 929 1002 983 videlicet
1029 923 1258 980 Roberti
1285 921 1504 976 comitis
1532 917 1633 972 ﬁlii

93 1023 320 1077 Willelmi
361 1021 504 1091 regis
544 1020 872 1090 Anglorum,
905 1015 1054 1086 quod
1089 1011 1349 1067 Beccensi
1379 1007 1635 1063 Ecclesia

93 1121 137 1167 et
159 1113 340 1166 domno
369 1109 629 1164 Anselmo
653 1106 861 1172 abbati,
886 1106 956 1158 ob
989 1101 1357 1156 reverentiam
1383 1097 1636 1168 ejusdem

92 1201 174 1254 loci
188 1207 237 1254 et
249 1200 474 1253 fratrum
499 1196 977 1266 religiosissimam
997 1192 1188 1257 vitam,
1215 1190 1312 1243 sed
1333 1192 1388 1241 et
1410 1191 1638 1257 propter

93 1291 291 1344 salutem
339 1288 536 1342 anima
578 1302 734 1347 mea,
785 1288 1315 1350 antecessorumque
1360 1291 1636 1340 meorum,

92 1394 273 1431 necnon
299 1383 353 1430 et
397 1389 798 1438 successorum,
830 1370 1072 1424 concedo
1119 1374 1184 1422 ut
1224 1366 1470 1421 Ecclesia
1495 1364 1637 1436 ipsa,

93 1469 284 1537 ejusque
309 1465 483 1536 ipsius
510 1463 617 1517 loci
652 1461 934 1533 parochia,
967 1476 1096 1514 cum
1134 1456 1509 1512 residentibus
1541 1471 1641 1525 pa-

92 1554 330 1608 rochianis
347 1553 478 1618 suis,
497 1555 764 1623 perpetuo
785 1550 859 1603 sit
883 1549 1057 1602 libera
1077 1548 1146 1601 ab
1169 1546 1322 1601 omni
1343 1543 1644 1616 episcopali

92 1643 354 1708 exactione,
394 1647 598 1712 prater
642 1656 709 1693 ea
743 1656 867 1710 quae
898 1637 967 1691 ab
998 1635 1297 1708 episcopali
1327 1634 1507 1688 officio
1545 1632 1646 1685 ad-

90 1731 358 1784 ministrari
397 1746 512 1783 non
556 1734 792 1798 possunt
822 1745 832 1780 :
876 1732 942 1780 ut
968 1731 1054 1779 est
1081 1724 1382 1778 monachos
1412 1721 1497 1775 vel
1527 1721 1646 1774 cle-

1783 841 2132 895 ALEXANDER
2163 837 2474 908 episcOpus,
2501 850 2693 890 servus
2732 850 3022 889 servorum
3064 833 3185 899 Dei,
3225 831 3315 887 di-

1715 929 1872 984 lectis
1901 929 2030 982 ﬁliis
2057 928 2304 981 ROGERIO
2351 924 2559 992 abbati,
2606 929 2664 979 et
2711 923 2978 978 fratribus
3020 920 3312 976 Beccensis

1717 1016 2044 1074 monasterii
2071 1016 2332 1082 salutem,
2367 1020 2425 1068 et
2452 1013 2814 1084 apostolicam
2841 1011 3311 1068 benedictionem.

1789 1109 1867 1162 Ex
1891 1105 2162 1176 rescripto
2183 1103 2555 1176 quarumdam
2579 1102 2894 1157 litterarum
2921 1099 3079 1155 bona
3106 1115 3316 1154 memo-

1717 1197 1814 1251 ria
1829 1195 2103 1250 Willelmi
2123 1193 2405 1265 quondam
2427 1191 2895 1262 Rothomagensis
2909 1187 3315 1260 archiepiscopi

1720 1284 1880 1339 nobis
1909 1282 2172 1349 innotuit,
2204 1287 2310 1336 etc.
2346 1282 2466 1335 Vide
2501 1283 2566 1334 in
2595 1281 2908 1334 Αἰθέραηάτο
2933 1281 3022 1335 ΙΙΙ
3039 1281 3188 1333 inter
3212 1279 3313 1334 Pa-

1725 1376 1963 1442 trologiac
1990 1373 2278 1427 volumina
2300 1371 2550 1439 proxime
2577 1370 2801 1423 edenda.

1890 1465 2081 1527 333
2109 1461 2380 1515 Caelestini
2402 1473 2556 1526 papae
2583 1459 2738 1511 tertii
2758 1458 3144 1526 privilegium.

1798 1552 2149 1607 C(ELESTINUS
2186 1549 2495 1620 episc0pus,
2529 1563 2722 1602 servus
2757 1562 3050 1602 servorum
3078 1545 3200 1613 Dei,
3231 1544 3319 1600 di-

1727 1642 1884 1697 lectis
1921 1639 2050 1693 ﬁliis
2096 1639 2358 1693 Gaurano
2388 1636 2578 1691 abbati
2626 1640 2684 1690 et
2720 1635 3018 1690 conventui
3057 1633 3320 1692 Beccensi

1729 1731 1988 1794 salutem,
2018 1733 2076 1782 et
2101 1726 2462 1798 apostolicam
2485 1724 2952 1779 benedictionem.

90 1819 205 1872 ricos
229 1819 499 1883 ordinare,
533 1817 803 1870 Ecclesias
831 1814 1209 1878 reconciliare,
1255 1788 1708 1883 paenitentiamB
1800 1788 2166 1873 sacrosancta
2209 1815 2463 1870 Romana
2502 1814 2767 1880 Ecclesia,
2810 1818 2916 1870 etc.
2961 1815 3082 1870 Vide
3123 1817 3188 1870 in
3217 1814 3324 1871 ϐω·

89 1906 326 1976 publicam
339 1907 470 1960 dare
480 1946 494 1969 ,
510 1912 566 1959 et
579 1904 898 1974 hujusmodi
913 1903 1248 1973 panitentes
1263 1898 1639 1954 reconciliare:

91 2001 168 2048 aut
192 1996 297 2056 illa,
327 1994 711 2065 paenitentiam
761 1993 1053 2056 occultam,
1087 2007 1210 2060 qua
1252 1989 1372 2043 sine
1414 1985 1645 2040 consilio

93 2083 296 2153 episcopi
345 2082 464 2135 dari
523 2098 633 2134 non
694 2085 893 2150 potest,
955 2077 1349 2141 determinare,
1402 2075 1645 2128 chrisma

95 2187 294 2240 quoque,
314 2177 369 2224 et
397 2172 586 2224 oleum
605 2169 884 2233 tribuere;
912 2173 974 2220 ut
1001 2167 1060 2219 in
1091 2165 1243 2219 brevi
1271 2170 1470 2218 cuncta
1497 2180 1648 2217 com-

93 2259 284 2328 plectar,
315 2257 644 2312 monasterii
675 2262 732 2309 et
759 2255 994 2320 abbatis,
1019 2259 1186 2324 prout
1215 2253 1391 2316 decet,
1426 2268 1650 2305 omnem

93 2350 386 2417 pastoralem
409 2363 604 2401 curam
633 2362 830 2416 gerere
870 2344 990 2397 sine
1027 2341 1345 2412 acceptione
1380 2338 1648 2410 pecunia.

96 2439 139 2491 Si
163 2444 332 2492 autem
363 2438 420 2490 in
442 2436 642 2490 eadem
673 2433 936 2504 parochia
963 2431 1091 2484 talis
1123 2446 1289 2484 causa
1310 2435 1434 2482 orta
1463 2426 1650 2492 fuerit,

95 2544 190 2596 quae
231 2527 355 2580 ferri
395 2524 611 2596 judicio
642 2522 886 2575 ﬁnienda
927 2520 1018 2584 sit,
1053 2525 1188 2572 tunc
1227 2535 1290 2572 ex
1325 2517 1528 2588 placito
1556 2514 1655 2568 ab-

95 2614 226 2681 batis,
255 2622 348 2669 aut
383 2614 537 2685 apud
585 2617 819 2664 matrem
869 2609 1169 2663 Ecclesiam
1207 2623 1375 2660 causa
1401 2605 1649 2668 finiatur,

90 2704 436 2774 judiciumque
457 2700 809 2773 portabitur;
840 2705 939 2752 aut
963 2696 1414 2766 archiepiscopus
1444 2693 1654 2747 ferrum

92 2791 255 2858 judicii
275 2793 340 2845 ad
358 2793 547 2845 locum
573 2791 730 2843 illum
755 2805 854 2859 per
875 2787 1160 2840 ministros
1181 2802 1310 2839 suos
1331 2783 1652 2848 destinabit,

93 2880 442 2951 judiciumque
472 2879 552 2932 ibi
576 2894 764 2933 coram
797 2874 1200 2946 archiepiscopi
1237 2873 1511 2927 ministris
1535 2888 1659 2943 por-

100 2969 296 3022 tabitur.
313 2970 472 3033 Quod
495 2968 542 3021 si
563 2966 800 3037 pecunia
819 2965 1034 3028 exierit,
1054 2963 1372 3032 ubicunque
1385 2960 1660 3031 judicium

100 3064 339 3127 portatur,
371 3056 593 3110 abbatis
625 3055 748 3109 erit.
791 3056 855 3108 In
895 3052 1107 3106 caeteris
1136 3057 1324 3105 autem
1362 3049 1656 3120 parochiis,

103 3164 200 3217 qua
215 3149 274 3201 ad
290 3148 548 3202 eamdem
562 3144 844 3199 abbatiam
861 3143 1162 3214 pertinent,
1178 3145 1236 3194 et
1246 3146 1376 3195 sunt
1388 3141 1457 3193 de
1472 3143 1665 3192 nostra

102 3235 312 3304 dioecesi,
346 3237 449 3290 hoc
477 3237 660 3289 solum
691 3234 742 3286 ei
770 3231 1164 3294 concessimus,
1188 3235 1252 3284 ut
1281 3246 1450 3282 manu
1478 3233 1668 3299 pastos

106 3341 212 3379 suos
244 3327 406 3380 laicos
451 3325 674 3396 quietos
717 3321 937 3386 habeat,
976 3321 1100 3373 illos
1126 3317 1537 3383 tantummodo,
1572 3315 1668 3386 qui

105 3421 307 3481 terram,
342 3415 424 3469 vel
450 3415 648 3467 domos
676 3411 828 3464 nullo
858 3409 1024 3462 modo
1055 3407 1360 3478 possident.
1393 3405 1452 3460 Si
1480 3411 1671 3458 autem

108 3502 162 3554 de
202 3503 283 3556 his
328 3501 609 3564 omnibus,
672 3515 809 3570 quos
852 3497 1057 3550 liberos
1105 3511 1225 3548 esse
1277 3493 1669 3558 concessimus,

108 3590 284 3661 aliquis
320 3598 520 3646 contra
559 3587 1038 3643 Christianitatem
1069 3583 1265 3653 egerit,
1299 3587 1357 3636 et
1402 3581 1572 3635 abbas
1604 3581 1675 3634 ad

109 3679 193 3732 hoc
217 3679 603 3749 corrigendum
653 3677 847 3729 tardus
886 3673 1180 3737 exstiterit,
1226 3671 1676 3741 archiepiscopus

110 3784 216 3821 eum
235 3775 295 3822 ut
316 3769 563 3838 corrigat
589 3764 839 3820 monebit
861 3779 871 3813 :
901 3763 1048 3833 quod
1079 3762 1126 3814 si
1155 3761 1325 3814 abbas
1349 3765 1543 3830 postea
1561 3775 1676 3812 cor-

110 3857 266 3926 rigere
307 3857 570 3920 noluerit,
603 3853 1052 3923 archiepiscopus
1083 3849 1419 3903 emendabit.
1453 3849 1562 3902 Pro
1593 3847 1677 3901 his

110 3943 260 4014 igitur
298 3964 419 4017 qua
458 3942 854 4007 concessimus,
897 3940 1066 3994 abbas
1105 3939 1275 3992 talem
1322 3939 1594 3990 honorem
1625 3941 1681 3990 et

110 4035 206 4088 tale
246 4036 533 4090 servitium
581 4032 824 4086 ecclesia
866 4036 1069 4084 nostra
1111 4027 1552 4097 metropolitana
1584 4042 1678 4079 ex-

113 4122 299 4178 hibebit
324 4133 404 4188 ut,
456 4123 503 4176 si
546 4122 614 4175 ab
648 4119 1064 4190 archiepiscopo
1111 4117 1379 4170 invitatus
1419 4115 1588 4168 fuerit
1625 4119 1682 4168 et

113 4211 396 4280 legitimam
429 4210 845 4266 excusationem
893 4224 1003 4260 non
1052 4205 1331 4269 habuerit,
1365 4204 1434 4258 ad
1479 4204 1682 4257 festum

114 4299 454 4356 dedicationis
482 4299 733 4370 ejusdem
764 4297 1006 4351 ecclesiae
1045 4295 1251 4359 veniat,
1291 4299 1548 4364 sumptus
1593 4309 1684 4346 ar-

1729 1910 1920 1962 lestino
1951 1908 2052 1961 ΙΙΙ.

1799 2000 1986 2061 334
2015 1995 2414 2049 Calamitatum
2463 2007 2629 2047 causa
2675 1994 2881 2059 existis,
2927 1991 3120 2047 Refert
3143 1995 3324 2054 sancti

1728 2083 2025 2139 Lanfranci
2037 2082 2378 2152 biographus
2391 2080 2863 2152 quemadmodum
2877 2080 2970 2134 ille
2981 2085 3099 2135 toto
3110 2081 3320 2150 animo,

1728 2173 1864 2227 totis
1907 2171 2112 2224 viribus
2165 2173 2400 2223 conatus
2437 2173 2541 2234 est,
2586 2173 2755 2239 atque
2800 2169 3078 2223 industria
3115 2174 3329 2240 quanta

1734 2261 1919 2333 potuit
1946 2259 2208 2324 maxima,
2242 2263 2519 2328 quatenus
2552 2257 2864 2328 episcopale
2903 2274 3044 2312 onus
3076 2257 3328 2313 humeris

1733 2351 1850 2405 suis
1875 2341 2106 2402 minime
2126 2347 2527 2418 imponeretur,
2551 2345 2633 2400 ita
2653 2350 2715 2400 ut
2740 2345 2952 2400 frustra
2967 2347 3333 2402 hortarentur

1736 2438 1972 2510 pralati,
1993 2436 2270 2508 primores
2297 2435 2659 2489 Normannia
2689 2434 3084 2505 efflagitarent,
3106 2438 3334 2506 rogaret

1736 2527 1949 2598 regina,
1981 2526 2041 2579 ni
2064 2524 2325 2595 jussisset
2355 2523 2415 2577 B.
2443 2523 2747 2578 Herluinus
2771 2524 2826 2591 (a
2843 2525 3002 2594 cujus
3030 2529 3172 2578 nutu
3200 2539 3336 2595 pen-

1737 2617 1906 2670 debat
1948 2611 2118 2684 totus)
2148 2630 2246 2667 rex
2289 2612 2640 2682 imperasset,
2683 2612 3038 2683 praecepisset
3079 2627 3334 2667 summus

1739 2703 1992 2759 Ecclesia
2033 2702 2268 2756 antistes
2306 2701 2639 2756 Alexander.
2690 2701 2764 2756 At
2809 2718 2939 2756 vero
2986 2701 3084 2756 ubi
3138 2717 3336 2757 eorum

1739 2793 1964 2847 cessiset
2011 2791 2188 2858 votis;
2231 2796 2289 2844 et
2328 2805 2497 2860 quam
2544 2789 2804 2857 arduum,
2835 2790 3338 2860 calamitosumque

1743 2899 1947 2936 munus
1993 2879 2304 2951 episcopale
2357 2878 2556 2932 fuisset
2603 2883 2899 2948 expertus,
2957 2879 3339 2933 Alexandrum

1743 2976 1952 3035 exorat,
2000 2968 2320 3038 insistitque
2363 2972 2426 3020 ut
2475 2966 2544 3020 ab
2593 2967 2698 3020 hoc
2749 2982 2982 3022 munere
3038 2967 3335 3021 eximatur.

1744 3060 1989 3114 Noverat
2015 3057 2292 3128 siquidem
2320 3072 2485 3110 verus
2514 3057 2601 3110 sui
2638 3055 2937 3126 inspector,
2972 3061 3029 3111 et
3057 3056 3342 3112 studiosus

1746 3145 2082 3202 humilitatis
2131 3144 2385 3215 Magistri
2433 3145 2489 3199 S.
2546 3143 2754 3198 Bened.
2813 3144 3115 3216 discipulus
3171 3160 3343 3216 quam

1748 3235 2124 3307 ponderosum
2163 3238 2314 3287 esset
2337 3232 2475 3286 illud
2504 3247 2663 3298 onus,
2697 3238 2928 3286 noverat
2967 3251 2994 3286 α
3027 3249 3196 3305 quam
3233 3233 3342 3288 dif-

1751 3325 1954 3379 ﬁcilem
1984 3328 2041 3376 et
2058 3322 2294 3376 arduam
2314 3337 2436 3375 rem
2455 3327 2780 3392 susceperat
2799 3338 2994 3391 regere
3018 3323 3238 3377 animas
3263 3325 3349 3391 (ut

1754 3415 1920 3468 docet
1946 3412 2096 3466 idem
2126 3410 2412 3480 magister,
2458 3426 2580 3480 cap.
2615 3409 2648 3466 2
2674 3410 2920 3480 Regula)
2954 3416 3010 3466 et
3039 3411 3348 3466 multorum

1755 3503 1962 3556 servire
1989 3499 2262 3556 moribus.
2293 3517 2318 3551 »
2342 3499 2588 3553 Noverat
2612 3517 2639 3550 α
2660 3499 2791 3568 quia
2811 3516 2903 3553 ars
2923 3504 3009 3553 est
3035 3500 3244 3555 artium
3264 3516 3350 3555 re-

1754 3592 1944 3662 gimen
1966 3589 2304 3657 animarum,
2332 3607 2355 3639 α
2379 3592 2522 3640 teste
2541 3587 2744 3656 Magno
2766 3587 3054 3658 Gregorio,
3074 3589 3236 3644 Cura
3255 3605 3352 3661 pa-

1759 3679 1951 3732 storal.
1986 3677 2084 3731 lib.
2122 3695 2160 3742 1,
2195 3693 2243 3734 c.
2283 3675 2332 3732 'l.
2369 3676 2614 3729 Noverat
2653 3676 2786 3745 quia
2820 3681 2980 3731 tanto
3007 3678 3234 3747 gravius
3265 3682 3353 3733 est

1759 3768 1977 3838 pondus
2027 3765 2380 3821 sacerdotum
2430 3763 2618 3833 (verba
2669 3770 2804 3818 sunt
2853 3765 3060 3820 Gelasii
3105 3783 3264 3837 papa
3327 3766 3353 3821 I

1759 3857 1829 3911 ad
1856 3858 2115 3910 Anastas.
2146 3855 2479 3924 Augustum)
2526 3858 2735 3923 quanto
2775 3853 2948 3906 etiam
2977 3871 3077 3924 pro
3103 3854 3239 3925 ipsis
3265 3870 3350 3909 re~

1759 3945 1922 4016 gibus
1952 3943 2242 3998 hominum
2279 3942 2337 3995 in
2383 3941 2568 3994 divino
2614 3940 2888 3995 reddituri
2933 3947 3067 3995 sunt
3096 3943 3351 3997 examine

1761 4034 2058 4088 rationem.
2097 4052 2119 4084 ι
2153 4031 2399 4086 Noverat
2425 4028 2558 4099 quia
2584 4028 2832 4099 seipsum
2862 4029 3058 4083 intime
3095 4037 3351 4087 noverat.

1763 4121 1893 4186 Sed,
1921 4120 2141 4191 inquies
2167 4139 2178 4173 :
2217 4137 2243 4169 ί(
2276 4118 2382 4182 Qui
2412 4117 2792 4189 episcopatum
2817 4118 3117 4186 desiderat,
3145 4118 3354 4174 bonum

1765 4227 1905 4280 Opus
1933 4210 2217 4263 desiderat
2237 4210 2283 4277 (Ι
2310 4209 2449 4262 Tim.
2474 4221 2556 4273 m,
2597 4208 2660 4275 ι).
2687 4226 2710 4258 ι
2737 4207 2954 4261 Bonum
2979 4223 3118 4278 epus
3140 4207 3357 4262 deside-

1766 4305 1857 4352 rat
1887 4297 1957 4351 do
1986 4313 2206 4361 manus,
2245 4316 2263 4347 ι
2303 4295 2350 4349 si
2388 4296 2514 4366 quis
2557 4296 2704 4350 hunc
2735 4295 2937 4362 idcirco
2964 4296 3198 4368 appetit,
3229 4296 3359 4350 inﬁt

115 4390 426 4479 chiepiseopi
447 4388 764 4453 habiturus,
789 4392 852 4439 ut
870 4384 1284 4479 archiepiscopo
1300 4382 1528 4435 missam
1550 4381 1752 4479 cole-1)
1770 4387 1832 4440 D.
1871 4386 2250 4455 Chrysostom.
2283 4385 2342 4438 in
2371 4385 2520 4438 idem
2559 4401 2707 4456 cap.,
2743 4402 2854 4439 non
2883 4386 3229 4458 principatus
3259 4390 3358 4441 aut

117 4475 292 4532 bmnte
318 4480 552 4533 0110mm
579 4481 798 4542 teneat;
829 4479 928 4528 aut
949 4473 998 4526 Si
1023 4471 1470 4541 al‘chiepisc0pus
1501 4469 1688 4538 aliqua
1705 4469 1749 4479 ”
1771 4474 2165 4530 dominationis
2185 4474 2350 4539 fastu,
2368 4490 2562 4528 verum
2584 4491 2718 4528 cura
2735 4476 3024 4546 regiminis
3045 4481 3102 4530 et
3119 4476 3358 4530 charita-

119 4583 266 4622 causa
291 4569 524 4622 missam
549 4565 829 4620 celebrare
860 4561 1120 4624 noluerit,
1153 4566 1251 4614 aut
1283 4576 1396 4612 non
1422 4557 1686 4629 potuerit,

120 4656 250 4710 idem
278 4657 449 4711 abbas
477 4656 708 4709 missam
741 4653 994 4707 festivam
1035 4667 1134 4721 pro
1165 4667 1230 4702 eo
1257 4647 1520 4702 celebret.
1561 4647 1692 4700 Hac

121 4751 289 4800 autem
315 4764 380 4800 ex
425 4745 680 4800 consulto
709 4741 1035 4795 clericorum
1081 4743 1400 4792 nostrorum
1436 4735 1686 4789 fecimus.

121 4834 185 4886 At
225 4852 346 4888 vero
392 4833 565 4888 abbas
613 4849 679 4885 ex
723 4830 974 4884 consulto
1018 4827 1420 4881 monachorum
1461 4841 1690 4878 suorum

123 4923 356 4991 querelas
385 4922 658 4994 quasdam
682 4925 739 4974 et
766 4917 1092 4982 calumnias,
1121 4933 1260 4986 quas
1279 4916 1336 4968 in
1358 4914 1692 4985 quibusdam

123 5009 181 5063 de
208 5012 444 5081 prafatis
473 5009 731 5064 Ecclesiis
769 5006 1022 5070 faciebat,
1067 5005 1327 5059 clamavit
1371 5003 1608 5074 quietas,
1636 5007 1694 5056 et

124 5101 395 5168 concessit,
425 5105 491 5154 ut
533 5114 726 5153 omnes
760 5095 1102 5167 episcopales
1124 5093 1556 5148 consuetudines
1590 5092 1691 5145 ha-

127 5185 240 5241 beat
267 5188 729 5259 archiepisc0pus,
767 5191 823 5238 et
848 5185 907 5238 in
936 5184 1046 5237 illis
1085 5183 1349 5248 ecclesiis,
1382 5197 1520 5252 quas
1562 5186 1695 5234 tunc

127 5279 374 5347 temporis
404 5276 693 5332 Beccensis
723 5273 969 5328 Ecclesia
996 5273 1055 5326 in
1075 5271 1295 5326 dioecesi
1315 5276 1510 5324 nostra
1529 5268 1700 5340 possi-

129 5364 267 5419 debit
313 5373 469 5420 extra
515 5367 844 5419 Beccensem
890 5361 1232 5433 parochiam,
1273 5365 1329 5413 et
1365 5360 1595 5428 insuper
1639 5357 1700 5411 in

131 5451 228 5507 illis
270 5455 525 5509 omnibus
554 5470 693 5527 quas
731 5452 991 5521 deinceps
1031 5451 1090 5503 in
1119 5448 1340 5503 dioecesi
1378 5453 1571 5502 nostra
1607 5463 1699 5500 ac-

129 5541 385 5609 quisitura
409 5551 544 5598 erat.

395 5733 652 5794 PATROL.
684 5731 800 5794 CL.

1770 4565 1844 4618 tis
1881 4565 2097 4629 effectu,
2131 4578 2243 4615 non
2287 4562 2561 4632 improbo,
2598 4563 2804 4617 bonum
2843 4565 3049 4636 quippe
3076 4565 3359 4621 desiderat

1773 4670 1931 4724 opus.
1983 4671 2004 4701 ι
2042 4650 2099 4706 Si
2147 4650 2302 4720 prius
2344 4649 2869 4720 irreprehensibilis.
2907 4671 2932 4704 (‹
2979 4654 3097 4708 Hoc
3135 4660 3220 4709 est
3264 4654 3366 4721 (ait

1769 4740 2216 4811 Theophylactus
2262 4738 2332 4791 ad
2361 4738 2476 4792 hac
2508 4738 2693 4807 verba)
2726 4740 2880 4794 omni
2908 4741 3113 4796 virtute
3141 4743 3364 4815 conspi-

1773 4845 1929 4888 cuus.
1961 4833 2026 4881 ut
2071 4842 2252 4897 neque
2299 4826 2460 4879 illum
2498 4826 2612 4892 alii,
2652 4844 2832 4898 neque
2860 4845 2920 4882 se
2947 4829 3132 4900 ipsum
3169 4847 3363 4902 repre-

1776 4916 2002 4972 hendat.
2034 4917 2199 4970 Illum
2229 4915 2379 4969 enim
2409 4915 2506 4986 qui
2538 4915 2663 4969 aliis
2691 4922 2908 4987 praest,
2945 4918 3116 4972 veluti
3143 4919 3367 4975 stellam

1774 5024 1896 5061 esse
1925 5010 2147 5077 oportet
2173 5004 2244 5058 ad
2286 5020 2479 5058 omnes
2508 5004 2694 5074 ipsum
2733 5006 3018 5060 intuentes
3046 5007 3368 5063 illuminan-

1775 5097 1910 5151 dum
1935 5100 1993 5148 et
2017 5093 2392 5163 dirigendum.
2420 5111 2445 5144 »
2472 5094 2552 5147 De
2577 5093 2664 5146 his
2690 5095 2980 5148 hactenus.

1849 5184 1888 5236 A
1913 5181 2701 5249 PrincipeNorthmannorum
2730 5183 3015 5237 Willelmo.
3037 5181 3369 5238 Guillelmus

1781 5270 2001 5324 Nothus
2046 5269 2210 5339 vulgo
2256 5267 2457 5335 dictus,
2504 5269 2655 5339 quod
2683 5275 3007 5340 procreatus
3051 5286 3117 5324 ex
3163 5286 3371 5326 concu-

1780 5358 1932 5424 bina,
1969 5374 2140 5428 quam
2168 5363 2364 5428 postea
2393 5357 2703 5428 legitimam
2730 5359 2888 5412 duxit
2916 5359 2974 5414 in
2997 5375 3230 5414 uxorem
3258 5360 3373 5416 Ro-

1782 5447 1975 5500 bertus
2005 5452 2182 5517 pater.
2218 5447 2568 5516 Conquestor
2598 5463 2726 5501 vero
2754 5448 2945 5515 armis,
2979 5449 3113 5520 quia
3137 5465 3378 5520 regnum

1784 5535 1996 5606 Anglia
2040 5535 2452 5606 comparaverit
2515 5535 2740 5592 Guillel.
2789 5538 3148 5594 Malmesbur.
3180 5538 3277 5594 lib.
3311 5552 3382 5596 nr

1785 5625 1854 5679 de
1883 5625 2038 5679 Gest.
2071 5624 2206 5694 Reg.
2239 5625 2438 5694 Anglo.
2466 5625 2524 5679 in
2556 5625 2856 5682 Guillelmo
2885 5627 2909 5682 Ι
2939 5633 2996 5683 et
3019 5628 3116 5684 alii
3143 5629 3378 5700 passim.

3063 5727 3142 5788 18
