3892 6350
546 298 654 357 543

1523 303 1586 358 Β.
1628 303 2041 360 LANFRANCI
2081 301 2441 360 CANTUAR.
2483 302 2818 374 ARCHIEP,

3725 302 3849 362 544

550 423 731 480 Deum
750 424 1018 496 adjuvare
1045 443 1142 482 eos
1179 425 1382 483 valent.
1420 429 1622 485 Divina
1651 429 1934 500 majestas,
1975 432 2205 490 vene-A
2228 428 2486 500 imponit,
2519 427 2728 483 multos
2771 426 3109 484 orthodoxos
3146 426 3448 499 principes,
3479 427 3576 498 qui
3605 427 3854 496 magnis

551 515 729 569 rande
777 516 947 570 Pater
976 517 1334 589 jocundeque
1372 521 1566 584 frater,
1624 524 1682 573 te
1730 517 2040 584 benedicat,
2075 519 2146 572 ab

551 604 816 660 omnibus
835 607 1080 678 peccatis
1109 623 1338 677 prorsus
1368 607 1634 662 absolvat.

1064 694 1413 750 EPISTOLA
1449 693 1636 749 XLIX.

926 791 1006 835 AD
1049 791 1431 835 ADELELINUM
1475 791 1786 835 ΑΒΒΔΤΕΙ.

552 871 847 926 Intercedit
863 887 964 939 pro
974 873 1258 926 monachis
1276 874 1376 940 qui
1392 873 1456 925 de
1475 874 1807 925 monasterio
1821 875 2150 924 recesserant

817 947 885 1004 et,
920 946 1114 1009 agnita
1136 945 1318 1010 culpa,
1345 943 1527 996 redire
1556 943 1866 1010 cupiebant.

623 1031 992 1086 LANFRANCUS
1020 1031 1488 1102 archiepiscopus,
1537 1030 1901 1084 dilectissimo
1940 1030 2051 1084 filio
2091 1035 2147 1084 et

553 1117 732 1173 amico
751 1119 1081 1174 ADELELINO
1111 1117 1208 1192 [[2,
1242 1119 1572 1189 ADELELMO]
1603 1117 1793 1174 abbati
1816 1119 2062 1173 salutem
2090 1125 2147 1173 et

549 1205 1017 1261 benedictionem.

624 1296 850 1350 Fratres
879 1296 974 1351 isti
1016 1296 1087 1351 ad
1135 1314 1225 1352 me
1272 1301 1544 1352 venerunt
1587 1303 1912 1351 accusantes
1957 1312 2038 1362 se,
2089 1301 2147 1350 et

551 1383 802 1440 dicentes
821 1384 881 1439 in
910 1402 1007 1440 vos
1033 1386 1282 1455 graviter
1308 1401 1584 1457 peccasse,
1619 1389 1678 1439 et
1723 1401 1828 1438 sua
1873 1386 2041 1454 culpa
2076 1383 2147 1437 de

551 1473 894 1528 monasterio
910 1474 1226 1542 recessisse;
1251 1491 1354 1545 ego
1368 1490 1500 1528 vero
1531 1474 1829 1528 stultitiam
1853 1489 2046 1528 eorum
2069 1473 2151 1527 eis

554 1561 914 1616 audientibus
955 1563 1195 1618 multum
1245 1563 1467 1620 adauxi.
1498 1568 1556 1617 et
1583 1563 1720 1616 satis
1749 1562 1925 1628 duris,
1961 1568 2152 1628 ags

555 1651 726 1718 atque
764 1649 1134 1704 amarissimis
1162 1649 1344 1705 verbis
1365 1667 1481 1716 eos,
1513 1655 1682 1720 prout
1710 1650 1914 1716 decuit,
1966 1649 2150 1704 inore-2

2233 534 2364 572 eum
2393 516 2656 572 laudibus
2684 517 3028 582 extulerunt,
3061 517 3314 588 ejusdem
3346 517 3554 572 erroris
3605 516 3852 570 macula

2232 606 2482 660 involvit.
2509 606 2768 660 Gelasius
2796 623 2942 678 papa
2984 606 3042 660 in
3085 607 3324 660 decretis
3375 606 3494 660 suis
3517 605 3691 675 (dist.
3756 605 3848 670 15,

2231 711 2353 749 can.
2388 693 2477 763 13)
2506 711 2701 750 omnes
2730 695 2902 750 libros
2931 697 3052 766 ejus
3081 695 3232 749 inter
3259 694 3565 748 catholicas
3593 693 3854 764 scriptu-

2231 801 2325 838 ras
2361 789 2676 838 enumerat.
2720 785 2856 855 Ejus
2883 784 3189 838 auctoritas
3218 783 3277 837 in
3305 784 3481 837 sacris
3518 781 3852 837 canonibus

2232 872 2629 927 decentissime
2682 879 3050 935 memoratur,
3098 872 3373 944 recipitur
3426 878 3484 926 et
3536 871 3846 926 laudatur.

2233 962 2472 1016 Sanctus
2510 963 2861 1032 Augustinus
2898 962 2957 1016 in
2987 961 3128 1016 libro
3166 962 3246 1016 De
3291 960 3566 1016 Trinitate
3594 960 3730 1031 (lib.
3766 975 3846 1026 vI,

2231 1068 2352 1122 cap.
2395 1050 2501 1120 ll),
2532 1051 2822 1106 excellenti
2857 1068 2986 1106 eum
3016 1051 3184 1105 laude
3213 1049 3445 1115 extollit,
3479 1054 3537 1104 et
3565 1049 3848 1120 quaedam

2228 1139 2298 1193 ab
2321 1156 2387 1194 eo
2415 1140 2486 1194 de
2516 1141 2702 1202 Patre,
2735 1146 2793 1194 et
2821 1141 2982 1205 Filio,
3014 1146 3072 1194 et
3111 1139 3327 1210 Spiritu
3367 1144 3559 1193 sancto
3589 1137 3848 1192 obscure

2229 1229 2383 1283 dicta
2408 1229 2756 1283 enucleatius
2772 1229 3016 1300 exponit.
3035 1231 3239 1284 Beatus
3252 1228 3631 1298 Hieronymus
3646 1243 3848 1298 quan-

2228 1318 2302 1372 tis
2331 1335 2459 1372 eum
2489 1335 2794 1388 omnesque
2823 1317 2994 1372 libros
3015 1319 3136 1388 ejus
3165 1317 3222 1371 in
3253 1316 3584 1388 quibusdam
3607 1316 3847 1387 scriptis

2233 1407 2351 1462 suis
2393 1407 2684 1478 praeconiis
2713 1407 2892 1472 ell'ert,
2942 1406 3228 1478 epistolari
3279 1406 3551 1460 brevitate
3579 1422 3853 1476 compre-

2234 1496 2401 1550 hendi
2432 1513 2542 1550 non
2571 1500 2794 1566 potest:
2830 1512 3032 1550 vocans
3070 1512 3197 1550 eum
3226 1496 3609 1549 Romanorum
3638 1494 3856 1549 lucife-

2237 1583 2778 1649 rum,Ecclesiarum
2799 1583 3368 1653 lucernam,lapidem
3402 1583 3735 1654 pretiosum,
3769 1583 3854 1637 ad

2236 1690 2403 1744 quem
2435 1672 2698 1726 mortalia
2727 1672 2810 1726 vix
2829 1672 3158 1737 ascendunt,
3173 1672 3406 1743 pulchro
3437 1688 3700 1726 sermone
3732 1689 3852 1726 au-

552 1738 702 1810 Ρδνί·
737 1739 940 1832 Ροδίθα
963 1739 1296 1832 ίηίθττρὲδίί
1332 1757 1366 1795 ³
1396 1757 1485 1794 me
1594 1740 1663 1794 de
1710 1746 1911 1832 θαῖίθιίο
1939 1739 2150 1832 “ne”?
2168 1743 2214 1802 B
2235 1738 2443 1832 reoque
2466 1761 2726 1814 universa
2754 1761 3094 1831 loquentem.
3113 1738 3312 1815 caeteri
3340 1776 3511 1814 sacrae
3541 1759 3848 1830 religionis

555 1827 878 1893 emendare,
921 1829 1335 1899 responderunt
1373 1846 1434 1883 se
1472 1829 1636 1898 velle,
1679 1835 1736 1882 et
1763 1829 1833 1882 de
1864 1828 1970 1882 hoc
2000 1827 2148 1898 quod

477 1936 480 1939 κ
555 1914 808 1984 egissent
833 1915 1138 1986 plurimum
1170 1933 1230 1970 se
1257 1917 1476 1983 dolere;
1525 1922 1583 1970 et
1620 1916 1834 1987 precati
1887 1921 2022 1971 sunt
2059 1931 2150 1971 me

555 2007 836 2072 quatenus
863 2021 964 2075 pro
985 2005 1066 2058 eis
1095 2005 1245 2076 apud
1264 2021 1358 2059 vos
1388 2004 1816 2071 intercederem,
1842 2009 1901 2058 et
1913 2021 2040 2058 mea
2053 2020 2149 2058 eos

552 2091 953 2148 intercessione
1000 2094 1364 2161 monasterio,
1396 2093 1546 2148 unde
1574 2093 1852 2162 exierunt,
1905 2092 2150 2148 reconci-

552 2180 773 2235 liarem.

624 2270 979 2343 Quapropter
1000 2271 1412 2326 fraternitatem
1433 2279 1676 2327 vestram
1697 2288 1914 2344 precor,
1938 2271 1985 2325 si
2008 2271 2149 2324 meis

553 2359 702 2429 apud
734 2375 859 2413 eam
887 2360 1144 2430 precibus
1182 2362 1340 2416 locus
1374 2362 1583 2427 existit,
1611 2367 1673 2416 ut
1701 2377 1803 2432 pro
1824 2376 2017 2414 amore
2045 2359 2147 2414 Dei

555 2452 613 2500 et
641 2453 855 2514 nostro,
888 2448 1158 2520 quidquid
1200 2449 1257 2503 in
1307 2466 1404 2504 vos
1433 2456 1490 2503 et
1518 2455 1714 2504 contra
1741 2449 1996 2503 ordinem
2016 2448 2150 2502 deli-

557 2541 821 2607 querunt,
865 2536 1082 2591 sincero
1120 2538 1286 2592 corde
1337 2537 1667 2605 remittatis;
1719 2544 1777 2592 et
1822 2538 1879 2591 in
1909 2537 2027 2591 suis
2055 2553 2151 2591 eos

555 2625 696 2679 locis
730 2625 789 2679 in
819 2626 1022 2696 quibus
1049 2633 1180 2681 ante
1227 2628 1448 2699 culpam
1503 2635 1685 2693 erant,
1715 2627 2054 2698 suscipiatis,
2091 2633 2149 2681 et

558 2717 858 2784 paternum
889 2714 971 2768 eis
999 2715 1280 2780 affectum,
1316 2721 1382 2770 ut
1426 2716 1578 2770 Deus
1627 2715 1780 2770 vobis
1828 2714 2148 2770 misericors

557 2801 655 2871 sit,
676 2801 748 2856 de
775 2801 993 2874 reliquo
1011 2803 1340 2858 ostendatis.

1122 2893 1471 2949 EPISTOLA
1507 2893 1569 2949 L.

675 2988 756 3033 AD
800 2987 1213 3048 BEGINALDUI,
1245 2991 1592 3049 SENTUNUM,
1627 2991 1703 3035 ET
1730 2990 2065 3036 HENRICUI.

555 3069 827 3125 Sanctum
863 3072 1151 3125 Hilarium
1179 3073 1440 3126 adversus
1480 3074 1801 3139 Berengarii
1836 3055 2212 3125 calmnniasC

2121 3141 2128 3148 ρ

629 3141 893 3207 defendit,
953 3145 1175 3211 ejusque
1230 3145 1412 3207 verba,
1475 3160 1592 3211 qua:
1642 3146 1705 3196 in
1739 3158 1986 3210 pravum
2032 3141 2150 3195 sen-

629 3227 775 3333 ῗιιέτηι
801 3212 1066 3275 trahebat,
1118 3215 1412 3268 orthodoxe
1441 3215 1588 3268 dicta
1637 3219 1686 3267 et
1726 3213 2150 3282 interpretanda

699 3297 752 3334 ce
781 3323 792 3334 .

631 3367 998 3425 Lanraancus
1025 3371 1283 3437 antistes,
1315 3371 1697 3426 dilectissimis
1738 3371 2009 3425 fratribus
2046 3371 2152 3425 Re-

565 3469 812 3511 GINALDO
841 3457 1196 3514 Pictavorum
1226 3459 1381 3514 urbis
1401 3459 1610 3526 abbati,
1643 3465 1701 3514 et
1729 3460 1996 3515 Ssx'runo
2025 3459 2146 3529 [at.,

561 3545 808 3615 SEWINO]
836 3549 1128 3613 monacho,
1161 3553 1218 3602 et
1247 3549 1491 3603 HENRICO
1520 3549 1806 3614 canonico,
1833 3549 2092 3603 salutem.

629 3633 812 3688 Lectis
839 3635 1042 3690 litteris
1073 3653 1107 3689 a
1146 3643 1330 3691 vestra
1362 3637 1499 3690 mihi
1548 3655 1648 3708 per
1681 3638 1828 3692 hunc
1868 3637 2153 3691 hominem

557 3720 914 3776 fraternitate
949 3724 1295 3779 transmissis
1324 3725 1667 3780 voluntatem
1695 3730 1940 3779 vestram
1985 3724 2153 3778 intel-

560 3808 686 3877 lexi,
709 3811 756 3865 si
785 3812 1025 3867 facultas
1045 3813 1228 3880 detur,
1251 3813 1319 3868 ad
1351 3831 1442 3868 me
1467 3814 1746 3868 veniendi.
1771 3814 1833 3869 Id
1860 3813 2153 3868 commode

559 3900 681 3955 fieri
707 3917 870 3972 posse
901 3919 1012 3957 non
1033 3902 1308 3970 arbitror;
1333 3919 1465 3957 nam
1492 3908 1549 3958 et
1577 3904 1686 3957 iter
1719 3902 1994 3974 prolixum
2028 3907 2146 3956 est:

557 3988 808 4061 pericula
835 3991 1032 4057 multa,
1062 3996 1232 4053 terra,
1266 3991 1556 4062 marique;
1590 3998 1645 4045 et
1683 4007 1786 4061 ego
1832 3995 1917 4045 tot
1959 3990 2157 4044 tantis-

561 4093 670 4148 que
689 4077 859 4148 hujus
889 4079 1084 4132 mundi
1113 4080 1354 4150 negotiis
1370 4079 1665 4134 obvolutus
1688 4095 1836 4142 sum,
1858 4082 1924 4132 ut
1948 4078 2156 4133 talibus

559 4164 762 4218 studiis
781 4165 916 4219 dare
947 4165 1082 4219 mihi
1109 4183 1337 4237 operam
1355 4168 1459 4221 hac
1485 4172 1821 4237 tempestate
1841 4182 1952 4220 non
1969 4165 2152 4220 liceat.

561 4251 620 4307 Si
649 4253 838 4307 divina
875 4259 1122 4325 potestas
1166 4256 1487 4326 expeditum
1525 4271 1615 4308 me
1645 4271 1768 4309 esse
1815 4254 2154 4326 quandoque

560 4341 817 4407 voluerit,
850 4349 909 4397 et
935 4343 1119 4397 doceri
1150 4345 1360 4414 pariter
1388 4351 1446 4398 et
1473 4344 1672 4398 docere
1693 4348 1986 4415 promptus
2016 4362 2158 4400 sem-

559 4445 664 4502 per
692 4430 827 4484 mihi
857 4431 1082 4486 animus
1109 4433 1234 4486 erit.

633 4519 805 4574 Porro
823 4521 973 4592 quod
1003 4521 1394 4576 schismaticus
1413 4521 1506 4575 ille
1524 4521 1952 4591 (Berengarium
1982 4519 2150 4590 dico),

561 4607 708 4663 sicut
734 4616 924 4664 vestra
972 4610 1212 4682 epistola
1231 4615 1438 4665 testata
1467 4615 1571 4674 est,
1596 4616 1924 4665 constanter
1951 4609 2157 4664 asserit

563 4697 698 4768 quia
717 4697 915 4754 beatus
945 4699 1192 4753 Hilarius
1221 4705 1418 4753 vestrae
1447 4698 1602 4753 urbis
1632 4704 1941 4770 vestraeque
1967 4699 2155 4768 gentis

562 4787 845 4858 quondam
871 4788 1164 4860 episcopus
1191 4789 1247 4843 in
1277 4793 1524 4842 tractatu
1558 4787 1715 4842 Fidei
1738 4804 2002 4858 perversa
2033 4805 2156 4840 sen-

561 4875 738 4930 serit:
772 4882 829 4930 et
855 4877 913 4930 in
952 4877 1095 4931 libro
1125 4877 1205 4931 De
1234 4877 1422 4931 divina
1449 4876 1724 4931 Trinitate
1755 4876 2152 4946 improbabiles

559 4966 869 5020 sententias
882 4966 950 5020 de
971 4965 1208 5020 Domino
1220 4965 1254 5019 J
1259 4983 1353 5019 esu
1369 4965 1596 5020 Christo
1618 4965 1854 5036 protulit
1877 4963 1974 5038 [aL
1986 5001 1999 5026 ,
2021 4981 2153 5035 pro-

557 5053 808 5128 tulerit];
846 5055 1042 5110 mirari
1085 5071 1196 5109 non
1235 5054 1400 5109 debet
1445 5053 1735 5109 beatitudo
1780 5059 1965 5107 vestra
2007 5053 2053 5106 si
2083 5053 2151 5121 is,

561 5144 660 5216 qui
689 5144 758 5198 de
795 5144 916 5216 ipso
947 5144 1130 5216 capite
1178 5149 1295 5198 tam
1329 5144 1506 5198 multa
1537 5149 1595 5197 et
1619 5150 1738 5197 tam
1769 5142 2010 5197 nefanda
2038 5158 2153 5196 cre-

559 5233 694 5288 dere
723 5238 782 5288 et
809 5233 1009 5288 docere
1057 5233 1364 5287 verissimis
1395 5232 1764 5286 relationibus
1807 5231 2150 5297 infamatur;

561 5322 632 5377 de
662 5324 839 5394 ipsius
867 5322 1066 5393 capitis
1090 5322 1340 5376 membro
1366 5329 1481 5376 tam
1498 5321 1812 5394 perniciosa
1839 5319 2024 5373 dicere
2043 5326 2156 5373 tra-

563 5411 734 5479 ditur,
766 5413 825 5466 in
860 5411 1164 5484 reprobum
1193 5428 1422 5468 sensum
1471 5411 1660 5466 divino
1683 5408 1896 5478 judicio
1926 5410 2151 5479 permit-

563 5505 737 5555 tatur.

634 5589 848 5646 Revera
877 5591 1131 5663 quisquis
1160 5591 1375 5646 Hilario
1395 5589 1636 5658 alicujus
1660 5587 1934 5642 haereseos
1963 5593 2156 5644 notam

2233 1851 2510 1917 doctores,
2541 1849 2864 1922 quicunque
2893 1850 2962 1904 de
3009 1866 3076 1904 eo
3113 1849 3325 1920 aliquid
3356 1849 3528 1904 locuti
3570 1854 3736 1916 sunt,
3769 1849 3845 1902 ab

2231 1941 2434 1995 horum
2487 1939 2774 1994 sententia
2829 1939 2887 1994 in
2937 1939 3044 1993 hac
3081 1944 3242 2010 parte
3286 1938 3517 1992 minime
3545 1937 3844 1992 dissense-

2230 2035 2381 2084 runt.

2301 2117 2501 2173 Tutius
2515 2117 2688 2188 igitur
2707 2122 2795 2172 est
2821 2117 3014 2172 lectori
3046 2117 3104 2171 in
3131 2116 3474 2171 difficillimis
3501 2121 3844 2171 sanctorum

2231 2209 2465 2263 Patrum
2511 2206 2826 2271 sententiis,
2878 2223 3018 2277 quas
3069 2205 3280 2276 ingenii
3328 2206 3416 2261 sui
3470 2205 3841 2260 imbecillitas

2232 2313 2432 2368 capere
2469 2312 2582 2350 non
2613 2301 2815 2366 potest,
2858 2295 3204 2365 interrogato
3237 2295 3385 2366 quod
3415 2295 3612 2361 nescit,
3640 2295 3840 2349 dicere

2237 2401 2296 2439 se
2328 2383 2563 2451 nescire,
2581 2401 2750 2455 quam
2775 2384 3046 2455 pertinaci
3071 2384 3415 2454 arrogantia,
3448 2389 3507 2438 et
3532 2385 3841 2454 arroganti

2233 2473 2560 2544 pertinacia,
2592 2490 2702 2527 non
2734 2473 2854 2526 sine
2883 2489 2986 2526 sua
3027 2479 3084 2526 et
3124 2473 3362 2526 aliorum
3386 2472 3652 2544 pernicie,
3699 2473 3840 2526 fidei

2234 2561 2516 2615 contraria
2542 2561 2777 2615 deﬁnire
2811 2579 2821 2611 :
2856 2562 3166 2632 praesertim
3197 2561 3245 2615 si
3286 2561 3414 2615 talis
3457 2577 3702 2632 persona
3733 2563 3835 2626 sit,

2232 2667 2355 2722 quae
2385 2651 2469 2704 vel
2499 2650 2732 2705 scientia
2768 2649 3108 2715 litterarum,
3139 2651 3224 2703 vel
3255 2649 3534 2720 probitate
3579 2665 3832 2715 morum,

2231 2739 2315 2794 vel
2338 2739 2524 2811 potius
2554 2745 2794 2810 utraque
2822 2745 2982 2811 parte
3009 2739 3363 2794 auctoritatis
3384 2738 3602 2811 pondus
3624 2755 3742 2809 prae
3772 2755 3838 2794 se

2231 2846 2430 2900 gerere
2459 2829 2737 2885 videatur.
3253 2851 3260 2856 ·

2305 2917 2491 2974 Verba
2519 2919 2734 2990 praefati
2755 2919 3019 2985 doctoris,
3043 2935 3166 2990 qua
3192 2918 3460 2990 praefatus
3486 2917 3742 2972 inversor
3769 2918 3835 2972 in

2235 3009 2358 3078 ejus
2387 3009 2730 3063 calumniam
2777 3013 3014 3062 conatur
3063 3008 3358 3073 invertere,
3391 3007 3510 3061 haec
3535 3007 3595 3060 in
3626 3008 3836 3062 vestris

2236 3097 2435 3151 litteris
2455 3097 2638 3168 reperi
2679 3100 2770 3163 (De
2805 3099 3032 3160 Trinit.,
3090 3096 3183 3150 lib.
3228 3113 3280 3162 x,
3329 3101 3460 3150 ante
3510 3095 3782 3166 medium)
3818 3116 3830 3150 :

2239 3206 2261 3236 ι
2273 3186 2368 3240 Dei
2382 3187 2556 3241 Filius
2571 3185 2855 3240 hominem
2867 3202 3059 3240 verum
3073 3185 3380 3240 secundum
3400 3185 3833 3239 similitudinem

2234 3277 2412 3329 nostri
2441 3275 2684 3330 hominis
2733 3291 2847 3329 non
2875 3275 3140 3329 deficiens
3169 3291 3203 3328 a
3235 3291 3296 3328 se
3350 3274 3485 3340 Deo,
3536 3274 3783 3345 sumpsit
3817 3293 3830 3326 :

2233 3363 2291 3417 in
2321 3381 2432 3434 quo
2465 3363 2592 3436 [al.,
2627 3365 2684 3418 in
2716 3363 2909 3436 quem]
2943 3364 3198 3435 quamvis
3226 3368 3326 3418 aut
3352 3363 3496 3417 ictus
3532 3363 3829 3429 incideret,

2235 3458 2333 3506 aut
2360 3453 2546 3508 vultus
2593 3453 2715 3524 [at.,
2749 3453 2970 3523 vulnus]
3001 3453 3339 3508 discinderet
3368 3452 3490 3522 [at.,
3522 3451 3833 3506 descende-

2235 3541 2372 3615 ret],
2401 3542 2666 3596 all‘errent
2688 3542 2913 3613 quidem
2942 3543 3059 3598 haec
3089 3542 3362 3613 impetum
3388 3541 3685 3612 passionis,
3715 3557 3831 3594 non

2234 3637 2429 3686 tamen
2445 3632 2694 3686 dolorem
2711 3631 2982 3702 passionis
2998 3631 3290 3697 inferrent,
3314 3637 3378 3684 ut
3395 3631 3572 3684 telum
3600 3630 3831 3701 aliquod

2235 3726 2335 3776 aut
2371 3738 2577 3793 aquam
2597 3721 2908 3792 perforans,
2943 3728 3050 3776 aut
3084 3719 3272 3791 ignem
3294 3735 3698 3791 compungens,
3728 3726 3834 3773 aut

2236 3827 2370 3864 aera
2399 3812 2718 3864 vulnerans.
2751 3830 2779 3862 ι
2807 3812 2877 3864 Et
2906 3811 3076 3882 paulo
3112 3816 3242 3881 post
3272 3827 3283 3862 :
3313 3828 3339 3862 ι
3373 3808 3561 3863 Virtus
3581 3808 3832 3880 corporis

2235 3900 2357 3954 sine
2389 3917 2556 3954 sensu
2577 3917 2754 3971 poenae
2791 3900 2899 3953 vim
2926 3917 3102 3971 poenae
3131 3900 3189 3954 in
3219 3916 3279 3953 se
3297 3898 3648 3953 desaevientis
3666 3914 3832 3952 exce-

2237 3990 2338 4060 pit.
2361 4010 2389 4043 ι
2409 3991 2536 4044 Haec
2558 3989 2676 4043 sine
2690 3989 3007 4059 praejudicio
3034 3989 3279 4043 melioris
3295 3987 3671 4059 expositionis,
3698 4004 3831 4042 con-

2238 4095 2395 4143 sona,
2428 4084 2492 4133 ut
2511 4087 2796 4148 putamus,
2829 4079 3039 4134 sanctis
3087 4077 3348 4131 Patribus
3399 4076 3824 4146 astipulatione,

2239 4167 2318 4221 sic
2347 4174 2704 4239 exponuntur
2731 4183 2765 4221 a
2793 4167 2971 4222 nobis.
2999 4167 3271 4221 Dominus
3290 4167 3453 4220 Jesus
3483 4165 3737 4219 Christus
3766 4165 3824 4219 in

2239 4257 2435 4311 eadem
2476 4273 2714 4328 persona
2744 4273 2908 4311 verus
2945 4257 3114 4310 homo
3142 4263 3199 4309 et
3227 4273 3390 4309 verus
3420 4256 3589 4321 Deus,
3624 4271 3817 4308 secun-

2238 4347 2373 4400 dum
2393 4347 2802 4401 humanitatem
2823 4346 3050 4416 quidem
3067 4345 3314 4406 esurivit,
3334 4345 3529 4411 sitivit,
3563 4343 3824 4414 fatigatus

2174 4411 2221 4468 D
2241 4441 2344 4497 est,
2376 4435 2528 4488 flevit
2553 4452 2565 4486 :
2596 4411 3084 4505 apprOpinquante
3123 4433 3263 4486 hora
3289 4433 3506 4497 mortis,
3543 4411 3738 4502 pavere
3767 4440 3823 4486 et

2234 4524 2442 4578 taedere
2473 4523 2640 4594 coepit
2663 4541 2674 4576 :
2708 4523 2857 4577 unde
2884 4529 2942 4576 et
2969 4523 3149 4576 oravit
3166 4521 3359 4576 dicens
3383 4540 3395 4574 :
3421 4526 3611 4586 326
3633 4519 3816 4583 Pater,

2236 4617 2286 4668 si
2312 4615 2438 4680 ﬁeri
2471 4618 2659 4681 potest.
2698 4617 2943 4666 transeat
2971 4630 3004 4666 ιι
3031 4629 3115 4665 me
3135 4614 3286 4665 calix
3305 4614 3403 4666 iste
3427 4611 3641 4678 (Matth.
3665 4625 3816 4675 XXVI,

2238 4700 2345 4766 39;.
2380 4702 2579 4771 Plagas
2610 4702 2914 4772 virgarum,
2939 4701 3344 4770 vulnerumque
3366 4699 3733 4764 discissiones,
3758 4706 3822 4753 ut

2237 4792 2403 4845 homo
2434 4791 2636 4845 similis
2667 4791 2850 4856 nobis,
2873 4791 3067 4852 sensit,
3119 4797 3177 4844 et
3224 4789 3433 4849 doluit;
3486 4793 3819 4859 caeterasque

2235 4881 2496 4934 humanae
2522 4885 2737 4934 naturae
2757 4879 3116 4934 inﬁrmitates
3151 4877 3489 4932 assumendo
3518 4877 3816 4942 hominem,

2234 4974 2438 5041 preter
2457 4974 2767 5039 peccatum,
2791 4967 3443 5039 assumpsit.Secundum
3476 4965 3820 5020 divinitatem

2235 5076 2382 5123 vero,
2401 5075 2513 5130 qua
2535 5058 2689 5111 Patri
2711 5063 2768 5111 et
2779 5057 3013 5128 Spiritui
3034 5062 3226 5110 sancto
3257 5072 3358 5127 per
3380 5055 3570 5108 omnia
3599 5056 3818 5124 aequalis

2238 5157 2342 5215 est,
2362 5149 2503 5203 nihil
2535 5148 2737 5201 horum
2762 5147 3060 5201 sustinuit:
3093 5163 3218 5200 cum
3244 5145 3393 5217 apud
3419 5162 3614 5199 omnes
3634 5145 3818 5200 fideles

2237 5239 2354 5294 haec
2399 5255 2621 5309 semper
2649 5238 2721 5291 sit
2746 5237 3025 5307 fueritque
3047 5235 3342 5294 sententia.
3367 5241 3424 5289 et
3443 5251 3601 5289 sacra
3621 5235 3816 5306 pagina

2236 5327 2562 5399 hujusmodi
2587 5327 2940 5381 documentis
2971 5342 3111 5396 pene
3141 5325 3215 5379 sit
3243 5324 3450 5395 ubique
3491 5324 3729 5392 referta;
3762 5332 3815 5378 et

2236 5424 2428 5472 tamen
2466 5422 2696 5488 propter
2719 5415 2996 5470 unitatem
3025 5431 3298 5485 personae,
3345 5413 3402 5467 in
3436 5429 3606 5485 quam
3648 5415 3812 5467 conﬁ-

2238 5507 2494 5562 ciendam
2551 5506 2703 5560 Deus
2759 5511 2818 5560 et
2864 5505 3032 5559 homo
3082 5508 3482 5569 convenerant,
3511 5519 3653 5573 saepe
3697 5519 3811 5574 quae

2238 5596 2481 5653 hominis
2517 5601 2667 5663 sunt,
2718 5598 2776 5650 et
2817 5593 3073 5666 quaedam
3112 5594 3284 5648 etiam
3340 5607 3463 5662 quae
3509 5592 3676 5646 solius
3716 5591 3808 5645 Dei
