3892 6358
78 348 178 404 545

1500 351 1894 407 ΕΡΙὸΤΟΙΛΕ.

3239 352 3348 411 546

78 477 220 542 sunt,
250 473 461 533 dicitur
505 476 711 536 habere
761 481 949 548 homo,
980 485 1046 539 ut
1072 477 1214 542 illud
1273 479 1525 552 Apostoli
1558 498 1572 535 :
1603 479 1735 540 SiA
1822 480 2065 535 Causam
2083 477 2343 545 Godvini,
2356 479 2416 532 et
2441 475 2674 547 Lifginae
2693 474 2965 533 adultera
2997 494 3113 536 suae
3135 478 3350 551 optime

78 568 219 617 enim
247 569 634 633 cognovissent,
664 585 963 637 nunquam
977 571 1281 624 Dominum
1291 572 1481 638 gloria
1491 571 1668 623 cruci-

80 654 315 719 ﬁxissent
345 656 396 714 (Ι
422 655 542 710 Cor.
576 669 638 722 II,
669 654 743 724 8).
781 657 907 712 Non
936 657 1086 712 enim
1123 674 1334 721 revera,
1392 662 1667 729 quantum

80 741 140 794 ad
162 741 346 812 ipsum
367 750 605 815 spectat,
628 745 903 801 Dominus
922 746 1117 817 gloriae
1137 752 1224 801 est
1247 746 1563 813 cruciﬁxus,
1595 745 1662 811 si,

80 837 299 903 propter
324 841 684 906 assumptum
744 837 1051 903 hominem,
1088 836 1237 907 quod
1286 835 1532 891 hominis
1560 836 1670 892 fuit

82 919 274 976 dicitur
292 924 599 993 pertulisse
627 924 797 980 Deus.
826 924 904 981 Et
926 925 1046 997 ipse
1074 926 1348 981 Dominus
1375 926 1436 981 in
1486 926 1669 980 Evan-

81 1009 215 1080 gelia
245 1027 257 1063 :
282 1011 457 1066 Nemo
484 1015 727 1069 ascendit
752 1016 816 1069 in
863 1016 1076 1081 calum,
1104 1017 1221 1069 nisi
1244 1017 1346 1084 qui
1398 1016 1671 1069 descendit

83 1100 138 1153 de
163 1102 304 1168 cwlo,
336 1103 518 1156 Filius
541 1103 802 1165 hominis,
845 1106 947 1174 qui
996 1108 1072 1159 est
1118 1106 1183 1158 in
1228 1106 1353 1159 calo
1404 1105 1545 1173 (Luc.
1579 1116 1667 1168 III,

88 1186 261 1256 13).Et
277 1206 479 1245 rursus
500 1190 556 1245 id
576 1192 726 1263 quod
746 1193 846 1248 Dei
880 1198 1021 1259 erat,
1054 1192 1271 1247 homini
1299 1198 1387 1248 est
1413 1192 1671 1263 assigna-

83 1282 230 1346 tum;
256 1294 444 1350 neque
472 1280 625 1335 enim
661 1281 830 1336 homo
880 1281 941 1336 in
987 1287 1141 1336 terra
1168 1282 1396 1353 degens,
1437 1282 1496 1337 in
1533 1281 1672 1335 coelo

84 1372 204 1421 tunc
231 1383 355 1423 esse
377 1373 641 1440 poterat;
685 1370 784 1425 sed
827 1371 957 1443 quia
1004 1371 1341 1442 Unigenitus
1371 1371 1555 1426 Patris
1590 1370 1672 1424 ita

86 1456 135 1510 in
160 1457 435 1512 mundum
467 1458 620 1513 venit
662 1463 727 1514 ut
752 1464 943 1515 tamen
983 1476 1019 1514 a
1070 1465 1305 1531 paterno
1356 1461 1486 1515 sinu
1522 1475 1671 1515 nun-

86 1560 241 1615 quam
288 1546 624 1613 discederet,
673 1548 823 1620 quod
873 1549 1025 1604 solus
1063 1549 1373 1604 divinitatis
1400 1554 1542 1615 erat,
1588 1549 1676 1603 lo-

85 1650 247 1706 quens
274 1634 332 1688 in
365 1640 546 1702 terra,
570 1644 859 1710 assumpto
897 1637 1111 1693 homini
1138 1644 1368 1711 pr0pter
1398 1637 1675 1693 unitatem

82 1739 323 1795 personae
350 1724 658 1781 tribuebat.
1037 1741 1052 1754 ‘

146 1813 261 1868 Hoc
288 1813 595 1869 locutionis
623 1816 790 1870 modo
808 1816 1068 1887 superius
1086 1813 1297 1872 dictum
1313 1821 1399 1871 est
1413 1816 1547 1887 quia
1572 1815 1679 1869 ho-
1695 1833 1741 1892 Β

85 1901 210 1955 mini
228 1908 524 1975 assumpto
552 1920 588 1958 a
606 1904 746 1959 Filio
773 1905 876 1960 Dei
898 1904 1043 1960 ictus
1070 1910 1128 1960 et
1147 1906 1382 1960 vulnera
1400 1904 1675 1976 impetum

85 1989 347 2060 passionis
390 1991 686 2059 inferrent,
744 2010 858 2048 non
900 1998 1091 2049 tamen
1118 1994 1367 2049 dolorem
1399 1991 1676 2065 passionis

88 2078 355 2135 afferrent.
377 2080 452 2135 Et
471 2081 579 2136 hoc
605 2082 913 2154 suppositis
938 2083 1399 2138 similitudinibus
1428 2082 1676 2137 declara-

88 2171 187 2231 tur,
216 2173 282 2222 ut
300 2168 348 2224 si
371 2170 553 2224 telum
575 2188 779 2242 aquam
829 2173 1096 2244 perforet,
1138 2177 1196 2227 et
1222 2178 1424 2227 caetera
1447 2188 1575 2243 quae,
1599 2187 1684 2226 se-

90 2262 345 2327 quuntur,
375 2275 442 2314 ac
468 2259 519 2313 si
540 2260 752 2315 diceret
777 2279 787 2314 :
821 2262 1002 2316 Homo
1025 2266 1350 2333 assumptus
1406 2260 1680 2333 impetum

93 2347 354 2415 passionis
374 2354 434 2403 et
462 2348 576 2403 vim
598 2350 806 2405 doloris
825 2351 1019 2418 sensit,
1058 2351 1208 2406 Deus
1240 2367 1534 2405 assumens
1566 2365 1682 2405 non

93 2435 287 2491 sensit:
321 2442 380 2491 et
400 2437 513 2493 hoc
535 2439 705 2509 paulo
730 2445 858 2510 post
883 2440 1132 2495 declarat
1150 2440 1341 2494 dicens
1373 2458 1386 2493 :
1424 2460 1447 2492 ι
1487 2439 1682 2494 Virtus

93 2525 343 2596 corporis,
364 2546 391 2580 η
426 2527 490 2582 id
510 2533 614 2595 est,
644 2527 907 2583 divinitas
935 2546 1227 2584 assumens
1263 2529 1446 2600 ipsum
1478 2545 1681 2600 corpus

100 2631 121 2661 ι
150 2613 262 2668 sine
281 2631 451 2671 sensu
478 2633 675 2687 paenae,
715 2634 741 2667 ι
777 2624 1051 2688 quantum
1085 2619 1155 2672 ad
1201 2616 1383 2690 ipsam
1412 2618 1677 2690 pertinet,

103 2719 124 2751 ι
155 2702 254 2757 vim
282 2721 461 2775 poenae
484 2707 544 2760 in
573 2723 652 2771 se,
686 2728 712 2756 ν
737 2707 794 2762 id
816 2712 920 2766 est.
944 2707 1002 2762 in
1029 2724 1199 2763 carne
1222 2715 1512 2778 assumpta
1537 2726 1559 2757 ι
1580 2706 1681 2760 de-

97 2791 361 2849 szevientis
386 2796 627 2866 excepit.
664 2815 686 2847 ι
710 2796 870 2860 Quod
895 2797 942 2850 si
995 2797 1170 2852 virtus
1199 2797 1468 2868 corporis,
1502 2794 1683 2865 magis

97 2882 257 2937 robur
280 2884 461 2955 ipsius
493 2885 762 2957 corporis,
796 2887 901 2941 hoc
928 2886 988 2940 in
1024 2887 1144 2941 loco
1182 2885 1547 2956 intelligenda
1576 2889 1679 2951 est,

98 2970 283 3025 eadem
311 2972 597 3028 sententia
622 2973 681 3028 in
710 2974 927 3029 caeteris
964 2979 1174 3041 manet,
1208 2979 1274 3029 ut
1310 2974 1387 3029 sit
1434 2990 1633 3029 sensus
1667 2990 1679 3026 :

105 3079 126 3111 α
149 3061 334 3117 Virtus
361 3061 614 3135 corporis
641 3064 764 3118 sine
792 3080 959 3119 sensu
989 3080 1165 3136 pinnae
1194 3065 1253 3119 in
1264 3080 1324 3118 se
1339 3062 1688 3118 desaevientis

103 3148 339 3220 excepit;
378 3169 402 3202 ι
437 3155 715 3222 quantum
746 3151 818 3205 ad
867 3156 1213 3222 assumptam
1252 3150 1684 3205 humanitatem.

108 3236 168 3290 Et
184 3236 287 3292 hoc
301 3239 602 3295 locutionis
621 3256 830 3311 genere
846 3256 1043 3295 revera
1060 3245 1118 3295 et
1158 3241 1312 3295 salva
1357 3239 1691 3294 Christianae

109 3326 377 3397 religionis
406 3328 520 3383 fide
549 3328 658 3383 dici
690 3335 875 3401 potest
905 3329 1035 3401 quia
1054 3329 1331 3396 Christus,
1350 3328 1465 3384 sive
1488 3344 1691 3401 corpus

108 3415 318 3484 Christi,
339 3420 599 3473 siveraro
628 3418 841 3473 Christi
862 3419 921 3473 in
953 3436 1117 3474 cruce
1145 3419 1468 3490 patiebatur
1495 3423 1553 3473 et
1578 3434 1693 3473 non

105 3506 424 3575 patiebatur,
479 3508 705 3563 dolebat
732 3514 790 3562 et
833 3525 947 3563 non
976 3508 1222 3575 dolebat,
1257 3507 1600 3563 moriebatur
1635 3511 1694 3562 et

110 3609 210 3648 non
238 3595 601 3652 moriebatur.
631 3597 700 3652 Et
724 3597 784 3652 in
811 3596 963 3652 hunc
993 3597 1221 3651 modum
1256 3598 1455 3662 multa,
1490 3611 1689 3651 nume-

110 3698 266 3754 roque
285 3685 558 3740 carentia.
596 3685 866 3758 Alioquin
897 3685 942 3739 si
983 3686 1253 3757 praefatus
1282 3685 1476 3740 doctor
1495 3690 1692 3739 contra

109 3771 518 3830 usitatissimum
565 3775 1037 3841 Ecclesiae'ﬁdem,
1061 3780 1258 3829 contra
1311 3775 1691 3845 evangelicum

106 3864 506 3931 auctoritatem,
538 3870 734 3918 contra
777 3863 1029 3918 omnium
1068 3869 1392 3917 sanctorum
1457 3864 1688 3918 Patrum

106 3948 497 4020 deﬁnitionem,
521 3970 747 4009 carnem
765 3952 972 4008 Christi
998 3952 1380 4007 insensibilem
1409 3958 1467 4007 et
1481 3952 1690 4007 doloris

107 4048 376 4110 expertam
401 4042 642 4113 intelligi
665 4042 950 4106 voluisset,
982 4047 1331 4113 assumptam
1360 4058 1392 4095 a
1421 4041 1562 4096 Filio
1589 4041 1693 4097 Dei

108 4126 374 4186 hominem
406 4131 649 4187 similem
689 4133 849 4188 nobis
898 4131 1187 4186 hominem
1214 4131 1273 4185 in
1303 4129 1534 4201 praefata
1562 4144 1692 4184 scn-

109 4219 276 4272 tentia
304 4220 535 4274 minime
565 4221 866 4275 retulisset.
901 4220 1036 4284 Quae
1061 4219 1208 4273 enim
1240 4219 1549 4273 similitudo
1571 4234 1694 4273 sen-

112 4304 247 4361 sibili
275 4313 332 4363 et
355 4309 704 4364 insensibili?
733 4309 943 4364 dolenti
978 4314 1036 4363 et
1062 4308 1271 4364 doloris
1310 4307 1559 4380 experti?
1590 4308 1694 4363 Re-

111 4395 233 4451 tulit
257 4405 465 4465 autom,
488 4415 601 4454 non
624 4398 798 4469 igitur
822 4397 1062 4469 intelligi
1080 4397 1273 4453 voluit-

176 4485 429 4556 Obsecro,
463 4489 687 4560 vigilate
707 4488 966 4544 omnibus
991 4486 1187 4555 modis,
1220 4486 1350 4559 quia
1382 4485 1696 4541 schismati-

115 4573 158 4627 ci
183 4580 237 4630 et
270 4576 516 4632 fautores
541 4594 735 4632 eorum
758 4577 907 4631 circa
932 4593 1029 4630 vos
1052 4581 1110 4630 et
1127 4575 1276 4630 inter
1298 4592 1395 4629 vos
1415 4581 1568 4642 sunt;
1592 4593 1694 4646 op-

115 4663 291 4730 ponite
319 4666 399 4721 eis
422 4671 645 4721 scutum
665 4666 885 4720 timoris
899 4664 1486 4736 Domini,impetentes
1506 4679 1603 4717 eos
1611 4663 1695 4732 ja-

117 4751 245 4807 culis
270 4754 583 4810 divinorum
614 4754 985 4826 eloquiorum;
1018 4751 1500 4808 adminiculamini
1532 4750 1693 4806 nobis

119 4855 376 4901 memores
403 4846 582 4901 nostri
608 4844 668 4900 in
697 4845 1046 4900 orationibus
1076 4842 1295 4898 vestris.
1322 4841 1694 4913 Omnipotens

121 4926 479 4991 Dominusdet
496 4934 651 4989 vobis
678 4933 821 4989 bene
850 4949 1038 5005 agere,
1075 4938 1134 4987 et
1159 4930 1398 4986 feliciter
1430 4946 1542 5001 quo
1572 4934 1694 4984 ten-

123 5018 241 5078 ditis
265 5025 570 5097 pervenire.
600 5026 799 5081 Amen.

670 5113 1018 5170 EPISTOLA
1036 5112 1129 5169 LI.

580 5216 659 5261 AD
701 5214 986 5260 ABBATEM
1028 5214 1088 5258 Τ.
1102 5244 1114 5260 .
1127 5240 1143 5260 .
1155 5240 1170 5258 .
1184 5242 1196 5256 .

132 5291 186 5345 Ut
224 5299 746 5352 eacommunicatam
771 5298 1089 5351 adulteram
1135 5295 1198 5348 de
1244 5293 1546 5347 cmmeterio
1574 5294 1703 5362 ejici

314 5372 615 5439 praecipiat,
649 5384 926 5438 quousque
952 5371 1190 5435 episcopo
1212 5366 1493 5433 δαιίεβαι.δ

190 5453 536 5514 ΙιΑΝιτιυικουε
580 5456 1057 5529 archiepiscopus,
1111 5451 1473 5509 dilectissimo
1519 5451 1699 5507 amico

133 5555 223 5594 suo
238 5542 418 5601 abbati
599 5591 614 5605 .
645 5545 826 5619 [Forte
844 5544 1113 5600 Turstino
1132 5543 1208 5597 ad
1235 5558 1397 5612 quem
1424 5545 1577 5610 epist.
1606 5540 1701 5613 53]

134 5629 372 5690 salutem.

1748 567 1915 635 novi;
1947 574 2005 623 et
2031 583 2227 622 revera
2248 564 2549 622 Londonize
2572 581 2762 619 coram
2806 581 2899 619 me
2937 582 3060 621 eam
3082 564 3350 637 vestigari

1748 656 2004 728 praecipi;
2035 656 2341 727 auditaque
2370 655 2667 725 utriusque
2724 654 2904 725 partis
2933 656 3263 721 assertione,
3292 655 3354 712 in

1748 744 2034 799 adulteros
2054 743 2393 798 sententiam
2421 741 2685 807 diximus,
2719 746 2775 795 et
2817 742 2970 811 juste
2998 759 3094 798 eos
3115 758 3237 797 esse
3264 758 3356 797 ex-

1749 832 2190 887 communicatos
2219 830 2504 886 communi
2525 846 2802 885 consensu
2829 830 3357 888 decrevimus.Pro-

1750 928 1944 993 pterea
1971 921 2112 976 nihil
2137 920 2291 975 aliud
2327 925 2524 985 restat,
2570 919 2681 973 nisi
2722 919 2872 990 quod
2903 920 3230 975 fraternitas
3256 926 3359 976 tua

1751 1009 2066 1064 adulteram
2089 1009 2160 1063 de
2188 1007 2509 1064 coemeterio
2536 1007 2663 1079 ejici
2716 1006 3030 1080 praecipiat;
3063 1022 3358 1081 quousque

1750 1100 1838 1153 vel
1863 1103 2163 1169 corruptor
2184 1099 2324 1168 ejus,
2359 1097 2444 1152 vel
2480 1095 2685 1168 aliquis
2712 1112 2816 1167 pro
2845 1111 2933 1165 ea,
2964 1096 3113 1168 quod
3136 1099 3359 1167 justum

1752 1193 1858 1254 est,
1878 1187 2137 1259 episcopo
2166 1187 2354 1241 faciat.
2387 1184 2654 1241 Libenter
2668 1185 2910 1240 facerem
2925 1185 3074 1256 quod
3100 1185 3205 1241 tibi
3232 1186 3357 1257 pla-

1754 1292 1883 1331 cere
1913 1292 2078 1348 posse
2107 1275 2504 1346 intelligerem.
2537 1278 2595 1328 et
2642 1273 2886 1328 multum
2916 1273 3078 1328 doleo
3107 1274 3258 1345 quod
3286 1274 3358 1330 de

1753 1364 2017 1435 pmsenti
2045 1362 2269 1435 negotio
2298 1363 2645 1418 voluntatem
2670 1366 2826 1417 tuam
2861 1362 3095 1436 implere
3122 1379 3235 1419 non
3254 1381 3355 1418 va-

1753 1452 1860 1507 leo.

2304 1536 2658 1596 EPISTOLA
2684 1537 2808 1596 LII.

2237 1646 2317 1690 AD
2358 1644 2645 1690 ABBATEI
2687 1644 2744 1690 G.
2756 1673 2772 1691 .
2783 1673 2799 1691 ο
2810 1672 2827 1692 ο
2837 1673 2855 1691 ο

1758 1750 1944 1814 33'!
1978 1746 2264 1801 Orricium
2290 1745 2651 1806 commendat,
2671 1745 2789 1812 iqui
2840 1745 2991 1813 apud
3020 1746 3189 1800 illum
3210 1749 3353 1815 regis

2219 1817 2485 1870 mandato
2506 1815 2876 1871 detinebatur.

1829 1924 2195 1979 Lampsacus
2240 1921 2506 1992 indignus
2551 1921 2808 1989 antistes,
2839 1923 3142 1980 venerabili
3167 1924 3358 1982 abbati

1960 2012 2199 2067 salutem
2219 2015 2277 2066 et
2302 2010 2765 2066 benedictionem.

1838 2101 2066 2156 Gratias
2096 2106 2337 2173 quantas
2381 2116 2608 2172 possum
2641 2101 2968 2171 paternitati
2990 2107 3190 2159 vestrae
3226 2121 3354 2177 ago,

1765 2189 1913 2261 quod
1941 2196 2243 2261 praesentes
2274 2195 2333 2244 et
2355 2189 2617 2244 absentes
2643 2187 2806 2243 nobis
2840 2195 2899 2244 et
2924 2189 2994 2244 de
3022 2190 3184 2246 nobis
3211 2191 3362 2248 bona

1762 2280 1969 2345 dicitis,
2002 2280 2239 2335 meliora
2263 2280 2489 2352 optatis,
2511 2284 2815 2351 utrumque
2842 2279 3027 2336 verbis
3058 2286 3115 2336 et
3158 2283 3363 2341 litteris

1764 2368 2131 2423 conﬁrmatis.
2167 2368 2238 2423 Et
2266 2384 2460 2423 revera
2490 2366 2681 2422 sciatis
2707 2384 2798 2422 me
2824 2369 3076 2424 eamdem
3090 2370 3237 2426 circa
3262 2389 3362 2428 vos

1764 2458 2108 2513 voluntatem
2139 2456 2368 2525 habere,
2399 2463 2456 2511 et
2482 2457 2638 2512 vobis
2666 2464 2721 2512 et
2749 2458 2949 2513 vestris
2977 2458 3254 2516 sinceram
3275 2461 3365 2517 di-

1762 2548 2059 2603 lectionem
2077 2547 2137 2601 in
2164 2546 2423 2602 omnibus
2447 2551 2506 2601 et
2530 2562 2634 2617 per
2658 2545 2851 2601 omnia
2886 2548 3170 2607 exhibere.

1835 2637 1997 2700 Quod
2034 2637 2105 2691 de
2161 2635 2388 2691 domino
2440 2635 2657 2690 Orricio
2700 2636 2994 2708 [Orricius]
3027 2639 3361 2705 mandastis,

1762 2729 2058 2795 gratanter
2077 2723 2306 2795 accipio,
2339 2723 2437 2778 sed
2468 2729 2664 2778 contra
2681 2731 3021 2797 praeceptum
3049 2728 3199 2799 regis
3226 2728 3366 2784 nihil

1766 2830 1967 2884 rogare
1995 2819 2054 2867 et
2080 2812 2160 2867 nil
2176 2811 2377 2882 jubere
2400 2829 2701 2883 praesumo;
2722 2814 2818 2867 sed
2847 2830 2983 2885 rogo
3012 2816 3368 2889 multumque

1766 2918 1903 2972 rogo
1929 2907 2206 2973 quatenus
2253 2906 2484 2972 propter
2519 2901 2700 2956 Deum
2754 2905 2810 2956 et
2853 2908 3083 2975 propter
3115 2921 3367 2961 amorem

1768 3007 1977 3057 meum,
2006 2995 2069 3045 et
2111 2989 2246 3061 quia
2270 2989 2391 3061 ipse
2440 2989 2644 3059 dignus
2674 2995 2778 3055 est,
2810 3007 2936 3045 eum
2960 2992 3230 3064 diligatis,
3263 2994 3368 3050 ho-

1704 3083 1929 3165 Cneste
1957 3077 2229 3143 tractetis,
2279 3082 2579 3149 paternum
2608 3077 2671 3165 ei
2716 3078 3000 3146 affectum,
3057 3081 3205 3136 sicut
3227 3085 3369 3153 'pru-

1770 3166 1965 3221 dentia
1997 3171 2175 3221 vestra
2214 3165 2570 3235 judicaverit,
2602 3164 2974 3237 impendatis;
3015 3184 3115 3240 pro
3146 3169 3372 3239 justitia

1770 3271 2015 3326 namque
2032 3253 2479 3326 persecutionem
2500 3253 2733 3324 patitur,
2761 3259 2837 3317 et,
2863 3271 2992 3310 cum
3019 3273 3265 3328 superna
3281 3273 3374 3313 vo-

1772 3346 1961 3400 luntas
1988 3344 2177 3409 fuerit,
2210 3343 2266 3398 in
2285 3343 2557 3414 gaudium
2590 3343 2699 3398 sibi
2728 3349 2786 3398 et
2802 3344 3060 3400 laetitiam
3089 3352 3373 3404 converte-

1772 3438 1868 3489 tur
1897 3450 1908 3484 :
1941 3433 2207 3487 misertus
2237 3439 2324 3487 est
2363 3436 2555 3486 tamen
2619 3432 2671 3487 ei
2719 3432 3010 3501 Dominus,
3045 3435 3192 3507 quod
3222 3437 3375 3493 inter

1772 3540 1869 3579 vos
1893 3538 2022 3577 eum
2050 3521 2227 3576 voluit
2246 3537 2403 3589 esse;
2436 3525 2494 3575 et
2522 3525 2785 3592 putantes
2834 3539 3056 3592 nocere,
3084 3524 3230 3581 sicut
3255 3526 3372 3582 Do-

1773 3611 1926 3666 mino
1950 3610 2178 3683 placuit,
2208 3609 2517 3681 plurimum
2544 3609 2832 3681 profuere.

2305 3715 2659 3772 EPISTOLA
2676 3717 2825 3776 LIII.

2171 3833 2251 3877 AD
2294 3832 2641 3877 TURSTINUM
2682 3832 2989 3881 ΑΒΒΑΤΕΜ.

1806 3913 2035 3970 Solatur
2062 3914 2328 3974 amicum,
2353 3915 2649 3988 suadetque
2678 3918 2746 3988 ut
2773 3931 2953 3983 regem
2976 3933 3076 3986 per
3092 3934 3146 3972 se
3164 3921 3215 3974 et
3235 3934 3338 3988 per

1845 3988 2050 4039 amicos
2067 3988 2276 4054 ﬂectere
2294 3986 2527 4046 studeat,
2553 4000 2648 4038 nec
2670 3987 2923 4040 tristetur
2940 4005 2988 4041 ,ςι
3015 3986 3298 4057 spreverit.

1845 4092 2205 4147 Lanrasscns
2252 4089 2518 4162 indignus
2564 4089 2818 4159 antistes,
2860 4091 3050 4149 abbati
3077 4094 3370 4167 Tuas'rmo,

1775 4181 2035 4235 salutem.

1845 4269 2153 4325 Consilium
2184 4284 2372 4323 meum
2430 4267 2535 4324 tibi
2586 4269 2831 4326 breviter
2883 4272 3264 4331 intimandum
3285 4293 3376 4332 ro-

1771 4359 1938 4431 gasti,
1960 4364 2018 4413 et
2045 4375 2149 4429 ego
2166 4358 2306 4412 illud
2334 4357 2438 4412 tibi
2473 4358 2666 4430 paucis
2694 4360 2958 4418 intimare
2986 4365 3193 4421 curavi.
3220 4365 3378 4437 Roga

1707 4465 1757 4524 D
1779 4449 1957 4504 Deum
1989 4454 2053 4502 ut
2080 4446 2405 4501 meminerit
2430 4448 2516 4502 tui
2542 4454 2600 4503 et
2637 4450 2973 4507 misereatur
3014 4453 3148 4523 tibi;
3188 4460 3246 4510 et
3272 4455 3379 4511 hoc

1776 4537 2072 4602 instanter,
2088 4541 2207 4590 tam
2225 4553 2326 4608 per
2344 4542 2402 4591 te
2422 4554 2590 4608 quam
2612 4557 2712 4611 per
2727 4541 2936 4597 amicos
2948 4548 3095 4612 tuos;
3117 4561 3219 4600 nos
3246 4560 3376 4600 vero

1775 4626 1881 4681 hoc
1908 4624 2129 4696 agimus
2152 4624 2211 4679 in
2237 4632 2513 4695 quantum
2543 4645 2860 4699 possumus.
2912 4632 3153 4689 Domino
3184 4638 3379 4690 nostro

1776 4714 1895 4785 regi
1911 4715 2048 4770 oder
2069 4714 2204 4767 recti
2213 4713 2462 4769 tudinem
2480 4732 2580 4786 per
2589 4718 2797 4774 amicus
2806 4725 2863 4774 et
2873 4720 2944 4775 tid
2952 4721 3064 4776 eles
3078 4722 3379 4779 internun-

1777 4803 1983 4860 tios.Si
2003 4801 2415 4873 spreverit,noli
2431 4804 2818 4861 multuminde
2835 4825 2956 4863 esse
2981 4810 3162 4866 tristis
3191 4827 3377 4883 neque

1782 4890 2070 4946 sollicitus.
2104 4888 2376 4944 Visitabit
2403 4891 2555 4946 enim
2605 4893 2754 4949 Deus
2784 4895 3003 4966 plebem
3037 4914 3219 4967 suam,
3248 4915 3379 4955 cum

1781 4978 2045 5052 expedire
2073 4978 2401 5036 decreverit.
2423 4978 2805 5036 Misericordia
2824 4989 3010 5040 tecum
3032 4986 3127 5042 sit.

2313 5086 2663 5144 EPISTOLA
2687 5088 2840 5150 LIV.

2089 5200 2172 5245 AD
2200 5200 2502 5246 DILECTUM
2532 5204 2606 5248 ET
2632 5205 2917 5254 FIDELEH.
2939 5208 3080 5256 6....

1784 5292 1852 5345 In
1882 5291 2231 5345 comitatibus
2262 5293 2372 5360 ipsi
2399 5296 2703 5350 commissis
2744 5300 2971 5353 nullum
3007 5300 3117 5354 sibi
3142 5316 3253 5356 esse
3279 5304 3378 5357 do-

1855 5365 2123 5428 minium,
2150 5362 2242 5415 sed
2268 5363 2343 5416 ad
2394 5365 2605 5418 victum
2650 5370 3051 5425 monachorum
3081 5376 3259 5429 terras
3287 5391 3379 5429 ec—

1856 5436 2027 5488 clesiae
2052 5450 2163 5488 sua
2190 5449 2375 5507 omnes
2399 5438 2697 5502 pertinere.

1852 5539 2212 5596 Laur-amcos
2255 5538 2521 5611 indignus
2568 5543 2821 5611 antistes,
2875 5547 3081 5604 dilecto
3128 5555 3185 5606 et
3225 5551 3380 5609 ﬁdeli

1784 5628 1964 5685 amico
1992 5645 2095 5685 suo
2125 5628 2261 5684 G....
2284 5628 2527 5685 salutem
2558 5636 2617 5688 et
2636 5633 3105 5696 benedictionem.
