3892 6350
553 357 660 418 547

628 485 853 540 Gratias
874 499 979 555 ago
998 481 1254 554 benignae
1271 479 1631 536 sollicitudini
1647 487 1780 550 tuae,
1821 486 1878 536 et
1898 481 2146 536 sollicitae
2165 482 2212 541 A

551 572 886 644 benignitati
906 579 1037 637 tuae,
1073 589 1193 642 qua
1225 570 1523 625 amicitiam
1557 588 1590 625 a
1614 571 1920 642 primordio
1942 578 2151 626 mutuae

553 661 890 732 cognitionis
907 660 1041 714 mihi
1054 660 1377 731 promisisti;
1393 659 1593 730 reipsa,
1607 677 1732 713 cum
1763 660 2150 730 opportunitas

555 755 616 805 'se
642 751 894 820 ingessit,
926 766 1147 820 semper
1178 750 1562 802 demonstrare
1603 749 1888 814 studuisti,
1927 753 1983 802 et
2003 765 2151 802 nunc

553 845 752 910 precor
783 839 1133 908 multumque
1161 853 1374 907 precor,
1410 837 1660 907 quamvis
1717 855 1826 891 non
1859 843 2151 910 tantopere

552 925 812 997 precibus
861 927 1132 997 indigeas,
1193 931 1469 996 quatenus
1527 927 1595 980 de
1627 927 1883 998 praesenti
1923 929 2151 998 negotio

550 1019 774 1069 tantum
795 1016 960 1069 rebus
987 1015 1186 1069 vestris
1212 1017 1416 1080 valeas,
1449 1022 1721 1087 quantum
1757 1019 1939 1071 valere
1983 1017 2154 1072 fuerit

549 1104 654 1158 tibi
684 1103 924 1176 deSUper
951 1105 1082 1158 data
1110 1104 1363 1158 facultas.

625 1192 779 1246 Scias
802 1199 989 1247 autem
1015 1192 1072 1245 in
1119 1193 1229 1246 illis
1259 1193 1636 1260 comitatibus,
1683 1212 1919 1265 quorum
1952 1197 2150 1267 exqui-

554 1280 859 1335 rendorum
891 1297 1025 1335 cura
1051 1280 1154 1334 tibi
1189 1283 1487 1335 commissa
1518 1289 1620 1346 est,
1665 1301 1754 1336 me
1793 1285 1932 1338 nihil
1963 1285 2020 1339 in
2051 1286 2152 1340 do-

551 1370 709 1424 ‘mino
737 1369 965 1437 habere,
989 1371 1085 1424 sed
1113 1387 1306 1425 omnes
1331 1372 1387 1424 in
1419 1372 1527 1426 illis
1559 1373 1810 1442 partibus
1842 1381 2036 1428 vestrze
2061 1376 2155 1429 Ec-

553 1460 733 1514 clesiae
762 1466 943 1514 terras
972 1461 1040 1513 ad
1074 1461 1242 1513 vitam
1269 1462 1666 1515 monachorum
1699 1481 1800 1533 per
1827 1465 2015 1518 omnia
2036 1482 2158 1535 per-

551 1548 750 1602 tinere.
785 1549 983 1602 Frater
1011 1554 1211 1614 vester,
1246 1549 1341 1618 qui
1392 1549 1493 1602 has
1538 1549 1637 1602 tibi
1693 1551 1908 1605 litteras
1942 1558 2148 1622 portat,

554 1638 736 1690 multa
763 1638 1044 1690 laudanda
1075 1638 1143 1691 de
1176 1643 1232 1690 te
1260 1639 1395 1691 mihi
1427 1640 1634 1699 retulit,
1689 1657 1926 1710 quorum
1969 1642 2154 1711 plura-

553 1725 685 1779 litas
715 1729 773 1779 et
799 1727 1113 1797 epistolaris
1142 1726 1383 1780 brevitas
1413 1744 1478 1781 ea
1507 1744 1665 1796 nunc
1694 1731 2007 1783 enumerari
2041 1747 2152 1784 non

553 1813 706 1867 sinit.
738 1815 844 1869 Sed
875 1815 1228 1885 omnipotens
1258 1815 1406 1869 Deus
1434 1817 1594 1886 cujus
1649 1819 1978 1872 memoriam
2013 1820 2215 1899 nihilB

554 1903 915 1973 subterfugit,
949 1904 1095 1957 sicut
1131 1904 1302 1963 novit,
1328 1905 1712 1975 multipliciter
1725 1905 1827 1959 tibi
1861 1907 2147 1978 rependat,

556 1996 614 2046 et
641 1991 710 2044 ab
745 1992 898 2045 omni
928 2009 1095 2062 opere
1131 1994 1282 2046 malo
1330 1993 1488 2064 prius
1527 1992 1619 2065 [f.,
1655 1996 1800 2066 pius]
1829 1997 2148 2062 auxiliator,

551 2083 610 2134 te
630 2080 980 2135 incessanter
1004 2080 1286 2134 defendat.

1102 2169 1460 2226 EPISTOLA
1492 2171 1609 2226 LV.

1029 2277 1110 2319 AD
1152 2277 1465 2322 ABBATEM.
1499 2279 1557 2323 Β.
1572 2309 1584 2324 .
1599 2309 1639 2324 ..
1656 2311 1667 2322 .

551 2369 627 2422 De
656 2367 920 2420 monacho
944 2381 1047 2435 pro
1079 2384 1182 2436 quo
1213 2374 1437 2435 roga-rat
1469 2375 1530 2421 ut
1552 2373 1614 2423 in
1644 2373 2049 2426 monasterium
2073 2389 2151 2427 re-

539 2472 552 2478 -
620 2441 915 2512 aperiatur,
949 2454 1066 2491 rem
1119 2443 1398 2506 integram
1448 2456 1600 2495 nunc
1625 2443 1676 2495 ei
1701 2447 1995 2508 permittit,
2025 2461 2153 2512 pro-

623 2511 857 2564 baturus
884 2512 1028 2578 quod
1046 2511 1360 2566 decreverit.

621 2607 982 2666 Lanraancus
1020 2610 1491 2681 archiepiscopus,
1548 2611 1736 2666 abbati
1789 2613 1838 2667 R

550 2701 691 2756 tam.

623 2786 784 2849 Quod
814 2787 1043 2842 fratrem
1070 2787 1140 2841 de
1161 2803 1270 2858 quo
1298 2787 1436 2840 mihi
1461 2788 1686 2858 scripsit
1701 2789 2022 2845 fraternitas
2053 2797 2152 2847 tua

550 2875 612 2933 in
637 2877 1042 2931 monasterium
1070 2877 1473 2946 recipiendum,
1492 2895 1617 2931 cum
1651 2880 1791 2933 meis
1815 2881 2018 2935 litteris
2049 2883 2151 2935 tibi

550 2963 748 3031 direxi,
782 2971 969 3030 διεδ
999 2972 1143 3020 teste
1163 2967 1504 3020 conscientia
1550 2984 1695 3032 mea,
1735 2969 1922 3024 divino
1947 2971 2000 3024 id
2033 2973 2150 3024 zelo

551 3057 610 3106 et
637 3070 831 3108 amore
873 3056 1052 3109 nostri
1078 3055 1292 3108 ordinis
1321 3055 1445 3119 feci,
1469 3073 1649 3126 neque
1671 3059 1823 3110 enim
1851 3061 2036 3128 gratia
2065 3061 2147 3112 vi-

1996 2616 2148 2670 salu-

545 3143 704 3198 tandi
730 3144 979 3196 scandali
1001 3143 1213 3214 aliquid
1248 3145 1370 3198 volo
1391 3146 1475 3199 vel
1501 3162 1699 3215 rogare
1753 3149 1834 3200 vel
1879 3150 2143 3218 praecipe-
2166 3151 2209 3212 C

525 3248 634 3295 re,
668 3233 818 3301 quod
843 3233 1029 3301 aliquo
1052 3233 1216 3286 modo
1257 3234 1315 3286 in
1347 3236 1526 3304 majus
1582 3237 1663 3288 vel
1709 3237 1956 3290 deterius
1986 3255 2146 3291 scan-

526 3319 740 3376 dalum
811 3321 993 3374 valeat
1054 3323 1366 3391 pervenire.
1442 3323 1698 3394 Loquere
1766 3325 1940 3394 igitur
2019 3343 2143 3380 cum

553 3408 833 3479 episcopo,
868 3409 915 3462 si
965 3409 1108 3463 forte
1151 3412 1327 3475 adest,
1369 3417 1427 3464 et
1455 3429 1582 3466 cum
1611 3414 1816 3466 domno
1846 3415 2146 3469 Godefrido

533 3497 737 3568 priore
773 3499 923 3568 ejus;
965 3505 1022 3553 et
1045 3501 1314 3570 quidquid
1372 3518 1540 3572 super
1593 3502 1696 3555 hoc
1739 3505 1964 3572 negotio
2002 3505 2150 3559 inter

548 3603 645 3640 vos
674 3588 1084 3652 consulueritis,
1129 3595 1184 3642 et
1204 3591 1518 3642 consultum
1557 3607 1724 3660 opere
1752 3593 2143 3662 complendum

549 3675 922 3740 decreveritis,
950 3677 1006 3730 in
1029 3677 1286 3731 omnibus
1319 3684 1376 3730 et
1405 3696 1505 3747 per
1529 3681 1719 3732 omnia
1757 3681 1893 3733 mihi
1927 3699 2147 3753 quoque

545 3764 767 3836 placere
800 3767 1083 3820 noveritis.
1125 3767 1319 3836 Neque
1351 3767 1500 3820 enim
1565 3768 1884 3839 superbiam
1932 3772 2146 3826 nutrire

544 3856 689 3922 volo,
718 3873 886 3926 quam
917 3856 1111 3926 procul
1167 3855 1234 3907 ab
1296 3856 1449 3908 omni
1509 3874 1714 3926 genere
1770 3859 2060 3913 hominum
2091 3868 2147 3914 et

544 3945 824 4017 praecipue
887 3960 921 3998 a
975 3949 1169 3997 nostro
1236 3943 1433 3997 ordine
1484 3952 1759 4000 remotam
1819 3964 1942 4002 esse
2002 3949 2146 4003 desi-

544 4033 696 4088 dero.

1076 4119 1426 4176 EPISTOLA
1453 4120 1601 4177 LVI.

921 4226 1003 4270 AD
1045 4228 1405 4273 WILLELMUM
1448 4229 1483 4271 Α
1494 4231 1736 4276 BBATEM
1747 4259 1760 4275 ο

546 4322 608 4375 Ut
641 4321 913 4394 Bainaldo
939 4320 1204 4394 monac/to
1243 4321 1598 4394 Gloeestrense
1619 4328 2021 4379 monasterium
2042 4342 2138 4394 pe-

615 4397 740 4450 tere,
766 4388 1181 4464 ibiqueSerlonc
1207 4393 1396 4445 abbate
1415 4409 1515 4460 per
1534 4398 1679 4447 anni
1706 4399 1877 4450 unius
1891 4388 2138 4464 spatium

607 4464 926 4515 con-versari
951 4463 1126 4514 liceat.

612 4561 972 4614 LANFRANCUS
989 4559 1439 4632 archiepiscopus
1469 4564 1795 4618 charissimo
1825 4566 2003 4619 amico
2040 4583 2140 4620 suo

520 4645 521 4648 “
543 4648 732 4703 abbati
759 4649 1084 4714 WILLELMO,
1116 4651 1370 4704 salutem.

612 4738 770 4808 Rogo
793 4744 864 4805 te,
893 4744 1163 4809 quantum
1191 4757 1388 4810 rogare
1420 4759 1648 4811 possum
1690 4748 1747 4796 et
1771 4743 1962 4810 debeo,
2007 4762 2142 4815 qua-

538 4833 706 4882 tenus
747 4828 878 4882 huic
908 4828 1068 4881 fratri
1099 4829 1368 4882 Rainaldo
1392 4832 1663 4884 concedas
1699 4831 1978 4886 licentiam
2010 4851 2138 4888 con-

538 4917 797 4972 versandi
823 4919 970 4988 apud
1001 4917 1345 4973 Glocestram
1391 4936 1518 4972 cum
1548 4919 1748 4973 abbate
1777 4921 2006 4976 Serlone
2039 4942 2138 4994 per

540 5007 784 5078 spatium
816 5007 982 5061 unius
1035 5008 1197 5075 anni;
1243 5009 1469 5078 expedit
1515 5009 1660 5060 enim
1701 5011 1899 5064 animae
1931 5029 2043 5066 suae
2074 5020 2136 5068 ut

540 5097 646 5150 hoc
675 5098 794 5150 ﬁat.
829 5097 1014 5166 Hujus
1045 5113 1287 5166 namque
1316 5096 1586 5149 indicium
1633 5097 1760 5151 hinc
1792 5101 2132 5168 permaxime

539 5186 717 5257 capio,
747 5186 894 5256 quod
916 5187 1232 5256 regularem
1254 5187 1437 5238 locum
1468 5186 1628 5254 petit,
1657 5189 1908 5257 quamvis
1939 5196 1995 5244 et
2024 5208 2138 5245 mo-

539 5276 786 5329 nasterio
816 5281 934 5340 tuo,
967 5275 1024 5327 in
1051 5292 1159 5345 quo
1188 5275 1435 5328 nutritus
1459 5281 1561 5341 est,
1588 5277 1645 5329 in
1685 5278 1838 5331 nullo
1856 5279 2132 5336 detrahat.

539 5363 649 5417 Sed
679 5380 778 5417 cur
799 5364 904 5417 hoc
932 5363 1112 5416 facere
1140 5363 1289 5422 velit.
1325 5364 1712 5418 rationabilem
1743 5383 1966 5422 causam
1981 5387 2138 5423 enar-

538 5457 645 5504 rat.
681 5454 894 5506 Iterum
927 5469 1061 5523 rogo
1090 5469 1159 5506 ne
1191 5452 1425 5507 moleste
1471 5454 1613 5508 feras
1660 5457 1808 5526 quod
1842 5459 1911 5511 ad
1939 5476 2027 5514 me
2051 5478 2137 5514 ve-

535 5541 642 5606 nit,
674 5543 822 5613 quod
848 5558 937 5596 me
965 5543 1208 5598 amicum
1237 5547 1397 5596 tuum
1429 5560 1531 5616 pro
1550 5547 1883 5603 necessitate
1903 5565 2004 5604 sua
2034 5567 2133 5605 ex-

532 5630 715 5700 petiit.

1536 351 1599 412 B.
1641 353 2060 412 LANFRANCI
2102 347 2464 410 CANTUAR.
2507 351 2848 408 ARCHIEP.

2157 4471 2208 4530 D

3713 357 3805 414 5i8

2754 473 3107 532 EPISTOLA
3128 475 3297 532 LVII.

2625 578 2634 593 ‘
2711 585 2788 627 AD
2817 583 3012 629 0......
3039 583 3350 628 ABBATEM.

2233 675 2435 742 Arquit
2464 675 2606 743 quod
2638 673 2896 727 monacho
2913 690 3010 726 suo
3040 677 3279 741 vagandi
3311 677 3592 727 licentiam
3622 693 3806 729 conres-

2305 749 2454 800 serit.
2485 749 2709 798 redirea
2727 763 2777 797 se
2799 748 3141 813 compulsum
3163 762 3287 798 eum
3306 747 3509 799 honore
3529 751 3587 798 ut
3601 751 3805 814 recipiat

2304 823 2506 880 monet,
2541 822 2702 884 atque
2725 819 2834 875 illi,
2869 822 3137 883 tanquam.
3165 819 3300 883 ﬁlio,
3321 822 3616 882 paternam.
3645 820 3809 871 chori.

2306 893 2470 941 talem
2503 889 2800 955 impendat.

2307 985 2665 1038 LANFRANCUS
2715 983 3166 1054 archiepiscopus
3433 984 3636 1052 abbati,
3675 987 3808 1038 salu-

2233 1079 2368 1130 tem.

2302 1163 2558 1216 Fratrem
2614 1161 2949 1231 Gregorium
3001 1163 3339 1216 monachum
3371 1167 3530 1216 tuum
3560 1163 3810 1217 volentem

2234 1266 2391 1304 mare
2443 1250 2685 1304 transire
2735 1249 3158 1320 prohibuimus;
3211 1256 3269 1304 et
3315 1251 3387 1304 ad
3436 1252 3807 1305 monasterium

2234 1356 2398 1393 suum
2448 1339 2630 1392 redire
2678 1339 3049 1409 praecipimus,
3094 1345 3150 1393 et
3177 1339 3551 1410 praecipiendo
3572 1341 3811 1410 compuli-

2236 1445 2381 1482 mus.
2417 1429 2500 1482 Tu
2533 1445 2644 1481 non
2667 1427 2808 1481 bene
2836 1426 3019 1497 egisti,
3071 1428 3217 1497 quod
3249 1428 3356 1498 ipsi
3403 1429 3636 1498 vagandi
3676 1432 3812 1481 extra

2237 1517 2478 1587 patriam
2508 1516 2802 1570 licentiam
2838 1517 3248 1571 concessisti.In
3273 1518 3379 1572 hoc
3393 1517 3529 1571 satis
3553 1518 3813 1570 evidenter

2234 1611 2470 1674 apparet
2497 1605 2679 1676 qualis
2705 1611 2897 1675 pastor
2942 1606 3166 1664 existas,
3220 1611 3277 1658 et
3322 1623 3435 1676 qua
3464 1606 3811 1660 sollicitudine

2233 1694 2549 1763 gubernare
2571 1695 2901 1747 commissas
2937 1694 3038 1746 tibi
3064 1694 3282 1747 animas
3308 1696 3470 1752 scias.

2306 1782 2647 1836 Mandamus
2677 1783 2850 1851 igitur
2869 1788 2927 1835 et
2955 1783 3335 1853 praecipimus,
3367 1790 3425 1836 et
3471 1781 3811 1854 prmeipiendo

2233 1889 2499 1941 rogamus
2527 1879 2805 1942 quatenus
2857 1888 2984 1925 cum
3039 1873 3251 1925 honore
3305 1890 3434 1926 eum
3479 1873 3723 1942 recipias.
3765 1875 3811 1922 et

2236 1961 2306 2014 de
2335 1967 2536 2014 caetero
2566 1961 2713 2014 sicut
2768 1961 2883 2014 filio
2936 1966 3029 2014 tuo
3061 1967 3357 2031 paternam
3407 1961 3458 2015 ei
3507 1961 3808 2014 charitatem

2232 2049 2546 2118 impendas.
2571 2049 2864 2104 Credimus
2895 2049 3047 2102 enim
3087 2067 3190 2120 per
3236 2050 3672 2104 misericordiam
3701 2047 3805 2110 Dei,

2235 2137 2284 2191 si
2304 2139 2576 2192 sollicitus
2601 2139 2683 2191 tui
2710 2138 2922 2191 ordinis
2953 2154 3074 2192 esse
3104 2139 3521 2209 volueris,quod
3541 2136 3808 2192 consilium

2236 2233 2294 2280 et
2318 2227 2586 2281 auxilium
2643 2233 2761 2280 tam
2809 2228 2868 2280 in
2915 2226 3098 2281 causis
3147 2227 3538 2298 spiritualibus
3575 2241 3730 2297 quam
3759 2224 3808 2277 in

2237 2315 2600 2369 saecularibus
2660 2333 2761 2385 per
2806 2332 2936 2369 eum
2993 2316 3200 2369 habere
3255 2316 3482 2370 valebis.
3514 2312 3810 2370 Laetificat-it

2231 2421 2324 2457 me
2353 2405 2615 2468 multum,
2638 2405 2784 2474 quod
2808 2405 3067 2458 timorem
3100 2405 3202 2459 Dei
3232 2409 3288 2458 te
3310 2405 3535 2472 habere,
3555 2409 3610 2459 et
3626 2403 3807 2457 bonum

2231 2495 2518 2548 hominem
2545 2511 2664 2548 esse
2695 2494 2996 2565 perhibuit,
3021 2495 3117 2549 sed
3141 2501 3332 2548 tamen
3355 2512 3457 2565 pro
3479 2493 3807 2564 simplicitate

2231 2589 2332 2637 tua
2360 2585 2740 2654 negligentem
2774 2600 2892 2637 esse
2913 2584 3094 2638 nostri
3123 2585 3338 2638 ordinis
3367 2600 3573 2654 negare
3589 2599 3693 2636 non
3718 2595 3806 2650 po-

2232 2673 2358 2728 tuit.

2733 2761 3090 2817 EPISTOLA
3119 2762 3321 2818 LVIII.

2633 2869 2714 2912 AD
2745 2868 3048 2912 REMIGIUM
3086 2869 3405 2915 DILECTUH.

2231 2959 2431 3010 Multo-3
2462 2960 2525 3010 de
2567 2960 2682 3025 ipso
2723 2959 2872 3024 apud
2919 2974 3101 3023 regem
3131 2961 3275 3011 male
3308 2960 3477 3026 loqui,
3507 2957 3695 3026 quibus
3721 2968 3809 3006 rea:

2303 3031 2463 3094 ﬁdem
2497 3046 2608 3081 non
2637 3031 2913 3082 adhibeat.
2946 3029 3218 3096 Erpetlire
3260 3035 3324 3083 ut
3352 3031 3428 3082 ad
3455 3045 3506 3082 se
3543 3029 3733 3088 veniat,
3754 3028 3805 3075 ut

2303 3117 2370 3152 ea:
2397 3103 2512 3166 ejus
2541 3117 2636 3153 ore
2661 3103 2829 3166 plura
2851 3102 3065 3152 audiat.

2301 3188 2661 3241 LANFRANCUS
2710 3187 2809 3241 Dei
2859 3187 3044 3257 gratia
3099 3189 3569 3260 archiepiscopus,
3625 3184 3805 3238 dilecto

2229 3275 2389 3329 fratri
2414 3282 2470 3329 et
2498 3277 2676 3329 amico
2710 3276 2971 3342 REMIGIO,
3004 3278 3262 3331 salutem.

2301 3364 2443 3418 Cum
2476 3364 2639 3418 multi
2669 3365 2738 3417 de
2761 3370 2814 3417 te
2844 3366 3021 3418 multa
3048 3383 3312 3436 perversa
3357 3367 3561 3428 dicant,
3605 3368 3656 3416 et
3692 3375 3806 3432 per-

2232 3455 2395 3523 pauci
2429 3454 2543 3506 sint
2574 3454 2669 3524 qui
2699 3454 2880 3507 verbis
2910 3457 3327 3510 detrahentium
3352 3455 3598 3526 ingenita
3625 3451 3806 3505 libera-

2233 3542 2388 3595 litate
2412 3543 2534 3612 [al.,
2559 3542 2840 3612 libertate]
2858 3544 3411 3598 contradicant.scias
3439 3550 3622 3597 tamen
3651 3534 3806 3592 domi-

2230 3647 2365 3686 num
2389 3637 2642 3685 nostrum
2665 3649 2854 3701 regem
2907 3634 3117 3687 nullius
3165 3635 3515 3688 detrahentis
3551 3635 3731 3685 contra
3758 3633 3805 3677 te

2229 3720 2396 3774 verba
2427 3721 2693 3790 recipere,
2719 3721 2817 3773 sed
2846 3721 3033 3790 potius
3062 3728 3254 3775 contra
3288 3741 3482 3776 omnes
3528 3717 3804 3772 malediCOS

2229 3810 2403 3878 regali
2427 3814 2483 3862 te
2514 3809 2850 3862 auctoritate
2889 3810 3206 3863 defendere.
3234 3810 3435 3882 Itaque
3467 3807 3679 3880 expedit
3694 3801 3799 3864 tibi:

2229 3898 2275 3952 si
2302 3916 2472 3968 prope
2504 3915 2561 3951 es
2582 3904 2641 3950 et
2666 3898 2881 3951 licitum
2911 3899 3100 3964 habes,
3117 3905 3395 3969 quatenus
3416 3901 3481 3953 ad
3505 3914 3592 3950 me
3609 3892 3797 3952 venias,

2229 3992 2283 4040 et
2310 4004 2378 4040 ea
2403 4004 2525 4057 quae
2549 4004 2650 4058 pro
2672 3988 2758 4040 sui
2787 3987 3106 4058 prolixitate
3128 3989 3366 4044 breviter
3385 3986 3550 4042 scribi
3565 3999 3670 4038 non
3689 3996 3800 4052 pos-

2226 4081 2379 4140 sunt,
2407 4092 2502 4130 ore
2529 4076 2598 4129 ad
2630 4092 2690 4128 os
2711 4076 2926 4130 audias.

2653 4169 2845 4230 329
2873 4165 3227 4221 EPISTOLA
3248 4168 3395 4222 LIX.

2863 4272 2943 4314 AD
2970 4271 3194 4318 ΒΗΘ-..ο

2223 4360 2548 4426 Gregorium
2571 4376 2778 4428 papam
2823 4364 2892 4414 ab
2939 4379 2996 4416 eo
3026 4366 3357 4431 vituperari,
3391 4368 3439 4416 et
3495 4358 3791 4431 Clementem

2299 4434 2554 4484 laudibus
2584 4435 2769 4498 e/l'erri
2802 4449 2912 4485 non
2933 4430 3157 4501 probat:
3185 4436 3302 4487 Etsi
3349 4430 3669 4500 imperatori
3694 4438 3788 4503 ere-

2296 4504 2390 4555 dat
2421 4504 2556 4567 facti
2585 4508 2674 4555 sui
2703 4520 2893 4556 causas
2927 4521 3036 4557 non
3061 4507 3313 4571 defuisse,
3356 4503 3625 4558 dissuadet
3657 4512 3714 4548 ne
3740 4507 3789 4544 tn-

2294 4575 2554 4639 Angliam
2587 4577 2769 4627 veniat
2799 4578 2917 4627 sine
2951 4579 3091 4642 regis
3115 4579 3358 4630 licentia.

2295 4662 2672 4728 LANI-‘RANCL’S,
2708 4664 2959 4719 HUG.....
2995 4665 3174 4734 [farta
3205 4664 3472 4733 HUGONI.]

2294 4750 2535 4803 Litteras
2562 4757 2708 4816 tuas,
2737 4769 2874 4822 quas
2907 4752 3043 4806 mihi
3075 4771 3173 4824 per
3206 4755 3530 4823 portitorem
3563 4753 3788 4800 mearum

2221 4839 2443 4902 misisti,
2477 4841 2695 4911 suscepi
2727 4846 2782 4894 et
2802 4842 2931 4911 legi,
2967 4848 3022 4895 et
3052 4843 3457 4913 displicuerunt
3487 4836 3617 4892 mihi
3663 4844 3791 4901 quaa-

2219 4927 2348 4980 dam
2383 4946 2505 4999 quae
2560 4929 2619 4982 in
2673 4930 2753 4983 eis
2799 4931 3007 4986 inveni.
3042 4932 3169 4985 Non
3222 4933 3395 5002 probo
3425 4927 3568 5000 quod
3610 4932 3789 4994 Papam

2220 5017 2556 5087 Gregorium
2619 5019 2920 5089 vituperas,
2986 5022 3133 5092 quod
3182 5018 3616 5075 Hildebmndum
3677 5019 3789 5092 eum

2222 5125 2399 5168 vocas,
2431 5109 2579 5179 quod
2608 5110 2822 5179 legatos
2853 5111 2974 5179 ejus
2997 5111 3312 5181 spinosulos
3352 5107 3621 5168 nominas,
3659 5089 3788 5167 qUOd

2219 5197 2564 5251 Clementem
2595 5203 2679 5251 tot
2711 5205 2768 5252 et
2795 5199 2965 5252 tantis
2996 5201 3283 5270 praeconiis
3323 5206 3436 5252 tam
3467 5201 3688 5265 propere
3709 5182 3784 5251 if"

2218 5286 2583 5358 praepostere]
2633 5289 2869 5345 exaltas.
2925 5290 3206 5360 Scriptum
3237 5296 3319 5342 est
3353 5285 3496 5340 enim
3550 5291 3654 5332 non
3681 5283 3786 5323 ὤιξε

2218 5376 2562 5429 laudandum
2585 5377 2638 5430 in
2669 5379 2783 5431 vita
2812 5396 2912 5432 sua
2957 5379 3239 5434 hominem
3265 5379 3451 5452 (Eecli.
3477 5387 3548 5434 X1,
3569 5363 3786 5452 30iaunec

2219 5465 2629 5519 detrahendum
2685 5469 2940 5538 proximo
3000 5486 3097 5523 su:
3156 5449 3294 5526 (Jac.
3344 5483 3412 5529 IV,
3470 5461 3568 5514 ll).
3608 5449 3782 5508 Adhuc

2217 5553 2565 5624 incognitum
2596 5561 2682 5609 est
2709 5557 2956 5611 humano
2977 5558 3168 5628 generi
3197 5558 3389 5629 quales
3414 5563 3557 5607 nunc
3586 5542 3706 5600 sint,
3735 5539 3782 5586 3t

2218 5645 2411 5713 quales
2435 5644 2612 5700 futuri
2639 5645 2756 5699 sint
2795 5646 2854 5700 in
2901 5653 3203 5718 conspectu
3263 5645 3383 5702 Dei.
3420 5635 3591 5696 Credo
3609 5635 3778 5683 tamen
