3892 6364
102 333 198 413 549

1534 350 1928 416 EPISTOLJE.

3264 336 3385 421 559

99 479 239 553 quod
259 480 567 554 imperator
586 482 705 537 sine
726 498 933 555 magna
954 483 1174 539 ratione
1191 486 1413 539 tantum
1434 498 1555 538 rem
1577 498 1691 539 non
1712 480 1760 544 Α
1780 499 2132 537 recessurum
2152 483 2449 554 jurassem,
2489 482 2736 537 viderem
2765 486 2957 537 autem
2982 483 3132 555 quod
3155 482 3233 539 ibi
3258 484 3382 540 ani-

97 576 177 623 est
209 584 509 640 aggressus
534 578 776 642 patrare,
810 589 912 627 nec
955 573 1075 627 sine
1105 590 1309 644 magno
1340 574 1545 628 auxilio
1594 574 1696 628 Dei

94 656 305 712 tantam
334 660 523 730 potuit
550 661 837 716 victoriam
869 679 1282 717 consummare.

160 746 285 801 Non
314 749 485 803 laudo
512 754 577 803 ut
604 750 662 803 in
707 751 995 821 Anglicam
1036 759 1248 806 terram
1278 753 1487 817 venias,
1521 752 1630 807 nisi
1663 768 1695 805 a

93 837 552 906 regeAnglnrum
600 838 887 894 licentiam
938 841 1195 895 veniendi
1244 841 1399 913 prius
1429 842 1689 911 accipias.

94 925 344 979 Nondum
376 926 526 980 enim
558 928 744 982 insula
773 934 967 983 nostra
998 931 1243 1000 priorem
1276 931 1557 995 refutavit,
1591 947 1694 984 nec

95 1019 274 1067 utrum
297 1015 432 1069 huic
460 1016 685 1071 obedire
714 1018 917 1072 debeat
935 1021 1271 1073 sententiam
1293 1020 1688 1090 promulgavit.

92 1103 301 1157 Auditis
340 1107 610 1177 utrinque
639 1108 837 1173 causis,
869 1110 917 1162 si
946 1109 1027 1163 ita
1052 1110 1371 1180 contigerit,
1403 1111 1691 1181 perspica-

93 1193 201 1246 cius
232 1193 369 1264 quid
398 1194 525 1249 ﬁeri
554 1202 812 1266 oporteat
840 1197 1136 1267 provideri,
1183 1198 1400 1252 valebit.

636 1286 986 1341 EPISTOLA
1026 1288 1135 1342 LX.

457 1390 539 1433 AD
584 1389 949 1436 RODULPHUM
992 1394 1299 1438 ABBATEM.

90 1469 227 1521 Posse
263 1471 603 1524 monachum
635 1475 734 1543 qui
780 1476 842 1527 in
886 1490 997 1527 uno
1041 1476 1373 1527 monasterio
1408 1474 1687 1543 stabilita-

155 1545 254 1593 tem
278 1545 623 1607 promiserit,
646 1542 901 1615 justisde
930 1548 1110 1599 causis
1132 1547 1195 1599 in
1225 1546 1385 1599 aliud
1413 1542 1687 1598 transmi-

149 1626 328 1678 grare.

152 1698 532 1757 LANFRANCUS
562 1702 880 1758 Cantuariae
908 1705 1376 1776 archiepiscopus,
1412 1704 1684 1760 Ronucro

91 1786 265 1841 abbati
298 1790 570 1849 salutem.

1779 587 1932 626 mam
1962 588 2146 626 meam
2176 572 2394 626 salvare
2420 587 2535 625 non
2563 587 2808 642 possem,
2838 571 3077 639 exirem;
3121 589 3225 627 nec
3253 590 3383 646 per-

1774 662 1913 732 jurii
1961 662 2174 716 crimen
2225 662 2594 716 incurrerem.
2646 660 2755 725 Qui
2801 661 2951 715 enim
2994 660 3115 716 Deo
3157 667 3386 734 propter

1779 752 1957 805 Deum
2000 751 2284 820 alligatur.
2320 766 2433 805 non
2461 750 2697 804 solvitur
2741 750 2811 803 ab
2856 750 3000 821 ipso,
3032 751 3141 804 nisi
3189 756 3388 806 contra

1780 839 1962 909 ipsum
1992 840 2259 893 solvatur.
2284 840 2453 892 Porro
2477 838 2547 891 ab
2576 838 2697 908 ipso
2726 846 2922 892 contra
2948 840 3134 910 ipsum
3148 840 3384 895 mimine

1778 928 2038 992 solvitur,
2072 927 2169 998 qui
2202 931 2432 997 propter
2460 942 2709 980 amorem
2748 928 2889 997 ejus,
2929 933 2988 981 et
3016 934 3082 982 ut
3108 927 3215 982 sibi
3242 927 3384 982 bene

1778 1017 2144 1087 complaceat,
2167 1032 2203 1069 a
2227 1016 2357 1071 ﬁliis
2382 1015 2691 1080 discordiae,
2713 1015 3009 1085 superbiae,
3033 1016 3377 1083 difﬁdentiae,

1776 1112 1833 1158 et
1888 1111 1953 1159 ut
1989 1105 2176 1175 aptius
2214 1107 2337 1168 [al.,
2383 1105 2656 1177 apertius]
2704 1104 2885 1158 dicam
2932 1122 2967 1158 a
2999 1105 3131 1159 ﬁliis
3172 1105 3381 1160 diaboli

1775 1194 1983 1263 migrat
2001 1194 2070 1247 ad
2097 1194 2241 1247 ﬁlios
2264 1193 2435 1263 pacis,
2460 1192 2815 1254 humilitatis,
2842 1194 2982 1263 spei,
3003 1193 3115 1247 imo
3141 1195 3210 1247 ad
3234 1194 3379 1248 ﬁlios

1773 1282 1901 1336 Dei.
1922 1282 2030 1346 Qui
2061 1283 2209 1335 enim
2242 1283 2321 1335 sic
2350 1281 2573 1343 transit,
2601 1298 2788 1335 nonne
2817 1282 2981 1352 plane
3010 1282 3156 1352 fugit
3183 1300 3218 1337 a
3243 1283 3377 1337 sede

1774 1369 1985 1424 diaboli
2002 1370 2070 1424 ad
2094 1370 2282 1423 sedem
2301 1367 2447 1423 Dei?
2475 1369 2611 1432 Quis
2633 1370 2780 1422 enim
2797 1370 3010 1439 judicet
3032 1370 3188 1424 illum
3208 1387 3241 1424 a
3260 1371 3377 1425 Deo

1772 1460 2177 1523 damnandum,
2213 1458 2308 1528 qui
2339 1463 2404 1513 ut
2432 1457 2501 1511 ad
2538 1463 2775 1528 patrem,
2808 1464 2873 1512 ut
2901 1459 2971 1512 ad
3000 1459 3289 1513 dominum
3319 1464 3378 1513 et

1772 1548 2037 1603 amicum.
2064 1546 2211 1616 fugit
2234 1547 2304 1601 ad
2330 1545 2555 1617 ipsum?
2583 1547 2887 1616 Propterea
2916 1548 3012 1618 qui
3041 1548 3120 1601 sic
3147 1548 3371 1616 transit,

1771 1655 1882 1691 non
1915 1635 1984 1690 ab
2031 1635 2279 1690 Ecclesia
2320 1634 2391 1689 ad
2440 1634 2745 1689 Ecclesium
2784 1637 3026 1703 transit;
3076 1654 3189 1691 non
3220 1638 3371 1691 enim

1770 1728 1960 1799 plures
1985 1730 2118 1780 sunt
2141 1725 2417 1789 Ecclesiae,
2458 1725 2555 1777 sed
2581 1741 2694 1778 una
2717 1729 2804 1778 est
2827 1730 2945 1780 toto
2974 1725 3109 1779 orbe
3146 1726 3367 1795 diffusa,

1769 1822 1826 1871 et
1846 1836 1872 1871 α
1897 1816 1993 1870 uni
2018 1817 2131 1869 Deo
2153 1815 2361 1884 ubique
2382 1814 2638 1873 servitur,
2658 1820 2715 1869 et
2735 1816 2834 1869 uni
2854 1816 2997 1885 Regi
3018 1816 3315 1871 militatur.
3340 1836 3367 1871 ι

153 1877 468 1934 Indicatum
500 1886 584 1935 est
612 1883 749 1935 mihi
783 1900 793 1935 :
828 1883 896 1936 de
926 1887 1023 1937 tuo
1049 1883 1391 1937 monasterio
1421 1882 1742 1940 recedereB
1769 1902 2060 1957 postremo
2101 1904 2162 1956 Β,
2198 1877 2533 1956 Βέηεάίοωε
2563 1906 2791 1970 (ῃρθηιη
2823 1877 3087 1974 (περ-νει),
3119 1904 3221 1959 sub
3251 1922 3371 1959 me-

91 1958 192 2032 vis;
220 1966 288 2021 de
320 1970 611 2039 promissa
639 1972 945 2026 stabilitate
971 1972 1239 2026 sollicitus
1260 1989 1338 2037 es,
1369 1972 1575 2025 timens
1614 1988 1683 2024 ne

93 2055 226 2109 unde
253 2057 435 2111 Deum
474 2061 693 2129 placare
719 2062 908 2115 studes
949 2064 1065 2133 [al.,
1105 2061 1317 2131 debes].
1348 2061 1478 2114 inde
1508 2061 1683 2113 offen-

92 2142 196 2197 das.
234 2146 314 2200 De
353 2164 471 2218 quo
509 2150 786 2204 rationem
816 2151 986 2205 talem
1019 2151 1269 2213 ostendo,
1304 2156 1361 2203 et
1387 2149 1445 2203 in
1493 2154 1682 2203 osten-

93 2230 257 2289 dendo
282 2236 569 2308 meipsum
613 2239 672 2293 in
718 2241 1032 2311 exemplum
1080 2241 1159 2294 sic
1188 2240 1277 2293 do.
1314 2239 1371 2293 Si
1403 2255 1504 2309 ego
1535 2240 1683 2292 Lan-

91 2320 296 2378 francus
325 2342 507 2381 manu
527 2328 757 2400 propria
784 2345 875 2383 me
905 2329 974 2384 de
1000 2329 1189 2400 aliquo
1212 2328 1550 2383 monasterio
1574 2344 1686 2381 non

1767 1988 1972 2060 dium),
1990 1992 2087 2063 qui
2111 1992 2473 2047 stabilitatem
2495 1992 2746 2063 praeripit
2766 1993 3014 2059 ﬁrmare,
3029 1994 3368 2053 monachum

1768 2080 1837 2134 ab
1869 2082 1976 2134 alio
2007 2080 2349 2134 monasterio
2384 2080 2452 2134 ad
2497 2081 2650 2133 aliud
2698 2081 3099 2135 monasterium
3138 2083 3367 2137 venien-

1766 2176 1879 2224 tem
1901 2169 2064 2240 jubet
2087 2169 2327 2240 suscipi;
2362 2174 2438 2238 et,
2461 2170 2508 2223 si
2536 2169 2695 2223 bona
2723 2170 2850 2224 vitae
2877 2171 3066 2239 fuerit,
3098 2177 3163 2226 ut
3189 2171 3365 2227 stabi-

1769 2251 1986 2313 litatem
2016 2259 2222 2325 ﬁrmet,
2254 2258 2479 2312 suaderi
2511 2259 2773 2330 (ibidem).

1171 2438 1321 2492 Finis
1359 2438 1721 2502 epistolam-In
1761 2438 1903 2491 beati
1939 2438 2269 2505 Lanfrancz'.

308 2582 627 2668 Epistolas
655 2596 957 2669 sequentes
988 2586 1177 2648 edidit
1207 2584 1260 2647 D
1288 2586 1468 2649 J.-A.
1507 2588 1673 2647 GILLI

1786 2585 1942 2668 Opp.
1979 2586 2059 2649 Β.
2103 2586 2487 2669 Lanfrancz‘;
2518 2588 2711 2651 Oxon.
2747 2590 2925 2661 1844,
2958 2595 3114 2654 tom.

603 2685 953 2741 EPISTULA
997 2687 1138 2741 LXI.

239 2787 318 2830 AD
363 2789 788 2836 MARGARETAM
833 2792 1107 2837 REGINAM
1154 2793 1491 2837 SCOTORUM.

145 2864 529 2935 LANFRANCUS,
558 2871 826 2943 indignus
867 2880 1072 2928 sancta;
1103 2874 1523 2929 Cantuariensis
1569 2875 1672 2928 Ec-

87 2950 245 3008 clesia:
272 2957 534 3025 antistes,
564 2960 820 3029 gloriosae
861 2963 1152 3016 Scotorum
1196 2963 1405 3033 regina:
1435 2964 1669 3021 Μικκαλ-

87 3055 221 3095 usus
247 3046 493 3101 salutem
524 3054 581 3102 et
612 3049 1074 3105 benedictionem.

144 3130 417 3202 Explicare
463 3153 575 3190 non
602 3143 787 3209 potest
818 3141 1133 3211 epistolaris
1180 3141 1423 3197 brevitas
1456 3148 1667 3213 quanta

1760 2685 1920 2738 valde
1950 2684 2007 2738 in
2039 2685 2236 2740 ofﬁciis
2273 2687 2391 2740 suis
2427 2688 2729 2742 necessarii
2767 2694 2929 2743 erant
2969 2689 3217 2745 ecclesiae
3256 2706 3364 2747 no-

1760 2777 1908 2831 strae.
1941 2773 2067 2827 Fiat
2112 2781 2302 2829 tamen
2331 2776 2587 2830 voluntas
2617 2783 2819 2840 vestra,
2854 2778 2986 2849 quia
3016 2780 3074 2833 in
3102 2780 3360 2837 omnibus

1759 2866 1813 2915 et
1845 2879 1945 2935 per
1984 2862 2176 2917 omnia
2204 2863 2589 2920 desideramus
2618 2865 2844 2920 obedire
2872 2867 3045 2922 vobis.
3087 2869 3359 2941 Omnipo-

1752 2955 1878 3004 tens
1925 2951 2074 3005 Deus
2120 2969 2214 3006 vos
2262 2951 2664 3022 benedicat,.et
2708 2954 2778 3008 ab
2809 2954 3066 3011 omnibus
3113 2959 3355 3028 peccatis

1753 3040 2062 3095 clementer
2096 3040 2367 3098 absolvat.

2475 3161 2640 3216 LXII.

84 3232 165 3271 cor
187 3237 370 3277 meum
416 3226 618 3280 laetitia
657 3229 950 3299 perfudisti
998 3231 1257 3301 perfectis
1308 3232 1514 3286 litteris
1560 3233 1739 3309 tuisc

84 3321 202 3374 quas
228 3312 384 3379 mihi,
416 3315 536 3369 Deo
572 3317 830 3372 amabilis
874 3320 1087 3389 regina,
1123 3322 1342 3374 misisti.
1380 3322 1425 3376 Ο
1457 3328 1669 3394 quanta

78 3393 409 3482 iucunditate
468 3403 639 3457 verba
693 3407 997 3476 proﬂuunt,
1046 3426 1170 3479 qua:
1222 3410 1409 3464 divino
1461 3393 1661 3482 spiritu

80 3480 328 3554 inspirata
358 3493 709 3561 procedunt!
755 3496 933 3549 Credo
962 3498 1111 3551 enim
1142 3516 1253 3553 non
1282 3516 1316 3552 a
1344 3506 1401 3553 te
1430 3501 1527 3554 sed
1561 3519 1661 3572 pro

82 3574 126 3622 te
151 3573 287 3632 dicta
331 3596 458 3634 esse
498 3599 621 3653 quae
664 3584 983 3655 scripseras.
1016 3588 1230 3641 Revera
1257 3606 1355 3659 per
1391 3606 1451 3642 os
1496 3595 1656 3644 tuum

80 3657 272 3719 locutus
301 3674 387 3722 est
415 3670 532 3737 ille,
568 3672 663 3742 qui
691 3673 980 3745 discipulis
1009 3677 1125 3730 suis
1151 3679 1232 3730 ait
1259 3657 1279 3730 ﬁ:
1320 3698 1341 3729 ι
1387 3678 1596 3733 Discite
1625 3697 1660 3733 a

82 3761 155 3801 me
195 3755 285 3823 qui
339 3758 494 3812 mitis
542 3778 668 3815 sum
718 3768 775 3817 et
826 3765 1056 3818 humilis
1108 3768 1293 3820 corde.
1342 3788 1365 3821 ι
1417 3769 1497 3822 De
1553 3769 1657 3821 hac

80 3834 261 3895 Christi
322 3846 618 3919 disciplina
683 3856 956 3922 processit
1018 3857 1184 3925 quod,
1244 3858 1418 3927 regali
1481 3858 1654 3928 stirpe

78 3931 358 4001 Progenita,
411 3939 679 4007 regaliter
720 3942 973 4008 educata,
1016 3945 1187 3998 nobili
1230 3947 1351 4015 regi
1393 3947 1656 4001 nobiliter

76 4019 327 4106 fODulata,
361 4042 455 4079 me
503 4027 788 4084 hominem
818 4039 1166 4099 extraneum,
1198 4035 1385 4105 vilem,
1428 4036 1653 4106 ignobi-

75 4099 187 4197 lelll,
227 4115 466 4179 peccatis
515 4116 848 4186 involutum,
891 4121 951 4175 in
994 4130 1214 4193 patrem
1256 4099 1653 4197 eligis-teque

75 4191 193 4248 mihi
217 4197 272 4252 in
298 4202 471 4258 ﬁliam
492 4205 863 4277 spiritualiter
889 4191 1203 4266 habendam
1231 4191 1496 4284 precaris.
1525 4191 1645 4271 an

2039 3310 2119 3353 AD
2163 3308 2646 3357 ARCBIDIACODOS
2686 3312 2980 3360 BAJOCBNS
2988 3313 3078 3360 ES.

1818 3427 2207 3493 LA‘SFRANCUS,
2235 3428 2502 3499 indignus
2522 3430 2775 3497 antistes,
2807 3437 3013 3487 sanctae
3033 3433 3351 3504 Bajocensis

1745 3514 2013 3569 Ecclesiae
2046 3516 2453 3571 archidiaconis
2483 3519 2743 3573 salutem.

1816 3604 2092 3658 Indicavit
2121 3605 2260 3659 mihi
2291 3606 2495 3661 litteris
2526 3608 2644 3662 suis
2668 3610 3115 3665 Constantiensis
3143 3612 3353 3683 episco-

1740 3708 1846 3762 pus
1876 3695 2177 3763 quemdam
2212 3696 2605 3766 presbyterum
2650 3698 2792 3752 villae
2821 3716 2955 3762 suae,
2995 3699 3051 3753 in
3084 3701 3349 3771 parochia

1739 3786 1924 3834 vestra
1989 3782 2137 3847 sitae,
2207 3785 2468 3839 manibus
2524 3786 2641 3840 suis
2697 3786 2894 3841 fecisse
2952 3787 3342 3857 homicidium,

1739 3887 1865 3924 cum
1922 3878 2122 3925 contra
2178 3874 2520 3927 moriturum
2567 3892 2627 3928 se
2679 3876 2990 3930 defenderit
3030 3883 3085 3930 et
3127 3884 3345 3948 patrem

1738 3976 1926 4015 suum.
1958 3961 2190 4014 Addidit
2221 3979 2443 4034 quoque
2472 3964 2769 4018 consilium
2812 3982 2999 4019 meum
3044 3982 3214 4037 super
3239 3966 3345 4022 hac

1736 4064 1799 4101 re
1823 4065 1919 4102 vos
1949 4049 2088 4103 velle
2117 4050 2344 4117 habere,
2371 4051 2417 4105 si
2442 4053 2528 4105 vel
2556 4069 2867 4124 nunquam,
2899 4055 2984 4108 vel
3013 4061 3141 4126 post
3172 4071 3346 4128 quan-

1736 4142 1857 4192 tum
1902 4141 2172 4209 temporis
2211 4141 2441 4196 missam
2494 4142 2789 4197 homicidae
2826 4142 2993 4199 liceat
3035 4143 3339 4200 celebrare.

1735 4225 2077 4291 Periculose,
2110 4229 2316 4283 fratres
2346 4230 2477 4294 mei,
2523 4248 2555 4285 a
2601 4248 2690 4285 me
2732 4232 2801 4286 de
2828 4233 2934 4286 hac
2977 4250 3038 4287 re
3067 4233 3221 4289 vobis
3250 4251 3341 4290 re-

76 4290 349 4395 ῗῗῗβυοά
368 4298 557 4362 Ριηθεν
596 4296 696 4350 sed
723 4297 826 4352 είῐη
871 4299 1003 4395 (lilia
1282 4303 1367 4356 Ne
1414 4304 1648 4376 decepta
1731 4316 2041 4386 spondetur
2066 4335 2077 4368 :
2105 4334 2231 4371 cum
2254 4336 2385 4372 reus
2409 4290 2604 4392 reique
2627 4320 2744 4375 vita
2768 4338 2803 4374 a
2825 4338 2915 4376 me
2937 4323 3161 4394 penitus
3186 4323 3342 4395 igno-

74 4381 355 4482 ξθωδηθδεν
386 4398 487 4435 ora
513 4400 613 4482 ξ)ξο
653 4402 743 4440 me
788 4393 849 4441 ut
891 4387 995 4441 sim
1035 4390 1240 4460 dignus
1289 4397 1447 4461 pater
1484 4410 1646 4449 orare
1728 4409 1905 4458 retur.
1926 4405 2106 4468 Quam
2122 4406 2168 4459 si
2187 4414 2287 4461 aut
2306 4409 2536 4478 propria
2560 4410 2923 4482 experientia,
2938 4417 3036 4465 aut
3058 4412 3339 4467 veracium

514 4452 531 4454 ἡ
1094 4452 1127 4460 -
1289 4452 1303 4461 .
1728 4452 1746 4457 _
1765 4452 1905 4458 --_--
1933 4452 2106 4468 τ--α
2122 4452 2168 4459 η-
2187 4452 2287 4461 τ..-
2306 4452 2536 4478 την...
2562 4452 3036 4482 νητυ..υ..-.,.,....υ
3068 4452 3339 4467 meum...

74 4452 224 4515 Deum
248 4472 308 4563 et
333 4472 587 4563 exaudiri
616 4491 715 4544 pro
747 4482 822 4531 te.
860 4478 1194 4533 Orationum
1238 4487 1299 4535 et
1325 4481 1689 4563 benefacto-g
1729 4493 2003 4547 relatione
2034 4494 2315 4563 cognitam
2347 4503 2617 4563 tenerem,
2654 4500 2839 4554 multo
2868 4501 3046 4554 tut-ius
3075 4501 3343 4556 fraterni-

75 4558 181 4659 m'}:
218 4552 288 4607 δίε
334 4556 484 4659 iam"
525 4578 629 4616 n03
684 4580 981 4621 commune
1010 4570 1431 4626 CommerCium-
1464 4561 1835 4636 ParVaDtati
1863 4588 2060 4636 vestrae
2108 4584 2178 4636 de
2228 4589 2387 4638 tanta
2434 4603 2496 4639 re
2542 4589 2880 4659 respondere
2927 4591 3192 4645 valerem.
3225 4591 3337 4646 Vos

139 4637 148 4643 _
2318 4637 2347 4638 η
2434 4637 2489 4639 ,_
2542 4637 2877 4659 "arma---
2940 4637 3192 4645 mm“--.
3247 4637 3336 4646 ,νυ

76 4637 269 4752 quidem
306 4646 511 4752 tribuo,
543 4651 641 4704 sed
687 4654 864 4708 multo
898 4657 1114 4726 majora
1145 4675 1235 4711 me
1283 4665 1639 4731 recepturum
1723 4669 1920 4739 igitur,
1956 4688 2195 4741 quorum
2227 4673 2398 4726 ofﬁcii
2446 4674 2503 4729 id
2554 4674 2811 4744 interest,
2853 4678 3024 4731 vitam
3056 4680 3175 4749 ejus
3212 4697 3337 4752 per-

75 4734 172 4836 ῗδθ
204 4734 438 4836 ᾕηῧάο·
482 4738 693 4796 Dehinc
740 4742 913 4812 igitur
959 4746 1067 4799 sim
1098 4753 1258 4817 pater
1286 4754 1439 4815 tuus,
1483 4755 1539 4803 et
1577 4755 1639 4804 tu
1723 4758 1955 4828 quirite;
1989 4760 2247 4816 videlicet
2287 4763 2567 4833 quomodo
2610 4764 2827 4829 vixerit,
2854 4734 3133 4836 quomodo
3162 4734 3330 4836 vivat,

74 4822 177 4925 ἓξὲξ
203 4818 309 4873 ﬁlia
347 4831 485 4925 ξείξλ
522 4829 681 4883 Mitto
707 4832 955 4925 81011039
991 4834 1107 4889 νίΓο
1134 4842 1232 4891 tuo
1263 4843 1322 4891 et
1371 4837 1472 4892 tibi
1502 4839 1636 4892 0118-
1722 4818 1769 4902 si
1799 4818 2091 4903 humiliter
2129 4818 2422 4920 poeniteat,
2456 4852 2503 4905 si
2535 4853 2740 4918 doleat,
2774 4818 2827 4908 si
2850 4818 3058 4925 lhgeat,
3094 4818 3333 4913 maxime

73 4910 319 5001 rissimum
343 4914 573 4970 fratrem
604 4926 880 4984 nostrum,
906 4923 1197 4980 dominum
1224 4927 1637 4997 Goldewinum,
1720 4937 1768 4990 si
1806 4910 2147 4992 castitatem.
2176 4940 2248 4994 ad
2299 4941 2470 4996 ﬁnem
2530 4942 2656 4996 vitae
2709 4958 2825 4996 suae
2867 4910 3220 4999 εᾶεναιωνυηι
3272 4963 3332 5001 se

72 4995 341 5104 fffnumlmu
370 5004 696 5104 petitionem
736 5014 913 5104 tuam,
939 5012 1332 5104 aliosqquoque
1360 5016 1501 5070 duos
1530 4995 1636 5070 fras
1721 5043 1841 5080 esse
1868 5027 2183 5097 promittat.
2217 5030 2347 5084 Ilaec
2368 5035 2448 5095 ‘et
2488 5030 2814 5101 hujusmodi
2858 5033 2971 5086 alia
3004 5034 3330 5104 paenitentis

1122 5076 1145 5085 _
1237 5076 1258 5086 ,
1869 5076 2183 5097 r--____-m--
2217 5076 2448 5095 mw,"
2489 5076 2814 5101 --Ἲυνηηω
2858 5076 2971 5086 ...η-
3004 5076 3330 5104 remum“...

72 5076 203 5194 (tes;
233 5089 357 5194 ξίυίδ
405 5095 553 5163 Ψλοά
605 5097 673 5151 de
721 5100 946 5154 εΘΓνίῐίο
1004 5102 1103 5156 Dei
1157 5108 1214 5157 et
1262 5110 1449 5159 vestro
1513 5105 1635 5159 ﬁeri
1719 5113 2035 5170 indicia:si
2065 5116 2123 5171 in
2147 5135 2211 5172 eo
2235 5135 2356 5174 esse
2380 5120 2881 5192 deprehenderitis,
2904 5128 3128 5193 peracta
3152 5124 3331 5194 pceni-

2452 5174 2471 5192 ι
2534 5174 2537 5175 ⁷
2778 5174 3307 5194 νηνιινίη--*“ι-*”““

72 5174 276 5283 ξξξηεῐι
315 5182 464 5283 folus
496 5184 613 5255 ipse
656 5204 758 5257 per
803 5205 863 5243 se
911 5191 1133 5262 explere
1180 5209 1294 5246 non
1340 5199 1545 5265 posset,
1580 5201 1637 5248 et
1720 5203 1901 5258 tentia
1929 5205 2212 5260 licentiam
2236 5208 2556 5263 celebrandi
2580 5210 2810 5265 missam
2833 5211 2967 5266 dare
2989 5211 3038 5266 ei
3058 5213 3325 5283 potestis;

71 5262 563 5371 :‘Eongllllt‘umqae
607 5291 744 5371 rego
794 5284 1073 5371 quatenus
1122 5283 1271 5353 quod
1302 5262 1403 5354 pro
1437 5285 1550 5337 Deo
1583 5289 1639 5338 et
1720 5293 1969 5364 alioquin
1996 5296 2374 5365 periculosum
2406 5298 2560 5353 vobis
2590 5304 2647 5353 et
2676 5300 2757 5353 illi
2786 5262 3165 5371 perniciosum
3194 5262 3322 5370 erit:

248 5352 258 5362 .
1306 5352 1321 5354 ν
1850 5352 1869 5364 .
1996 5352 2013 5365 .
2494 5352 2499 5353 κ
2548 5352 2553 5353 κ
2602 5352 2637 5353 η
2786 5352 3165 5371 ικ-κ---πηψ-
3199 5352 3322 5370 ν---τ

180 5358 456 5463 ammbe
488 5365 686 5419 νθδίνίε
728 5368 991 5440 coepistis,
1027 5370 1307 5425 instanter
1350 5380 1405 5427 et
1452 5374 1637 5427 efﬁca‘
1720 5381 1767 5435 si
1815 5384 2044 5453 pollutis
2087 5386 2349 5440 manibus
2395 5404 2598 5459 corpus
2649 5388 2858 5444 Christi
2898 5396 2954 5444 et
2997 5392 3327 5463 sanguinem

812 5436 831 5440 η
1815 5436 1833 5453 ι
2090 5436 2346 5440 "HW-"w‘
2400 5436 2597 5459 ""1""
2657 5436 2858 5444 -'"-"-
2900 5436 2954 5444 ν*
2997 5436 3326 5463 ·’·“·Ὅ“·-’·ν⁸’⁸

211 5447 466 5508 perﬁcere
492 5454 787 5523 studeatis,
829 5463 905 5523 et,
944 5459 992 5511 si
1029 5461 1267 5530 possetis
1292 5468 1391 5516 aut
1416 5464 1632 5517 velletis
1717 5472 2067 5527 sanctiﬁcare
2118 5477 2554 5546 praesumpserit.
2616 5477 2984 5549 Omnipotens
3034 5480 3184 5536 Deus
3231 5499 3326 5537 vos

71 5530 443 5637 gfﬂquDStllum
472 5544 737 5637 p‘eralics
776 5547 1108 5619 adimplere,
1141 5551 1319 5605 multo
1355 5552 1635 5607 desiderio
1716 5558 2031 5625 benedicat,
2071 5530 2136 5617 et
2163 5564 2235 5618 de
2264 5530 2492 5637 pastore
2535 5530 3327 5628 vestrodesiderat—amwvob‘is

72 5608 303 5675 ve“(unus
343 5626 445 5683 hos
472 5608 695 5695 fratres
738 5608 963 5691 nostros
1010 5608 1106 5693 ad.
1126 5655 1230 5697 nos
1256 5640 1463 5711 redire,
1504 5642 1639 5713 quia
