3892 6388
542 335 643 394 551

1251 459 1446 517 LXIII.

616 568 861 615 οιιΑιιτΑ
907 566 1226 614 CANONICIS
1270 567 1347 610 DE
1391 565 1713 611 GRAVENNA
1761 565 2078 612 CONCESSA.

617 649 1023 714 LANFRANCUS,
1051 647 1152 703 Dei
1192 647 1377 718 gratia
1420 642 1842 701 Cantuariensis
1870 644 2147 715 archiepi-

546 754 768 810 scopus,
791 741 1093 792 WALTERO
1119 735 1530 801 archidiacono,
1561 734 1777 805 totique
1806 734 2051 806 capitulo
2078 734 2149 787 de

543 827 793 883 Lenham
823 827 1083 881 salutem.

618 914 987 970 Concedimus
1034 918 1092 969 et
1138 912 1430 984 praesentis
1478 912 1687 966 charta:
1716 911 1920 983 pagina
1949 911 2147 965 conﬁr-

544 1020 767 1059 mamus
794 1001 1084 1058 ecclesiam
1117 1002 1385 1057 Omnium
1418 1002 1753 1056 Sanctorum
1793 1000 1863 1055 de
1891 1000 2145 1055 Gravene

542 1092 824 1149 canonicis
851 1090 1205 1163 regularibus
1232 1091 1449 1146 Sancta:
1478 1089 1668 1146 Mariae
1696 1088 1765 1144 de
1791 1089 2141 1155 Suthwerca,

1732 334 1971 391 DOMNI
2007 332 2218 390 LUCIE
2256 332 2624 391 DACHERII.

2163 458 2288 521 Ain
2318 459 2751 530 eleemosynam,
2782 472 2912 513 cum
2952 454 3214 512 omnibus
3258 455 3332 512 ad
3368 456 3630 513 eamdem
3659 457 3821 514 eccle-

2228 548 2368 603 siam
2397 547 2827 619 pertinentibus,
2858 545 2976 601 sive
3009 546 3070 600 in
3097 544 3285 609 terris,
3334 545 3449 601 sive
3492 546 3552 601 in
3598 545 3821 601 decimis

2228 637 2315 691 vel
2361 636 2488 691 aliis
2538 635 2879 707 quibuslibet
2921 634 3206 690 beneﬁciis
3239 654 3251 689 :
3284 634 3545 690 Testibus
3588 635 3822 705 Rogerio

2229 726 2299 779 dc
2328 726 2504 780 Ponte
2534 726 2823 797 episcopo;
2852 723 3135 779 Walarica
3157 725 3226 779 de
3246 724 3579 778 Wroteham
3604 742 3618 790 ;
3650 724 3823 778 Alano

2229 816 2300 869 de
2328 815 2545 878 Wellis,
2567 813 2788 869 Joanne
2830 814 2900 868 de
2946 813 3288 880 Cantuaria;
3318 813 3553 880 Thoma,
3586 812 3659 866 de
3688 813 3827 867 Lon-

2226 902 2414 969 donia,
2442 902 2686 970 clericis;
2720 902 2958 956 Ricardo
3000 901 3069 956 de
3099 901 3396 970 Gravenel,
3429 900 3671 972 Hugone
3699 915 3827 972 pas-

2225 992 2460 1063 soriere,
2485 993 2702 1047 Joanne
2730 1008 3016 1048 converso.

542 1331 3810 1372 ——=========—

1101 1528 1708 1652 DOMNI
1768 1524 2298 1648 LUGE
2367 1517 3262 1643 DAGHERII

1770 1754 2107 1813 MONACHI
2143 1751 2615 1809 BENEDICTINI

546 1954 661 2047 ιω
723 1947 1337 2045 EPISTOLAS
1409 1912 2595 2040 B.LANFRA1\CINOTE
2670 1941 2804 2033 ET
2885 1936 3832 2036 OBSERVATIONES

615 2285 1008 2350 θεῖα-3³1
1050 2280 1117 2338 Β.
1144 2278 1520 2334 Lanfrancum
1558 2274 1825 2347 epistolas
1859 2273 2208 2347 scripsisseB
2230 2289 2358 2328 cum
2397 2272 2802 2328 monasterium
2841 2273 2902 2328 in
2946 2272 3296 2329 Normannia
3332 2272 3503 2329 situm
3530 2290 3565 2329 a
3605 2274 3834 2331 ﬂuviolo

544 2376 808 2426 constans
827 2375 916 2424 est
933 2367 1271 2434 omnium,et
1290 2372 1539 2420 veterum
1554 2370 1611 2418 et
1622 2362 2147 2426 recentiorum,sen-

546 2459 746 2514 tentia.
770 2459 847 2513 Ex
867 2455 1282 2527 antiquioribus
1311 2455 1490 2508 instar
1517 2452 1770 2507 omnium
1793 2451 1902 2505 erit
1921 2451 2154 2506 Guillel—

546 2564 675 2602 mus
698 2544 1209 2602 llalmesburiensis
1234 2542 1567 2606 monachus,
1589 2541 1684 2612 qui
1702 2540 1760 2595 in
1779 2540 1955 2610 gestis
1972 2539 2155 2611 ponti-

545 2637 713 2691 ﬁcum
730 2635 1039 2705 Anglorum
1056 2633 1155 2687 lib.
1181 2646 1221 2698 1,
1244 2631 1342 2688 fol.
1357 2629 1481 2694 1⁵21,
1496 2629 1531 2686 ‘2
1547 2646 1604 2684 u.
1634 2628 1714 2696 lO,
1731 2628 1994 2683 editionis
2012 2628 2154 2683 Lon-

547 2724 854 2790 doniensis,
879 2723 949 2777 de
968 2722 1205 2794 epistola
1225 2720 1280 2789 2,
1303 2718 1625 2774 Alexandro
1654 2734 1876 2772 summo
1902 2715 2152 2788 pontiﬁci

546 2812 815 2884 inscripta
847 2811 926 2866 sic
952 2810 1231 2882 loquitur:
1270 2828 1295 2859 ι
1333 2808 1620 2863 Sermonis
1648 2806 2037 2877 hujuscemodi
2065 2822 2154 2861 ve-

547 2902 703 2957 ritati
729 2900 974 2957 assensit
1001 2898 1240 2971 epistola
1265 2896 1425 2952 initio
1454 2901 1695 2968 papatus
1725 2896 1987 2966 Angliam
2007 2895 2153 2950 dire-

545 2998 656 3059 cta,
688 3007 811 3062 quae
841 2988 990 3043 inter
1017 2986 1283 3058 epistolas
1308 2984 1608 3040 Lanfranci
1633 2984 1933 3055 reperitur.
1953 3002 1979 3036 »
2006 2982 2146 3037 Item

545 3081 641 3135 ιοι.
670 3078 787 3144 122,
812 3081 865 3140 2.
897 3094 955 3132 n.
997 3074 1067 3133 30
1097 3091 1110 3126 :
1143 3094 1169 3127 ‹‹
1202 3076 1329 3146 Ipse
1359 3073 1705 3128 Lanfrancus
1732 3088 1913 3143 pauca
1938 3070 2149 3143 ingenii

543 3170 631 3225 sui
688 3167 1039 3223 monimenta
1086 3165 1335 3235 reliquit,
1387 3162 1695 3217 decretales
1751 3161 2035 3233 epistolas,
2091 3164 2151 3215 et

543 3257 884 3329 praecipuam
916 3259 1112 3309 contra
1139 3251 1564 3322 Berengarium.
1600 3269 1624 3302 ι
1659 3250 1767 3314 Qui
1795 3250 1865 3304 de
1894 3249 2145 3321 epistolis

543 3346 762 3420 praefati
783 3341 1195 3415 archiprazsulis
1218 3347 1395 3411 agunt
1418 3339 1706 3403 neoterici,
1728 3338 2038 3393 indicatum
2059 3344 2147 3394 est

545 3432 1004 3493 annotationibus
1034 3430 1105 3485 ad
1134 3429 1342 3494 Vitam,
1370 3445 1498 3500 pag.
1522 3427 1611 3494 41,
1645 3428 1729 3481 lit.
1758 3444 1801 3480 θ.

1089 3536 1168 3582 AD
1212 3533 1551 3579 EPISTOLAM
1596 3534 1639 3578 Ι.

2227 2361 2588 2417 interﬂuente
2617 2379 2825 2417 nomen
2853 2362 3088 2434 accipit:
3133 2362 3419 2417 Gilbertus
3449 2364 3745 2435 Crispinus
3775 2365 3834 2418 in

2233 2451 2363 2505 Vita
2409 2451 2469 2505 B.
2524 2450 2781 2505 Herluini
2836 2450 3150 2506 fundatoris
3194 2451 3445 2521 ejusdem
3487 2452 3747 2520 etenobii,
3780 2459 3836 2507 et

2234 2540 2548 2595 Chronicon
2578 2540 2853 2597 Beccense
2880 2556 3009 2611 pag.
3042 2540 3091 2593 l.
3118 2558 3146 2593 α
3177 2541 3252 2594 At
3280 2540 3487 2607 verius,
3519 2540 3708 2611 inquit
3734 2541 3838 2594 Pa-

2234 2629 2411 2701 pirius
2441 2630 2677 2696 Masson,
2710 2629 2769 2683 in
2796 2629 3169 2700 descriptione
3220 2628 3517 2683 ﬂuminum
3547 2629 3747 2683 Galliae
3778 2630 3837 2683 in

2233 2717 2441 2788 Ligeri,
2495 2735 2669 2788 agens
2703 2718 2771 2773 de
2817 2718 3054 2785 Elaveri,
3086 2718 3292 2773 Beccus
3334 2718 3542 2773 dicitur
3577 2727 3836 2772 veterum

2234 2806 2525 2883 Gallorum
2579 2823 2680 2861 seu
2732 2808 3017 2861 Danorum
3072 2807 3259 2877 lingua
3318 2823 3478 2878 aquae
3518 2824 3717 2861 cursus
3776 2808 3837 2861 in

2232 2895 2403 2949 alium
2437 2894 2669 2950 ﬂuvium
2692 2895 2914 2950 intrans
2937 2911 2950 2946 :
2980 2915 3005 2949 ι)
3031 2895 3237 2967 quippe
3256 2896 3362 2950 hoc
3387 2896 3443 2949 in
3472 2896 3594 2950 loco
3619 2895 3839 2949 ﬂuvioli

2231 2984 2343 3038 duo
2372 2988 2610 3047 exstant,
2646 3001 2886 3056 quorum
2916 2985 3060 3039 alter
3087 2984 3273 3039 inﬂuit
3298 2984 3359 3038 in
3386 2985 3651 3039 alterum.
3685 2985 3839 3039 Fun-

2229 3072 2474 3128 dationis
2502 3078 2694 3127 autem
2722 3073 2955 3128 celebris
2985 3073 3217 3144 hujusce
3247 3072 3575 3128 monasterii
3603 3073 3722 3128 haec
3747 3079 3840 3128 est

2230 3158 2412 3216 brevis
2438 3162 2639 3216 forma.

2302 3267 2326 3299 ι
2358 3249 2569 3304 Notum
2598 3249 2672 3304 sit
2696 3249 2956 3305 omnibus
2986 3250 3319 3306 Christiane
3345 3250 3634 3321 religionis
3657 3251 3842 3306 culto-

2226 3335 2402 3403 ribus,
2451 3338 2600 3409 quod
2646 3355 2749 3410 ego
2798 3338 2970 3394 abbas
3017 3339 3323 3395 Herluinus
3369 3340 3520 3394 ﬁlius
3569 3341 3839 3411 Ansgoti,

2226 3425 2543 3482 astantibus
2580 3432 2638 3482 et
2664 3428 3024 3483 laudantibus
3063 3428 3330 3483 fratribus
3372 3429 3513 3483 meis
3551 3429 3749 3484 Odone
3780 3436 3844 3486 et

2227 3514 2487 3585 Rogerio,
2514 3514 2747 3585 jubente
2789 3517 3094 3573 Gilleberto
3139 3517 3363 3584 comite,
3395 3523 3453 3572 et
3479 3518 3734 3588 Alberto,
3780 3528 3845 3574 et

614 3613 927 3669 Alexandro
940 3626 1111 3679 papae.
1130 3609 1396 3663 Sanctum
1418 3607 1736 3677 pontiﬁcem
1765 3605 2145 3660 Alexandrum
2164 3640 2208 3701 Ο
2230 3603 2528 3701 Ranulpho
2548 3605 2950 3673 consentiente,
2972 3606 3215 3661 Roberto
3239 3606 3463 3701 comite,
3497 3612 3556 3661 et
3584 3607 3840 3663 Roberto

544 3703 649 3758 hoc
694 3701 922 3757 nomine
962 3698 1290 3762 secundum,
1324 3696 1656 3750 Guillelmus
1695 3695 2058 3749 Pictaviensis
2085 3695 2145 3749 in

545 3792 722 3865 gestis
764 3788 1049 3846 Guillelmi
1091 3787 1268 3852 ducis,
1310 3792 1370 3841 et
1412 3786 1560 3856 regis
1608 3784 1941 3855 Anglorum,
1995 3784 2148 3839 inter

546 3882 849 3954 scriptores
910 3877 1174 3933 Historia:
1218 3874 1741 3931 Northmannorum
1786 3873 1856 3927 ab
1919 3873 2148 3928 Andrea

544 3969 865 4029 Duchesnio
886 3967 1085 4032 editos,
1115 3981 1244 4037 pag.
1277 3962 1403 4031 197,
1429 3979 1650 4017 summe
1673 3962 1890 4015 extollit
1916 3962 1975 4016 in
2000 3962 2149 4017 hunc

544 4061 774 4116 modum
810 4076 824 4114 :
858 4077 882 4109 ι
915 4057 970 4112 Is
998 4054 1198 4128 praesul
1240 4051 1544 4117 Luciensis,
1579 4067 1706 4105 cum
1736 4050 1995 4105 altiorem
2024 4067 2150 4122 gra-

546 4151 682 4205 dum
714 4147 1064 4213 ,nullatenus
1110 4146 1422 4214 appeteret,
1474 4139 1719 4195 violento
1771 4138 2145 4211 plurimorum

544 4252 839 4300 consensu,
873 4248 1113 4305 quorum
1140 4229 1291 4301 apud
1329 4229 1607 4283 Romanos
1630 4235 1768 4283 tunc
1796 4227 2148 4299 praecellebat

545 4325 873 4389 auctoritas,
914 4319 1129 4391 ingenti
1157 4318 1390 4373 concilio
1428 4316 1788 4381 assentiente,
1818 4316 1877 4369 in
1906 4331 1973 4369 eo
2002 4315 2148 4369 loca-

544 4420 639 4471 tus
667 4412 933 4485 primatu,
976 4424 1086 4481 quo
1115 4407 1416 4480 praesulum
1447 4405 1598 4460 orbis
1631 4410 1796 4458 terrae
1838 4414 2009 4475 caput
2034 4404 2146 4458 exi-

545 4507 722 4559 steret
747 4507 917 4572 atque
945 4497 1232 4569 magister.
1263 4495 1632 4551 Allectionem
1662 4493 1808 4546 hanc
1844 4492 2144 4551 sanctitate

544 4596 824 4649 memorat
851 4595 1021 4661 atquc
1049 4586 1321 4642 doctrina.
1345 4586 1452 4640 Per
1479 4584 1673 4638 eadem
1702 4586 1829 4651 post
1851 4581 1922 4635 ad
1954 4577 2143 4636 ortum

544 4682 679 4739 solis
706 4687 765 4736 et
806 4694 1063 4735 occasum
1092 4674 1411 4747 eﬂ‘ulgebat.
1443 4674 1641 4743 Neque
1668 4686 1865 4724 cursus
1902 4670 2142 4725 limitem

543 4773 628 4829 sol
657 4768 1063 4827 immutabilius
1112 4772 1336 4830 natura,
1389 4777 1558 4833 quam
1607 4776 1709 4831 per
1752 4758 2001 4814 veritatis
2047 4760 2143 4815 ille

543 4863 819 4919 directum
845 4857 1117 4914 tendebat
1157 4854 1269 4908 vita
1302 4870 1315 4905 :
1347 4848 1651 4923 quodquod
1686 4847 2011 4920 ubiquaque
2044 4865 2145 4920 per

2227 3692 2666 3765 archiepiscopo,
2707 3695 2909 3749 donavi
2951 3696 3169 3751 Sanctae
3214 3695 3403 3750 Mariae
3446 3696 3675 3750 tertiam
3707 3714 3844 3768 par-

2226 3789 2343 3836 tem
2384 3788 2548 3837 tcrrze
2576 3783 2646 3836 de
2697 3785 3031 3851 Burnevilla,
3063 3791 3121 3840 et
3158 3786 3263 3839 hoc
3297 3785 3446 3855 quod
3488 3784 3733 3857 pertinet
3763 3786 3841 3839 ad

2228 3887 2374 3935 eam,
2402 3876 2461 3925 et
2485 3871 2750 3939 Tavileio,
2780 3878 2838 3927 et
2864 3874 2935 3928 de
2963 3874 3213 3941 Surceio,
3251 3880 3309 3929 et
3336 3876 3440 3929 hoc
3471 3874 3621 3946 quod
3652 3875 3839 3945 perti-

2230 3966 2327 4015 net
2368 3960 2440 4014 ad
2485 3977 2599 4026 eas,
2634 3968 2691 4015 et
2742 3968 2949 4017 terram
3006 3964 3076 4018 de
3119 3963 3371 4027 Sarnaio,
3421 3970 3476 4018 et
3526 3963 3632 4018 hoc
3681 3963 3837 4035 quod

2229 4048 2476 4120 pertinet
2503 4049 2575 4103 ad
2612 4066 2756 4119 eam,
2790 4068 2914 4122 quae
2942 4052 3225 4123 Ansgotus
3251 4057 3412 4124 pater
3440 4069 3598 4107 meus
3628 4051 3688 4106 in
3719 4052 3839 4106 vita

2228 4154 2332 4192 sua
2347 4137 2568 4193 habuit:
2587 4139 2775 4194 dotem
2795 4157 3018 4213 quoque
3040 4141 3238 4196 matris
3253 4158 3409 4207 mem,
3422 4140 3657 4212 jubente
3670 4146 3835 4212 patre

2226 4243 2351 4281 meo
2372 4244 2437 4282 ex
2459 4228 2677 4299 integro
2697 4229 2835 4283 mihi
2855 4230 3065 4297 datam,
3092 4246 3280 4285 coram
3298 4230 3536 4285 testibus
3558 4229 3832 4284 Fulberto

2226 4317 2533 4381 sacerdote,
2560 4318 2763 4385 Vitale,
2798 4319 3089 4386 Rainaldo,
3118 4325 3175 4374 et
3201 4320 3328 4374 aliis
3355 4320 3575 4379 multis.
3617 4337 3645 4373 ιι

2297 4406 2581 4477 Quidquid
2622 4407 2693 4460 ad
2740 4423 2829 4461 res
2871 4409 3162 4463 Beccensis
3215 4409 3541 4464 monasterii
3587 4415 3826 4481 spectat,

2225 4494 2445 4549 docebit
2472 4495 2787 4550 Chronicon
2818 4496 2878 4550 in
2920 4497 3227 4568 appendice
3268 4497 3531 4569 operibus
3575 4498 3639 4553 B.
3687 4500 3829 4555 Lan—

2224 4582 2401 4636 franci
2415 4582 2746 4653 subjectum,
2771 4584 3123 4639 solummodo
3144 4584 3532 4640 immunitates
3552 4588 3829 4658 quasdam

2223 4688 2257 4726 a
2296 4662 2840 4742 Rothomageﬁsibus
2866 4673 3265 4745 archiepiscop.
3303 4674 3624 4741 Guillelmo,
3658 4683 3834 4747 atque

2225 4761 2480 4831 Hugone,
2503 4777 2720 4815 necnon
2749 4767 2808 4815 et
2825 4778 2859 4815 a
2879 4762 3179 4817 Caelestino
3205 4780 3353 4835 papa
3377 4764 3547 4819 tertio
3577 4764 3834 4820 indultus

2227 4855 2285 4905 et
2307 4850 2668 4905 conﬁrmatas
2696 4850 2942 4922 adjicere
2972 4852 3154 4907 visum
3184 4858 3290 4908 est.

542 4951 818 5009 mundum
865 4947 1070 5021 potuit,
1113 4943 1368 5014 iniquum
1418 4938 1727 5008 corrigens,
1767 4937 1907 4991 nulli
1952 4954 2145 4993 conce-

2236 4962 2419 5025 ssa
2471 4958 2678 5013 Charta
2727 4962 3083 5028 ememptz’onis
3121 4961 3449 5014 monasterii
3475 4964 3525 5013 et
3554 4961 3839 5027 parochias

543 5042 703 5098 dens.
740 5056 768 5093 ι
2296 5031 2567 5083 Beccensis
2596 5031 2664 5083 ab
2702 5032 3103 5099 archiepiscopo
3148 5031 3567 5100 Rothomagensi
3609 5032 3673 5085 Ι).
3720 5033 3840 5085 An-

609 5133 683 5187 De
728 5126 973 5186 Beccensi
1017 5118 1447 5190 congregatione.
1502 5112 1606 5168 Cui
1652 5112 1871 5185 pridem
1908 5114 2144 5169 dederat
2295 5103 2464 5154 δεινηο
2492 5117 2764 5156 007108381?-

541 5235 770 5286 nomen,
796 5222 965 5288 atque
994 5213 1053 5266 in
1079 5227 1148 5265 ea
1177 5204 1429 5279 pluribus
1458 5201 1620 5257 annis
1659 5202 2026 5257 monasticam
2052 5203 2137 5257 vi-

540 5319 660 5367 tam
678 5309 934 5369 duxerat,
965 5320 995 5353 α
1019 5313 1246 5354 omnem
1286 5308 1516 5365 operam
1544 5290 1899 5361 impenderat
1920 5294 2003 5361 (ut
2029 5293 2138 5347 Mi-
2221 5295 2465 5350 maxime
2511 5296 2607 5368 qui
2637 5297 2707 5351 de
2753 5304 2905 5352 statu
2954 5304 3159 5353 sanctae
3189 5298 3445 5353 Ecclesiae
3485 5297 3703 5369 aliquid
3754 5315 3843 5353 ra-

513 5429 519 5435 -
543 5400 689 5455 louis
719 5397 839 5469 ejus
882 5387 1175 5461 biographi
1201 5382 1385 5441 verbis
1425 5381 1574 5443 utar)
1602 5378 1796 5469 quieti,
1828 5384 1885 5433 et
1907 5379 2136 5469 silentio
2218 5384 2566 5439 tionabiliter
2592 5386 2917 5458 disponunt,
2947 5403 3017 5441 ne
3042 5403 3142 5459 per
3169 5386 3549 5457 ignorantiam
3580 5387 3669 5441 vel
3698 5387 3842 5442 obli-

546 5487 731 5545 cordis
770 5483 859 5539 sui
898 5477 1120 5536 novalia
1161 5474 1312 5531 verbi
1351 5470 1495 5527 sacri
1524 5468 1781 5524 excolens
1808 5468 2036 5524 assidua
2062 5471 2148 5525 le-
2227 5473 2450 5529 vionem
2488 5491 2522 5529 a
2563 5476 2791 5548 propria
2820 5476 3090 5531 ﬁrmitate
3118 5476 3424 5548 aliquando
3454 5476 3701 5541 decidat,
3751 5477 3842 5531 in-

543 5578 745 5643 ctione,
779 5571 1022 5642 irrigans
1044 5583 1113 5623 ea
1139 5563 1308 5631 dulci,
1349 5576 1518 5633 quam
1548 5573 1693 5629 saepe
1717 5556 2022 5626 obtinebat,
2056 5560 2142 5615 la—
2224 5562 2544 5635 scriptionis
2564 5565 2898 5620 auctoritate
2916 5566 3163 5620 ﬁrmare.
3186 5565 3296 5620 Sed
3324 5565 3659 5637 episcopalis
3691 5581 3841 5619 cura:

545 5676 866 5741 crymarum
891 5654 1339 5731 compunctione.
1365 5667 1391 5703 ›>
1415 5649 1641 5715 Beccus,
1661 5660 1849 5720 porro,
1879 5661 1980 5702 seu
2007 5647 2140 5704 Βεθ-
2221 5651 2468 5709 ofﬁcium
2495 5659 2582 5711 est
2597 5654 2899 5726 diligenter
2915 5670 3220 5729 procurare
3239 5659 3520 5726 quatenus
3544 5659 3842 5709 monaste-

2300 5207 2561 5262 Virorum
2602 5208 2966 5278 prudentium
3003 5209 3350 5264 consuetudo
3381 5214 3491 5272 est,
3529 5214 3587 5263 et
3636 5225 3840 5263 eorum
