3892 6404
116 380 200 438 553
1103 366 1181 419 ΙΝ
1220 361 1444 420 EPIST.
1487 359 1551 414 B.
1592 351 2007 412 LANFRANCI
2045 347 2261 406 NOTIE
3217 344 3320 405 554

109 507 176 559 ria
197 515 452 558 servorum
481 496 576 552 Dei
604 497 664 550 in
687 510 840 566 pace,
867 499 925 547 et
953 492 1140 564 quiete
1168 491 1393 544 ﬁrmata
1417 499 1640 558 perma—
1659 483 1709 542 Α
1726 481 1835 534 Ηοσ
1859 474 2414 566 ἱάβῖῖξῌρζξτζξῖξέζξξφ-

111 541 176 559 ..α
197 541 264 558 ευ.
285 541 452 556 ψη...
482 541 576 552 υν.
690 541 840 566 μη,
873 541 924 547 --
957 541 1135 564 πη---
1417 541 1436 558 ι
1664 541 1671 542 ί

109 598 273 658 neant;
303 606 366 643 ne
394 587 584 642 divinis
615 583 810 638 ofﬁciis
850 581 1178 651 mancipatae
1210 584 1426 631 mentes
1457 574 1645 643 aliqua

1793 565 1930 618 pene
1948 541 2124 601 verbis
2139 547 2207 599 ab
2222 545 2448 612 Hugone
2474 543 2888 610 Rothomagensi
2905 541 3320 610 archiepiscopo,

1798 634 2094 669 successore
2110 618 2398 669 Guillelmi
2415 630 2566 668 anno
2580 616 2873 668 millesimo
2895 615 3178 668 centesimo
3191 627 3320 669 aua-

109 617 273 658 neunt;
304 617 366 643 Hc
394 617 584 642 uiuum
615 617 810 638 υιιιυιω
851 617 1178 651 uncum;qu
1210 617 1426 631 ιμνιιινυ
1457 617 1645 643 υ--ιιικ-
1794 617 1809 618 κ
2110 618 2150 672 6
2293 619 2312 670 l
2389 618 2398 627 .
2774 617 2784 626 .
2994 617 3013 665 ι
3081 617 3091 624 .

108 681 353 735 occasione
378 694 408 730 a
435 692 531 730 suo
561 673 844 745 proposito
882 669 1283 741 impediantur.
1317 667 1434 719 Hac
1473 663 1646 733 igitur
1798 634 2109 745 ’ἓξέξὲἓὲζᾷ
2138 629 2873 745 υυίίηῖοθξξὲἓξὲιῖξξιξπωο
2895 629 2989 668 om
3016 628 3178 666 mmo
3191 627 3326 682 qua.

1630 688 1646 759 Ϊ
1801 692 2109 758 dragcsimo
2134 690 2321 755 primo
2348 688 2734 759 conﬁrmatur.

106 767 303 822 rationis
347 763 704 818 aestimatione
759 776 862 831 ego
916 773 1138 829 quoque
1167 755 1501 816 Willelmi”,
1543 751 1645 804 Dei
1733 751 2089 828 Conﬁr'rnatia
2111 751 2349 827 ejusdem
2370 751 2526 810 tituli
2546 756 2950 811 abAlewandro
2973 771 3121 824 papa
3143 755 3324 809 tertio.

105 857 256 925 gratia
266 850 782 920 Rothomagensium
798 846 1262 918 archiepiscoPus,
1279 841 1481 895 litteris
1495 855 1648 892 man-

1797 850 2148 904 ALEXANDER
2177 846 2488 916 episcopus,
2515 860 2708 900 servus
2747 860 3035 899 servorum
3078 842 3200 909 Dei,
3240 841 3330 896 dio

106 946 215 998 dare
236 941 452 1004 decrevi,
484 946 737 1010 tempore
760 937 1016 991 videlicet
1043 932 1271 988 Roberti
1298 929 1518 984 comitis
1546 927 1648 981 ﬁlii
1728 938 1885 993 lectis
1914 937 2044 992 ﬁliis
2073 937 2319 990 Rocsmo
2365 934 2573 1001 abbati,
2620 939 2678 988 et
2725 933 2993 988 fratribus
3034 930 3326 986 Beccensis

107 1031 333 1085 Willelmi
375 1029 516 1098 regis
557 1028 886 1097 Anglorum,
919 1023 1068 1094 quod
1102 1020 1362 1076 Beccensi
1393 1016 1649 1071 Ecclesia:

1731 1025 2058 1083 monasterii
2085 1025 2346 1091 salutem,
2381 1029 2439 1078 et
2466 1022 2828 1094 apostolicam
2856 1021 3326 1078 benedictionem.

1803 1117 1881 1170 Ex
1904 1115 2176 1185 rescripto
2197 1113 2570 1185 quarumdam
2592 1112 2908 1167 litterarum
2935 1110 3093 1165 bona;
3121 1125 3330 1165 memo-

1730 1206 1829 1260 riae
1844 1204 2116 1258 Willelmi
2137 1203 2418 1274 quondam
2441 1201 2910 1272 Rothomagensis
2923 1198 3330 1270 archiepiscopi

1735 1293 1894 1348 nobis
1922 1291 2187 1359 innotuit,
2218 1296 2323 1345 etc.
2360 1292 2481 1344 Vide
2516 1293 2580 1344 in
2607 1291 2921 1344 Alexandro
2947 1291 3036 1346 ΙΙΙ
3053 1291 3203 1343 inter
3225 1289 3327 1344 Pa-

107 1128 150 1174 et
173 1121 354 1173 domno
384 1118 642 1171 Anselmo
666 1114 875 1180 abbati,
900 1114 970 1166 ob
1002 1109 1370 1165 reverentiam
1397 1106 1650 1176 ejusdem

106 1209 188 1261 loci
202 1214 252 1261 et
264 1207 490 1260 fratrum
511 1204 990 1273 religiosissimam
1012 1200 1201 1265 vitam,
1228 1198 1325 1251 sed
1347 1200 1401 1249 et
1424 1199 1652 1266 propter

106 1299 305 1350 salutem
353 1295 549 1350 animae
592 1309 748 1355 meae,
798 1296 1329 1358 antecessorumque
1373 1299 1650 1349 meorum,

106 1402 287 1438 necnon
315 1390 368 1437 et
411 1397 812 1446 successorum,
843 1378 1086 1433 concedo
1132 1382 1197 1431 ut
1237 1375 1483 1429 Ecclesia
1510 1373 1651 1444 ipsa,

1783 1384 1978 1450 'ologiav
2003 1383 2292 1436 volumina
2314 1381 2564 1448 proxime
2591 1380 2815 1433 edenda.

106 1477 299 1544 ejusque
326 1473 496 1543 ipsius
522 1471 629 1525 loci
665 1469 947 1540 parochia,
981 1483 1109 1522 cum
1147 1464 1523 1520 residentibus
1554 1479 1654 1534 pa-

1905 1473 2094 1536 388
2122 1469 2394 1524 Calestini
2416 1482 2570 1536 papas
2597 1469 2752 1520 tertii
2773 1468 3158 1535 privilegium.

107 1562 344 1616 rochianis
361 1560 777 1630 suis,perpetuo
798 1558 872 1611 sit
895 1557 1070 1610 libera
1090 1556 1159 1609 ab
1181 1553 1335 1609 omni
1356 1551 1658 1624 episcOpali
1811 1561 2163 1615 σαειεετιῃυε
2200 1557 2509 1629 episcopus,
2542 1573 2734 1611 servus
2771 1572 3064 1611 servorum
3093 1555 3215 1622 Dei,
3244 1554 3334 1611 di-

105 1649 368 1715 exactione,
409 1654 611 1720 praeter
655 1664 722 1702 ea
756 1663 880 1717 quae
911 1645 980 1699 ab
1011 1643 1310 1715 episcopali
1340 1642 1520 1696 officio
1558 1641 1659 1693 θιά-
1740 1650 1897 1705 lectis
1935 1648 2065 1702 ﬁliis
2109 1648 2372 1702 Gaurano
2401 1645 2592 1700 abbati
2639 1649 2697 1700 et
2734 1645 3031 1700 conventui
3071 1644 3334 1702 Beccensi

103 1738 373 1791 ministrari
413 1753 524 1790 non
568 1741 804 1806 possunt
835 1753 845 1787 :
888 1739 954 1788 ut
981 1739 1067 1787 est
1094 1732 1396 1786 monachos
1425 1730 1511 1783 vel
1541 1729 1659 1782 cle-
1677 1797 1718 1807 _
1742 1740 2002 1803 salutem,
2031 1742 2090 1791 et
2115 1735 2476 1807 apostolicam
2499 1733 2964 1789 benedictionem.

101 1826 218 1879 ricos
243 1827 510 1891 ordinare,
544 1825 815 1878 Ecclesias
844 1823 1222 1886 reconciliare,
1268 1797 1722 1891 paenitentiamB
1813 1797 2179 1882 sacrosancta
2222 1824 2476 1880 Romana
2515 1824 2780 1889 Ecclesia,
2823 1828 2929 1879 etc.
2975 1824 3096 1879 Vide
3136 1826 3202 1880 in
3231 1824 3337 1881 σω.

100 1911 1261 1983 publicamdare,ethujusmodipoenitentes
1276 1906 1652 1962 reconciliare:
1742 1919 1934 1971 ιθειιίηο
1963 1916 2065 1970 11],

103 2009 182 2055 aut
205 2003 311 2063 illa,
343 2002 723 2072 paenitentiam
774 2001 1066 2064 occultam,
1101 2015 1222 2068 quae
1265 1997 1385 2051 sine
1427 1994 1658 2049 consilio
1813 2009 1998 2070 334
2029 2005 2427 2059 calamitatum
2476 2017 2642 2056 causa
2687 2003 2894 2069 existis,
2940 2002 3134 2058 Refert
3157 2006 3339 2065 sancti

103 2090 310 2160 episcopi
358 2089 478 2142 dari
536 2105 645 2142 ηοῐι
705 2093 906 2158 Potest:
967 2085 1361 2150 detel‘minal‘e,
1415 2083 1658 2136 Chl‘isma
1741 2089 3333 2162 Lanfrancibiographusquemadmodumilletotoanimo,

106 2185 382 2247 quoque,et
410 2179 597 2232 oleum
617 2177 896 2241 tribuere;
924 2181 986 2229 ut
1014 2175 1072 2227 in
1104 2174 1256 2228 brevi
1283 2178 1483 2226 cuncta
1509 2188 1661 2225 com-
1742 2182 1878 2235 totis
1919 2179 2126 2234 viribus
2178 2183 2412 2232 conatus
2450 2182 2554 2244 est,
2598 2183 2768 2248 atque
2813 2178 3091 2233 industria
3129 2185 3343 2250 quanta

104 2267 297 2335 Plectal‘.
329 2265 657 2320 monasterii
687 2270 744 2317 εἴ
771 2263 1006 2328 abbatis,
1031 2268 1200 2332 PFOut
1227 2261 1404 2325 decet»
1439 2276 1662 2314 omnem
1747 2271 1932 2342 potuit
1959 2268 2221 2334 maxima,
2255 2272 2532 2337 quatenus
2565 2267 2878 2338 episcopale
2916 2284 3058 2322 onus
3089 2268 3342 2323 humeris

104 2357 400 2424 Ρθδῖοτδιθω
421 2371 616 2408 curam
644 2369 842 2423 gerere
882 2352 1002 2404 Sine
1039 2349 1357 2420 acceptione
1393 2347 1660 2418 Ρθευηίεει
1745 2360 1862 2413 suis
1887 2351 2122 2411 minime
2139 2355 2540 2427 imponeretur,
2564 2354 2646 2409 ita
2666 2360 2728 2410 ut
2753 2355 2966 2410 frustra
2979 2357 3345 2412 hortarentur

106 2445 150 2498 Si
175 2451 346 2499 autem
377 2445 433 2498 in
455 2444 654 2497 eadem
684 2441 949 2512 parochia
976 2440 1104 2493 talis
1135 2455 1301 2492 causa
1323 2443 1447 2491 orta
1475 2435 1662 2500 fuerit,
1749 2447 1984 2519 Ρτωὶειί,
2007 2445 2283 2516 primores
2310 2444 2671 2498 Normanniae
2701 2445 3096 2515 efﬂagitarent,
3120 2449 3347 2516 rogaret

104 2550 202 2603 quia
244 2534 369 2587 ferri
408 2532 623 2604 judicio
654 2530 898 2584 ﬁnienda
939 2529 1031 2592 sit,
1065 2533 1200 2580 tunc
1240 2543 1302 2580 ex
1337 2525 1541 2596 placito
1569 2523 1667 2577 ab-
1749 2535 1962 2606 regina,
1995 2535 2054 2589 ni
2076 2533 2338 2604 jussisset
2368 2533 2428 2586 Β,
2455 2532 2759 2587 Herluinus
2783 2534 2838 2601 (α
2856 2535 3015 2604 cujus
3043 2539 3185 2589 nutu
3213 2550 3348 2605 pen.

104 2621 238 2688 batis,
269 2629 361 2676 aut
397 2622 549 2693 apud
596 2626 832 2672 matrem
881 2617 1181 2671 Ecclesiam
1219 2632 1388 2668 causa
1414 2613 1662 2677 ﬁniatur,
1750 2626 1918 2679 debui;
1961 2621 2130 2693 totus)
2159 2639 2257 2676 rex
2301 2622 2652 2692 imperasset,
2695 2622 3050 2694 praecepisset
3091 2637 3348 2677 summus

100 2711 448 2782 iudiciumque
470 2708 822 2780 Ροτῖεώίῐυΐς
852 2712 951 2760 alit
975 2705 1426 2774 aPChiePiSCOPUS
1457 2702 1568 2755 f0”
1571 2719 1666 2756 11m
1751 2713 2004 2768 Ecclesiae
2046 2711 2281 2765 antistes
2318 2710 2651 2764 Alexander.
2703 2711 2777 2765 At
2822 2727 2952 2766 vero
2999 2711 3096 2765 ubi
3150 2727 3349 2766 eorum

101 2798 268 2865 judicii
287 2800 559 2853 adlocum
585 2799 742 2851 illum
766 2813 866 2867 per
886 2795 1172 2848 ministros
1193 2810 1322 2847 suos
1343 2791 1665 2856 destinabit,
1751 2802 1976 2856 cessiset
2023 2800 2164 2854 votis
2188 2819 2201 2867 ς
2244 2805 2302 2852 et
2341 2815 2508 2869 quam
2557 2799 2816 2867 arduum,
2847 2800 3351 2871 calamitosumque

102 2887 454 2958 judiciumque
484 2887 564 2940 ibi
588 2902 776 2940 coram
809 2883 1211 2954 archiepiscopi
1249 2881 1523 2936 ministris
1547 2897 1671 2952 por-
1754 2907 1960 2944 munus
2006 2889 2316 2960 episcopale
2369 2887 2568 2942 fuisset
2616 2894 2910 2958 expertus,
2969 2889 3351 2944 Alexandrum

109 2976 484 3040 tabitur.Quod
509 2975 554 3029 si
576 2975 812 3045 pecunia
831 2973 1045 3036 exierit,
1067 2971 1384 3040 ubicunque
1397 2969 1672 3040 judicium
1755 2984 1964 3044 exorat,
2012 2977 2332 3047 insistitque
2374 2981 2438 3030 ut
2487 2975 2557 3030 ab
2605 2977 2711 3030 hoc
2760 2992 2994 3031 munere
3051 2977 3348 3032 eximatur.

108 3071 351 3134 portatur,
383 3065 604 3118 abbatis
636 3064 760 3117 erit.
803 3064 867 3117 In
906 3060 1120 3114 caeteris
1149 3066 1337 3113 autem
1373 3057 1668 3129 parochiis,
1692 3111 1736 3137 Π
1756 3069 2002 3122 Noverat
2027 3066 2306 3137 siquidem
2333 3081 2497 3119 verus
2527 3066 2614 3120 sui
2651 3065 2949 3136 inspector,
2984 3072 3041 3121 et
3069 3067 3355 3122 studiosus

111 3171 212 3224 quae
226 3157 286 3208 ad
301 3155 560 3210 eamdem
573 3152 855 3207 abbatiam
873 3151 1175 3222 pertinent,
1190 3155 1247 3202 et
1257 3154 1388 3203 sunt
1400 3149 1469 3201 de
1483 3152 1678 3200 nostra
1692 3149 1738 3172 υ
1757 3155 2094 3211 humilitatis
2142 3154 2396 3224 Magistri
2445 3155 2502 3208 S.
2558 3153 2766 3208 Bened,
2825 3153 3128 3226 discipulus
3183 3171 3355 3227 quam

110 3243 323 3312 dioecesi,
359 3245 461 3298 hoc
491 3245 672 3297 solum
703 3242 753 3295 ei
781 3240 1176 3302 concessimus,
1199 3245 1264 3292 ut
1293 3255 1462 3291 manu
1490 3241 1679 3308 pastos
1760 3244 2136 3316 ponderosum
2175 3247 2326 3296 esset
2349 3241 2488 3296 illud
2516 3257 2675 3308 onus,
2708 3248 2940 3297 noverat
2979 3261 3006 3297 α
3039 3260 3207 3314 quam
3245 3243 3354 3298 dif.

114 3348 223 3386 suos
255 3335 418 3388 laicos
463 3333 685 3404 quietos
728 3329 948 3395 habeat,
987 3328 1111 3381 illos
1138 3326 1550 3392 tantummodo,
1583 3323 1680 3394 qui
1763 3334 1966 3388 ﬁcilem
1996 3339 2053 3386 et
2069 3332 2306 3386 arduam
2326 3347 2448 3385 rem
2467 3337 2792 3401 susceperat
2811 3347 3006 3401 regere
3030 3332 3249 3388 animas
3275 3335 3361 3402 (ut

113 3427 319 3488 terram,
353 3423 436 3477 vel
462 3422 659 3475 domos
687 3420 840 3472 nullo
869 3418 1035 3470 modo
1066 3416 1372 3487 possident.
1404 3414 1464 3469 Si
1491 3420 1682 3467 autem
1766 3424 1931 3476 docet
1957 3421 2107 3474 idem
2137 3419 2424 3489 magister,
2469 3436 2592 3489 cap.
2627 3419 2660 3476 2
2687 3420 2932 3490 Regula)
2965 3425 3022 3476 et
3051 3421 3360 3477 multorum

116 3509 172 3562 de
213 3511 294 3563 his
339 3509 621 3573 omnibus,
684 3523 820 3577 quos
864 3506 1069 3558 liberos
1117 3520 1237 3556 esse
1289 3501 1681 3567 οοηοθεδίῑηυετ
1767 3512 1974 3565 servire
2000 3509 2274 3565 moribus.
2305 3527 2330 3561 »
2354 3508 2600 3562 Noverat
2623 3526 2650 3560 α
2672 3509 2802 3578 quia
2823 3526 2915 3563 ars
2935 3514 3021 3563 est
3047 3511 3256 3565 artium
3275 3527 3362 3566 re-

116 3597 294 3668 aliquis
331 3606 532 3653 contra
571 3594 1049 3650 Christianitatem
1081 3592 1277 3661 egerit,
1311 3596 1369 3645 et
1413 3591 1584 3644 abbas
1615 3591 1686 3643 ad
1765 3601 1956 3671 Simon
1977 3599 2316 3666 animarum,
2344 3617 2366 3649 α
2389 3602 2534 3650 teste
2554 3597 2756 3666 Magno
2777 3597 3065 3668 Gregorio,
3086 3600 3247 3654 Cum
3267 3615 3364 3672 pa.

116 3686 202 3739 hoc
227 3687 615 3756 corrigendum
665 3685 858 3737 tardus
897 3681 1191 3746 exstiterit,
1237 3679 1687 3750 archiepiscopus
1770 3688 1962 3742 storal,
1998 3687 2096 3740 lib,
2134 3704 2172 3752 ι,
2206 3702 2254 3744 ο,
2295 3684 2343 3743 1,
2380 3686 2625 3740 Noverat
2664 3686 2798 3756 quia
2832 3691 2992 3741 tanto
3018 3688 3246 3758 gravius
3275 3692 3364 3743 est

117 3791 225 3828 eum
246 3783 306 3830 ut
327 3776 575 3846 corrigat
602 3773 883 3828 monebit:
912 3771 1060 3841 quod
1090 3771 1136 3823 si
1167 3769 1338 3822 abbas
1359 3774 1554 3839 postea
1573 3784 1688 3821 cor-
1771 3778 1989 3848 pondus
2038 3774 2392 3830 sacerdotum
2442 3773 2630 3842 (verba
2681 3780 2814 3828 sunt
2865 3775 3071 3830 Gelasii
3117 3793 3275 3847 papae
3337 3777 3364 3832 Ῑ

117 3863 277 3933 rigere
317 3865 581 3928 noluerit,
613 3861 1064 3932 archiepiscopus
1094 3859 1430 3912 emcndabit.
1465 3857 1573 3910 Pro
1604 3857 1689 3910 his
1771 3866 1840 3920 ad
1868 3867 2125 3919 Anastas.
2157 3864 2491 3933 Augustum)
2538 3869 2747 3933 quanto
2787 3863 2960 3917 etiam
2989 3881 3089 3934 pro
3115 3865 3250 3936 ipsis
3277 3881 3360 3920 re.

117 3951 269 4022 igitur
309 3971 430 4025 quae
470 3951 865 4014 concessimuS,
907 3948 1078 4002 abbas
1115 3949 1286 4000 talem
1333 3947 1604 4000 honorem
1635 3951 1692 3998 (τί
1770 3954 1933 4025 gibus
1964 3953 2254 4008 hominum
2290 3952 2348 4005 in
2395 3949 2580 4004 divino
2626 3951 2900 4006 reddituri
2945 3957 3078 4006 sunt
3107 3953 3362 4008 examine

116 4043 214 4096 tale
256 4043 544 4097 servitium
592 4040 835 4094 ecclesiae
877 4044 1081 4108 nostra:
1122 4036 1562 4106 metropolitanae
1595 4052 1686 4088 ex-

1783 4043 2068 4097 rationem.
2108 4062 2130 4093 ι
2163 4041 2410 4096 Noverat
2436 4039 2570 4108 quia
2595 4039 2844 4109 seipsum
2873 4040 3070 4094 intime
3107 4047 3372 4097 noverat;

119 4130 309 4185 hibebit
335 4140 415 4196 ut,
467 4131 515 4185 si
557 4130 626 4183 ab
659 4128 1074 4199 archiepiscopo
1122 4126 1391 4178 invitatus
1430 4124 1599 4177 fuerit
1636 4129 1693 4177 et
1775 4130 1904 4195 Sed,
1933 4129 2152 4200 inquies
2179 4148 2190 4183 ε
2229 4147 2254 4180 ί(
2287 4128 2393 4192 Qui
2423 4127 2804 4198 episcopatum
2829 4129 3129 4196 desiderat,
3156 4129 3366 4185 bonum

120 4219 407 4289 legitimam
440 4218 856 4274 excusationem
903 4233 1014 4269 non
1063 4215 1341 4277 habuerit,
1375 4213 1446 4266 ad
1489 4213 1692 4266 festum
1775 4236 1916 4290 opus
1944 4219 2294 4287 desideraui
2320 4219 2460 4271 Tim.
2485 4230 2567 4283 III,
2607 4217 2671 4285 l).
2699 4236 2720 4268 ι
2749 4217 2966 4271 Bonum
2990 4234 3128 4289 opus
3151 4218 3368 4273 deside-

120 4307 466 4364 dedicationis
494 4307 744 4378 ejusdem
775 4305 1017 4360 ecclesia:
1055 4303 1262 4368 veniat,
1301 4307 1558 4372 sumptus
1603 4317 1695 4355 ar-
1778 4315 1868 4361 rat
1897 4307 1970 4360 do
1995 4323 2217 4370 manus,
2256 4326 2274 4356 α
2314 4305 2361 4358 si
2399 4306 2525 4375 quis
2567 4306 2715 4359 hunc
2745 4305 2948 4371 idcirco
2975 4307 3208 4378 appetit,
3240 4307 3370 4362 inﬁt

121 4398 437 4489 chiepiscopi
457 4397 774 4462 habiturus,
799 4401 863 4448 ut
881 4393 1294 4489 archiepisc0po
1311 4392 1539 4444 missam
1561 4391 1763 4489 cele-D
1781 4397 1842 4450 D.
1881 4395 2260 4465 Chrysostom.
2293 4394 2353 4447 in
2381 4395 2530 4448 idem
2570 4411 2717 4466 cap.,
2753 4412 2865 4449 non
2893 4396 3240 4468 principatus
3269 4401 3370 4452 aut

124 4483 301 4540 brante
327 4488 562 4541 chorum
591 4489 808 4550 teneat;
840 4488 939 4536 aut
960 4481 1008 4534 si
1034 4479 1481 4550 archiepiscOpus
1511 4479 1698 4547 aliqua
1717 4479 1759 4489 ”
1781 4484 2176 4540 dominationis
2196 4483 2361 4549 fastu,
2379 4500 2574 4538 verum
2595 4501 2728 4539 cura
2745 4485 3035 4556 regiminis
3055 4492 3112 4540 et
3130 4487 3368 4541 charita-

125 4591 275 4630 causa
301 4577 534 4630 missam
560 4573 839 4628 celebrare
871 4570 1131 4633 noluerit,
1164 4574 1262 4623 aut
1295 4585 1406 4621 non
1433 4566 1696 4638 potuerit,

126 4663 258 4718 idem
287 4665 460 4719 abbas
489 4664 717 4718 missam
753 4661 1005 4715 festivam
1045 4676 1145 4729 pro
1175 4675 1240 4711 eo
1267 4655 1530 4711 celebret.
1572 4655 1702 4709 Haec

126 4761 298 4808 autem
324 4772 391 4808 ex
436 4753 690 4808 consulto
719 4751 1046 4804 clericorum
1091 4752 1409 4800 nostrorum
1446 4744 1696 4798 fecimus.

126 4841 191 4894 At
233 4860 355 4897 vero
403 4842 576 4896 abbas
622 4858 689 4894 ex
733 4839 984 4893 consulto
1029 4836 1430 4890 monachorum
1471 4850 1700 4887 suorum

128 4932 366 5000 querelas
395 4931 667 5002 quasdam
692 4935 749 4982 et
776 4926 1103 4991 calumnias,
1132 4941 1270 4995 quas
1289 4925 1346 4978 in
1368 4923 1702 4994 quibusdam

127 5017 186 5070 de
215 5021 454 5090 praefatis
483 5017 740 5072 Ecclesiis
780 5015 1032 5079 iaciebat,
1078 5013 1337 5067 clamavit
1381 5012 1618 5082 quietas,
1647 5017 1704 5065 et

129 5109 405 5176 concessit,
435 5114 501 5162 ut
543 5123 735 5162 omnes
770 5105 1112 5175 episcopales
1135 5102 1567 5156 consuetudines
1601 5101 1701 5154 ha-

131 5193 246 5250 beat
274 5196 739 5268 archiepisc0pus,
777 5200 832 5247 et
858 5193 917 5246 in
946 5192 1056 5246 illis
1094 5191 1359 5257 ecclesiis,
1392 5207 1530 5261 quas
1571 5196 1705 5243 tunc

131 5287 382 5355 temporis
413 5284 702 5340 Beccensis
734 5282 978 5337 Ecclesia
1005 5282 1065 5335 in
1085 5280 1305 5335 dioecesi
1325 5285 1520 5333 nostra
1538 5277 1710 5349 possi-

133 5372 479 5428 debit'extra
525 5375 853 5428 Beccensem
899 5369 1241 5441 parochiam,
1283 5375 1339 5422 et
1375 5369 1605 5438 insuper
1649 5366 1710 5420 in

135 5459 234 5515 illis
276 5463 534 5518 omnibus
564 5478 702 5535 quas
741 5461 1001 5529 deinceps
1041 5460 1100 5512 in
1129 5457 1350 5512 dioecesi
1387 5462 1581 5510 nostra
1617 5472 1708 5510 ac-

132 5550 394 5618 quisitura
417 5558 554 5606 erat.

404 5740 661 5802 PATROL.
693 5740 810 5802 CL.

1781 4575 1854 4628 tis
1890 4574 2107 4638 eﬁ‘ectu,
2140 4588 2254 4626 non
2297 4572 2572 4642 improbo,
2609 4574 2815 4628 bonum
2854 4575 3060 4647 quippe
3087 4576 3370 4632 desiderat

1783 4679 1941 4732 opus.
1993 4681 2015 4711 ι
2052 4660 2109 4715 Si
2158 4660 2312 4730 prius
2354 4659 2880 4731 irreprehensibilis.
2917 4682 2942 4715 (ί
2990 4664 3108 4718 Hoc
3145 4671 3231 4720 est
3275 4665 3376 4732 (ait

1780 4749 2226 4820 Theophylactus
2272 4749 2342 4802 ad
2371 4748 2487 4802 haec
2519 4749 2703 4818 verba)
2737 4751 2890 4804 omni
2919 4752 3123 4806 virtute
3151 4754 3374 4825 conspi-

1783 4855 1939 4898 cuus.
1972 4843 2036 4890 ut
2080 4851 2262 4906 neque
2309 4836 2469 4889 illum
2508 4837 2622 4902 alii,
2661 4855 2842 4908 neque
2870 4856 2930 4892 se
2958 4839 3142 4910 ipsum
3179 4857 3374 4912 repre-

1785 4925 2011 4981 hendat.
2044 4925 2208 4978 Illum
2239 4924 2389 4978 enim
2419 4925 2515 4994 qui
2547 4925 2672 4979 aliis
2701 4933 2918 4996 praeest,
2955 4928 3126 4982 veluti
3154 4929 3376 4985 stellam

1784 5033 1907 5070 esse
1934 5019 2158 5086 oportet
2183 5013 2254 5067 ad
2295 5029 2488 5067 omnes
2517 5013 2704 5084 ipsum
2741 5015 3028 5070 intuentes
3057 5016 3380 5073 illuminan-

1785 5107 1920 5160 dum
1945 5109 2002 5158 et
2027 5103 2402 5172 dirigendum.
2429 5121 2455 5154 »
2481 5103 2562 5156 De
2587 5102 2674 5156 his
2700 5104 2990 5158 hactenus.

1858 5193 1898 5245 A
1922 5190 2710 5257 PrincipeNorllunannorum
2739 5193 3025 5246 Willelmo.
3047 5191 3379 5249 Guillelmus

1791 5279 2010 5333 Nothus
2055 5278 2219 5348 vulgo
2266 5277 2466 5344 dictus,
2513 5279 2664 5348 quod
2692 5286 3017 5350 procreatus
3061 5296 3127 5335 ex
3172 5297 3381 5337 concu-

1790 5367 1943 5432 bina,
1979 5383 2149 5437 quam
2177 5371 2373 5438 postea
2401 5366 2711 5436 legitimam
2739 5368 2898 5422 duxit
2925 5369 2983 5424 in
3008 5386 3239 5426 uxorem
3267 5371 3382 5427 Ro-

1792 5457 1985 5510 bertus
2015 5462 2192 5526 pater.
2227 5456 2576 5526 Conquestor
2607 5471 2735 5510 vero
2762 5458 2954 5525 armis,
2989 5460 3124 5530 quia
3148 5476 3388 5530 regnum

1793 5543 2006 5615 Anglia;
2050 5544 2460 5614 comparaverit
2524 5544 2749 5601 Guillel.
2798 5547 3157 5604 Malmesbur.
3191 5549 3285 5604 lib.
3320 5562 3390 5606 III

1795 5634 1864 5688 de
1893 5633 2047 5688 Gest.
2080 5633 2215 5703 Reg.
2248 5633 2446 5703 Anglo.
2475 5633 2533 5688 in
2565 5634 2864 5690 Guillelmo
2894 5636 2918 5691 Ι
2948 5642 3005 5692 et
3029 5638 3126 5692 alii
3153 5639 3386 5710 passim.

3072 5735 3151 5798 18
