3892 6354
574 331 677 388 555

1748 330 2008 385 DOMINI
2053 333 2256 387 Μ’(Άῖ
2299 333 2665 387 DACHERII.

3731 335 3817 390 5‘51}

640 459 966 514 Cadomensi
1005 465 1284 527 pl'a’cssem
1339 452 1609 518 ccanobio,
1665 458 1766 507 etc.
1821 453 1933 507 Usu
1980 455 2862 525 siqui-Aricorum.meretrices
2914 466 3203 524 ornentur,
3263 460 3548 514 luxuriosa
3597 462 3817 515 convivia

567 547 698 601 dem
727 546 1002 600 didicerat
1045 559 1315 614 magnum
1357 541 1728 596 Lanfrancum
1767 541 2043 611 sapientia
2073 560 2162 596 su-

566 633 817 700 blimem,
849 634 975 688 vitae
1007 647 1240 704 quaeque
1259 630 1573 700 splendore,
1606 629 1969 684 scientiarum
1994 631 2162 686 facul-

566 727 705 790 tate,
737 728 796 777 et
821 737 1011 777 rerum
1043 718 1396 775 saecularium
1424 717 1628 788 peritia
1652 718 1962 784 illustrem;
1996 736 2162 789 quem

567 810 772 866 idcirco
794 811 865 865 ad
890 809 1063 865 totius
1083 807 1277 879 patriae
1298 805 1525 876 negotia
1545 806 1989 860 administranda
2013 825 2161 862 sum-

569 915 724 956 mum
754 898 1129 954 consiliarium
1161 900 1543 966 assumpserat
1563 896 2016 950 Normannorum
2051 897 2162 951 dux

569 988 924 1053 Guillelmus,
951 992 1176 1041 auctore
1197 984 1401 1040 Milone
1432 984 1704 1055 Crispino.
1742 985 1810 1038 Et
1830 1001 1964 1038 sane
1983 985 2054 1039 ad
2073 986 2160 1038 di-

562 1076 809 1147 gnitates
821 1074 1242 1140 ecclesiasticas,
1257 1073 1364 1128 nisi
1375 1073 2156 1144 religione,pietate,scientia,

561 1164 864 1236 prudentia
886 1164 1033 1218 viros
1057 1163 1324 1234 insignes,
1367 1167 1424 1216 et
1455 1162 1566 1216 dux
1595 1163 2069 1227 Normannorum,
2105 1168 2162 1218 et

559 1253 870 1323 Anglorum
892 1269 989 1307 rex
1009 1267 1365 1322 nequaquam
1382 1250 1669 1316 evehebat,
1688 1255 1753 1304 ut
1768 1251 1970 1304 asserit
1981 1252 2160 1305 archi-

559 1341 826 1397 diaconus
837 1340 1429 1396 LexoviorumGuillel.
1440 1339 1749 1393 Pictavens.
1761 1356 1835 1408 ,p.
1853 1339 1946 1394 195
1963 1345 2021 1394 et
2030 1338 2155 1396 208.

559 1431 748 1501 Agens
761 1431 830 1484 de
846 1429 1118 1485 electione
1133 1428 1432 1483 Lanfranci
1448 1427 1506 1481 in
1525 1427 2005 1498 archiepiscopum
2021 1430 2159 1482 Can-

556 1520 901 1574 tuariensem
925 1537 937 1572 :
972 1538 994 1569 ι
1023 1519 1089 1573 In
1109 1518 1241 1571 sede
1268 1517 1699 1586 metropolitana
1723 1517 2158 1587 (Cantuaricnsz')

558 1607 940 1662 meditabatur
971 1607 1339 1672 (Guillelmus)
1381 1610 1638 1658 sanctum
1684 1604 1814 1671 vita,
1847 1605 1998 1658 fama
2027 1607 2158 1659 cha-

557 1711 708 1762 rum,
732 1694 1054 1766 eloquentia
1091 1693 1265 1748 divini
1302 1692 1455 1747 verbi
1496 1697 1802 1764 potentem,
1836 1695 1931 1764 qui
1962 1694 2156 1748 suffra-

2243 551 2648 616 prmparentur,
2682 563 2847 600 canes
2867 552 2923 600 et
2950 562 3097 613 aves,
3133 564 3195 600 ac
3223 547 3360 601 talia
3386 548 3596 602 ludicra
3625 566 3816 620 compa-

2243 635 2481 687 rentur?
2511 635 2626 688 Hoc
2669 635 2872 688 milites
2900 636 3163 701 clamant,
3207 635 3364 706 plebs
3395 636 3813 704 submurmurat,

2244 721 2401 774 mimi
2431 728 2678 784 cantant,
2712 730 2768 776 et
2796 725 3022 786 saltant,
3059 731 3114 785 et
3139 741 3233 778 vos
3260 725 3563 795 negligitis,
3595 742 3686 780 vos
3714 743 3818 796 par-

2244 809 2385 874 citis,
2423 827 2518 864 vos
2557 810 2968 865 dissimulatis?
3013 812 3115 866 Ubi
3157 812 3383 882 gladius
3423 814 3553 867 Levi
3597 819 3650 867 et
3687 815 3817 868 zelus

2246 899 2565 953 Simeonis?
2607 920 2632 952 »
2683 906 2785 954 etc.
2816 901 2899 954 Ad
2951 917 3047 954 cor
3091 902 3318 955 tandem
3367 902 3601 956 redeant
3639 903 3732 967 illi,
3771 909 3819 957 et

2245 987 2300 1041 S.
2335 988 2671 1057 Prosperum
2703 990 3021 1042 auscultent
3049 989 3146 1046 lib.
3176 1003 3217 1043 II
3246 990 3316 1044 de
3349 989 3482 1043 Vita
3508 991 3818 1060 contempla-

2245 1075 2354 1129 tiva
2387 1076 2568 1130 obiter
2597 1084 2756 1145 gesta
2802 1083 3122 1132 sanctorum
3166 1078 3552 1149 episc0porum
3600 1079 3812 1143 Paulini,

2243 1166 2300 1214 et
2340 1163 2538 1216 Hilarii
2566 1165 2778 1218 Arelat.
2822 1165 3228 1219 describentem
3280 1185 3292 1220 :
3346 1187 3374 1218 α
3411 1167 3571 1221 Tales
3599 1184 3660 1220 ac
3690 1169 3814 1221 tanti

2243 1249 2365 1315 viri,
2396 1251 2490 1321 qui
2522 1253 2770 1306 volentes
2798 1270 2918 1307 esse
2945 1254 3152 1308 Christi
3189 1254 3449 1325 discipuli
3484 1256 3814 1309 renuntiave-

2241 1345 2375 1393 runt
2417 1340 2674 1394 omnibus
2731 1359 2851 1412 quae
2893 1342 3194 1408 habebant,
3239 1360 3353 1399 non
3384 1351 3448 1398 ut
3473 1361 3812 1414 possessores,

2241 1424 2336 1480 sed
2353 1432 2418 1481 ut
2443 1435 2851 1499 procuratores,
2871 1431 3164 1486 facultates
3182 1433 3438 1487 Ecclesiae
3465 1432 3811 1504 possidebant.

2240 1517 2308 1569 Et
2335 1516 2539 1571 idcirco
2569 1518 2808 1573 scientes
2837 1520 2976 1573 nihil
2996 1520 3144 1574 aliud
3178 1538 3298 1575 esse
3320 1539 3411 1576 res
3440 1522 3700 1585 Ecclesiae,
3719 1521 3812 1574 nisi

2236 1611 2365 1658 vota
2417 1606 2687 1673 ﬁdelium,
2743 1609 2924 1677 pretia
2967 1615 3343 1679 peccatorum.
3396 1616 3454 1664 et
3503 1609 3814 1681 patrimonia

2236 1709 2565 1764 pauperum,
2617 1711 2727 1749 non
2785 1712 2878 1750 eas
2924 1697 3280 1752 vindicarunt
3322 1698 3381 1752 in
3423 1716 3551 1752 suos
3599 1715 3722 1752 usus
3759 1703 3811 1751 ut

559 1783 758 1854 ganeis
775 1783 1051 1854 episcopis
1069 1797 1374 1853 congruam
1407 1783 1647 1836 formam
1668 1781 1933 1852 praebere,
1951 1788 2007 1836 et
2027 1781 2215 1839 oviliB
2235 1783 2510 1852 proprias,
2543 1784 2641 1837 sed
2681 1791 2742 1838 ut
2793 1787 3213 1841 commendatas
3261 1787 3600 1858 pauperibus
3631 1787 3810 1841 divise-

556 1871 846 1927 Dominico
863 1889 1100 1943 praeesse
1117 1871 1635 1941 sciret,cunctisque
1652 1871 1914 1942 prodesse
1924 1877 2153 1942 cuperet

554 1960 744 2016 studio
759 1961 1028 2032 vigilanti.
1053 1961 1209 2015 Idem
1232 1961 1301 2014 de
1316 1959 1763 2014 ordinationibus
1778 1961 2149 2015 Ecclesiarum

551 2049 970 2122 pmcogitabat,
1005 2068 1026 2100 ι
1053 2054 1157 2103 etc.
1192 2049 1489 2103 Matthaeus
1517 2048 1696 2102 Paris.
1727 2049 1798 2102 ad
1828 2065 1918 2102 an.
1944 2050 2149 2104 Christi

554 2135 893 2194 1067.Porro
904 2153 1072 2192 causa
1083 2137 1407 2192 exstruendi
1428 2137 1578 2191 illius
1593 2137 1831 2191 coenobii
1853 2139 2151 2208 S.Stepha-

551 2225 612 2280 ni
633 2227 866 2281 alfertur
881 2227 940 2281 in
955 2226 1128 2297 gestis
1150 2227 1213 2280 B.
1227 2225 1526 2280 Lanfranci
1547 2241 1668 2296 cap.
1685 2224 1734 2291 3,
1761 2243 1815 2297 p.
1835 2227 1888 2293 5;
1913 2227 2148 2281 Guillel-

550 2331 679 2370 mus
699 2315 988 2369 Malmesb.
1020 2315 1060 2368 l.
1098 2328 1176 2378 In,
1219 2313 1372 2368 Gest.
1405 2314 1768 2384 Angelorum,
1801 2331 1858 2385 p.
1893 2312 2054 2384 6162,
2085 2332 2142 2370 n.

555 2401 622 2459 10
642 2421 656 2470 ;
681 2402 1131 2468 Orderic.Vital.,
1149 2402 1248 2460 lib.
1266 2417 1329 2457 IlI
1345 2403 1487 2456 Hist.
1509 2419 1637 2473 pag.
1659 2402 1785 2470 459;
1811 2401 2148 2458 Guillelmus

550 2491 975 2558 Gemeticensis,
1001 2493 1146 2546 Hist.
1166 2492 1685 2547 Northmannorum
1703 2491 1800 2546 lib.
1821 2507 1916 2558 vn,
1936 2509 2055 2563 cap.
2075 2491 2137 2549 21

547 2585 608 2635 et
653 2579 762 2648 ‘26;
810 2581 992 2635 solum
1036 2581 1141 2635 hoc
1182 2580 1301 2636 loco
1341 2581 1566 2636 Guillel.
1599 2581 1915 2638 Pictavens.
1955 2586 2145 2648 εὶοό

546 2673 751 2724 testem
781 2671 1060 2724 oculatum
1102 2670 1162 2725 in
1193 2670 1348 2726 Gest.
1401 2671 1628 2725 Guillel.
1671 2687 1805 2741 pag.
1843 2669 1968 2737 211,
2001 2670 2145 2723 arri-

546 2756 645 2812 det
670 2757 918 2828 proferre
951 2776 963 2812 :
1000 2776 1028 2811 α
1059 2757 1393 2812 Cadomensi
1439 2758 1682 2812 basilicae
1732 2758 1896 2812 modo
1939 2759 2146 2829 specie-

545 2861 655 2918 que
684 2847 1030 2902 admirabilis
1074 2847 1192 2902 suis
1236 2847 1536 2918 impendiis
1565 2847 1636 2900 ad
1679 2847 1906 2901 titulum
1935 2847 1992 2901 S.
2026 2847 2145 2902 Ste-

542 2935 714 3006 phani
737 2936 1168 3008 protomartyris
1208 2953 1242 2989 a
1281 2937 1650 2990 fundamento
1681 2941 1993 3001 exstructas,
2019 2941 2142 2990 tum

541 3024 764 3079 diversa
787 3025 1022 3080 donaria
1051 3025 1271 3080 advexit
1298 3025 1537 3078 materia
1561 3025 1910 3097 artificioque
1939 3026 2142 3096 pretio-

2237 1877 2388 1924 runt.
2427 1890 2452 1924 υ
2485 1873 2566 1926 De
2600 1872 2687 1926 his
2717 1874 2844 1944 plus
2876 1875 3032 1929 satis.

2303 1961 2410 2014 Rex
2459 1964 2772 2028 Anglorum
2821 1965 3018 2029 factus.
3061 1964 3218 2018 Victo
3265 1965 3536 2018 nimirum
3583 1980 3808 2034 caesoque

2234 2047 2497 2113 Heraldo,
2527 2051 2788 2104 universa
2815 2051 2921 2104 sibi
2949 2051 3247 2122 subjugata
3281 2053 3488 2119 insula,
3525 2069 3615 2105 rex
3643 2058 3721 2106 est
3747 2051 3804 2104 ab

2232 2136 2492 2190 omnibus
2536 2139 2934 2208 proclamatus,
2979 2157 3043 2192 ac
3089 2142 3316 2194 tandem
3367 2149 3711 2195 consecratus
3744 2139 3802 2192 ab

2231 2225 2648 2296 archiepiscopo
2686 2226 3021 2282 Eboracensi
3060 2229 3325 2295 Aldredo,
3361 2230 3495 2300 quia
3526 2228 3806 2283 Simoniace

2230 2315 2350 2363 tum
2379 2312 2702 2380 Stigandus,
2738 2315 2895 2383 cujus
2930 2315 2987 2367 id
3022 2316 3271 2370 muneris
3296 2323 3443 2376 erat.
3477 2317 3656 2370 sedem
3688 2317 3806 2368 Can-

2228 2399 2573 2453 tuariensem
2603 2401 2928 2472 occupabat,
2954 2403 3147 2472 illique
3167 2404 3236 2457 ab
3263 2405 3570 2458 Alexandri
3598 2420 3716 2475 pap.
3742 2402 3799 2466 ll,

2227 2489 2425 2559 legatis
2445 2507 2649 2544 corona
2676 2498 2762 2545 est
2782 2493 3062 2562 imposita.
3087 2495 3173 2547 lta
3201 2494 3494 2547 Guillelm.
3518 2494 3797 2547 Pictavens.

2228 2597 2354 2650 pag.
2396 2578 2500 2636 196
2535 2599 2546 2647 ;
2599 2583 2904 2635 monachus
2946 2583 3271 2649 Malmesb.,
3315 2585 3386 2638 de
3435 2586 3592 2640 Gest.
3643 2581 3792 2651 Angl.

2227 2684 2356 2739 pag.
2379 2667 2448 2724 56
2472 2675 2528 2722 et
2549 2669 2645 2733 57;
2672 2671 2877 2724 Henric
2898 2672 3204 2737 Huntindo,
3223 2672 3294 2725 ad
3316 2669 3594 2739 an.1066;
3619 2672 3796 2739 Roger.

2228 2757 2534 2821 Heredem,
2560 2765 2698 2828 part.
2728 2759 2912 2828 priore
2943 2759 2999 2812 in
3022 2760 3246 2813 Guillel.
3283 2761 3543 2825 seniore;
3585 2757 3800 2813 Gemeti-

2226 2847 2405 2899 censis
2453 2845 2554 2904 lib.
2607 2863 2677 2900 vn
2736 2848 2904 2912 Hist,
2955 2865 3002 2900 c.
3050 2847 3118 2901 34
3141 2854 3196 2902 et
3224 2866 3380 2920 seq.;
3429 2847 3669 2904 Orderic.
3697 2846 3793 2899 Vit.

2226 2935 2320 2988 lib.
2355 2950 2439 3000 In,
2492 2952 2616 3005 pag.
2653 2934 2776 2991 492.
2823 2937 3003 2998 Quam
3047 2937 3116 2990 ob
3155 2953 3407 3003 causam,
3449 2944 3504 2992 et
3545 2953 3647 3008 quo
3688 2937 3798 3003 jure

2224 3023 2438 3093 Anglize
2487 3041 2721 3093 regnum
2767 3025 2872 3078 sibi
2918 3042 3240 3096 comparare
3289 3043 3584 3098 aggressus
3630 3023 3796 3083 fuerit,

539 3113 786 3182 sissima,
805 3131 928 3184 quae
949 3114 1020 3168 ad
1044 3114 1232 3169 saeculi
1251 3113 1556 3168 terminum
1576 3113 1793 3168 honora
1811 3129 2142 3184 permanere
2160 3111 2201 3170 Ο
2225 3112 2565 3182 patefaciunt
2596 3118 2853 3166 auctores
2879 3115 3130 3184 praedicti
3156 3134 3168 3177 ;
3207 3117 3450 3169 maxime
3477 3130 3598 3168 vero
3627 3117 3800 3166 coaeta-

538 3201 782 3256 valeant.
815 3203 1050 3272 Singula
1080 3201 1550 3273 descriptionibus
1580 3208 1678 3256 aut
1707 3203 2027 3257 nominibus
2051 3203 2146 3257 de-
2226 3217 2366 3254 neus
2394 3207 2588 3254 auctor
2618 3202 2779 3270 Hugo
2805 3201 3234 3257 Flaviniacensis
3264 3204 3457 3270 abbas,
3494 3205 3548 3256 in
3579 3199 3799 3256 Historia

539 3289 765 3359 signare
793 3291 1103 3361 spatiosum
1131 3291 1297 3358 foret,
1325 3309 1350 3343 »
1387 3297 1492 3345 etc.
1529 3291 1598 3345 Et
1625 3291 1786 3355 infra,
1817 3308 1929 3363 qua
1954 3299 2145 3346 mente
2227 3305 2329 3343 sua
2355 3306 2459 3342 ms.
2499 3307 2509 3342 :
2547 3308 2573 3341 ς(
2605 3292 2792 3355 Anno,
2823 3291 3022 3361 inquit,
3057 3290 3219 3352 1065.
3253 3293 3546 3347 Eduardus
3580 3307 3669 3345 rex
3705 3290 3798 3341 An-

540 3379 598 3434 id
625 3379 944 3451 impleverit
971 3381 1083 3435 dux
1125 3380 1479 3446 Guillelmus,
1524 3382 1769 3435 ostendit
1795 3382 1882 3435 his
1911 3382 2093 3436 verbis
2127 3402 2138 3436 :
2228 3378 2448 3447 glorum
2467 3378 2633 3446 obiit;
2660 3380 2774 3449 qui,
2794 3380 2928 3449 quia
2942 3381 3062 3434 sine
3075 3381 3334 3447 ﬁliisfuit,
3351 3379 3797 3449 consanguineum

543 3468 1089 3540 «Potentesquidem
1107 3470 1785 3540 nonnullisanctisinique
1805 3470 2139 3540 largiuntur,
2226 3483 2387 3520 suum
2440 3467 2756 3521 Villelmum
2808 3470 3261 3523 Normannorum
3307 3471 3567 3525 comitem
3610 3471 3725 3538 post
3748 3478 3797 3515 se

538 3557 874 3629 plerumque
901 3558 959 3612 in
988 3557 1188 3612 iisdem
1218 3559 1613 3614 donationibus
1639 3559 1864 3613 laudem
1896 3576 2054 3612 suam
2087 3561 2143 3613 in
2226 3572 2415 3625 regem
2447 3556 2711 3610 instituit.
2745 3558 2849 3611 Sed
2883 3559 3160 3612 Heroldus
3187 3566 3385 3614 contra
3413 3560 3793 3613 sacramentum

539 3645 772 3711 mundo,
795 3645 1000 3701 delicta
1020 3663 1122 3701 sua
1143 3663 1329 3701 coram
1353 3647 1469 3702 Deo
1489 3647 1833 3718 adaugentes
1859 3666 1870 3700 :
1898 3648 2144 3717 spoliant
2225 3645 2374 3714 quod
2415 3645 2673 3698 Villelmo
2704 3647 2932 3710 fecerat,
2976 3665 3210 3718 regnum
3259 3649 3479 3703 invasit.
3521 3649 3639 3717 Ipso
3668 3656 3794 3696 anno

539 3734 819 3800 ecclesias,
847 3740 904 3789 et
929 3734 1140 3806 rapinis
1169 3735 1304 3806 ipsis
1328 3735 1465 3790 alias
1495 3735 1697 3789 ditant.
1729 3755 1751 3786 ι
1783 3734 2143 3789 Animadver-

537 3828 666 3878 tant
699 3823 816 3879 haec
844 3823 1100 3879 nonnulli
1127 3824 1420 3896 principes,
1457 3825 1692 3895 praelati,
1725 3823 1956 3878 abbates
1987 3841 2140 3878 com-

539 3913 877 3968 mendatarii
902 3913 1017 3967 imo
1039 3919 1097 3967 et
1119 3913 1558 3980 concionatores,
1586 3913 1703 3983 qui,
1724 3912 1910 3966 divina
1932 3913 2140 3983 pietate

538 4002 736 4070 amati,
762 4003 1084 4057 hominibus
1103 4007 1168 4058 ut
1196 3995 1526 4074 appareant,
1547 4017 1719 4056 novas
1749 4001 2139 4071 religiosarum

539 4090 746 4146 mdium
794 4095 1107 4146 structuras
1151 4091 1574 4162 aggrediuntur,
1622 4095 1858 4159 erogant
1906 4089 2142 4144 eleemo-

540 4195 730 4250 synas,
761 4178 989 4234 interim
1018 4197 1166 4246 vero,
1201 4181 1314 4235 diei
1338 4181 1628 4250 noctisque
1651 4178 1852 4232 divinis
1882 4179 2140 4234 laudibus

2223 3733 2516 3788 Villelmus
2543 3751 2638 3788 rex
2672 3752 2827 3789 mare
2857 3737 3101 3802 transiit,
3136 3743 3193 3791 et
3233 3737 3527 3791 commisso
3555 3732 3729 3806 pralio
3751 3743 3795 3781 xx

2224 3823 2304 3876 Id.
2351 3823 2607 3876 Octobris
2645 3825 2760 3878 ruit
2809 3825 3103 3890 Heroldus,
3137 3832 3193 3879 et
3237 3825 3546 3889 Villelmus,
3579 3822 3662 3876 die
3701 3819 3792 3873 Na-

2221 3912 2352 3966 talis
2382 3912 2624 3978 Domini,
2651 3914 2798 3984 apud
2828 3915 3171 3968 Londoniam
3199 3915 3256 3968 in
3282 3932 3473 3986 regem
3496 3915 3723 3968 elevatus
3746 3912 3791 3959 et

2223 4007 2521 4054 coronatus
2549 4007 2654 4058 est.
2683 4022 2705 4052 ι
2730 4003 2881 4056 Alias
2911 4004 3296 4074 superaddidit
3319 4021 3516 4059 causas
3543 4000 3788 4056 Robertus

2225 4090 2530 4143 monachus
2560 4090 2629 4144 de
2649 4092 2857 4158 Monte,
2880 4092 2938 4146 in
2973 4092 3248 4148 Chronico
3279 4111 3384 4149 ms.
3408 4110 3499 4148 an.
3531 4091 3625 4145 Ch.
3653 4081 3784 4147 1063.

2229 4177 2282 4234 1°
2302 4197 2328 4230 α
2344 4178 2490 4242 Quia
2509 4180 2813 4233 Alvredum
2832 4188 3132 4251 cognatum
3155 4200 3318 4237 suum
3335 4177 3635 4254 (Guillelmi
3653 4171 3786 4228 ducis

538 4266 906 4339 posthabitis,
961 4268 1298 4322 collabentes
1354 4267 1616 4322 ecclesias
1680 4273 1738 4321 et
1801 4269 2141 4322 monasteria
2223 4266 2498 4334 videlicet)
2545 4269 2829 4323 Godvinus
2875 4277 2931 4324 et
2979 4271 3078 4324 ﬁlii
3108 4272 3194 4324 sui
3226 4269 3716 4326 dehonestaverunt
3740 4264 3786 4311 et

545 4356 807 4426 (quorum
831 4356 1169 4428 perpingues
1197 4356 1451 4412 redditus
1481 4355 1780 4428 quotannis
1805 4357 2138 4428 percipiunt)
2157 4427 2195 4432 _
2222 4362 2602 4426 peremerunt;
2623 4356 2823 4428 2°quia
2835 4358 3137 4413 Robertum
3152 4355 3782 4432 episcopum,et0donem

541 4441 731 4498 diruta
775 4427 849 4499 eti
878 4427 995 4500 solo
1023 4445 1319 4516 adaequata
1347 4445 1549 4499 misere
1578 4427 1995 4515 derelinquunt.
2032 4427 2205 4500 SedD
2224 4427 2723 4516 consanguineum,
2744 4453 2800 4500 et
2828 4463 3020 4501 omnes
3035 4427 3294 4516 Francos,
3326 4427 3604 4503 Codvinus
3618 4448 3668 4496 et
3684 4436 3780 4498 ﬁlii,

539 4531 652 4587 heu
677 4533 689 4587 !
722 4533 900 4588 multo
928 4534 997 4589 iis
1025 4535 1246 4605 pejores
1277 4532 1642 4604 perditissimi
1668 4533 1748 4587 illi
1781 4534 2142 4604 patrimonio-
2222 4539 2343 4588 arte
2369 4552 2470 4588 sua
2493 4534 2563 4588 ab
2582 4536 2785 4605 Anglia
2811 4537 3216 4603 exsulaverant,
3240 4557 3263 4590 »
3286 4545 3390 4593 etc.
3409 4540 3567 4592 Certe
3587 4529 3780 4603 quidem

540 4635 672 4676 rum
727 4622 934 4678 Christi
989 4623 1330 4689 decoctores,
1393 4621 1488 4692 qui
1536 4621 1727 4675 omnia
1773 4622 2139 4692 prandiorum
2222 4621 2530 4677 Victoriam
2562 4641 2674 4678 non
2705 4625 2991 4680 Guillelmi
3020 4627 3228 4682 viribus
3256 4634 3356 4682 aut
3378 4622 3672 4682 industriae,
3701 4611 3781 4668 sed

537 4711 857 4783 gurgitibus
885 4712 1211 4778 absumunt,
1243 4710 1608 4780 obliguriunt,
1640 4711 1788 4766 ludis
1817 4711 2135 4778 absorbent,
2222 4712 2327 4765 soli
2366 4713 2481 4766 Deo
2529 4713 2911 4768 ascribendam
2941 4715 3205 4785 praedicat
3241 4716 3566 4781 Eadmerus,
3596 4707 3778 4762 Histor.

538 4800 832 4872 libantque
851 4799 1284 4856 Veneri.Merito
1302 4799 1577 4869 ejusmodi
1597 4800 1980 4855 insectabatur
2004 4801 2139 4854 olim
2223 4816 2495 4854 novorum
2528 4801 2618 4854 lib.
2653 4817 2691 4867 Ι,
2729 4820 2852 4874 pag.
2885 4810 2936 4870 ὅ,
2972 4804 3104 4858 edit.
3137 4805 3313 4860 Lond.
3345 4803 3502 4861 16‘23.

536 4890 826 4962 piissimus
850 4890 1160 4960 Anglorum
1191 4905 1289 4942 rex
1319 4888 1570 4958 Edgarus
1600 4889 2016 4960 elegantissima
2044 4889 2141 4944 illa
2291 4891 2720 4956 llermcnfredus
2753 4891 3083 4946 Sedunensz's
3113 4897 3403 4962 episcopus.
3436 4891 3556 4946 Sive
3579 4887 3781 4962 Armen-

538 4961 795 5033 oratione
823 4994 993 5050 quam
1042 4975 1242 5031 habuit
1283 4977 1352 5031 ad
1383 4977 1583 5032 Patres
1620 4978 1819 5049 synodi
1862 4978 2007 5031 circa
2042 4993 2134 5031 an.
2218 4974 2428 5043 fredus,
2461 4977 2691 5032 diversis
2740 4984 2826 5032 est
2855 4979 3226 5049 legationibus
3255 4961 3549 5036 Alexandri
3575 4985 3712 5045 papa
3737 4961 3779 5017 ῙῙ

536 5066 746 5124 Christi
776 5065 924 5122 970:
975 5084 997 5116 ι
1034 5065 1142 5130 Sic,
1179 5065 1274 5131 sic,
1328 5066 1637 5136 inquiebat,
1682 5066 2021 5137 patrimonia
2055 5082 2140 5120 re-
2217 5067 2380 5136 jussu
2455 5067 2675 5137 egregie
2738 5069 2982 5122 functus.
3056 5069 3372 5125 Florentius
3437 5051 3780 5137 Vigorniensis

534 5172 693 5228 gum,
725 5155 1094 5225 eleemosynze
1127 5171 1456 5226 pauperum,
1478 5156 1616 5223 (imo
1648 5155 1794 5225 quod
1821 5155 2000 5225 magis
2031 5159 2135 5217 est)
2221 5171 2435 5209 coaevus
2481 5158 2720 5228 scriptor
2755 5158 2824 5210 ad
2855 5175 2944 5211 an.
2988 5157 3120 5214 106'2
3153 5179 3164 5212 :
3203 5180 3226 5210 ι
3262 5157 3542 5228 Contingit
3569 5154 3778 5214 namque

535 5245 686 5300 illius
709 5244 941 5316 pretiosi
961 5243 1252 5314 sanguinis
1273 5244 1515 5315 pretium
1539 5245 1902 5315 proﬂigetur?
1921 5244 2005 5296 Ad
2035 5244 2140 5297 hoc
2222 5260 2287 5296 eo
2344 5249 2614 5314 tempore.
2667 5251 2730 5299 ut
2773 5253 2829 5299 et
2875 5247 3088 5317 legatos
3139 5249 3452 5318 apostolica:
3505 5240 3639 5297 sedis
3676 5234 3779 5301 ejus

534 5334 710 5404 igitur
734 5333 1116 5388 exhauserunt
1142 5333 1437 5388 thesauros
1467 5350 1597 5388 suos
1627 5339 1814 5403 patres
1837 5332 2034 5397 nostri,
2066 5335 2137 5388 ad
2224 5333 2484 5401 (Ulstani)
2530 5334 2786 5388 electioni
2839 5335 3108 5391 interesse
3147 5335 3569 5392 Armenfredum
3599 5320 3780 5381 scilicet

534 5421 642 5476 hoc
668 5423 836 5478 ﬁscus
874 5423 1061 5493 regius
1105 5423 1387 5477 distractis
1434 5421 1744 5476 redditibus
1787 5421 2000 5484 multis,
2047 5422 2138 5477 de-
2222 5421 2603 5476 Sedunensem
2649 5423 2991 5495 episcopum,
3039 5432 3095 5480 et
3143 5427 3312 5480 alium
3352 5425 3445 5497 qui
3483 5439 3516 5475 a
3555 5419 3616 5473 D.
3656 5419 3778 5482 Papa

532 5510 785 5565 tumuit?
816 5509 902 5580 ad
943 5511 1048 5564 hoc
1089 5511 1336 5565 ecclesiis
1377 5508 1585 5565 Christi
1614 5524 1797 5578 agros,
1831 5513 1888 5561 et
1916 5525 2134 5580 posses-
2215 5509 2531 5564 Alexandro
2578 5529 2678 5582 pro
2738 5514 3018 5585 responsis
3075 5515 3458 5570 ecclesiasticis
3499 5507 3565 5564 ad
3613 5507 3775 5591 τεθεῖηι

535 5597 722 5654 siones
768 5599 973 5670 regalis
1003 5599 1390 5655 munificentia
1427 5597 1648 5666 detulit,
1680 5603 1743 5651 ut
1789 5596 2000 5654 deliciis
2030 5600 2136 5654 cle-
2216 5598 2529 5670 Anglorum
2549 5601 2868 5657 Eduardum
2883 5603 3038 5660 missi
3053 5604 3206 5674 regio
3221 5606 3491 5676 praecepto
3507 5593 3687 5661 Wig0r
3687 5594 3775 5640 ωδ
