3892 6432
124 411 210 468 557

1109 406 1186 459 ΙΝ
1224 405 1446 462 EPIST.
1489 407 1552 460 B.
1595 405 2010 460 LANFRANCI
2047 405 2288 460 ΝΟΤΛΕ.

3234 405 3338 464 558

123 553 208 607 per
228 538 386 589 totam
419 531 528 584 fere
557 527 1055 596 Quadragesimam
1084 529 1340 601 degebat,
1365 551 1386 582 ι
1417 537 1520 587 etc.
1554 531 2043 592 Ro-Asubtilibus
2060 528 2424 594 indumentis,
2441 534 2498 584 et
2510 529 2851 585 indifferenti
2865 545 3071 601 genere
3086 531 3337 587 ciborum

119 641 260 694 gerus
305 620 570 701 Hoveden,
604 619 672 670 ad
724 634 814 670 an.
871 617 971 670 Ch.
1032 617 1169 675 1070
1220 638 1230 672 :
1283 639 1308 673 ς(
1360 621 1664 675 Pradictus
1745 622 1998 692 regulam
2044 618 2423 674 ludificabant.
2481 619 2795 690 Optimates
2841 621 2987 689 gula
3043 625 3101 674 et
3151 618 3340 673 veneri

121 711 416 766 Sedunensis
443 709 727 778 episcopus
757 707 1034 777 synodum
1079 709 1278 774 tenuit,
1310 710 1369 764 in
1409 728 1519 780 qua
1549 712 1666 764 An-

117 801 321 870 gelricus
348 814 454 851 non
485 796 745 850 canonice
777 795 1244 865 degradabatur,»
1274 804 1377 852 etc.
1398 799 1496 852 His
1531 799 1668 853 asti-

1747 711 1942 775 dediti,
1968 709 2257 765 ecclesiam
2303 725 2460 763 more
2495 708 2658 762 solito
2688 724 2802 763 non
2849 707 3103 773 adibant,
3155 709 3252 763 sed
3283 710 3344 763 in

1748 799 1999 853 cubiculo
2039 804 2095 852 et
2131 798 2280 851 inter
2334 797 2560 851 uxorios
2605 797 2893 868 amplexus
2935 797 3346 852 matutinorum

117 890 310 960 pulatur
329 885 565 942 Orderic.
587 885 688 938 lib.
712 899 786 948 Iv,
814 901 939 955 pag.
969 884 1091 942 516.
1122 888 1296 941 Porro
1323 908 1343 938 ε
1380 889 1669 942 Sedunum
1751 887 2025 942 solemnia
2055 892 2113 942 et
2139 887 2437 940 missarum
2459 902 2494 940 a
2521 885 2820 940 festinante
2843 885 3170 958 presbytero
3203 885 3350 941 auri-

120 979 268 1048 (cujus
297 975 543 1029 meminit
568 973 682 1028 Jul.
735 974 938 1039 Caesar,
987 975 1055 1028 de
1101 976 1238 1030 Bell.
1292 977 1413 1031 Gal.
1447 977 1542 1031 lib.
1584 992 1667 1043 ιιι,
1753 976 1856 1032 bus
1905 982 2130 1032 tantum
2183 975 2455 1030 libabant.
2507 974 2723 1045 Vulgus
2761 975 2821 1030 in
2859 975 3045 1029 medio
3100 976 3351 1046 positum

120 1083 218 1137 cap.
237 1066 303 1133 1,)
326 1064 658 1135 praecipuum
682 1063 950 1134 oppidum
977 1064 1329 1119 Sedunorum
1358 1067 1538 1130 est,in
1563 1082 1672 1135 quo
1753 1068 1943 1138 prada
1971 1071 2094 1121 erat
2141 1063 2569 1137 potentioribus,
2613 1068 2678 1118 ut
2703 1063 2789 1118 vel
2822 1079 3018 1118 eorum
3065 1064 3350 1119 exhaustis

120 1154 400 1224 episcopum
432 1151 798 1216 constituunt,
845 1151 940 1221 qui
983 1153 1199 1223 regioni
1228 1160 1292 1208 ut
1321 1155 1578 1225 princeps
1617 1158 1676 1208 et
1757 1155 2105 1220 substantiis,
2160 1155 2248 1208 vel
2305 1153 2472 1208 etiam
2542 1151 2868 1224 corporibus
2931 1151 2990 1206 in
3047 1153 3355 1224 longinqua

122 1242 492 1296 ecclesiasticus
512 1240 714 1311 prasul
737 1245 930 1305 336
956 1240 1217 1312 imperat,
1251 1243 1440 1296 liberis
1464 1249 1674 1306 tamen,

1760 1244 2062 1307 distractis,
2111 1259 2336 1298 acervos
2365 1242 2761 1298 thesaurorum
2791 1247 3173 1312 congererent.
3208 1241 3356 1296 Illud

122 1348 214 1385 non
239 1331 426 1396 servis;
450 1329 589 1383 nihil
621 1328 769 1382 enim
799 1328 1019 1399 publice
1044 1331 1161 1400 agit
1188 1330 1397 1402 absque
1426 1331 1680 1385 omnium
1762 1340 1885 1388 erat
1913 1350 1947 1387 a
1975 1337 2182 1387 natura
2216 1331 2542 1397 abhorrens,
2567 1331 2716 1402 quod
2747 1331 2912 1386 multi
2956 1330 3185 1386 ancillas
3226 1348 3358 1388 suas

123 1421 296 1474 civium
321 1436 606 1474 consensu.
641 1437 669 1470 »
701 1419 831 1472 Haec
854 1419 1124 1473 Henricus
1149 1421 1502 1475 Glarenusin
1531 1421 1681 1474 idem
1765 1439 1830 1476 ex
1862 1439 1921 1476 se
1965 1420 2244 1491 gravidas,
2285 1419 2379 1474 ubi
2422 1419 2660 1474 lubidini
2707 1419 3124 1485 satisfecissent,
3157 1426 3258 1476 aut
3285 1423 3358 1478 ad

125 1508 522 1580 caputCasaris.
537 1509 606 1562 Et
619 1508 934 1578 Raymund.
955 1509 1208 1562 Marlian.
1224 1509 1282 1562 in
1296 1509 1682 1580 Descriptione
1765 1511 2050 1582 publicum
2080 1509 2470 1581 prostibulum.
2497 1508 2694 1563 autad
2714 1513 3007 1564 externum
3028 1509 3361 1582 obsequium

126 1604 346 1652 veterum
397 1596 590 1652 Gallia
643 1597 890 1650 locorum
935 1614 946 1648 :
997 1617 1019 1648 ι
1068 1597 1309 1662 Sedusii,
1352 1599 1436 1652 vel
1475 1596 1686 1652 Seduni
1766 1599 2196 1664 venditabant,»
2221 1603 2325 1652 etc.
2354 1598 2462 1652 Sed
2483 1603 2674 1652 tamen
2705 1597 3154 1669 archiepiscopus
3173 1607 3364 1657 noster

127 1687 314 1759 populi,
331 1685 594 1740 Helvetiis
624 1689 680 1738 et
702 1702 802 1756 pro
832 1689 988 1756 parte
1019 1687 1190 1740 Celtis
1219 1693 1682 1752 annumerantur,

1769 1689 1827 1742 in
1857 1694 1974 1743 tam
2017 1694 2177 1742 tetra
2204 1687 2382 1742 noctis
2418 1686 2758 1741 obscuritate
2790 1687 3075 1758 densaque
3103 1690 3361 1761 caligine,

130 1777 201 1830 vel
249 1777 438 1830 saltem
483 1776 564 1830 eis
601 1780 733 1828 sunt
781 1775 1025 1840 ﬁnitimi,
1080 1775 1342 1847 ipsosque
1384 1777 1714 1847 Rhodanus
1770 1777 1922 1832 velut
1965 1777 2371 1831 lucidissimum
2414 1775 2568 1830 sidus
2617 1775 2847 1841 effulsit,
2888 1793 2998 1846 quo
3039 1778 3366 1838 universum

133 1866 305 1919 ﬂuvius
342 1865 558 1935 irrigat.
589 1864 794 1918 Civitas
839 1870 925 1917 est
970 1846 1317 1935 episcopalis.
1351 1846 1752 1920 TarentesiaB
1772 1867 2152 1920 illustraretur
2172 1865 2543 1935 Anglicanum
2571 1881 2830 1935 regnum,
2853 1866 3185 1936 ignorantia
3213 1869 3372 1926 vitio-

123 1955 292 2008 Latine
318 1971 521 2008 nomen
549 1953 815 2007 retinens.
845 1972 866 2003 ι
893 1954 968 2005 At
993 1969 1122 2006 vero
1153 1953 1461 2007 Marlianus
1480 1958 1692 2024 postre—
1773 1971 2012 2025 rumque
2041 1954 2288 2009 tenebra
2317 1953 2745 2024 dissiparentur.

126 2043 212 2097 mis
237 2044 378 2098 hisce
421 2042 606 2098 verbis
642 2041 1039 2107 hallucinatur,
1080 2058 1211 2095 nam
1238 2042 1564 2096 Tarentesia
1594 2059 1689 2095 ar-

1854 2046 2138 2112 Vz'tamque
2168 2045 2514 2098 canobialem
2543 2059 2714 2111 quam
2741 2059 2854 2112 pra
2883 2049 3141 2101 omnibus
3169 2047 3365 2116 diligo.

117 2133 535 2203 cbiepiscopatus
592 2137 694 2195 est,
733 2148 854 2201 qua
905 2136 961 2185 et
1012 2131 1414 2185 Monasterium
1463 2131 1686 2197 dicitur,
1774 2134 1898 2187 Non
1927 2133 2135 2186 mirum
2163 2131 2238 2186 sit
2259 2136 2373 2185 tam
2399 2130 2686 2202 impendio
2714 2134 3372 2202 magnumLanfrancum

119 2222 256 2292 vulgo
289 2223 568 2286 Maustz‘er,
603 2221 692 2275 cui
721 2219 916 2274 subest
942 2220 1282 2275 Sedunensis
1313 2220 1686 2291 episcopatus.
1774 2221 2012 2276 delectet
2039 2221 2151 2275 vita
2177 2221 2506 2286 monastica,
2541 2237 2710 2291 quam
2742 2228 2798 2277 et
2822 2223 2963 2278 adeo
2991 2224 3251 2295 religiose
3281 2243 3370 2282 co-

121 2311 376 2366 Sedunum
410 2310 627 2365 Gallica
655 2309 769 2363 sive
798 2309 1114 2363 Sabaudica
1155 2309 1349 2380 lingua
1376 2310 1513 2365 Sion
1545 2325 1690 2363 nun-

125 2406 352 2470 cupatur.

177 2489 435 2543 Iluberlus
466 2487 526 2544 S.
560 2490 617 2543 Β.
648 2488 710 2541 Ε.
745 2488 1074 2541 cardinalis.
1110 2487 1289 2551 Quem
1339 2488 1396 2541 S.
1431 2486 1700 2540 Lanfran-

123 2592 203 2629 cus
245 2577 474 2647 epistola
519 2576 572 2641 9,
606 2574 1010 2630 subdiaconum
1055 2577 1319 2647 appellat.
1356 2575 1700 2646 Subscripsit

122 2665 316 2720 decreto
361 2666 429 2720 de
460 2665 712 2736 primatu
767 2665 1191 2719 Cantuariensis
1237 2664 1492 2718 Ecclesia
1533 2681 1703 2735 super

122 2752 508 2809 Eboracensem
564 2754 729 2808 facto.
784 2754 914 2808 Vita
956 2755 1018 2808 B.
1068 2753 1364 2807 Lanfranci
1404 2771 1532 2824 cap.
1616 2753 1697 2820 Η,

125 2859 230 2912 pag.
267 2843 344 2910 l3,
377 2849 434 2898 et
486 2843 660 2898 Guill.
699 2842 1063 2896 Malmesbur.
1107 2843 1176 2897 de
1233 2842 1437 2896 Pontif.
1496 2843 1699 2912 Anglo.

125 2931 201 2984 lib.
228 2947 263 2986 Ι.
291 2933 598 3002 Legatione
626 2932 883 3001 fungitur
934 2931 1084 2986 idem
1117 2931 1401 2986 IIubertus
1446 2931 1703 3002 Gregorii

126 3037 234 3090 pap.
291 3036 365 3075 v11
411 3021 641 3076 nomine
696 3023 754 3076 in
817 3021 1111 3075 Britannia
1167 3021 1388 3083 minori,
1451 3020 1583 3077 libr.
1648 3037 1698 3082 v,

127 3111 266 3179 epist.
319 3111 389 3166 22
447 3110 705 3181 ejusdem
752 3110 1026 3179 Gregorii.
1060 3111 1262 3164 Missus
1293 3111 1466 3164 etiam
1512 3114 1598 3163 est
1633 3109 1706 3162 ad

127 3196 274 3252 Guill.
299 3200 516 3269 Anglia
543 3215 753 3269 regem,
781 3198 1068 3270 episc0pos
1090 3216 1161 3253 ne
1193 3201 1428 3254 Romam
1449 3203 1706 3270 peterent

127 3288 526 3356 prohibentem;
577 3305 741 3358 quem
773 3289 1190 3342 admonendum
1231 3289 1403 3342 voluit
1453 3304 1706 3342 summus

125 3377 344 3443 pontifex
372 3395 475 3448 per
506 3377 842 3431 Hubertum.
875 3377 971 3429 lib.
1007 3393 1098 3442 vn,
1137 3393 1224 3447 ep.
1259 3384 1270 3428 ί
1309 3397 1320 3444 ;
1359 3394 1547 3446 regem
1581 3391 1708 3430 vero

124 3467 349 3534 pontifici
370 3467 718 3537 acquievisse
741 3466 959 3537 epistol.
974 3465 1043 3522 25
1067 3467 1318 3536 ejusdem
1340 3465 1436 3521 lib.
1453 3466 1525 3519 ad
1549 3466 1709 3519 illum

128 3553 387 3610 destinata
415 3555 590 3609 fidem
617 3554 769 3607 facit.

187 3645 696 3713 Episcopi,abbatcs,
727 3648 831 3698 etc.
863 3643 944 3696 De
964 3643 1129 3697 hocce
1157 3647 1452 3710 conventu,
1480 3643 1709 3698 consule

125 3732 428 3800 praedictam
456 3732 649 3786 Vitam
678 3733 796 3786 loco
827 3732 996 3786 citato
1029 3748 1154 3803 pag.
1189 3732 1281 3785 12.

188 3822 263 3876 Ea."
297 3824 605 3892 apostolica
623 3823 760 3876 sedis
784 3825 1130 3876 auctoritate.
1166 3821 1260 3875 Uti
1288 3821 1460 3875 refert
1481 3820 1714 3874 Eadme-

128 3924 209 3963 rus
260 3911 576 3965 Lanfranco
620 3910 868 3979 aqualis.
919 3909 1126 3962 Hister.
1188 3925 1459 3963 novorum
1503 3908 1629 3962 libr.
1663 3922 1704 3975 Ι,

128 4013 239 4068 pag.
268 3997 300 4055 6
335 4017 346 4052 :
383 4016 408 4050 «
447 3998 514 4051 In
548 3997 716 4066 hujus
759 3996 1078 4066 (Guillelmi)
1113 3997 1270 4066 regni
1302 4013 1448 4050 anno
1479 3995 1530 4062 5,
1561 3997 1710 4050 Lan-

129 4085 332 4142 francus
365 4085 736 4142 Cadomensis
763 4073 1000 4142 canobii
1029 4085 1219 4148 abbas,
1253 4085 1336 4139 vir
1363 4092 1627 4139 strenuus
1656 4089 1713 4138 et

128 4172 179 4227 in
203 4175 401 4230 divinis
441 4181 616 4245 atque
661 4175 924 4228 humanis
963 4173 1128 4228 rebus
1159 4174 1451 4228 excellenti
1479 4173 1713 4228 scientia

128 4265 396 4331 praditus,
432 4264 698 4334 Angliam
736 4282 800 4318 ex
828 4271 1101 4335 pracepto
1134 4264 1358 4318 Domini
1385 4281 1542 4335 papa
1581 4264 1712 4316 Ale-

129 4351 328 4418 xandri,
371 4358 431 4406 et
479 4343 734 4422 praedicti
786 4352 953 4422 regis,
989 4353 1248 4419 advenit;
1297 4358 1354 4407 et
1382 4369 1558 4423 pauco
1588 4357 1714 4422 post

1775 2310 2020 2377 luerunt,
2052 2310 2266 2380 totique
2288 2326 2409 2365 sese
2443 2308 2786 2366 devoverunt
2812 2313 3088 2382 primores
3116 2314 3373 2371 Ecclesia

1782 2400 2072 2455 catholica
2094 2398 2276 2454 sancti
2305 2399 2586 2466 doctores,
2617 2416 2856 2470 magnus
2877 2402 3137 2470 Basilius,
3159 2404 3376 2476 Grego-

1780 2487 1897 2542 rius
1921 2487 2238 2557 theologus,
2262 2487 2658 2559 Hieronymus.
2680 2489 3052 2559 Augustinus,
3075 2492 3380 2563 Gregorius

1782 2578 2037 2648 Magnus,
2064 2576 2412 2648 Augustinus
2440 2577 2657 2646 Anglia
2684 2579 2995 2648 apostolus,
3019 2584 3079 2634 et
3104 2580 3214 2636 illis
3243 2583 3383 2638 infe.

1784 2665 1960 2720 riores
2008 2666 2159 2720 Beda
2199 2663 2567 2732 Venerabilis,
2598 2664 2864 2720 Rabanus
2895 2667 3146 2733 Maurus,
3181 2671 3381 2726 Ansel—

1786 2772 1930 2820 mus,
1963 2753 2300 2820 Bernardus,
2324 2758 2382 2808 et
2407 2753 2505 2808 alii
2532 2770 2676 2825 pene
2704 2754 3010 2811 innumeri.
3037 2758 3179 2812 Hinc
3199 2759 3382 2831 Chry-

1786 2850 2084 2908 sostomus,
2118 2843 2312 2898 homil.
2355 2841 2424 2898 70
2463 2843 2523 2896 in
2553 2860 2675 2914 cap.
2728 2858 2842 2898 χχιι
2888 2845 3090 2900 Matth.
3129 2866 3144 2902 :
3189 2867 3212 2898 ε
3253 2849 3383 2904 Non

1786 2934 1924 2987 coelo
1966 2932 2293 2986 diverticula
2331 2931 2734 2987 monachorum
2785 2933 3006 2988 minora
3053 2934 3384 2993 aStimanda

1790 3027 1922 3075 sunt
1947 3040 1958 3088 ;
1991 3021 2177 3091 angeli
2205 3036 2428 3090 nempe,
2463 3015 2578 3074 imo
2605 3037 2734 3075 vero
2763 3020 2883 3092 ipse
2913 3039 3135 3095 quoque
3159 3025 3386 3095 angelo~

1788 3127 1915 3164 rum
1937 3111 2224 3174 Dominus,
2241 3109 2312 3162 ad
2335 3125 2429 3163 eos
2449 3125 2580 3180 sepe
2599 3125 2835 3165 numero
2851 3111 3225 3167 divertuntur.
3247 3119 3383 3171 oetc.

1785 3196 1855 3250 Et
1883 3195 2074 3248 homil.
2106 3192 2173 3251 59
2199 3195 2270 3249 ad
2301 3194 2570 3265 populum
2597 3195 3009 3252 Antiochenum
3033 3211 3044 3245 ε
3071 3220 3095 3246 υ
3127 3198 3388 3254 Monachi

1789 3289 1922 3339 sunt
1951 3290 2220 3354 tanquam
2254 3284 2402 3338 faces
2439 3282 2508 3337 ab
2537 3284 2751 3338 excelso
2796 3285 2917 3340 loco
2947 3286 3298 3343 venientibus
3325 3288 3386 3344 in

1791 3379 1958 3445 portu
1987 3374 2263 3437 sedentes,
2298 3377 2354 3426 et
2385 3388 2579 3426 omnes
2608 3373 2678 3427 ad
2721 3390 2880 3429 suam
2910 3376 3200 3431 trahentes
3227 3382 3388 3433 tran-

1795 3461 2150 3535 quillitatem,
2184 3477 2366 3532 neque
2421 3460 2667 3517 sinentes
2704 3464 2826 3517 ﬁeri
2879 3465 3174 3536 naufragia
3210 3467 3282 3521 ad
3327 3484 3389 3522 se

1793 3551 2175 3620 respicientes,
2200 3567 2264 3605 eo
2291 3555 2621 3606 contuentes
2645 3551 2706 3606 in
2741 3553 2988 3608 tenebris
3013 3570 3126 3609 non
3151 3555 3390 3626 permit-

1793 3643 1976 3693 tentes
2020 3639 2247 3693 versari.
2283 3660 2306 3691 ι

1872 3728 1929 3783 Ut
1963 3733 2170 3782 taceam
2212 3732 2418 3787 multa.
2454 3729 2542 3784 Ita
2579 3728 2817 3786 forsitan
2847 3749 2971 3804 qua
3003 3736 3216 3806 profert
3255 3738 3388 3795 Milo

1794 3816 2087 3887 Crispinus
2115 3817 2172 3871 in
2201 3817 2333 3871 Vita
2360 3833 2481 3888 cap.
2524 3817 2611 3884 11,
2643 3836 2773 3890 pag.
2810 3838 2869 3876 ιι.
2906 3823 3217 3894 Ipsummet
3254 3828 3388 3881 Ale-

1794 3904 2087 3971 xandrum,
2108 3905 2366 3960 videlicet
2394 3907 2450 3961 S.
2483 3906 2801 3973 Lanfranci,
2826 3909 3046 3966 scholas
3070 3913 3229 3968 Becci
3257 3931 3386 3970 cum

1791 3995 1974 4048 adhuc
2020 3999 2256 4062 teneret,
2308 3995 2620 4050 auditorem
2659 3997 2956 4053 exstitisse.
3009 4001 3385 4073 Posteaquam

1795 4083 1942 4137 enim
1957 4083 2269 4137 Lanfranco
2293 4100 2496 4154 papam
2525 4085 2896 4140 assurrexisse
2927 4088 3156 4143 honoris
3177 4092 3382 4161 gratia,

1794 4173 1985 4226 Roma
2025 4173 2269 4242 degenti,
2305 4173 2604 4239 enarravit,
2660 4175 2805 4229 tanti
2843 4175 3072 4231 honoris
3111 4180 3389 4236 rationem

1796 4260 1978 4314 adfert
2000 4261 2087 4314 his
2116 4261 2298 4315 verbis
2332 4279 2343 4314 :
2381 4279 2406 4314 (ί
2437 4263 2580 4316 Tum
2604 4279 2706 4334 pro
2730 4279 2832 4318 sua
2858 4281 3064 4336 magna
3093 4269 3386 4339 religione,

1797 4355 1854 4404 et
1882 4349 2153 4404 eminenti
2184 4350 2434 4414 scientia,
2478 4358 2598 4406 tum
2631 4353 2762 4423 quia
2790 4369 2918 4408 cum
2967 4363 3113 4412 esset
3151 4359 3212 4412 in
3244 4360 3391 4413 Nor-

127 4443 362 4510 tempore
404 4440 952 4512 archiepiscopatum
995 4441 1459 4496 Cantuariensem
1509 4439 2042 4540 regeri-Dmannia,
2077 4440 2364 4494 venientes
2395 4441 2652 4496 Ecclesia
2695 4443 2982 4499 ministros
3026 4446 3388 4518 suscipiebat,

131 4525 251 4582 dum
279 4530 548 4600 suscepit.
578 4546 605 4581 ν

194 4618 542 4688 Tantumque
561 4625 763 4673 sancta
794 4620 1042 4673 Ecclesia
1071 4636 1279 4674 casum.
1308 4619 1398 4674 Sic
1427 4620 1716 4686 nimirum,

132 4703 181 4759 in
207 4707 326 4762 aliis
357 4714 626 4763 constans
655 4713 824 4778 atque
850 4708 1140 4774 infractus,
1178 4709 1540 4779 premebatur
1568 4710 1725 4779 ﬂagi-

132 4796 214 4851 tiis
239 4814 359 4868 qua
387 4799 447 4852 in
494 4798 674 4852 Deum
723 4803 780 4851 et
810 4797 1108 4852 Ecclesiam
1140 4799 1626 4868 perpetrabantur,
1657 4804 1723 4852 ut

134 4883 262 4938 nihil
275 4887 454 4957 ,plane
486 4891 634 4940 esset
663 4887 811 4957 quod
843 4887 966 4957 ejus
997 4886 1245 4941 dolorem
1287 4888 1546 4954 allevare,
1578 4887 1721 4941 nihil

135 4974 268 5042 quod
298 4977 422 5046 ejus
452 4975 513 5029 in
554 4975 731 5029 Deum
782 4976 963 5030 zelum
1013 4981 1329 5048 temperare
1378 4981 1589 5048 posset.
1636 4976 1720 5030 Ad

134 5061 305 5118 vivum
334 5065 582 5118 nefanda
610 5065 847 5119 crimina
893 5065 1050 5136 queis
1106 5071 1268 5120 erant
1316 5065 1562 5120 obvoluti
1612 5065 1720 5120 illis

134 5153 472 5223 temporibus
501 5154 846 5224 Angligena,
866 5154 1130 5225 exprimit
1151 5155 1208 5210 S.
1242 5155 1404 5210 Beda
1432 5154 1724 5209 continua-

136 5245 232 5306 tor,
266 5243 359 5296 lib.
392 5257 455 5310 Il,
489 5260 588 5313 cap
639 5242 730 5300 l‘l:
769 5266 789 5294 ι
828 5245 1254 5310 Verumtamen,
1279 5244 1480 5315 inquit,
1509 5244 1728 5297 littera-

139 5343 271 5394 rum,
296 5337 352 5385 et
370 5331 661 5402 religionis
688 5333 875 5388 studia
899 5339 1063 5388 atate
1094 5333 1428 5404 procedente
1448 5332 1724 5386 obsoleve-

137 5425 278 5482 runt,
308 5437 424 5474 non
471 5422 662 5490 paucis
691 5428 822 5476 ante
861 5423 1163 5477 adventum
1204 5423 1726 5476 Northmannorum

139 5507 308 5563 annis.
340 5509 544 5564 Clerici
590 5511 910 5565 litteratura
942 5511 1311 5566 tumultuaria
1338 5511 1604 5576 contenti,
1637 5509 1726 5564 vix

137 5604 614 5654 sacramentorum
645 5599 812 5655 verba
839 5600 1250 5655 balbutiebant:
1282 5600 1499 5671 stupori
1521 5604 1644 5653 erat
1671 5603 1727 5652 et

138 5682 403 5742 miraculo
424 5689 642 5744 caeteris
662 5690 757 5760 qui
783 5688 1212 5758 grammaticam
1232 5695 1439 5744 nosset.
1467 5688 1724 5744 Monachi

1799 4533 1856 4581 et
1885 4527 2154 4598 quosdam
2177 4544 2333 4598 papa
2363 4531 2806 4600 consanguineos
2835 4532 3080 4588 studiose
3103 4534 3390 4591 docuerat.

1801 4618 2003 4672 Fertur
2030 4617 2200 4670 etiam
2230 4634 2374 4688 papa
2399 4618 2604 4674 dixisse
2643 4638 2654 4673 :
2695 4621 2821 4676 Non
2847 4621 2972 4676 ideo
3007 4624 3288 4678 assurrexi
3317 4625 3390 4693 ei,

1806 4706 1938 4777 quia
1964 4705 2414 4776 archiepiscopus
2443 4712 2546 4774 est,
2578 4709 2676 4762 sed
2706 4710 2839 4779 quia
2869 4711 3028 4766 Becci
3050 4713 3120 4766 ad
3145 4714 3392 4769 scholam

1805 4794 1921 4864 ejus
1938 4795 2035 4860 fui,
2054 4799 2110 4847 et
2131 4793 2200 4847 ad
2222 4794 2390 4864 pecies
2404 4795 2524 4863 ejus
2548 4812 2674 4850 cum
2690 4797 2816 4850 aliis
2845 4799 3072 4853 auditor
3091 4801 3336 4855 consedi.
3362 4821 3392 4854 ι

1805 4884 1913 4938 Sed
1941 4884 2236 4937 audiamus
2264 4889 2465 4937 testem
2494 4884 2829 4954 locupletem
2860 4888 3218 4957 Eadmerum,
3251 4889 3393 4944 Hist.

1803 4973 1898 5026 lib.
1927 4990 1962 5036 1,
1989 4990 2116 5043 pag.
2148 4975 2179 5025 6
2208 4989 2220 5024 :
2262 4993 2285 5022 ι
2321 4973 2543 5027 Statuto
2573 4973 2662 5027 die
2703 4975 2872 5029 Pater
2915 4977 3281 5045 Lanfrancus,
3313 4978 3395 5032 ait

1802 5062 1915 5127 ille,
1939 5061 2253 5131 apostolica
2268 5065 2450 5126 3:31
2472 5061 2618 5116 sedis
2645 5064 2890 5133 pontiﬁci
2914 5065 3226 5122 Alexandro
3257 5085 3397 5140 pra-

1810 5156 2093 5216 sentatur;
2126 5150 2216 5204 cui
2246 5149 2393 5221 quod
2424 5151 2736 5205 Romanam
2768 5153 3071 5209 scientibus
3103 5165 3401 5214 consuetu-

1809 5241 1997 5295 dinem
2024 5241 2166 5293 forte
2183 5240 2388 5293 mirum
2408 5240 2804 5314 videatur,ipse
2827 5261 2970 5314 papa
2993 5245 3061 5298 ad
3083 5263 3142 5299 se
3168 5245 3402 5303 intranti

1808 5345 2126 5398 assurgens,
2149 5346 2297 5394 eum,
2312 5337 2640 5398 utgressum
2656 5332 2870 5402 ﬁgeret,
2895 5333 3132 5387 dulciter
3146 5335 3402 5391 hortatus

1808 5425 1919 5486 est;
1953 5435 2017 5472 ac
2045 5418 2245 5472 deinde
2281 5419 2543 5485 subdens,
2596 5421 2886 5484 honorem,
2919 5421 3122 5492 inquit,
3157 5424 3406 5478 exhibui-

1813 5523 1936 5560 mus
1959 5522 2070 5559 non
2094 5522 2258 5576 quem
2291 5507 2796 5577 archiepiscopatui
2827 5514 2946 5568 tuo,
2966 5510 3063 5562 sed
3094 5527 3260 5580 quem
3293 5529 3408 5567 ma-

1805 5596 1982 5667 gistro
2009 5595 2188 5665 (cujus
2204 5595 2389 5649 studio
2404 5613 2598 5650 sumus
2615 5596 2673 5649 in
2695 5596 2806 5649 illis
2822 5614 2944 5668 qua
2962 5599 3168 5653 scimus
3185 5600 3417 5686 imbuti)

1807 5684 2109 5740 debuimus
2135 5702 2149 5753 ;
2177 5684 2307 5738 hinc
2329 5685 2479 5755 quod
2506 5685 2577 5740 ad
2599 5690 2653 5740 te
2676 5685 2922 5757 pertinet
2941 5687 3012 5743 ob
3041 5684 3418 5748 reverentiam
