3892 6344
578 364 682 421 559

1767 360 1997 415 DOMNI
2044 359 2248 415 LUC/E
2288 359 2650 413 DACHERII.

3744 362 3834 417 560

568 493 632 547 Β.
666 489 821 547 Petri
848 494 905 543 te
934 486 1159 558 exsequi
1192 501 1292 556 par
1337 489 1441 539 est.
1475 506 1497 532 ε
1555 484 1683 538 Hzec
1707 483 2038 546 Eadmerus,
2068 484 2153 538 cui
2187 484 2389 544 AVen.
2425 483 2587 537 Beda:
2615 481 3001 547 Continuator,
3035 482 3159 536 libr.
3196 499 3265 547 Ill,
3299 499 3425 554 cap.
3461 482 3564 550 ‘29;
3597 485 3828 539 Orderic.

570 580 723 634 haud
773 576 1132 647 refragantur
1163 573 1447 628 Guillelm.
1498 572 1865 626 Malmesbur.
1908 573 1977 626 de
2011 573 2163 627 Gest.

567 668 796 739 Anglor.
829 666 905 720 lib
958 679 1042 730 in,
1066 679 1194 734 pag.
1229 660 1390 727 66,n.
1414 658 1484 716 20
1503 662 1746 715 Thomas
1772 660 2158 731 Valsingham,

569 758 808 831 Ypodig.
838 757 1060 819 Neust.,
1096 768 1186 807 an.
1226 748 1379 816 1070,
1415 755 1473 805 et
1502 750 1618 804 alii.

644 847 732 903 Ad
764 862 853 900 vos
877 846 1124 899 venirem
1140 842 1415 895 vobiscum
1444 842 1508 892 in
1519 841 1754 907 palatio,
1788 843 1896 893 etc.
1929 838 2157 909 Sapien-

565 934 846 991 tissimum
868 933 1030 1002 juxta
1057 946 1122 983 ac
1144 927 1529 982 doctissimum
1552 926 1925 981 Lanfrancum
1956 927 2155 997 volupe

566 1039 760 1080 omnes
787 1017 1267 1083 auscultabantur,
1309 1021 1368 1070 et
1409 1016 1693 1087 praesules,
1726 1021 1784 1069 et
1819 1014 2068 1080 abbates,
2100 1021 2158 1069 et

563 1112 859 1185 principes,
878 1113 936 1162 et
961 1112 1216 1178 potentes
1245 1104 1450 1169 saeculi,
1484 1120 1611 1158 cum
1639 1103 1841 1169 verbis,
1866 1109 1988 1158 tum
2009 1103 2154 1157 litte-

560 1201 637 1256 ris
662 1200 821 1255 illum
847 1197 918 1252 ad
947 1212 1088 1261 sese,
1119 1211 1228 1266 quo
1253 1195 1375 1264 ejus
1402 1193 1809 1247 consuetudine
1847 1193 2002 1246 nullo
2039 1209 2153 1246 non

558 1295 813 1360 tempore
836 1289 1149 1350 uterentur,
1183 1282 1407 1337 allicere
1437 1280 1806 1335 conabantur.
1834 1281 1898 1335 Id
1929 1280 2001 1335 ab
2030 1281 2152 1351 ejus

556 1377 866 1450 biographo
885 1374 1094 1431 Milone
1121 1370 1396 1426 asseritur
1424 1386 1596 1441 supra
1622 1386 1743 1440 cap.
1772 1370 1821 1432 5,
1850 1386 1979 1440 pag.
2010 1365 2064 1431 6,
2098 1374 2155 1423 et

557 1483 663 1538 cap
718 1465 769 1531 6,
790 1479 926 1535 pag.
959 1462 1020 1528 '7;
1045 1462 1159 1514 imo
1189 1465 1247 1513 et
1269 1457 1584 1512 Alexander
1605 1458 1723 1528 ipse
1753 1458 1985 1528 praefata
2012 1457 2154 1511 dilu-

557 1556 711 1611 cidat
736 1553 942 1607 mirum
968 1550 1028 1603 in
1055 1548 1286 1602 modum
1312 1546 1550 1617 epistola
1569 1562 1671 1601 sua
1696 1546 1767 1601 ad
1789 1546 2151 1600 Guillelmum

557 1644 1028 1712 Conquestorem;
1051 1653 1117 1692 eo
1143 1642 1387 1706 namque
1406 1635 1714 1698 admonito,
1729 1640 1795 1688 ut
1820 1634 2151 1688 Christianae

555 1730 782 1804 pietatis
811 1726 1005 1782 ofﬁciis
1029 1740 1253 1779 omnem
1282 1738 1510 1794 operam
1544 1722 1850 1794 impendat;
1874 1721 2151 1776 Ecclesias

2251 571 2441 635 Vital.,
2465 571 2560 625 lib.
2594 586 2710 638 vm,
2743 588 2871 642 pag.
2911 570 3015 625 682
3054 576 3111 624 et
3138 569 3240 627 683
3290 572 3580 642 Ejusmodi
3621 574 3828 627 calami-

2247 660 2454 714 tatibus
2488 662 2776 714 consulere
2799 662 2917 731 jam
2943 677 2973 714 e
3013 661 3150 714 vivis
3178 661 3401 716 sublato
3434 663 3497 716 B.
3538 663 3822 717 Lanfranco

2244 766 2536 819 perperam
2577 756 2811 803 conatus
2852 749 2918 802 D.
2958 751 3256 803 Anselmus
3290 756 3493 821 sponte
3532 752 3601 805 ab
3641 753 3824 822 Anglia

2241 838 2513 904 discessit,
2532 838 2796 909 nequitiae
2807 839 3077 908 temporis
3099 838 3319 905 cedens,
3345 845 3576 894 auctore
3599 839 3821 894 Roberto

2240 926 2536 988 Montensi,
2570 926 2627 979 in
2658 927 2935 981 Chronico
2966 943 3069 979 ms.
3102 943 3234 981 ann.
3267 925 3449 982 1098:
3486 949 3506 978 α
3544 928 3820 982 Anselmus

2241 1030 2366 1067 vero
2405 1014 2852 1084 archiepiscopus
2892 1015 3123 1068 recessit
3154 1015 3222 1068 ab
3272 1016 3499 1086 Anglia,
3536 1016 3667 1086 quia
3694 1016 3817 1070 nihil

2240 1103 2377 1155 recti
2408 1119 2503 1156 rex
2532 1118 2737 1173 pravus
2761 1104 3126 1173 (Guillelmus)
3154 1104 3209 1157 in
3236 1121 3412 1174 regno
3443 1121 3544 1159 suo
3567 1104 3683 1158 ﬁeri
3710 1121 3819 1176 per-

2238 1190 2517 1255 mittebat,
2563 1209 2589 1243 »
2637 1197 2741 1246 etc.
2785 1191 3098 1245 Chronicon
3152 1193 3448 1258 Beccense,
3502 1194 3571 1248 ad
3626 1194 3814 1248 calcem

2235 1296 2468 1349 operum
2506 1281 2563 1335 S.
2590 1280 2903 1343 Lanfranci,
2936 1296 3027 1333 an.
3070 1279 3222 1337 1098.

2780 1386 2850 1422 AD
2882 1382 3187 1423 EPISTOLAM
3218 1385 3254 1425 ΙΙ
3268 1411 3279 1423 .

2306 1459 2661 1511 Hermannus
2698 1460 2997 1526 siquidem.
3043 1457 3429 1513 Vintoniensis
3458 1459 3755 1530 episcopus,
3783 1475 3810 1512 e

2234 1545 2498 1599 Flandria
2530 1546 2820 1608 oriundus,
2852 1546 2971 1616 regi
3002 1547 3261 1601 Eduardo
3298 1548 3652 1603 sanctissimo
3678 1563 3805 1601 asa-

2234 1634 2341 1687 cris
2368 1634 2476 1688 fuit
2506 1654 2517 1687 :
2553 1635 2815 1688 sulfectus
2843 1645 3034 1689 autem
3064 1635 3123 1689 in
3160 1637 3341 1691 locum
3378 1636 3711 1691 Brithuoldi‘.
3748 1636 3809 1689 Et

2232 1723 2459 1776 tandem
2477 1722 2654 1777 animi
2677 1723 2985 1794 cupiditate
3002 1730 3187 1779 motus
3207 1725 3276 1778 ab
3300 1726 3563 1780 Eduardo
3584 1725 3737 1797 petiit
3752 1729 3809 1777 ut

555 1833 862 1890 earumque
893 1828 1161 1888 personas
1189 1812 1487 1880 defendat;
1515 1811 1595 1865 sic
1623 1811 1692 1864 de
1714 1810 1877 1866 beato
1909 1804 2210 1865 Cantua-B
2229 1812 2589 1865 Meldunense
2605 1812 2919 1866 cmnobium
2938 1812 3044 1866 sibi
3070 1813 3139 1867 ad
3161 1813 3615 1868 constituendam
3635 1813 3806 1867 sedem

555 1909 772 1964 riorum
801 1904 1137 1975 archiepisc.
1172 1902 1375 1956 effatur
1402 1918 1414 1953 :
1455 1921 1477 1949 ι
1510 1899 1595 1953 Ad
1625 1899 1743 1954 hinc
1770 1900 1944 1969 igitur
1979 1901 2148 1971 perﬁ-

553 1996 833 2061 cienda,et
850 1993 1086 2048 aliarum
1108 1990 1380 2045 virtutum
1401 1988 1746 2043 incrementa
1768 1988 2144 2059 percipienda,

550 2085 743 2141 fratris
763 2080 941 2137 nostri
970 2078 1268 2136 Lanfranci
1291 2077 1715 2132 Cantuariensis
1747 2077 2147 2147 archiepiscopi

550 2172 780 2229 monitis
809 2174 867 2225 et
893 2167 1156 2233 consiliis,
1188 2165 1427 2237 gloriam
1455 2170 1693 2220 vestram
1725 2165 2021 2219 hortamur
2048 2181 2142 2219 ac-

551 2261 855 2335 quiescere.
887 2273 1053 2328 quem
1082 2254 1474 2310 charissimum
1507 2253 1844 2319 membrum,
1877 2259 1933 2307 et
1962 2270 2137 2307 unum

550 2367 617 2406 ex
643 2348 840 2421 primis
859 2347 1128 2400 Romanae
1148 2343 1404 2398 Ecclesize
1442 2342 1570 2397 ﬁliis
1595 2342 1758 2397 lateri
1788 2347 1979 2396 nostro
2008 2342 2141 2396 assi-

545 2440 658 2495 due
685 2452 799 2491 non
835 2435 1163 2505 adjunctum
1194 2448 1314 2486 esse
1343 2431 1598 2485 dolemus
1631 2450 1643 2497 ;
1695 2431 1791 2484 sed
1842 2448 1907 2484 ex
1956 2430 2139 2484 fructu

548 2543 716 2601 quem
745 2522 1007 2579 Ecclesia:
1032 2521 1092 2575 in
1137 2536 1310 2590 regno
1335 2524 1522 2574 vestro
1548 2518 1771 2587 tribuit,
1804 2519 2138 2574 consolatio-

542 2632 674 2672 nem
700 2616 819 2686 ejus
847 2610 1113 2667 absentiae
1132 2609 1436 2665 sumimus.
1469 2630 1496 2658 υ

614 2707 732 2760 Post
762 2705 994 2756 mortem
1018 2714 1142 2753 vero
1163 2701 1280 2766 ejus
1307 2712 1405 2751 nec
1427 2712 1637 2766 pacem,
1671 2712 1768 2750 nec
1795 2698 2015 2771 aliquid
2044 2698 2136 2750 bo-

540 2809 707 2850 num.
744 2787 1004 2845 Praedicit
1041 2787 1127 2841 vir
1153 2790 1381 2840 sanctus
1410 2801 1532 2856 quae
1560 2790 1783 2839 mortuo
1834 2785 2133 2839 Guillelmo

537 2883 939 2953 Conquestore,
972 2881 1030 2931 et
1065 2880 1338 2946 regnante
1383 2874 1526 2929 Rufo
1557 2875 1677 2943 ejus
1707 2874 1823 2927 ﬁlio
1855 2874 2133 2944 pullulare

537 2971 745 3027 iterum
773 2982 989 3039 cmpere
1014 2964 1181 3031 mala,
1213 2963 1378 3018 citius
1406 2962 1642 3016 dixerim
1674 2967 1731 3016 et
1756 2962 2002 3032 grassari
2034 2979 2134 3033 per

2231 1900 2577 1965 concederet,
2619 1901 2712 1954 sed
2746 1917 2871 1955 cum
2905 1902 2960 1955 id
2989 1903 3253 1972 consequi
3292 1903 3637 1973 desperaret,
3663 1900 3807 1956 abdi-

2231 1993 2354 2042 cato
2402 1989 2745 2059 episcopatu,
2775 1991 3096 2045 monasticae
3141 1991 3260 2045 vitae
3299 2008 3427 2045 sese
3466 1990 3801 2061 mancipavit.

2233 2078 2503 2147 Rogems,
2564 2079 2765 2132 Annal.
2808 2084 2968 2149 parte
3015 2081 3220 2150 priore,
3254 2080 3325 2133 ad
3383 2097 3473 2134 an.
3528 2080 3626 2134 Ch.
3665 2076 3799 2135 1055.

2225 2166 2539 2236 Harpsfeld.
2584 2168 2785 2221 saeculo
2841 2182 2917 2230 x1,
2976 2175 3033 2222 et
3072 2168 3357 2233 Guillelm,
3409 2168 3693 2232 Malbesb.,
3743 2167 3802 2220 de

2225 2255 2378 2309 Gest.
2413 2256 2612 2326 pontif.
2655 2256 2750 2309 lib.
2781 2273 2799 2309 1
2838 2257 3084 2328 episcop.
3118 2257 3701 2322 Schireburnensibus,
3733 2256 3801 2310 ita

2222 2344 2477 2414 depingit
2499 2345 2885 2399 liermannum
2914 2364 2924 2398 :
2955 2364 2979 2397 «
3006 2347 3257 2401 Necdum
3282 2347 3449 2417 plane
3467 2347 3711 2401 initiatus
3725 2361 3801 2399 ex-

2223 2434 2416 2502 pulsus
2446 2440 2550 2496 est,
2580 2450 2690 2504 quo
2728 2434 2943 2504 pudore
2972 2435 3232 2489 confusus
3262 2435 3529 2506 Angliam
3560 2434 3797 2504 indigna-

2222 2520 2443 2576 bundus
2472 2522 2715 2593 reliquit.
2751 2523 2867 2577 Nec
2890 2523 3064 2577 multo
3092 2530 3218 2593 post
3240 2525 3576 2595 aegritudine
3620 2524 3796 2577 admo-

2220 2616 2390 2664 nente
2427 2610 2612 2674 simul,
2635 2617 2693 2665 et
2722 2612 3021 2682 quodquod
3042 2614 3331 2667 saecularia
3365 2631 3562 2685 parum
3594 2627 3795 2684 prospe-

2221 2700 2503 2761 raverunt,
2538 2696 2775 2749 fortunae
2800 2697 2976 2750 iratus
3007 2698 3215 2751 mundo
3246 2699 3607 2759 renuntiavit,
3625 2712 3796 2750 mona-

2214 2784 2351 2837 chus
2389 2784 2537 2855 apud
2586 2786 2641 2839 S.
2699 2785 2989 2839 Bertinum
3031 2785 3227 2840 factus.
3266 2788 3396 2857 sed,
3430 2793 3494 2841 ut
3522 2787 3634 2842 fere
3662 2786 3721 2838 ﬁt
3743 2784 3795 2837 in

2213 2872 2438 2938 talibus,
2460 2874 2756 2944 repentino
2786 2873 2880 2928 illo
2901 2874 3116 2945 impetu
3142 2875 3432 2944 religionis
3462 2876 3789 2945 frigescente,

2216 2961 2274 3014 in
2304 2962 2423 3015 dies
2442 2962 2500 3015 in
2527 2962 2787 3032 Angliam
2808 2963 3048 3017 reditum
3085 2963 3484 3020 meditabatur.
3507 2965 3793 3018 Afﬂaverat

537 3058 808 3130 Angliam
838 3054 1156 3109 universam
1199 3057 1370 3122 atque
1397 3049 1908 3113 Northmanniam;
1941 3049 2133 3103 isthaec
2160 3050 2494 3130 Asecundus
2540 3067 2734 3104 rumor
2771 3068 2935 3105 aures
2974 3053 3093 3122 ejus
3132 3053 3449 3107 Alwoldum
3492 3053 3790 3123 episcOpum

534 3120 799 3222 graphice
816 3159 971 3198 more
991 3158 1094 3196 suo
1114 3120 1579 3195 Bibliothecarius
1598 3138 1846 3193 Malmes.
1865 3138 2133 3209 perstrin-
2153 3120 2195 3181 Ο
2220 3138 2752 3193 Schireburnensem
2784 3120 3016 3195 obiisse.
3057 3142 3125 3195 Et
3145 3142 3263 3211 jam
3295 3120 3613 3206 Godwinus,
3641 3120 3790 3209 quem

535 3236 644 3308 git.
688 3256 713 3285 ι
745 3234 864 3288 Hoc
891 3236 1119 3286 auctore
1139 3229 1461 3289 (Guillelmo
1487 3229 1740 3295 secundo)
1771 3227 1914 3280 sacri
1946 3227 2132 3281 Eccle-

534 3324 747 3379 siarum
774 3321 1016 3374 honores
1044 3316 1282 3371 mortuis
1320 3314 1640 3387 pastoribus
1672 3331 1886 3369 vaenum
1920 3316 2084 3369 locati
2115 3335 2130 3370 :

534 3412 731 3468 audita
743 3422 987 3478 namque
1004 3410 1184 3460 morte
1203 3403 1506 3474 cujuslibet
1526 3403 1771 3474 episcopi
1792 3404 1875 3457 vel
1892 3403 2129 3485 abbatis,

534 3498 825 3556 confestim
872 3495 1108 3551 clericus
1151 3493 1302 3563 regis
1340 3491 1764 3555 admittebatur,
1797 3493 1892 3563 qui
1942 3494 2133 3548 omnia

531 3591 761 3645 inventa
798 3586 1005 3657 scripto
1054 3582 1350 3653 exciperet,
1386 3597 1694 3651 omnesque
1746 3582 1803 3635 in
1840 3588 2126 3652 posterum

533 3677 787 3734 redditus
804 3676 937 3730 fisco
956 3672 1110 3743 regio
1125 3670 1377 3726 inferret.
1395 3672 1619 3725 Interea
1639 3670 2129 3741 quaerebaturquis

530 3768 766 3823 idoneus
791 3765 913 3820 loco
943 3761 1191 3817 defuncti
1219 3759 1677 3822 substitueretur,
1721 3774 1831 3813 non
1884 3777 1985 3831 pro
2016 3777 2132 3814 mo-

531 3874 657 3913 rum
677 3856 776 3911 sed
804 3870 905 3927 pro
934 3866 1293 3907 nummorum
1317 3849 1726 3920 experimento.
1766 3848 2126 3919 Dabaturque

530 3947 757 4002 tandem
789 3943 989 4006 honor,
1020 3945 1085 3994 ut
1114 3938 1195 3992 ita
1224 3936 1425 3999 dicam,
1459 3937 1663 4002 nudus,
1700 3953 1904 4006 magno
1932 3942 2124 3991 tamen

530 4041 782 4108 emptus.
820 4032 950 4087 Haec
977 4045 1042 4084 eo
1069 4027 1389 4097 indigniora
1414 4026 1769 4083 videbantur.
1800 4026 1947 4097 quod
1977 4032 2123 4080 tem-

529 4141 669 4199 pore
693 4122 869 4195 patris
897 4123 1026 4191 post
1052 4118 1339 4172 decessum
1369 4116 1613 4187 episcopi
1633 4115 1718 4170 vel
1737 4114 1977 4178 abbatis,
2007 4131 2124 4168 om-

528 4230 630 4270 nes
663 4210 917 4266 redditus
969 4207 1188 4277 integre
1217 4203 1697 4269 custodiebantur,
1731 4202 2122 4258 substituendo

526 4300 741 4376 pastori
752 4293 1560 4368 resignandi,eligebanturque
1571 4308 1821 4364 personae
1833 4292 2119 4362 religionis

2214 3228 2575 3282 vehementer
2600 3228 2851 3290 timebat,
2893 3229 3252 3295 discesserat;
3281 3230 3543 3302 ﬁliusque
3571 3230 3685 3299 ejus
3711 3242 3790 3279 vo-

2215 3315 2416 3369 luntati
2448 3317 2613 3386 regis,
2648 3322 2704 3370 et
2726 3317 2783 3370 in
2828 3318 2933 3370 hoc
2961 3323 3016 3371 et
3045 3318 3100 3371 in
3131 3318 3257 3371 aliis
3285 3322 3610 3373 accesserat.
3641 3317 3789 3369 Acce-

2215 3404 2299 3475 pit
2312 3421 2444 3475 ergo
2470 3407 2824 3459 Hermannus
2837 3405 3370 3461 Schireburnensem
3398 3412 3580 3473 ηαδ
3599 3405 3787 3475 episco-

2216 3498 2409 3563 patum
2422 3495 2705 3562 integrum
2725 3511 2851 3548 cum
2871 3495 3050 3549 tribus
3071 3497 3229 3566 pagis
3241 3495 3502 3550 Eduardo
3523 3511 3645 3566 rege
3657 3492 3783 3546 dan-

2212 3589 2288 3648 te,
2320 3583 2721 3654 vivacitateque
2745 3584 2832 3637 sui
2862 3584 3073 3638 datoris
3101 3601 3277 3639 annos
3301 3584 3693 3640 transcendens
3719 3579 3780 3634 ad

2212 3672 2495 3727 Guillelmi
2511 3678 2766 3742 tempora
2784 3673 3024 3738 duravit,
3040 3673 3144 3727 sub
3157 3691 3265 3744 quo
3278 3674 3526 3729 tribunal
3547 3672 3613 3727 ad
3631 3683 3779 3725 suum

2211 3762 2500 3816 transtulit
2546 3760 2942 3816 Schireburnia
2971 3762 3364 3829 Salesberiam,
3402 3783 3423 3813 ι
3467 3771 3570 3817 etc.
3611 3761 3779 3814 Haeret

2209 3851 2456 3920 profecto
2480 3851 2719 3913 animus,
2737 3856 2795 3904 et
2812 3850 2905 3904 ubi
2919 3851 3115 3921 pedem
3140 3851 3310 3921 ﬁgere
3331 3852 3562 3906 debeam
3577 3849 3772 3920 ignoro.

2207 3939 2592 3993 Lanfrancone
2626 3939 2756 3993 testi
2791 3940 3034 4009 oculato,
3064 3940 3193 4011 quid
3228 3942 3608 3995 Hermannum
3639 3937 3774 3990 intus

2207 4032 2261 4081 et
2291 4028 2350 4081 in
2379 4033 2506 4081 cute
2541 4027 3029 4099 (quemadmodum
3062 4028 3159 4082 illa
3186 4045 3252 4081 ex
3282 4030 3518 4100 epistola
3539 4037 3770 4095 comper-

2205 4120 2325 4168 tum
2364 4114 2621 4175 habetur;
2656 4116 2863 4186 optime
2901 4121 3149 4181 noverat,
3180 4116 3347 4170 ﬁdem
3387 4114 3767 4189 praestabimus,

2204 4218 2276 4256 an
2309 4220 2435 4256 vero
2462 4203 2964 4269 Malmesburiensi,
2998 4204 3233 4276 aliisque
3252 4205 3534 4260 nonnullis
3562 4201 3770 4271 scripto-

2203 4291 2378 4355 ribus,
2414 4292 2485 4346 ad
2516 4309 2755 4363 quorum
2803 4309 2968 4348 aures
3008 4294 3315 4348 Hermanni
3354 4301 3514 4366 gesta
3542 4308 3604 4346 ex
3638 4284 3768 4355 vulgi

523 4390 726 4447 merito
753 4385 1089 4442 laudabiles.
1122 4384 1322 4438 Nullus
1349 4383 1503 4436 dives
1527 4381 1635 4436 nisi
1682 4381 2114 4447 nummularius,
2137 4397 2184 4455 ι)
2201 4380 2474 4435 duntaxat
2499 4398 2726 4437 rumore
2768 4398 2832 4436 ac
2875 4382 3145 4437 relatione
3179 4381 3583 4453 pervenerant?
3608 4381 3764 4433 Penes

523 4480 714 4536 nullus
732 4476 964 4532 clericus
988 4474 1095 4529 nisi
1120 4473 1454 4537 causidicus,
1477 4471 1665 4525 nullus
1692 4470 1986 4542 presbyter
2008 4471 2116 4529 nisi
2198 4471 2462 4524 lectorem
2511 4476 2630 4525 esto
2672 4471 2969 4542 judicium.
3007 4471 3111 4526 Sed
3146 4490 3273 4527 vero
3310 4476 3395 4540 (ut
3432 4473 3608 4527 dicam
3634 4460 3762 4537 quod

521 4572 605 4641 (ut
632 4566 799 4622 verbo
828 4581 1029 4638 parum
1056 4562 1257 4618 Latino
1286 4563 1435 4630 utar)
1466 4559 1766 4614 ﬁrmarius.
1799 4560 2115 4630 Cujuscun-

520 4675 630 4731 que
658 4654 992 4712 conditionis
1021 4651 1414 4715 homunculus,
1449 4650 1833 4719 cujuscunque
1861 4649 2115 4703 criminis

514 4763 646 4804 reus
664 4747 853 4801 statim
867 4749 932 4799 ut
950 4743 1019 4797 de
1034 4742 1190 4796 lucro
1201 4739 1351 4809 regis
1371 4739 1725 4809 appellasset,
1744 4736 2107 4803 audiebatur;

512 4846 585 4903 ab
612 4845 748 4918 ipsis
788 4839 1025 4898 latronis
1053 4837 1307 4893 faucibus
1353 4834 1734 4891 resolvebatur
1763 4836 2016 4908 laqueus,
2064 4837 2111 4891 si

511 4945 701 5017 regale
721 4939 1075 4998 commodum
1097 4934 1623 5008 promisisset.Tunc
1638 4934 1819 4989 ﬂuxus
1839 4934 2100 4999 crinium,

511 5051 646 5102 tunc
668 5042 830 5097 luxus
856 5036 1093 5093 vestium
1104 5032 1120 5101 ζ
1147 5039 1281 5088 tunc
1310 5048 1445 5087 usus
1482 5032 1795 5087 calceorum
1821 5049 1945 5087 cum
1976 5048 2103 5087 acu-

507 5141 656 5198 natis
679 5136 885 5195 aculeis
900 5135 1182 5197 inventus,
1200 5128 1430 5185 mollitie
1454 5130 1703 5201 corporis
1725 5135 1942 5184 certare
1971 5146 2099 5184 cum

2196 4560 2377 4614 sentio
2408 4559 2633 4615 sinistro
2661 4561 2850 4615 animo
2881 4562 3176 4632 praefatum
3200 4562 3518 4634 episcopum
3543 4573 3657 4631 quae
3681 4568 3759 4606 re-

2194 4649 2310 4703 lata
2345 4655 2479 4704 sunt
2505 4650 2784 4714 actitasse,
2817 4667 2930 4705 non
2961 4656 3048 4705 est
3074 4667 3269 4705 revera
3307 4669 3409 4706 cur
3436 4648 3629 4720 aliquis
3654 4656 3760 4697 sen-

2193 4739 2427 4792 tentiam
2449 4744 2683 4793 asserat.
2706 4739 2795 4793 An
2824 4756 2936 4793 non
2964 4740 3307 4795 ccenobiticaa
3334 4741 3460 4795 vitae
3487 4750 3682 4796 amore.
3710 4731 3758 4781 et

2193 4843 2383 4881 rerum
2412 4828 2763 4882 saecularium
2774 4827 2999 4883 fastidio
3028 4830 3289 4884 secedere
3311 4829 3493 4901 potuit
3514 4826 3756 4879 Herman-

2193 4917 2336 4971 nus?
2363 4917 2573 4971 Forsan
2603 4924 2659 4971 et
2687 4917 2952 4989 pauperie
2990 4935 3288 4989 oppressus
3314 4924 3371 4973 et
3398 4918 3751 4980 eleemosyna-

2186 5022 2309 5060 rum
2333 5006 2744 5077 erogandarum
2766 5007 2953 5061 animo
2974 5007 3082 5068 (uti
3102 5008 3395 5078 praesulem
3417 5008 3583 5066 decet)
3601 5003 3749 5066 atque

2183 5100 2249 5148 ut
2284 5095 2513 5149 clericos
2550 5094 2620 5148 ad
2654 5095 2977 5150 canonicam
3001 5096 3218 5151 vivendi
3248 5097 3483 5151 formam
3511 5087 3748 5163 perduce'

2183 5188 2289 5248 ret,
2317 5183 2376 5236 in
2406 5183 3112 5239 abbatiamMeldunensem
3135 5185 3484 5257 episcopatus
3512 5170 3745 5235 transmi-

502 5238 747 5345 “nfi‘fis'
780 5249 1054 5345 Q'essuf“,
1080 5230 1358 5345 frangfre’
1405 5234 1568 5339 ges?“
1607 5228 1800 5345 έριῗίῖ
1924 5228 2099 5345 ξῗῗῗθ
2180 5228 2496 5341 grationem
2527 5281 2614 5327 est
2642 5228 2944 5327 meditatus
2988 5228 3506 5345 blonng.et‘pra‘ssim
3530 5264 3745 5336 legimus

499 5335 920 5393 nudoincedere
932 5329 1373 5386 adolescentium
1384 5327 1667 5400 specimen
1682 5326 2091 5393 erat.Enerves,
2177 5326 2325 5431 ξι)υά
2345 5366 2620 5425 auctores,
2641 5362 2753 5417 imo
2765 5379 2870 5417 usu
2892 5379 3038 5433 saepe
3067 5364 3237 5427 venit,
3260 5326 3525 5434 pl‘urimos
3538 5326 3742 5411 sc'ientia

496 5434 751 5500 emolliti,
765 5431 919 5504 quod
933 5429 1051 5485 nati
1063 5429 1286 5484 fuerant
1302 5426 1461 5481 inviti
1474 5424 1796 5488 manebant,
1811 5440 2092 5494 oxpugna-
2175 5424 2232 5502 ei
2258 5449 2554 5504 sanctitate
2575 5424 2721 5504 viros
2742 5424 3108 5521 percelegres,
3125 5424 3415 5506 cen'sgwum
3435 5442 3677 5519 spongias
3695 5435 3743 5488 et

488 5539 643 5588 ωτθε
660 5530 857 5586 “lien”
874 5527 1180 5602 Ραάίθίείεθι
1211 5525 1433 5598 Ρνοάίεί
1457 5540 1591 5590 δαίθ’
1619 5527 1732 5580 θίοι
1759 5542 1785 5573 ¹⁹
1805 5522 2087 5577 Hactenus
2170 5538 2479 5593 calumnias
2497 5539 2593 5592 diu
2608 5539 2938 5609 pertulisse?
2958 5541 3026 5594 Et
3052 5557 3188 5595 sane
3213 5542 3562 5595 Hermannus
3578 5548 3602 5583 α
3621 5528 3737 5581 dum

482 5628 903 5698 Malmesburg.,
935 5626 1006 5682 de
1035 5626 1189 5681 Gest.
1240 5623 1478 5694 Anglor.
1522 5620 1655 5679 libr.
1702 5634 1775 5688 Iv,
1806 5636 1937 5691 cap.
1997 5621 2018 5677 1
2059 5639 2072 5686 ;

2219 5626 2306 5682 rili
2336 5626 2536 5681 robore
2569 5629 2651 5690 (ut
2666 5630 2841 5683 verbis
2874 5632 3073 5697 loquar
3103 5631 3163 5684 B.
3204 5627 3429 5699 Lanfr.)
3467 5629 3625 5693 atque
3653 5614 3734 5684 ju-

481 5726 807 5791 Eadmerus,
840 5724 992 5781 Hist.
1038 5723 1139 5779 lib.
1169 5737 1209 5789 ι,
1235 5737 1362 5792 pag.
1390 5718 1475 5785 14,
1507 5724 1565 5773 et
1592 5717 1688 5773 lib.
1716 5735 1787 5786 ιν,
1810 5735 1938 5789 pag.
1963 5716 2066 5787 77;
2154 5722 2321 5774 venta
2348 5717 2543 5787 viguit,
2582 5717 2816 5773 scientia
2856 5718 3174 5774 litterarum
3216 5719 3522 5774 divinarum
3569 5712 3718 5774 atque
