3892 6376
124 305 222 362 561

1190 308 1268 361 ΙΝ
1306 307 1531 363 EPlST.
1572 309 1635 363 Β.
1677 308 2091 366 LANFRANCI
2128 307 2366 363 NOTzE.

3313 304 3420 363 562

122 429 560 484 mundanarmn
584 429 865 501 praeditus,
898 430 969 485 ad
998 433 1279 503 pastorale
1326 432 1570 489 ofﬁcium
1601 433 1736 488 satis
1753 438 1803 494 Α
1821 434 2066 488 ﬁdeliter
2087 433 2503 504 prudenterque
2514 434 2856 505 gubernans,
2874 433 3246 506 superbarum
3268 431 3416 487 colla

125 517 279 572 utilis
299 534 560 595 persona
584 517 811 572 exstitit.
844 538 866 568 ι
889 520 963 572 At
983 520 1157 589 egoin
1179 538 1348 575 unam
1371 523 1740 592 eamdemque
1815 522 2049 590 justitie
2077 538 2316 576 censura
2344 522 2689 593 perdomuit;
2713 523 3022 593 arguendo,
3046 521 3407 584 obsecrando,

123 605 472 660 sententiam
504 622 704 660 omnes
728 622 869 677 pene
895 608 1194 678 scriptores
1204 609 1551 679 antiquiores
1570 616 1628 664 et
1646 626 1736 664 re-

121 695 401 751 centiores
443 699 654 754 adduci
679 715 804 753 cum
831 698 1067 764 videam,
1102 698 1275 752 nolim
1330 715 1733 770 usquequaque

116 782 267 836 illius
296 785 561 856 episcOpi
597 803 822 841 causam
854 787 1153 859 suscipere,
1200 792 1370 858 atque
1391 787 1545 841 omni
1569 788 1735 859 culpa

115 871 417 928 vindicare.
447 875 971 939 Verumenimvero,
1006 875 1053 929 si
1092 880 1383 931 auctorum
1442 875 1731 946 opiniones

117 976 239 1015 cum
270 961 430 1017 beati
461 964 767 1018 Lanfranci
811 964 1093 1018 sententia
1145 964 1444 1019 conciliare
1472 965 1726 1031 velimus,

117 1065 368 1104 asserere
400 1067 641 1105 necesse
672 1056 760 1105 est
783 1052 1170 1105 Hermannum
1201 1052 1287 1106 bis
1325 1052 1622 1106 asceticam
1651 1053 1731 1106 vi-

113 1141 225 1190 tam
253 1139 644 1209 appetivisse;
685 1140 868 1194 ethoc
893 1139 1102 1210 liquido
1130 1144 1386 1194 constare
1413 1140 1637 1194 videtur
1666 1157 1731 1194 ex

110 1225 410 1296 ipsiusmet
465 1228 529 1283 S.
564 1227 968 1299 archiepiscopi
1005 1227 1189 1281 verbis
1224 1246 1236 1281 :
1288 1245 1315 1279 ί(
1346 1228 1730 1282 Monacbicam

110 1314 275 1368 vitam
288 1315 484 1385 petiit,
520 1332 675 1371 nunc
703 1316 907 1371 iterum
936 1316 1039 1370 hoc
1062 1316 1212 1369 idem
1258 1315 1441 1370 facere
1469 1317 1731 1372 omnibus

107 1402 284 1455 modis
313 1403 467 1473 petit
530 1422 555 1454 ι
591 1404 843 1457 Primum
866 1403 1091 1475 quidem
1112 1404 1246 1457 dum
1276 1404 1334 1458 in
1370 1404 1623 1458 caanobio
1664 1405 1720 1458 S.

110 1489 320 1545 Bertini
349 1492 515 1561 apud
543 1493 601 1546 S.
637 1491 1028 1547 Audomarum
1062 1492 1374 1547 monachile
1424 1492 1723 1548 collobium

107 1578 187 1643 (ut
212 1594 248 1631 a
266 1579 776 1634 Malmesburiensi
805 1580 1047 1634 relatum
1066 1585 1153 1633 est
1171 1586 1364 1650 supra)
1395 1582 1718 1651 assumpsit.

1818 610 2417 682 increpando,dissidia
2431 612 2758 683 pacificavit.
2774 612 3115 682 tandemque
3128 610 3411 665 confectus

1817 699 1993 764 senio,
2018 700 2216 769 plenus
2239 699 2478 763 dierum,
2503 699 2563 754 in
2584 706 2779 754 sancta
2792 699 3157 763 confessione,
3175 702 3243 753 ut
3268 714 3413 768 pre-

1814 788 2049 842 missum
2065 792 2168 853 est,
2194 787 2253 841 in
2270 787 2509 842 Domino
2523 788 2819 859 requievit.
2846 789 3208 858 Ingressurus
3221 786 3413 857 itaque

1813 875 1960 930 viam
1980 876 2254 931 universas
2282 875 2486 941 carnis,
2513 881 2867 947 mortemque
2896 875 3134 930 vicinam
3161 890 3409 946 praesen-

1811 964 1978 1030 tiens,
2007 980 2177 1018 onere
2216 963 2521 1034 pontificali
2546 964 2821 1035 deposito,
2853 963 3192 1019 sanctissimi
3228 963 3411 1017 Bene-

1812 1053 1945 1107 dicti
1969 1052 2740 1123 habitum,humilitatemque
2752 1052 3022 1123 suscepit;
3048 1051 3410 1105 monachum-

1814 1158 1924 1212 que
1949 1142 2231 1212 professus
2277 1140 2441 1196 beato
2470 1140 2672 1195 Albino
2704 1157 2766 1195 se
2801 1139 3069 1207 tradidit;
3110 1156 3177 1193 ac
3205 1139 3288 1193 sic
3313 1155 3411 1192 ex-

1813 1235 2078 1283 oneratus
2091 1246 2394 1300 pauperem
2409 1229 2693 1284 Christum
2716 1244 2929 1300 pauper
2955 1234 3014 1283 et
3038 1228 3160 1298 ipse
3187 1232 3414 1282 secutus

1812 1323 1917 1371 est.
1947 1319 2093 1371 Ante
2115 1316 2342 1388 quidem
2362 1320 2427 1371 ut
2449 1316 2671 1371 Martha
2697 1315 2968 1371 sollicitus
2988 1319 3130 1381 erat,
3162 1320 3222 1370 et
3243 1331 3412 1370 occu-

1807 1412 1971 1476 patus
1989 1421 2126 1475 erga
2155 1409 2348 1471 339
2376 1392 2635 1475 plurima,
2663 1419 2814 1459 nunc
2844 1420 2975 1459 vero
3017 1405 3171 1458 velut
3215 1403 3396 1459 altera

1804 1494 1983 1548 Maria
1996 1510 2165 1548 unum
2179 1510 2302 1548 esse
2312 1493 2688 1548 necessarium
2701 1491 3397 1563 recognoscens,optimam

1803 1588 2021 1653 partem
2062 1582 2249 1653 elegit,
2283 1598 2406 1653 quae
2429 1598 2541 1636 non
2571 1582 2862 1637 auferetur
2890 1580 2960 1636 ab
2989 1596 3074 1636 eo.
3107 1581 3399 1635 Commen-

108 1666 481 1721 Postmodum
505 1667 606 1722 ubi
635 1668 693 1722 in
714 1669 972 1738 Angliam
999 1684 1063 1722 ex
1091 1668 1415 1722 Bertiniano
1444 1675 1722 1724 monaste-
1802 1671 2004 1747 damus
2030 1671 2199 1725 etiam
2223 1670 2570 1725 orationibus
2596 1670 2816 1735 vestris,
2833 1687 2860 1724 ι
2885 1677 2991 1725 etc.

102 1754 181 1807 rio
209 1755 450 1826 optimis
503 1757 877 1822 documentis,
912 1757 1139 1827 pietate,
1176 1756 1474 1811 virtutibus
1513 1745 1785 1811 instru-B
1885 1745 2207 1813 Veneranda
2263 1762 2541 1813 memoris
2582 1760 2788 1813 Leonis.
2831 1758 2979 1813 Noni
3017 1756 3246 1823 scilicet,
3295 1756 3398 1811 viri

107 1851 222 1896 ctus
243 1848 587 1904 remeasset,
622 1850 680 1897 et
712 1845 934 1914 egregie
964 1845 1171 1898 multos
1200 1861 1299 1915 per
1317 1861 1493 1898 annos
1512 1844 1720 1914 episco-

106 1936 290 2001 patum
313 1933 812 2000 administrasset;
847 1934 1074 1987 tandem
1098 1934 1431 2002 aegritudine
1450 1934 1717 2004 senioque

107 2019 403 2087 confectus,
429 2022 568 2077 vitae
589 2022 851 2076 solitariae
871 2022 1366 2093 dulcedine(quam
1386 2023 1604 2093 pridem
1624 2023 1716 2075 de-

106 2104 388 2173 libaverat)
415 2109 670 2176 illectus,
702 2116 758 2165 et
783 2112 948 2165 morti
966 2111 1083 2180 jam
1107 2111 1410 2181 proximus,
1437 2110 1505 2164 ad
1531 2115 1711 2167 tutam

106 2196 373 2265 regularis
393 2198 535 2253 vitae
573 2199 874 2254 stationem
927 2200 1208 2270 appellere
1264 2204 1562 2271 peroptat;
1601 2217 1710 2271 quo

106 2297 324 2338 securus
347 2301 380 2338 e
411 2287 566 2339 cella
594 2287 683 2351 (D.
720 2288 991 2343 Bernardi
1024 2293 1156 2341 sunt
1182 2286 1365 2351 verba)
1398 2288 1468 2341 ad
1510 2289 1711 2342 ccelum

109 2372 285 2441 quiret
330 2376 594 2431 evolare.
626 2378 752 2431 Non
780 2377 1156 2447 spernendum
1203 2376 1374 2430 habes
1401 2375 1509 2429 illis
1537 2376 1711 2431 ferme

110 2463 451 2532 temporibus
502 2467 825 2536 exemplum
857 2465 1110 2519 Marbodi
1137 2465 1381 2537 episc0pi
1412 2466 1708 2520 Redonen-

109 2548 193 2614 sis,
216 2551 332 2620 qui,
369 2552 638 2624 deposito
659 2552 1010 2623 episcopatus
1036 2569 1225 2617 onere,
1249 2570 1371 2607 sese
1406 2552 1462 2606 in
1491 2570 1710 2608 monas-

110 2640 300 2695 terium
333 2645 394 2697 S.
428 2644 626 2699 Albini
651 2645 1069 2716 Andegavensis
1116 2643 1342 2715 recepit,
1371 2649 1542 2715 atque
1569 2644 1708 2699 inibi

1800 1849 1967 1918 plane
1996 1848 2105 1901 fide
2135 1847 2461 1917 meritisque
2498 1847 2754 1917 insignis,
2786 1847 2882 1918 qui
2925 1863 3050 1901 cum
3081 1845 3397 1915 angelicam

1801 1937 1968 1991 vitam
1983 1936 2516 2001 duceret,consortio
2527 1937 2856 2007 angelorum
2878 1933 3117 1989 subinde
3133 1935 3397 2004 dignatus

1786 2034 1899 2089 ,est.
1917 2027 2027 2080 Leo
2054 2026 2310 2090 ostiens.,
2333 2025 2429 2079 lib.
2452 2038 2510 2088 Π,
2545 2040 2667 2094 cap.
2698 2023 2790 2088 8'2,
2813 2022 3073 2079 Chronici
3095 2022 3397 2077 Cassinen-

1796 2114 2002 2168 nensis.
2029 2112 2354 2184 Berengarii
2380 2112 2638 2168 haeresim
2664 2111 2881 2167 duobus
2895 2111 2955 2166 in
2981 2111 3232 2166 conciliis
3251 2112 3395 2166 Ver-

1794 2203 2019 2257 cellensi
2051 2209 2107 2256 et
2139 2202 2451 2257 Turonensi
2500 2201 2830 2267 damnavit;
2885 2200 2965 2255 ita
3016 2199 3392 2273 Guitmundus

1793 2292 1964 2346 Leoni
2003 2307 2231 2362 compar
2268 2290 2364 2345 lib.
2390 2307 2405 2344 ι
2436 2291 2507 2345 de
2536 2291 2783 2360 Corpore
2812 2293 2872 2344 et
2927 2290 3097 2358 Sang.
3156 2287 3387 2343 Christi.

1791 2379 1993 2435 Leonis
2024 2395 2300 2434 summam
2329 2378 2505 2433 animi
2530 2378 2927 2433 demissionem
2967 2381 3196 2432 enarrat
3218 2376 3391 2432 Ottho

1789 2469 2186 2538 Frisingensis,
2234 2467 2494 2522 Chronic.
2538 2465 2663 2520 libr.
2708 2482 2780 2532 vi,
2828 2480 2930 2535 cap
2984 2462 3088 2522 33:
3135 2482 3162 2518 α
3195 2464 3391 2520 Hicex

1790 2557 1964 2612 nobili
2007 2558 2350 2612 Francorum
2407 2555 2674 2626 prosapia
2711 2553 3003 2619 oriundus,
3053 2553 3390 2608 auctoritate

1789 2646 1994 2716 regalis
2031 2644 2370 2701 excellentiae
2415 2644 2487 2699 ad
2516 2644 2704 2698 sedem
2744 2644 2805 2696 Β.
2866 2643 3020 2697 Petri
3075 2641 3388 2696 destinatus

108 2725 292 2785 induto
321 2734 645 2788 monastico
676 2732 869 2788 habitu
911 2740 1105 2788 sancto
1136 2736 1247 2787 ﬁne
1277 2739 1513 2787 mortem
1541 2750 1707 2805 oppe—
1786 2735 1987 2789 fuerat.
2009 2735 2261 2804 Cumque
2280 2738 2570 2803 assumpta
2586 2747 2839 2803 purpura
2859 2730 3163 2801 pontificali
3177 2730 3389 2786 Gallias

110 2815 224 2884 tiit;
251 2821 403 2890 quod
443 2822 631 2877 disces
654 2839 721 2877 ex
752 2823 984 2894 antiqua
1031 2822 1089 2876 in
1120 2821 1463 2876 membranis
1496 2823 1703 2893 scripta
1786 2824 1897 2878 iter
1914 2828 2125 2893 ageret,
2151 2821 2385 2892 contigit
2406 2837 2535 2875 eum
2561 2820 2890 2875 Cluniacum
2906 2819 3114 2883 venire,
3129 2818 3225 2874 ubi
3240 2819 3387 2873 forte

114 2905 343 2963 formula
363 2910 746 2966 denuntiandi
775 2917 1017 2966 mortem
1037 2911 1283 2965 defuncti
1315 2911 1574 2965 monachi
1605 2928 1705 2966 cae-
1786 2917 1920 2967 tunc
1948 2911 2359 2966 Hildebrandus
2403 2909 2704 2981 prioratus.
2757 2912 2821 2962 ut
2859 2906 3083 2972 dicitur,
3125 2906 3386 2962 obedien-

110 2996 230 3049 teris
272 2998 535 3067 ejusdem
573 3000 854 3055 societatis
910 3000 1284 3065 monasteriis,
1321 3017 1387 3054 ex
1416 3001 1612 3054 eodem
1640 3002 1697 3054 S.
1783 3002 1921 3055 tiam
1952 2997 2383 3055 administrabat
2418 3016 2429 3050 :
2472 2998 2522 3051 is
2544 2998 2786 3051 Leonem
2802 2996 2999 3050 adiens
3025 2994 3381 3050 aemulatione

111 3082 280 3138 Albini
305 3088 570 3143 coenobio
603 3094 877 3143 mutuata.
1721 3095 1763 3154 C
1781 3090 1881 3144 Dei
1909 3090 2128 3160 plenus,
2159 3091 2483 3142 constanter
2510 3101 2639 3140 eum
2669 3085 2739 3139 de
2775 3084 3021 3154 incoepta
3050 3083 3256 3153 arguit,
3276 3081 3382 3137 illi-

172 3172 454 3231 Universis
488 3177 658 3251 unius
681 3183 1045 3233 sacrosanctae
1066 3177 1311 3231 ecclesiae
1334 3176 1701 3231 ﬁliishumilis
1781 3177 1953 3233 citum
1974 3193 2095 3231 esse
2122 3175 2382 3246 inquiens
2424 3190 2524 3244 per
2561 3188 2793 3227 manum
2850 3172 3050 3226 laicam
3090 3186 3376 3225 summum

109 3266 451 3334 congregatio
477 3266 627 3320 beati
646 3266 828 3320 Albini
845 3268 1270 3336 Andegavorum
1289 3266 1552 3337 episcopi,
1588 3267 1699 3337 ple-
1782 3266 2101 3337 pontiﬁcem
2128 3265 2197 3318 ad
2216 3262 2684 3334 gubernationem
2708 3261 2883 3315 totius
2904 3259 3161 3315 Ecclesiae
3172 3258 3377 3314 violen-

109 3361 227 3402 nam
255 3351 324 3404 de
356 3354 526 3408 hoste
554 3355 862 3419 victoriam,
922 3361 978 3409 et
1018 3356 1087 3409 de
1145 3354 1375 3408 victoria
1410 3371 1692 3410 coronam.
1780 3360 1869 3408 ter
1894 3353 2146 3408 introire.
2182 3353 2391 3406 Verum
2419 3351 2467 3405 si
2494 3350 2613 3405 suis
2641 3366 2700 3403 se
2737 3349 2964 3403 credere
2992 3348 3161 3402 vellet
3199 3347 3378 3402 consi-

109 3436 411 3506 Apostolica
442 3460 548 3497 nos
582 3444 847 3498 informat
898 3444 1201 3498 auctoritas
1231 3449 1294 3498 ut
1320 3461 1420 3515 pro
1461 3444 1695 3499 invicem
1778 3442 1889 3508 liis,
1923 3451 2227 3512 utrumque
2251 3446 2309 3494 et
2340 3440 2489 3511 quod
2518 3439 2786 3509 majestas
2815 3436 3127 3511 imperialis
3154 3435 3213 3490 in
3255 3436 3377 3508 ipso

110 3532 488 3596 orantes,alter
505 3533 735 3587 alterius
758 3550 930 3587 onera
953 3538 1320 3603 portemus,et
1338 3533 1696 3605 sicadimple-
1778 3547 1891 3585 non
1921 3530 2302 3592 exacerbetur,
2345 3528 2607 3599 quodque
2643 3526 2874 3581 libertas
2893 3525 3150 3581 Ecclesiae
3169 3525 3229 3579 in
3258 3525 3373 3579 ele-

111 3608 274 3671 bimus
300 3619 482 3690 legem
515 3622 742 3675 Christi.
773 3624 976 3692 Legem
1008 3622 1182 3692 igitur
1206 3622 1411 3676 Christi
1433 3640 1534 3677 nos
1550 3623 1691 3677 servi
1776 3620 1961 3673 ctione
1981 3618 2251 3674 canonica
2279 3622 2599 3680 renovetur,
2624 3632 2684 3670 se
2705 3614 3002 3687 pollicetur
3016 3614 3367 3680 effecturum,

111 3700 1691 3781 Christipiasollicitudineadimpleresatagentes,denun-
1772 3709 2051 3764 inclinans
2072 3725 2132 3763 se
2161 3707 2232 3761 ad
2272 3705 2548 3760 monitum
2594 3705 2733 3774 ejus,
2777 3719 3088 3775 purpuram
3118 3702 3367 3774 deponit,

112 3788 297 3848 tiamus
321 3798 474 3852 vobis
506 3798 720 3852 obitum
744 3799 933 3853 domui
962 3799 1212 3853 Marbodi
1234 3800 1565 3854 venerabilis
1580 3801 1694 3871 epi-
1772 3797 2165 3868 peregrinique
2194 3795 2449 3849 habitum
2469 3809 2783 3859 assumens,
2805 3792 3015 3847 ducens
3034 3807 3223 3846 secum
3254 3790 3371 3845 Hil-

110 3880 260 3949 δουρὶ,
283 3901 510 3958 semper
535 3904 662 3941 cum
697 3888 860 3942 laude
881 3888 1249 3951 memorandi,
1286 3888 1476 3959 lingua
1503 3888 1691 3942 facun—
1769 3887 2139 3951 debrandum,
2183 3886 2291 3938 iter
2326 3882 2525 3953 carpit.
2558 3880 2737 3951 Igitur
2764 3880 2836 3934 ad
2866 3879 3064 3935 urbem
3088 3896 3265 3950 usque
3280 3896 3367 3933 ve-

112 3962 176 4028 di,
207 3970 471 4043 religione
504 3977 785 4047 praecipui,
822 3994 1040 4031 morum
1080 3977 1372 4031 honestate
1411 3978 1679 4047 praeclari,
1767 3976 1950 4040 niens,
1974 3974 2206 4030 consilio
2238 3970 2605 4027 Hildebrandi
2626 3986 2661 4023 a
2688 3970 2836 4023 clero
2879 3973 2938 4022 et
2975 3968 3181 4038 populo
3217 3968 3362 4022 Bru-

112 4050 402 4117 litterarum
434 4065 753 4119 eruditione
787 4065 1114 4123 doctissimi.
1154 4067 1316 4134 cujus
1354 4083 1536 4120 sermo
1568 4068 1684 4120 sale
1766 4081 1838 4118 no
1859 4064 1915 4116 in
1942 4079 2226 4118 summum
2258 4060 2580 4131 pontiﬁcem
2630 4057 2878 4128 eligitur,
2927 4056 3118 4126 sicque
3146 4060 3364 4111 utcum-

112 4156 308 4216 semper
326 4155 584 4209 conditus
609 4161 749 4219 erat,
779 4160 835 4208 et
855 4172 917 4209 ex
949 4171 1044 4208 ore
1075 4156 1223 4209 illius
1269 4155 1420 4209 omni
1469 4155 1684 4209 dulcior
1765 4169 1873 4222 que
1904 4154 2158 4206 Romana
2193 4148 2439 4203 Ecclesia
2465 4147 2537 4200 ad
2566 4143 2881 4199 faciendam
2921 4143 3252 4198 electionem
3280 4143 3364 4198 in-

112 4233 253 4288 melle
279 4239 489 4297 ﬂuebat
526 4244 725 4297 oratio.
772 4244 837 4296 Et
877 4244 1130 4313 quamvis
1162 4245 1356 4298 eodem
1405 4251 1676 4314 tempore,
1762 4240 2055 4294 formatur.
2108 4258 2133 4291 ν
2169 4239 2225 4293 S.
2258 4236 2460 4291 Leonis
2503 4239 2667 4305 gesta
2708 4232 3039 4304 conscripsit
3072 4231 3362 4287 Wibertus

114 4321 255 4377 variis
281 4330 476 4385 studiis
498 4336 615 4385 tota
638 4333 822 4386 Gallia
849 4339 1151 4386 resonaret.
1181 4334 1298 4402 ipse
1327 4338 1518 4386 tamen
1550 4349 1678 4386 ora-
1696 4376 1743 4402 η
1761 4335 1958 4383 auctor
1988 4332 2322 4392 coaetaneus,
2349 4341 2474 4396 qua:
2512 4329 2571 4378 et
2597 4321 2874 4393 evulgavit
2894 4321 3090 4376 doctus
3112 4321 3359 4376 Sirmon-

112 4408 272 4465 t0mm
299 4432 394 4471 rex
413 4420 713 4475 Gallicanae
752 4438 937 4475 arcem
969 4422 1298 4491 eloquentia:
1361 4408 1883 4491 Specialiterudus.

113 4492 582 4563 obtinebat.Tertio
597 4510 641 4563 si
653 4510 1676 4580 quidem]dusSeptembrisintirmatus
1830 4506 2222 4572 Litz's/eldensis
2241 4519 2366 4558 vero
2382 4505 2677 4572 episcopus,
2707 4500 2822 4555 sive
2863 4498 3255 4574 Licefeldensis
3297 4497 3356 4552 in

114 4596 272 4655 came,
288 4595 378 4649 sed
393 4597 592 4668 spiritu
608 4598 825 4661 fortior,
847 4600 1116 4652 excedens
1132 4617 1166 4652 a
1183 4599 1598 4663 szeculo,v1vens
1617 4599 1674 4652 in
1756 4595 1975 4664 Anglia.
2010 4594 2212 4647 Petrus
2242 4592 2546 4647 vocabatur
2559 4590 2795 4645 antistes
2808 4588 2922 4656 ille,
2953 4588 2999 4643 si
3022 4586 3356 4659 conjecturis

114 4668 322 4764 Christo,
349 4700 448 4739 sua
478 4702 580 4740 nos
626 4686 874 4741 viduavit
918 4687 1235 4757 praesentia,
1268 4693 1324 4740 et
1353 4687 1560 4740 amoris
1587 4687 1673 4741 sui
1756 4682 2181 4753 indulgendum.
2228 4680 2515 4751 Siquidem
2571 4697 2606 4734 a
2642 4678 2948 4734 Lichfeldio
3006 4677 3218 4743 sedem,
3272 4693 3357 4731 re-

109 4763 267 4822 laculo
308 4772 625 4828 vulneratos
674 4775 1011 4828 intolerabili
1041 4775 1230 4829 dolore
1261 4775 1511 4828 confecit.
1563 4774 1670 4838 Qui
1750 4778 1961 4842 gnante
1987 4770 2287 4825 Guillelmo
2308 4768 2791 4840 primo,Cestriam
2809 4767 3061 4821 removit.
3085 4766 3188 4820 Vel
3216 4782 3353 4821 sane

114 4857 219 4911 Post
244 4854 400 4929 longa
429 4862 742 4917 liberalium
774 4864 1087 4917 studiorum
1123 4864 1285 4933 longe
1308 4864 1534 4933 lateque.
1556 4880 1671 4917 ver—
1753 4861 1955 4915 dixerit
1985 4860 2109 4931 quis
2124 4858 2487 4913 decessorem
2509 4856 2679 4920 illius,
2711 4855 2803 4911 cui
2832 4854 3051 4909 litteras
3080 4854 3244 4908 hasce
3268 4853 3353 4907 in-

115 4940 335 4998 nantium
361 4951 642 5017 exercitia,
690 4951 893 5022 quibus
922 4952 975 5004 in
1007 4951 1396 5021 Andegavensi
1449 4951 1670 5006 civitate
1752 4949 1946 5005 scribit
1976 4963 2212 5018 magnus
2240 4944 2606 5009 Lanfrancus,
2637 4943 2943 4997 Leovinum
2960 4941 3101 4996 fore.
3129 4942 3203 4995 At
3221 4957 3347 4995 vero

114 5023 186 5111 cui
209 5027 436 5093 famosus
456 5056 520 5092 ac
549 5040 1030 5095 nominatissimus
1058 5041 1271 5094 exstitit
1300 5040 1567 5111 magister
1594 5041 1671 5094 ef-
1752 5040 1821 5093 de
1859 5046 2116 5109 utroque,
2140 5052 2205 5090 ac
2232 5035 2302 5089 de
2332 5033 2595 5097 nefando,
2627 5032 2775 5103 quod
2823 5030 3218 5084 hic‘memorat
3243 5029 3351 5084 cri-

116 5107 399 5200 ii-cacissime
423 5128 660 5195 claruit;
713 5129 923 5183 electus
953 5145 987 5182 a
1021 5130 1484 5183 reverendissimo
1526 5145 1671 5200 papa
1754 5128 1903 5181 mine
1933 5128 1996 5181 B.
2020 5125 2492 5196 archiepiscopus,
2523 5136 2808 5176 summum
2837 5124 2923 5174 est
2947 5118 3097 5189 apud
3124 5117 3349 5172 histori-

117 5193 303 5261 Urbano
326 5211 380 5268 in
408 5216 718 5271 Turonensi
742 5216 997 5281 concilio,
1024 5226 1229 5272 sanctae
1245 5217 1666 5273 sedisEcclesiae

118 5281 437 5368 Redonensis,
479 5311 762 5359 annuente
800 5306 1056 5369 Domino,
1102 5306 1344 5376 pontifex
1374 5306 1667 5361 ordinatus

118 5379 384 5462 ein-Quam
429 5392 548 5462 ipse
585 5393 935 5462 dignitatem,
997 5394 1110 5447 imo
1164 5410 1326 5457 onus,
1386 5396 1665 5449 accinctus

119 5459 272 5526 gladio
292 5459 521 5546 Spiritus
562 5459 758 5547 sancti,
792 5483 922 5536 licet
946 5482 1092 5536 inter
1133 5482 1398 5537 barbaros
1427 5490 1484 5537 et
1508 5487 1668 5538 natu-

121 5550 202 5605 ΓείῙί
226 5564 446 5628 quadam
476 5576 723 5625 armatos
744 5570 984 5638 feritate,
1009 5588 1108 5641 per
1126 5588 1303 5627 annos
1321 5572 1516 5643 viginti
1542 5576 1667 5627 octo

1748 5232 1841 5270 cos
1862 5214 2170 5269 silentium.
2203 5212 2356 5266 Petri
2393 5216 2583 5265 autem
2628 5222 3008 5263 successorem
3036 5206 3343 5260 Robertum

1747 5305 2018 5374 sugillant
2062 5318 2203 5372 pene
2254 5316 2469 5363 omnes,
2504 5298 2902 5368 affirmantque
2949 5295 3108 5349 illum
3155 5294 3345 5366 ipsum

1748 5392 1993 5446 avaritia:
2048 5390 2181 5444 vitio
2237 5390 2524 5454 infectum,
2582 5386 2943 5441 ecclesiarum
3007 5382 3345 5454 dilapidasse

1749 5482 2060 5544 facultates,
2094 5479 2346 5533 redditus
2373 5476 2713 5532 exhausisse.
2746 5474 2956 5528 Verum
2985 5472 3347 5543 chronologia

1749 5586 1875 5625 cum
1897 5573 2193 5640 repugnet,
2223 5566 2430 5622 rationi
2464 5564 2697 5619 minime
2728 5579 2831 5619 nec
2858 5562 3097 5635 tempori
3117 5578 3346 5625 consen-
