3892 6392
494 298 600 358 563
1691 304 1929 360 DOMNI
1965 303 2119 360 LUC.

2212 301 2582 358 DACHERII.
3688 300 3797 359 564

491 431 725 481 taneum
743 423 906 480 video
927 425 992 480 Β.
1021 424 1331 480 Lanfranco
1359 429 1607 481 mentem
1633 443 1754 481 esse
1784 428 1855 482 ad
1884 427 2092 483 Rober-
2107 429 2158 489 Α
2175 430 2297 482 erat
2326 425 2409 479 vir
2432 425 2661 496 pietate,
2691 438 2755 477 ac
2785 422 3062 495 sapientia
3077 423 3310 494 pollens,
3344 441 3440 480 eos
3464 427 3791 481 multarum

493 519 616 569 tum
655 514 900 568 scribere
937 532 949 568 :
996 514 1432 569 Lichefeldensis
1488 515 1764 586 siquidem
1806 516 2098 588 episcopus
2179 531 2368 570 rerum
2390 513 2624 568 scientia
2645 513 2834 578 fultos,
2869 529 3011 566 novo
3059 513 3178 583 regi
3205 514 3264 566 in
3296 516 3453 568 novis
3498 515 3675 586 regni
3706 515 3794 568 di-

499 602 715 658 exstitit
742 603 1002 674 nuspiam
1032 603 1329 669 Robertus,
1361 604 1454 668 sed
1489 605 1823 670 Cestrensis,
1871 622 1970 659 seu
1995 621 2098 676 po-
2179 603 2577 676 spositionibus
2599 601 3064 673 pernecessarios,
3097 603 3290 656 multis
3328 609 3626 674 prastare,
3664 621 3796 658 ora-

497 692 614 746 tius
643 691 1096 758 Conventrensis,
1142 691 1274 762 quia
1302 692 1514 759 sedem,
1549 692 1808 748 defuncto
1840 694 2024 758 Petro,
2067 710 2098 746 e
2179 693 2324 746 toria
2353 691 2618 744 facultate
2659 690 2920 744 ostendit.
2972 689 3186 752 Quibus
3241 691 3465 750 auditis.
3519 692 3799 745 Pontifex

499 781 720 836 Cestria
742 780 802 834 in
830 780 1224 834 Conventriam
1252 781 1672 851 transportavit.
1706 783 1943 853 Liquido
1971 798 2100 836 con-

501 875 616 925 stat
644 875 916 941 praterea
959 875 1343 924 consecratum
1389 887 1487 928 an.
1541 869 1695 936 1088,
1729 877 1786 925 et
1813 888 2097 925 summum

502 957 826 1030 pontiﬁcem
838 958 1216 1013 Alexandrum
1249 959 1318 1013 ab
1332 959 1593 1014 humanis
1605 966 1860 1031 ereptum
1878 977 1966 1014 an.
1993 959 2094 1013 Ch.

509 1044 665 1112 1072,
699 1063 818 1112 seu,
853 1052 916 1101 ut
943 1047 1070 1101 aliis
1095 1048 1293 1118 placet,
1305 1047 1460 1104 1073.
1481 1048 1626 1119 Ergo
1642 1049 1711 1102 de
1732 1048 2102 1112 Petro,autde

506 1135 747 1191 Leovino
766 1135 863 1188 illa
882 1135 939 1188 in
957 1135 1214 1206 Epistola
1228 1137 1480 1208 loquitur
1495 1138 1550 1192 S.
1575 1137 1938 1191 Lanfrancus.
1971 1137 2104 1190 Por-

505 1239 569 1279 ro
597 1224 922 1294 pradictum
951 1225 1332 1296 episcopatum
1364 1227 1476 1280 tria
1491 1226 1678 1280 sortiri
1703 1227 1933 1279 nomina
1951 1242 2104 1278 com-

505 1318 730 1384 pertum
759 1312 1001 1367 habetur
1029 1329 1092 1367 ex
1120 1313 1302 1380 dictis,
1343 1312 1400 1370 lo
1419 1315 1827 1368 Lictifeldensis
1848 1330 1946 1367 seu
1968 1313 2105 1367 Lici-

507 1401 790 1467 feldensis,
821 1400 881 1458 2°
911 1402 1241 1469 Cestrensis,
1265 1407 1550 1473 postremo
1578 1403 2028 1457 Conventrensis.

580 1493 650 1546 In
675 1493 854 1545 locum
869 1495 986 1560 ejus
998 1507 1110 1545 non
1125 1495 1472 1560 praesumpsi.
1486 1490 1608 1545 Non
1623 1492 1794 1546 audet
1805 1492 1861 1544 in
1874 1491 2106 1546 Lichfel-

2179 797 2433 836 summus
2461 795 2759 832 conversus
2787 779 2858 832 ad
2900 794 3027 831 eum
3063 797 3076 832 :
3107 779 3191 832 Tu
3213 779 3433 845 videris,
3453 780 3670 851 inquit,
3696 781 3800 834 Pa-

2179 875 2267 924 ter
2287 887 2345 923 es
2378 869 2571 940 patria
2598 868 2769 932 illius,
2801 884 2866 921 ac
2888 884 2988 937 per
3017 868 3123 921 hoc
3151 869 3431 922 industria
3456 875 3562 923 tua
3598 870 3797 923 consi-

2183 960 2343 1012 deret
2374 958 2506 1029 quid
2550 956 2824 1027 expediat.
2864 957 3042 1026 Virgae
3073 961 3381 1027 pastorales
3413 975 3555 1029 quas
3609 958 3802 1012 reddi-

2184 1050 2407 1113 derunt,
2441 1064 2566 1102 ecce
2586 1048 2678 1100 hic
2701 1052 2867 1114 sunt;
2903 1047 3091 1117 accipe
3114 1048 3240 1100 illas
3262 1052 3318 1100 et
3341 1048 3614 1118 dispensa
3627 1050 3802 1116 prout

2184 1137 2378 1192 utilius
2410 1136 2818 1191 Christianitati
2850 1135 3093 1204 regionis
3124 1135 3275 1188 illius
3305 1152 3616 1206 agnoscere
3641 1140 3800 1206 pote-

2186 1227 2280 1280 ris.
2305 1228 2378 1280 At
2402 1226 2496 1278 ille
2515 1225 2786 1295 susceptis
2807 1224 2885 1278 eis
2906 1225 2965 1277 in
2993 1224 3292 1294 praesentia
3321 1241 3477 1294 papa
3502 1222 3803 1277 revestivit

2185 1315 2446 1386 prafatos
2475 1313 2640 1375 viros,
2675 1329 2954 1383 quemque
2986 1329 3106 1366 sua.
3149 1331 3176 1366 ))
3211 1313 3484 1367 Eadmero
3510 1312 3803 1366 accedunt

2185 1402 2524 1458 Malbesbur.
2558 1401 2654 1456 lib.
2700 1417 2738 1464 Ι,
2789 1403 2858 1454 de
2888 1401 3114 1466 Pontiﬁ,
3165 1402 3258 1455 fol.
3303 1401 3393 1457 1'21
3435 1420 3446 1469 ;
3491 1401 3803 1471 Harpsfeld

2187 1492 2388 1546 saculo
2416 1506 2489 1557 χι,
2520 1508 2647 1562 pag.
2682 1489 2808 1546 271.
2840 1491 3138 1544 Decretum
3169 1495 3348 1543 exstat
3401 1489 3719 1543 Alexandri
3751 1489 3803 1543 Il

509 1581 739 1634 densem
767 1580 1088 1650 episcopum
1123 1580 1246 1645 (etsi
1261 1581 1740 1652 Metropolitanus)
1769 1581 2104 1634 sententiam
2190 1597 2366 1652 papa,
2399 1586 2464 1634 ut
2491 1581 2699 1633 electus
2725 1579 2874 1633 ﬁlius
2904 1579 3233 1650 presbyteri,
3287 1579 3454 1632 modo
3489 1577 3804 1632 virtutibus

508 1668 779 1740 proferre,
810 1684 992 1738 neque
1008 1667 1183 1722 alium
1201 1667 1260 1722 in
1277 1669 1398 1738 ejus
1422 1669 1605 1722 locum
1626 1669 1898 1734 sufﬁcere,
1916 1676 1973 1723 et
1985 1685 2112 1722 con-
2192 1671 2418 1742 polleat,
2454 1669 2683 1723 minime
2713 1673 3031 1739 respuatur.

512 1773 762 1824 secrare;
795 1772 928 1810 nam
985 1756 1421 1827 metropolitani,
1477 1763 1536 1811 et
1593 1758 2105 1828 comprovinciales,
2130 1747 2173 1804 Β
2262 1759 2569 1813 Eboracum
2603 1774 2768 1829 porro
2791 1757 2904 1811 sive
2937 1757 3251 1811 Eburacum
3291 1755 3574 1809 civitatem
3618 1755 3805 1826 (vulgo

512 1846 894 1918 primatesque
913 1851 1148 1917 possunt
1163 1846 1388 1916 quidem
1409 1847 1798 1918 episc0porum
1821 1847 1878 1900 in
1899 1849 1992 1916 jus
2011 1863 2112 1918 per
2201 1849 2335 1902 York
2358 1848 2621 1919 graphice
2641 1847 2899 1916 designat
2923 1845 3240 1900 Camdenus
3272 1845 3331 1898 in
3352 1861 3456 1898 sua
3489 1845 3807 1899 Britannia

514 1934 899 1989 accusationes
931 1934 1416 2006 depositionesque
1445 1941 1767 1989 vocatorum
1797 1952 1994 1990 causas
2015 1952 2111 1989 au-
2193 1936 2588 2006 descriptione,
2614 1935 2780 1988 verbo
2808 1938 3128 2002 Brigantes:
3155 1951 3181 1985 ar
3214 1932 3349 1986 urbs
3375 1938 3464 1986 est
3482 1934 3669 1987 totius
3689 1935 3804 1986 An—

513 2025 654 2091 dire,
678 2023 978 2090 discutere,
1001 2024 1305 2078 eventilare
1334 2043 1346 2092 ;
1387 2025 1486 2078 sed
1515 2025 1768 2090 deﬁnire,
1787 2031 1957 2095 atque
1983 2025 2112 2078 ulti-
2191 2025 2318 2095 glia
2348 2025 2610 2092 secunda,
2660 2024 2742 2077 ait
2773 2024 2864 2077 ille
2898 2024 3064 2092 hujus
3092 2022 3342 2092 regionis
3383 2021 3804 2091 (Eboracensis,

513 2130 606 2168 mo
637 2113 1014 2167 determinare
1052 2113 1285 2184 judicio,
1327 2112 1449 2166 sine
1486 2114 1691 2184 pravia
1733 2116 1937 2167 summi
1969 2130 2110 2184 pon-

511 2201 680 2256 tiﬁcis
706 2202 1060 2268 auctoritate,
1093 2206 1382 2272 nequeunt
1410 2202 1525 2256 ullo
1566 2203 1732 2256 modo
1760 2221 1770 2256 :
1802 2203 1948 2272 quod
1979 2202 2112 2256 Julii

513 2307 673 2362 papa
701 2290 936 2361 epistola
991 2291 1061 2344 ad
1107 2291 1422 2346 Orientales
1473 2292 1640 2362 episc.
1694 2292 2106 2346 conﬁrmatur:

519 2396 549 2430 ιι
579 2378 736 2433 Sicut
773 2380 833 2433 B.
869 2380 1069 2433 Petrus
1105 2380 1392 2450 apostolus
1433 2381 1651 2451 primus
1701 2379 1808 2434 fuit
1861 2380 2111 2434 omnium

514 2467 931 2539 Apostolorum,
963 2466 1044 2520 ita
1064 2470 1120 2520 et
1146 2466 1262 2520 hac
1287 2467 1533 2521 Ecclesia
1548 2483 1649 2521 suo
1671 2467 1898 2520 nomine
1917 2483 2113 2520 conse-

517 2561 690 2620 crata,
719 2554 957 2610 Domino
996 2555 1324 2610 instituente
1355 2555 1538 2626 prima
1568 2561 1624 2610 et
1651 2562 1820 2626 caput
1856 2556 1930 2610 sit
1956 2561 2116 2610 cate-

517 2661 730 2710 rarum,
764 2650 820 2698 et
851 2645 922 2698 ad
951 2661 1077 2699 eam
1107 2645 1266 2715 quasi
1298 2644 1370 2698 ad
1399 2649 1639 2698 matrem
1686 2650 1854 2715 atque
1901 2646 2115 2716 apicem

519 2751 714 2790 omnes
748 2735 986 2804 majores
1015 2733 1276 2789 Ecclesia
1309 2748 1489 2787 causa
1519 2738 1575 2787 et
1595 2733 1808 2804 judicia
1837 2734 2117 2804 episcopo-

518 2841 644 2880 rum
679 2829 992 2890 recurrant,
1025 2828 1082 2877 et
1105 2825 1269 2892 juxta
1299 2823 1421 2888 ejus
1447 2822 1780 2876 sententiam
1811 2823 2115 2876 terminum

518 2919 764 2977 sumant,
801 2933 823 2965 »
857 2917 965 2966 etc.
997 2910 1353 2965 Eleutherius
1385 2927 1550 2982 papa,
1581 2911 1743 2982 epist.
1802 2913 1872 2965 ad
1925 2912 2117 2967 Gallia

519 3001 854 3076 provincias,
879 3016 998 3070 cap.
1028 2998 1081 3064 3,
1115 3015 1164 3052 c.
1196 3000 1455 3066 Quamvis
1486 2998 1540 3063 2,
1573 3016 1626 3069 q.
1660 2999 1692 3054 6
1724 3019 1739 3054 :
1785 3021 1806 3051 ι
1853 3001 2118 3064 Quamvis

2192 2115 2358 2182 vulgo
2417 2112 2755 2181 Yorkeshire)
2800 2112 3195 2182 pulcherrima,
3245 2110 3519 2165 universae
3562 2112 3805 2181 Septen-

2195 2201 2422 2256 trionali
2442 2202 2610 2272 parti,
2644 2207 2701 2255 et
2722 2201 3000 2272 prasidio,
3032 2206 3090 2254 et
3116 2205 3448 2254 ornamento
3484 2205 3576 2253 est
3608 2201 3806 2270 singu-

2194 2291 2318 2344 lari.
2353 2291 2607 2354 Amana,
2637 2291 2841 2360 ampla,
2876 2290 3113 2354 munita,
3138 2289 3383 2342 adiﬁciis
3411 2294 3530 2342 tam
3563 2289 3797 2359 privatis

2196 2395 2364 2450 quam
2396 2379 2633 2450 publicis
2659 2379 2922 2444 exsculta,
2973 2378 3170 2450 opibus
3217 2378 3543 2447 civibusque
3572 2378 3801 2442 referta,

2196 2474 2253 2522 et
2281 2468 2738 2539 archiepiscopali
2768 2469 2898 2522 sede
2928 2469 3212 2539 praclara,
3248 2486 3273 2519 »
3307 2473 3411 2521 etc.
3431 2465 3799 2521 Malmesbur.

2195 2556 2254 2610 in
2285 2557 2610 2627 praefatione
2631 2557 2702 2610 ad
2741 2557 2836 2610 lib.
2863 2572 2926 2611 ιιι
2948 2558 3017 2611 de
3042 2556 3248 2610 Pontif.
3273 2555 3804 2626 B.Alcuinus.apud

2199 2647 2458 2700 eumdem
2489 2645 2826 2700 Malbesbur.
2881 2647 3075 2700 eodem
3113 2646 3232 2698 loco
3272 2646 3331 2699 in
3371 2644 3803 2716 archiepiscopis

2198 2733 2536 2790 Eboracens.
2583 2740 2710 2806 post
2738 2735 2884 2789 med.
2952 2736 3020 2789 de
3070 2734 3275 2805 insigni
3319 2734 3414 2787 illa
3463 2733 3805 2787 bibliotheca

2199 2823 2534 2878 Eboracensi
2600 2824 2862 2878 Carolum
2910 2825 3176 2894 Magnum
3233 2823 3524 2894 alloquens
3558 2841 3572 2876 :
3612 2841 3638 2873 (ι
3667 2823 3803 2875 Date

2200 2913 2358 2979 mihi,
2391 2913 2592 2984 inquit,
2641 2913 3031 2984 exquisitiores
3075 2912 3408 2966 eruditionis
3455 2911 3803 2965 scholastica

2201 3001 2438 3067 libellos,
2475 3003 2667 3072 quales
2693 3003 2747 3055 in
2778 3003 2960 3073 patria
2988 3001 3178 3064 habui,
3201 3018 3299 3071 per
3320 3000 3526 3054 bonam
3557 3005 3616 3054 et
3641 3000 3804 3053 devo-

519 3060 685 3146 Iiceat
716 3060 866 3159 apud
910 3060 1405 3156 comprovinciales
1448 3092 1504 3140 et
1529 3060 2026 3158 im‘etropolitanos,
2063 3095 2120 3143 et
2135 3060 2178 3121 Ο
2203 3060 2910 3161 tissimam‘magistri‘mei
2941 3060 3175 3160 Egberti
3202 3060 3615 3160 archiepiSCOpi
3647 3089 3803 3142 indu-

519 3180 810 3252 primates,
868 3176 1256 3246 episcoporum
1311 3175 1583 3229 ventilare
1625 3177 2026 3242 accusationes,
2063 3183 2116 3232 et

522 3266 963 3331 criminationes,
995 3281 1107 3318 non
1135 3269 1327 3318 tamen
1354 3263 1485 3318 licet
1513 3264 1747 3319 deﬁnire
1796 3266 1916 3320 sine
1950 3267 2118 3336 hujus

524 3360 732 3412 sancta
771 3354 920 3408 sedis
950 3353 1304 3418 auctoritate,
1336 3353 1481 3408 sicut
1508 3353 1579 3407 ab
1599 3355 1864 3425 apostolis
1893 3372 2118 3410 eorum-

524 3462 635 3518 que
667 3442 1077 3498 successoribus
1103 3443 1410 3497 multorum
1437 3459 1711 3498 consensu
1735 3445 2121 3515 episcoporum

521 3537 643 3607 jam
676 3533 1002 3599 deﬁnitum;
1032 3548 1136 3586 nec
1156 3532 1216 3586 in
1244 3547 1438 3587 eorum
1464 3533 1712 3587 ecclesiis
1731 3533 1827 3586 alii
1859 3539 1957 3588 aut
1977 3534 2123 3588 ordi-

526 3627 737 3680 nentur
764 3627 1066 3693 antequam
1104 3622 1196 3676 hic
1220 3622 1372 3692 juste
1410 3639 1605 3677 eorum
1634 3623 2010 3677 terminentur
2028 3639 2123 3677 ne-

527 3711 699 3786 gotia.
727 3729 753 3763 ›)
780 3710 843 3766 Id
874 3727 985 3765 non
1014 3710 1226 3766 latebat
1272 3711 1338 3764 D.
1392 3711 1757 3782 Cyprianum,
1793 3712 1887 3782 qui
1915 3712 2123 3782 passim

527 3801 586 3857 in
607 3801 857 3874 epistolis
889 3800 1057 3855 totius
1088 3799 1239 3855 orbis
1265 3817 1548 3856 summum
1581 3801 1931 3854 bierarcham
1957 3802 2026 3855 de
2042 3818 2125 3856 re-

528 3891 634 3947 bus
665 3891 782 3946 suis
813 3891 1086 3956 consulit;
1116 3890 1360 3943 maxime
1386 3906 1518 3944 vero
1567 3889 1663 3943 lib.
1725 3905 1804 3955 III,
1863 3889 2006 3962 epist
2030 3889 2120 3958 13,

531 3998 657 4054 qua
686 3985 771 4036 est
799 3979 887 4035 67.
920 3979 1156 4051 Inspice,
1191 3979 1238 4032 si
1268 3979 1468 4050 placet.

1075 4085 1146 4122 AD
1174 4081 1473 4123 EPISTOLAM
1497 4081 1580 4121 III.

602 4163 671 4216 In
701 4160 998 4228 prasentia
1027 4158 1372 4211 celsitudinis
1392 4161 1596 4225 vestrae,
1630 4161 1735 4211 etc.
1788 4159 1924 4222 Qua
1955 4159 2137 4213 obiter

532 4250 638 4303 hoc
655 4249 777 4302 loco
827 4246 1057 4317 attingit
1111 4246 1490 4317 archiprasul,
1554 4246 1764 4301 affatim
1813 4249 2137 4319 suppeditat

535 4336 845 4391 monachus
859 4333 1298 4401 Cantuariensis,
1330 4335 1590 4390 Historia
1618 4351 1890 4398 novorum
1921 4336 2021 4394 lib.
2062 4352 2082 4390 Ι
2116 4355 2126 4389 :

539 4443 571 4479 α
598 4424 986 4480 Calumniatus
1044 4429 1129 4478 est
1183 4425 1481 4492 (accusavit
1530 4426 1894 4495 Lanfrancus)
1945 4443 2133 4480 coram

537 4532 668 4587 pap.
725 4515 996 4568 Thomam
1029 4531 1155 4568 cum
1177 4514 1450 4584 Remigio,
1486 4515 1636 4586 quod
1676 4520 1876 4569 neuter
1908 4515 2134 4570 illorum

531 4607 660 4676 jure
714 4605 884 4659 fuerit
911 4610 1200 4675 promotus
1227 4605 1296 4658 ad
1329 4605 1734 4674 pontiﬁcatum.
1789 4605 2010 4659 Primus
2068 4623 2135 4659 ea

539 4695 752 4748 scilicet
783 4712 860 4757 re,
895 4695 1042 4764 quod
1073 4695 1217 4748 sacri
1242 4710 1484 4748 canones
1513 4693 1656 4746 ﬁlios
1677 4693 2133 4764 presbyterorum

541 4801 680 4856 quos
708 4784 993 4854 religionis
1011 4785 1146 4839 ordo
1163 4801 1275 4838 non
1287 4789 1468 4848 ornat,
1505 4799 1540 4835 a
1566 4799 1852 4836 sacrorum
1874 4783 2133 4838 ordinum

540 4874 893 4947 promotione
919 4879 1262 4936 removeant,
1292 4888 1532 4942 sequens
1562 4877 1754 4937 340
1782 4889 1908 4926 vero
1942 4889 2041 4942 pro
2069 4889 2133 4926 eo

541 4964 690 5036 quod
719 4963 866 5018 facta
894 4963 1260 5016 conventione
1288 4961 1446 5014 illum
1468 4977 1501 5014 a
1532 4961 1830 5014 Guillelmo
1851 4968 1975 5031 post
2003 4978 2134 5031 rege

539 5053 688 5107 facto
717 5051 934 5117 emerit,
983 5050 1163 5105 ofﬁcio
1194 5049 1450 5103 videlicet
1497 5065 1605 5119 quo
1657 5049 1708 5102 ei
1758 5049 1814 5102 in
1863 5049 2136 5103 excidium

541 5140 756 5211 Anglia
777 5139 1098 5211 properanti
1129 5137 1439 5192 multifaria
1459 5137 1815 5192 contentione
1849 5155 1912 5192 ac
1946 5139 2140 5192 multi-

541 5229 777 5302 plicibus
807 5228 1076 5300 impensis
1105 5227 1464 5281 deservierat.
1516 5227 1600 5280 Ad
1633 5227 1749 5281 hac
1791 5227 1872 5281 illi
1904 5229 2136 5295 nullam,

546 5337 658 5392 qua
682 5319 932 5374 excusari
957 5321 1204 5389 possent,
1237 5314 1579 5386 probabilem
1611 5332 1837 5370 causam
1871 5317 2142 5371 habentes

545 5408 779 5463 redditis
801 5407 1015 5462 baculis
1046 5410 1103 5458 et
1131 5406 1370 5472 annulis,
1407 5421 1533 5459 cum
1562 5421 1696 5459 cura
1715 5405 2038 5476 pontiﬁcali,
2072 5406 2140 5459 ad

549 5497 847 5568 petendam
902 5495 1345 5550 misericordiam
1371 5495 1623 5550 conversi
1679 5500 1828 5549 sunt.
1891 5496 2142 5558 Quorum

549 5584 808 5657 precibus
840 5603 962 5642 sese
1013 5586 1355 5642 Lanfrancus
1402 5585 1648 5639 medium
1688 5584 1961 5654 injiciens,
1998 5584 2144 5639 sicut

2204 3180 2399 3234 striam
2435 3197 2446 3231 :
2484 3183 2542 3232 et
2571 3180 2617 3233 si
2647 3180 2828 3249 placet
2858 3179 3197 3234 excellentia
3246 3183 3460 3242 vestra,
3517 3177 3804 3232 remittam

2200 3270 2417 3340 aliquos
2445 3285 2509 3322 ex
2538 3269 2726 3339 pueris
2740 3271 2958 3335 vestris,
2984 3269 3080 3339 qui
3107 3267 3388 3338 excipiant
3408 3267 3540 3319 inde
3570 3278 3801 3338 quaque

2201 3358 2533 3424 necessaria,
2576 3362 2632 3412 et
2663 3359 2932 3412 revehant
2976 3358 3034 3411 in
3063 3357 3357 3411 Franciam
3390 3356 3559 3410 ﬂores
3582 3355 3802 3410 Britan-

2201 3447 2326 3501 nia.
2358 3465 2384 3498 ι

2275 3537 2550 3590 Caterum
2607 3535 2962 3606 metropolim
3040 3534 3340 3588 Ecclesiam
3399 3532 3804 3587 Eboracensem

2204 3624 2495 3680 constituit
2520 3626 2580 3678 B.
2624 3624 2860 3694 Gregor.
2898 3624 3048 3695 apud
3078 3622 3357 3678 Venerab.
3401 3623 3616 3677 Bedam
3649 3621 3744 3676 lib.
3765 3633 3799 3682 Ι,

2205 3731 2325 3785 cap.
2356 3713 2444 3780 29,
2475 3714 2556 3768 ita
2585 3715 2647 3767 Β.
2677 3713 2991 3784 Augustino
3025 3714 3334 3783 Anglorum
3382 3713 3640 3782 apostolo
3673 3708 3803 3764 scri-

2204 3804 2342 3858 bens
2379 3823 2388 3857 :
2418 3821 2444 3856 α
2478 3804 2546 3856 Et
2589 3804 2722 3874 quia
2760 3819 2904 3856 nova
2929 3803 3238 3872 Anglorum
3263 3802 3507 3856 Ecclesia
3535 3802 3609 3856 ad
3640 3798 3804 3854 omni-

2207 3893 2452 3965 potentis
2483 3892 2584 3946 Dei
2608 3891 2872 3962 gratiam,
2892 3891 3090 3945 eodem
3103 3892 3339 3945 Domino
3362 3890 3660 3961 largiente,
3691 3893 3803 3943 ette

2210 3981 2518 4046 laborante,
2574 3981 2842 4051 perducta
2873 3986 2976 4045 est,
3031 3997 3198 4034 usum
3227 3980 3332 4034 tibi
3376 3979 3431 4032 in
3467 3996 3535 4034 ea
3585 3979 3656 4033 ad
3696 3975 3803 4032 sola

2215 4069 2518 4124 missarum
2548 4069 2818 4123 solemnia
2847 4069 3069 4139 agenda
3099 4069 3454 4123 concedimus
3479 4086 3489 4120 :
3517 4068 3602 4123 ita
3625 4072 3688 4121 ut
3713 4080 3804 4136 per

2218 4159 2441 4229 singula
2495 4159 2614 4212 loca
2667 4157 2958 4212 duodecim
2988 4158 3278 4229 episcopos
3307 4157 3529 4212 ordines
3563 4156 3660 4228 qui
3703 4161 3802 4207 tua

2218 4249 2550 4318 subjaceant
2572 4247 2906 4301 ditioni.»Et
2930 4248 3098 4318 paulo
3125 4247 3304 4301 infra:
3336 4265 3362 4298 «
3397 4247 3466 4300 ad
3498 4246 3801 4303 Eburacum

2149 4378 2198 4436 D
2215 4353 2345 4390 vero
2357 4337 2640 4390 civitatem
2662 4341 2717 4390 te
2746 4337 3000 4390 volumus
3027 4335 3350 4407 episcopum
3369 4335 3617 4399 mittere,
3649 4345 3801 4404 quem

2215 4426 2334 4496 ipse
2350 4426 2689 4495 judicaveris
2719 4425 2997 4489 ordinare,
3030 4426 3110 4479 ita
3139 4426 3411 4479 duntaxat
3437 4430 3500 4478 ut
3524 4424 3571 4477 si
3625 4421 3801 4478 eadem

2215 4515 2409 4568 civitas
2429 4530 2554 4569 cum
2573 4513 2973 4567 ﬁnitimislocis
3001 4513 3229 4568 verbum
3254 4514 3356 4568 Dei
3388 4513 3680 4584 receperit,
3701 4511 3802 4579 ipse

2215 4622 2437 4678 quoque
2467 4604 2760 4658 duodecim
2795 4605 3080 4675 episcopos
3133 4605 3372 4669 ordinet,
3406 4610 3461 4656 et
3492 4597 3798 4671 metropoli-

2216 4695 2335 4749 tani
2368 4695 2577 4748 honore
2604 4694 2957 4764 perfruatur;
2993 4711 3158 4763 quem
3191 4701 3381 4747 tamen
3417 4700 3525 4746 tua
3563 4685 3803 4745 fraterni-

2216 4784 2350 4838 tatis
2400 4784 2654 4837 volumus
2703 4783 3054 4853 dispositioni
3099 4782 3404 4852 subjacere,
3443 4800 3467 4833 »
3522 4786 3626 4835 etc.
3673 4779 3802 4843 Lege

2215 4873 2475 4927 eumdem
2507 4872 2714 4926 Bedam
2747 4871 2838 4925 lib.
2873 4887 2933 4934 11,
2959 4889 3077 4942 cap.
3117 4870 3196 4936 l7,
3223 4878 3280 4924 et
3309 4871 3494 4924 Vitam
3535 4871 3590 4923 S.
3622 4871 3798 4934 Augu-

2217 4961 2368 5027 stini,
2404 4967 2530 5032 post
2556 4961 2714 5014 Vitas
2743 4961 3009 5014 abbatum
3031 4960 3408 5024 Beccensium,
3433 4975 3554 5029 pag.
3581 4956 3667 5013 62.

2288 5054 2605 5104 Primatmn
2647 5053 2856 5103 nilerer
2878 5052 3137 5103 obtinere.
3166 5051 3227 5102 In
3263 5049 3508 5101 medium
3533 5047 3620 5099 hic
3649 5038 3797 5098 disci-

2221 5139 2376 5193 dium
2397 5137 2545 5193 inter
2573 5139 2843 5192 Thomam
2864 5138 3267 5192 Eboracensem
3285 5143 3337 5190 et
3352 5136 3794 5191 Cantuariensem

2225 5227 2704 5297 archiepiscopum
2746 5228 3121 5280 Lanfrancum
3170 5227 3419 5296 proferre
3468 5241 3648 5295 opera
3688 5230 3794 5273 esse

2224 5333 2335 5370 non
2358 5315 2877 5386 putavi,quippetot
2899 5319 2955 5369 et
2974 5315 3176 5368 diversi
3205 5315 3273 5368 de
3301 5315 3495 5367 eodem
3545 5312 3793 5381 scripsere

2227 5411 2625 5470 auctores,tam
2640 5406 2843 5458 vetusti
2856 5421 3021 5476 quam
3036 5409 3306 5468 recentes,
3328 5408 3387 5456 ut
3403 5402 3460 5455 in
3477 5402 3790 5455 immensum

2223 5495 2398 5549 ferme
2426 5501 2748 5565 exsurgeret
2775 5495 3064 5563 materies;
3099 5499 3156 5547 et
3177 5493 3476 5547 obtrudere
3507 5490 3666 5546 toties
3684 5488 3788 5556 jam

2224 5585 2483 5656 repetita,
2515 5584 2733 5638 viderer
2761 5584 2948 5655 potius
2976 5583 3182 5638 eruditi
3207 5582 3431 5638 lectoris
3459 5579 3786 5636 stomachum
