3892 6382
107 299 208 359 565

1170 307 1248 362 ΙΝ
1288 309 1512 364 EPIST.
1552 310 1616 363 B.
1656 306 2072 362 LANFRANCI
2108 305 2346 361 ΝΟΤΛΕ.

3278 303 3388 364 566

106 428 171 483 ad
190 443 467 484 nauseam
486 445 806 500 provocare,
830 447 997 501 quam
1025 432 1096 486 ad
1128 433 1427 503 legendum
1447 433 1769 493 animumA
1789 430 1957 485 tionis
2002 445 2197 485 eorum
2241 428 2653 500 superadjicere
2692 429 2903 494 curavi,
2953 447 2977 481 ι
3014 434 3123 487 etc.
3171 430 3385 489 Deinde

107 516 452 571 everberare.
500 518 564 573 In
592 518 721 573 Vita
753 519 1003 590 proxime
1039 521 1205 576 citata
1245 539 1373 593 pag.
1415 523 1611 577 eadem
1640 522 1709 577 de

106 605 347 676 primatu
380 607 810 664 Cantuariensis
829 609 1087 665 Ecclesia
1113 611 1173 665 in
1206 611 1629 677 Eboracensem,
1654 616 1712 666 et

107 694 271 749 Gesta
302 694 460 749 beati
484 697 782 751 Lanfranci
803 714 923 768 cap.
956 697 1027 755 10
1051 705 1107 753 et
1135 698 1223 765 11,
1253 716 1380 771 pag.
1416 699 1496 765 ll,
1518 700 1709 769 legere

106 788 204 838 est.
251 783 576 840 Meminere
620 791 677 840 et
721 787 977 856 ejusdem
1029 788 1417 843 controversia
1464 789 1696 847 Guillel.

105 870 622 929 Malmesburiensis
668 873 795 928 libr.
841 889 928 937 III,
961 877 1030 930 de
1072 878 1223 932 Gest.
1270 879 1438 948 Ang.,
1475 877 1569 932 fol.
1611 876 1700 943 65,

106 961 453 1032 amplissime
485 978 615 1017 vero
643 961 770 1018 libr.
794 979 834 1019 1.
870 965 949 1019 De
970 966 1194 1037 pontif.,
1218 967 1315 1021 fol.
1348 963 1447 1023 118
1466 972 1525 1021 et
1544 982 1660 1037 seq.
1690 985 1703 1034 ;

109 1048 351 1105 Orderic.
379 1050 554 1105 Vital.
592 1052 737 1107 Hist.
767 1052 865 1107 lib.
889 1068 968 1121 111,
998 1071 1126 1125 pag.
1162 1054 1286 1121 518,
1311 1055 1381 1109 ad
1412 1071 1544 1108 ann.
1575 1051 1708 1110 1075

109 1138 641 1209 Harpsfeld.saculo
657 1155 742 1208 x1;
775 1142 961 1197 Casar
988 1143 1280 1208 Baronius,
1314 1144 1516 1198 Annal.
1546 1148 1589 1198 t.
1626 1142 1703 1198 II.

107 1228 169 1280 A.
190 1226 293 1281 Ch.
317 1225 462 1283 1071
494 1234 552 1282 et
591 1228 741 1298 1072,
773 1234 830 1285 et
858 1230 951 1285 alii
981 1232 1320 1301 complures.
1350 1233 1465 1286 Nos
1486 1248 1708 1304 quoque

104 1314 245 1370 infra
271 1316 473 1387 paucis
505 1317 808 1373 admodum
838 1336 903 1372 ex
940 1321 996 1375 S.
1030 1321 1201 1386 Beda,
1232 1337 1304 1375 ne
1331 1321 1556 1376 lectoris
1582 1321 1706 1376 ani-

107 1420 251 1458 mum
283 1421 525 1476 prorsus
539 1407 794 1476 jejunum
823 1408 1232 1479 relinquamus.
1518 1476 1521 1479 Α

169 1495 483 1548 ϐοηυεηευε
509 1497 748 1563 Anglica:
770 1502 945 1552 terra.
972 1498 1052 1552 De
1079 1498 1185 1552 hoc
1201 1502 1477 1553 conventu
1496 1498 1556 1553 in
1576 1499 1707 1553 Vita

105 1582 207 1636 divi
234 1582 546 1637 Lanfranci
566 1601 687 1655 cap.
709 1585 800 1652 11,
829 1603 955 1656 pag.
988 1585 1072 1641 12.

134 1708 139 1711 -
167 1673 327 1740 Apud
368 1674 703 1727 chtanam
732 1676 1028 1728 civitatem.
1075 1675 1379 1740 Camdeno,
1411 1676 1507 1730 ubi
1535 1692 1709 1748 supra

1791 536 2022 591 operum
2055 517 2281 588 subjicit
2305 518 2620 573 elenchum.
2651 517 2751 572 His
2770 518 2933 589 plura
2954 518 3204 575 referunt
3231 519 3386 576 illius

1791 609 2040 663 historia
2069 607 2440 662 Continuator
2466 605 2561 662 lib.
2594 620 2634 673 ι,
2666 607 2866 678 cap.~5,
2897 606 2952 673 6,
2973 612 3035 675 7;
3066 608 3381 676 Malmesb.,

1790 697 1885 752 lib.
1909 712 1948 764 1,
1973 713 2094 768 cap.
2119 695 2170 762 3,
2196 695 2337 755 fuse.
2371 696 2477 751 Sed
2499 712 2628 750 vero
2650 696 2845 750 eadem
2872 695 3038 768 plane
3057 690 3309 751 referunt
3330 700 3388 751 et

1788 784 2302 842 Malmesburiensis
2355 789 2413 838 et
2472 784 2844 839 Continuator
2891 784 3004 850 ille,
3054 801 3156 840 seu
3199 784 3386 840 verius

1788 875 2069 946 ipsissima
2109 879 2332 928 exstant
2359 872 2529 927 verba
2555 872 2616 928 in
2658 878 2931 945 utroque;
2979 879 3045 929 ut
3079 872 3386 944 conjectari

1789 964 1955 1018 liceat
1976 979 2150 1018 unum
2170 962 2239 1018 ab
2261 963 2437 1018 altero
2457 967 2777 1018 mutuatum
2800 962 2973 1018 fuisse
2994 961 3144 1034 quod
3166 961 3386 1034 eloqui-

1791 1057 1902 1107 tur.
1918 1054 2235 1122 Antequam
2261 1052 2551 1106 excederet
2577 1067 2609 1105 e
2639 1050 2755 1105 vita
2773 1051 2910 1122 quid
2932 1050 3175 1121 gesserit
3192 1051 3388 1106 doctor

1790 1141 1885 1196 ille
1912 1141 2317 1207 sanctissimus,
2349 1139 2643 1215 descripsit
2670 1156 2736 1195 ex
2763 1140 2886 1210 ejus
2923 1139 3214 1211 discipulis
3248 1155 3388 1194 non-

1790 1232 1979 1284 nullus
2021 1230 2171 1301 apud
2214 1229 2443 1284 Surium
2489 1233 2626 1282 tom.
2663 1229 2764 1293 III,
2808 1228 2900 1283 die
2933 1225 2998 1286 10
3026 1228 3181 1283 Mai:
3212 1226 3385 1301 refert

1788 1326 1977 1374 autem
2006 1318 2098 1372 die
2120 1317 2477 1375 Ascensionis
2500 1316 2802 1373 Dominica
2821 1316 3000 1373 cilicio
3019 1316 3271 1388 subjecto
3291 1315 3385 1372 de-

1788 1406 2167 1472 cumbentem,
2187 1406 2402 1461 illibato
2422 1422 2594 1461 sensu
2613 1411 2671 1461 et
2698 1405 2865 1460 hilari
2892 1407 3050 1461 vultu
3080 1406 3227 1461 hanc
3255 1421 3385 1460 ora-

1788 1496 2000 1551 tionem
2026 1511 2126 1550 seu
2155 1495 2523 1567 antiphonam
2545 1495 2943 1565 proferentem,
2977 1495 3017 1550 0
3053 1510 3150 1549 rea:
3171 1496 3383 1562 gloria,

1788 1588 2018 1640 Domine
2046 1588 2344 1651 virtutum,
2383 1589 2513 1652 etc.,
2545 1589 2720 1655 atque
2759 1583 2859 1638 illa
2898 1587 3125 1656 peracta
3165 1583 3386 1639 efflasse

1789 1673 2055 1728 animam.
2086 1672 2167 1728 De
2197 1673 2253 1728 S.
2278 1673 2431 1727 Beda
2458 1671 2924 1743 Martyrologium
2949 1658 3266 1726 Romanum
3296 1666 3387 1726 die

105 1758 264 1813 verbo
296 1761 492 1830 Belga
522 1781 533 1814 :
576 1763 737 1815 Venia
769 1764 1062 1830 Belgarum
1094 1763 1318 1829 dicitur,
1355 1765 1520 1835 vulgo
1562 1767 1771 1847 Vint-B
1792 1761 1858 1815 27
1892 1761 2062 1828 Maii;
2116 1761 2394 1816 Baronius
2419 1761 2480 1815 in
2517 1760 2665 1814 notis
2695 1760 2766 1816 ad
2807 1759 2865 1814 id
2911 1759 3041 1825 diei,
3085 1764 3141 1814 et
3168 1759 3380 1820 Annal.

108 1849 318 1912 chesler,
350 1848 495 1904 urbs
528 1850 684 1919 regia
715 1853 773 1904 et
808 1852 1209 1918 amoenissima,
1250 1853 1548 1924 episcopali
1578 1853 1709 1907 sede
1789 1855 1928 1904 tom.
1961 1850 2030 1903 ad
2061 1866 2193 1905 ann.
2217 1848 2312 1906 731
2338 1868 2350 1917 ;
2384 1848 2669 1903 Arnoldus
2687 1847 2903 1915 Wion,,
2925 1847 3089 1919 Ligni
3117 1848 3259 1904 Vita
3287 1848 3387 1904 lib.

105 1937 427 2008 insignitur.
457 1939 635 1993 Plura
661 1940 784 1994 vide
815 1939 1056 2011 ibidem;
1092 1957 1308 1995 necnon
1338 1948 1395 1996 et
1414 1942 1705 1996 Malmesb.
1789 1952 1874 2005 III,
1911 1938 2002 1992 die
2035 1939 2101 1994 27
2128 1939 2281 2004 Maii,
2311 1943 2369 1993 et
2407 1937 2502 1991 lib.
2534 1955 2587 2002 v,
2615 1954 2735 2008 cap.
2772 1937 2894 1995 111.
2924 1938 3108 2010 Atque
3137 1937 3390 1993 omnium

106 2025 197 2079 lib.
226 2040 267 2080 ιι
296 2027 379 2082 De
410 2027 638 2099 pontii,
671 2026 730 2082 in
759 2029 1033 2100 episcopis
1062 2030 1544 2089 Vintoniensibus.

172 2116 557 2172 Ecclesiastica
578 2120 755 2186 gentis
776 2118 1092 2185 Anglorum
1114 2121 1369 2173 historia.
1386 2120 1520 2183 Quae
1540 2119 1706 2175 habe-

108 2205 192 2256 tur
208 2203 291 2268 (ut
319 2210 529 2259 notum
560 2210 664 2274 est)
688 2211 824 2259 tom.
849 2207 950 2273 III,
975 2223 1208 2277 operum
1240 2209 1296 2263 S.
1331 2207 1495 2262 Beda
1522 2209 1704 2262 Vene-

111 2289 325 2358 rabilis;
374 2291 476 2345 ubi
530 2291 671 2346 libro
712 2307 751 2357 I,
785 2309 820 2347 a
849 2310 970 2364 cap.
1004 2293 1072 2350 23
1103 2295 1173 2355 ad
1220 2296 1408 2360 finem,
1441 2311 1507 2349 ac
1551 2295 1707 2350 libris

112 2383 352 2448 sequent.
368 2378 590 2450 passim
609 2380 677 2434 de
697 2380 1137 2436 Dorobernensis
1155 2381 1270 2436 sive
1285 2382 1707 2437 Cantuariensis

115 2472 555 2543 metropolitana
585 2473 734 2527 sedis
768 2474 1036 2545 primatu,
1070 2476 1135 2529 D.
1170 2475 1488 2546 Augustino
1524 2475 1707 2547 primo

113 2560 352 2629 ejusdem
382 2561 634 2616 civitatis
671 2562 1086 2635 archiepiscopo
1121 2581 1156 2618 a
1184 2565 1246 2618 B.
1282 2564 1552 2635 Gregorio
1582 2580 1710 2618 con-

114 2664 274 2715 cesso,
310 2655 369 2704 et
414 2650 491 2704 ab
539 2649 896 2706 inferioribus
939 2652 1196 2707 Ecclesia
1225 2653 1492 2707 Romanae
1521 2652 1708 2723 ponti-

113 2736 296 2792 ﬁcibus
341 2741 700 2805 conﬁrmato,
733 2740 1030 2795 disseritur
1069 2760 1081 2795 :
1135 2758 1374 2812 quorum
1424 2740 1710 2812 privilegia

115 2840 201 2880 seu
219 2826 438 2881 litteras
473 2827 719 2883 bullatas
736 2832 819 2897 (ut
836 2829 1053 2891 vocant)
1072 2830 1188 2884 sive
1208 2830 1379 2884 etiam
1400 2830 1709 2885 decretales

114 2911 177 2965 ab
212 2913 472 2985 ipsismet
504 2916 860 2987 pontiﬁcibus
902 2917 962 2970 in
997 2917 1243 2987 gratiam
1283 2917 1708 2973 Cantuariensis

116 3000 376 3069 primatus
399 3004 792 3075 promulgatas
822 3004 894 3058 ad
922 3021 1026 3058 sua
1051 3021 1231 3076 usque
1259 3011 1532 3077 tempora,
1569 3005 1708 3060 scri-

1785 2027 2131 2098 amplissime
2159 2027 2454 2082 Eduardus
2481 2027 2752 2094 Malheus,
2775 2025 3177 2098 Trophaorum
3196 2016 3392 2082 tabula

1791 2114 1839 2171 1.
1869 2116 1984 2170 Cur
2000 2132 2129 2170 vero
2156 2116 2343 2187 potius
2362 2114 2709 2170 Venerabilis
2740 2115 3013 2171 vocitetur
3033 2115 3200 2179 Beda,
3219 2131 3389 2186 quam

1787 2210 2036 2271 sanctus,
2070 2205 2319 2260 rationes
2366 2204 2653 2259 interserit
2678 2204 2877 2259 ultimo
2916 2204 3037 2258 loco
3080 2204 3251 2259 citato
3279 2205 3389 2259 Ar-

1788 2294 1990 2348 noldus
2028 2293 2218 2361 Wion,
2252 2310 2493 2365 quarum
2529 2293 2650 2350 hac
2677 2293 3000 2367 pracipua:
3036 2312 3059 2346 ι
3095 2292 3391 2349 Viventem

1789 2383 1963 2449 enim,
1982 2382 2185 2454 inquit,
2205 2382 2371 2436 aliter
2384 2398 2731 2453 nuncupare,
2750 2398 3073 2454 quanquam
3094 2382 3392 2438 sanctitate

1789 2472 2049 2538 clareret,
2076 2470 2160 2525 fas
2188 2486 2303 2526 non
2323 2475 2465 2526 erat.
2490 2489 2513 2521 ι
2537 2470 2612 2526 At
2639 2486 2743 2543 ego
2776 2471 2859 2528 (ut
2884 2470 3066 2524 dicam
3098 2471 3245 2542 quod
3267 2487 3394 2528 sen-

1788 2560 1968 2630 tio)eo
1993 2560 2221 2614 nomine
2239 2561 2343 2614 has
2357 2559 2427 2614 ob
2446 2576 2644 2615 causas
2671 2558 3000 2630 insignitum
3026 2563 3185 2630 puto,
3208 2548 3394 2631 prima

1791 2648 1940 2720 quod
1971 2648 2302 2719 antiquitus,
2338 2647 2502 2702 Beda
2521 2663 2635 2702 aevo
2656 2646 2919 2713 maxime,
2951 2646 3199 2702 solemne
3220 2646 3395 2702 fuerit

1791 2737 2148 2809 presbyteros
2166 2735 2510 2791 venerabiles
2533 2735 2806 2803 vocitare;
2837 2735 3035 2802 altera,
3056 2735 3161 2790 viri
3189 2734 3395 2791 eximia

1791 2825 2079 2891 sanctitas,
2128 2827 2307 2896 pietas
2361 2824 2690 2895 singularis,
2750 2840 2880 2879 cum
2935 2823 3060 2896 pari
3100 2824 3388 2892 doctrina,

1789 2913 2265 2984 scientiarumque
2285 2912 2507 2982 peritia,
2536 2912 2594 2966 id
2617 2911 2865 2966 ellecerit
2885 2915 2951 2966 ut
2973 2910 3124 2967 illius
3145 2911 3392 2968 homilia

1790 3001 2014 3073 publice
2034 3001 2095 3055 in
2125 3000 2402 3066 Ecclesiis,
2425 3016 2492 3054 eo
2520 3000 2581 3054 in
2608 3000 2744 3054 vivis
2769 2999 3043 3054 existente
3069 2998 3394 3070 legerentur

116 3088 213 3157 ptis
242 3092 313 3146 ad
338 3092 575 3147 verbum
603 3093 952 3164 consignavit
979 3111 1125 3166 saepe
1162 3095 1311 3150 fatus
1339 3095 1700 3150 Malmesbur.
1724 3099 1767 3159 Ο
1789 3090 1937 3144 unde
1969 3095 2027 3144 et
2057 3088 2390 3143 venerabilis
2422 3104 2629 3143 nomen
2651 3093 2738 3143 est
2762 3087 3035 3159 adeptus;
3064 3096 3261 3143 verum
3290 3088 3392 3143 hu-

116 3176 176 3231 de
197 3179 346 3235 Gest.
371 3182 611 3252 Anglor.
653 3182 778 3236 libr.
819 3196 902 3247 ιιι,
933 3199 1054 3254 cap.
1089 3183 1289 3238 ultimo
1317 3202 1330 3252 ;
1366 3190 1423 3239 et
1449 3184 1548 3239 lib.
1582 3199 1602 3238 1
1631 3185 1711 3239 De

120 3269 353 3336 pontiﬁc.

176 3360 292 3423 34
305 3365 347 3425 ι
372 3360 415 3413 A
426 3362 689 3426 nglorum
715 3360 902 3412 doctor
918 3361 1079 3413 Beda.
1097 3359 1448 3415 Pranomine
1467 3362 1711 3415 Venera-

116 3441 247 3512 bilis,
293 3448 379 3502 vir
420 3448 687 3519 equidem
737 3448 1078 3502 admiranda
1127 3450 1458 3517 sanctitatis,
1499 3452 1708 3522 regula

116 3531 475 3593 Benedictina
515 3537 968 3608 religiOsissimus
998 3537 1340 3605 observator,
1374 3545 1544 3611 atque
1575 3556 1707 3594 eru-

119 3618 347 3677 ditorum
396 3625 653 3679 omnium
698 3625 786 3679 sui
834 3626 1020 3680 saculi
1069 3626 1231 3681 facile
1263 3627 1524 3698 princeps
1553 3628 1701 3683 fuit:

119 3724 291 3765 verum
338 3714 477 3785 quid
523 3713 593 3768 de
640 3714 823 3785 seipso
855 3715 931 3781 (in
963 3716 1112 3770 calce
1144 3716 1411 3770 nimirum
1446 3717 1707 3771 Historia

121 3799 490 3857 ecclesiastica
530 3803 715 3872 gentis
756 3804 1090 3874 Anglorum)
1120 3805 1191 3858 ad
1236 3811 1488 3875 posteros
1516 3810 1704 3859 trans-

124 3884 276 3954 misit,
316 3891 517 3945 audire
558 3908 670 3945 non
718 3891 909 3963 pigeat
944 3911 954 3944 :
993 3913 1014 3944 «
1049 3894 1202 3947 Beda
1238 3894 1338 3949 Dei
1378 3895 1619 3948 famulus
1647 3899 1705 3949 et

124 3975 396 4048 presbyter
432 3980 762 4034 monasterii
813 3981 1103 4035 beatorum
1139 3984 1520 4053 apostolorum
1550 3983 1701 4036 Petri

127 4067 177 4115 et
203 4064 376 4137 Pauli,
403 4069 553 4139 quod
581 4075 667 4123 est
690 4069 760 4123 ad
785 4070 1134 4124 Virimudam
1159 4076 1217 4124 et
1244 4063 1571 4141 Ingiruum':
1606 4073 1699 4143 qui

128 4157 276 4207 natus
303 4156 359 4210 in
387 4157 675 4212 territorio
705 4159 953 4228 ejusdem
989 4160 1337 4228 monasterii,
1369 4177 1495 4214 cum
1523 4177 1704 4215 essem

128 4253 382 4300 annorum
417 4253 656 4317 septem,
708 4264 843 4301 cura
894 4249 1336 4319 prOpinquorum
1385 4250 1550 4304 datus
1578 4266 1704 4304 sum

131 4327 429 4390 educandus
444 4336 768 4389 Reverendo
789 4335 975 4390 abbati
1001 4337 1299 4391 Benedicto
1315 4341 1704 4408 (cognomento

1787 3178 2039 3250 jusmodi
2070 3178 2236 3233 titulo
2273 3181 2539 3232 ornatum
2566 3193 2847 3248 nusquam
2891 3176 3042 3248 apud
3080 3181 3391 3233 coataneos

1792 3268 2091 3339 scriptores
2121 3267 2414 3338 repetitur,
2439 3266 2526 3321 uti
2553 3267 2828 3321 Baronius
2847 3267 3051 3322 Annal.
3076 3266 3271 3321 eccles.
3293 3258 3392 3320 ubi

1791 3375 1965 3430 supra
1991 3362 2249 3413 accurate
2278 3362 2606 3429 pertractat.

1859 3448 2166 3515 Augustini
2182 3449 2365 3515 primi
2392 3447 2819 3503 Dorobemensis
2842 3448 3092 3515 episcopi.
3116 3462 3143 3499 α
3165 3445 3246 3502 De
3266 3463 3393 3505 san-

1790 3541 1879 3590 cto
1907 3535 2223 3606 Augustino
2247 3535 2414 3606 (quod
2434 3534 2693 3590 observat
2713 3534 3071 3590 doctissimus
3096 3528 3259 3607 Hugo
3279 3536 3392 3591 Me-

1789 3624 2025 3691 nardus)
2058 3624 2368 3694 Anglorum
2408 3624 2661 3695 apostolo
2691 3639 2805 3678 non
2833 3623 2924 3678 hic
2961 3624 3390 3695 praetermitten-

1788 3714 1923 3767 dum
1953 3713 2143 3767 censui
2176 3712 2459 3782 insignem
2488 3713 2672 3767 locum
2709 3712 2970 3784 Aimoyni
2998 3712 3386 3781 Floriacensis,

1786 3801 1844 3855 in
1874 3801 2005 3854 Vita
2030 3801 2087 3855 S.
2119 3800 2368 3856 Abbonis
2388 3817 2510 3872 cap.
2532 3799 2590 3867 4,
2623 3817 2733 3871 quo
2758 3800 3151 3871 praedicatores
3180 3796 3238 3855 in
3270 3803 3389 3857 An-

1782 3889 1954 3961 gliam
1977 3908 2012 3943 a
2031 3890 2088 3945 S.
2113 3890 2389 3960 Gregorio
2409 3890 2612 3943 missos
2630 3888 2880 3943 addictos
2902 3889 3110 3959 regula
3133 3890 3189 3944 S.
3215 3889 3389 3959 Bene-

1785 3978 1918 4033 dicti
1934 3979 2407 4033 testatur.Eadem
2420 3978 2625 4049 quippe
2642 3975 2794 4032 natio
2814 3977 2905 4043 (de
2914 3977 3110 4047 Anglis
3127 3978 3380 4049 loquens)

1785 4069 1857 4122 ad
1886 4084 2137 4122 amorem
2170 4067 2354 4121 Patris
2399 4066 2576 4120 nostri
2608 4065 2895 4119 Benedicti
2940 4065 3238 4120 memorati
3279 4066 3387 4120 loci

1786 4156 2003 4211 duabus
2055 4172 2120 4209 ex
2161 4156 2343 4210 causis
2393 4155 2633 4209 maxime
2684 4154 2935 4209 accessit.
2983 4153 3107 4209 Una
3126 4153 3382 4227 quidem,

1787 4246 1920 4316 quia
1948 4246 2004 4300 S.
2056 4261 2200 4315 papa
2243 4244 2547 4314 Gregorius
2587 4242 2772 4298 missis
2801 4243 2873 4297 ad
2902 4259 3027 4298 eam
3055 4249 3386 4299 converten-

1787 4335 1916 4388 dam
1939 4333 2068 4388 ﬁdei
2095 4333 2303 4388 Christi
2328 4332 2785 4404 praedicatoribus
2807 4332 3060 4404 ejusdem
3081 4332 3270 4388 dilecti
3290 4333 3391 4388 do-

131 4414 362 4493 Biscopo)
414 4441 483 4479 ac
521 4424 722 4479 deinde
771 4425 1064 4490 Ceolfrido,
1113 4433 1489 4498 cunctumque
1531 4442 1599 4481 ex
1640 4414 1927 4481 eoDmini
1960 4422 2244 4476 Benedicti
2272 4425 2528 4493 regulam
2549 4421 2953 4477 observandam
2981 4422 3276 4495 specialius
3304 4423 3390 4477 in-

131 4507 331 4579 tempus
375 4513 503 4566 vita
546 4513 798 4583 ejusdem
841 4515 1167 4568 monasterii
1210 4514 1556 4569 habitatione
1586 4531 1710 4587 per-

132 4606 304 4664 agens,
333 4616 556 4655 omnem
587 4601 924 4655 meditandis
961 4603 1268 4674 Scripturis
1298 4620 1524 4675 operam
1557 4603 1706 4669 dedi,

135 4686 284 4753 atque
326 4689 477 4744 inter
521 4688 931 4744 observantiam
981 4692 1289 4762 disciplina
1327 4693 1620 4764 regularis,
1655 4697 1713 4746 et

139 4774 499 4840 quotidianam
529 4779 791 4834 cantandi
811 4779 868 4833 in
891 4780 1135 4834 Ecclesia
1153 4797 1346 4835 curam
1370 4798 1594 4852 semper
1612 4786 1713 4834 aut

142 4857 348 4933 discere,
378 4873 478 4923 aut
507 4869 724 4933 docere,
749 4875 849 4923 aut
870 4868 1113 4923 scribere
1140 4869 1301 4923 dulce
1329 4870 1520 4924 habui.
1548 4871 1709 4924 Nono

145 4945 333 5008 decimo
353 4964 542 5011 autem
564 4956 687 5010 vita
710 4972 845 5009 mea
862 4973 1009 5010 anno
1032 4956 1411 5023 diaconatum,
1431 4958 1712 5012 tricesimo

144 5039 355 5103 gradum
393 5044 831 5118 presbyteratus,
863 5051 1164 5116 utrumque
1206 5062 1308 5116 per
1337 5046 1711 5101 ministerium

58 5194 71 5207 ι
149 5122 587 5189 Reverendissimi
625 5135 877 5200 Joannis,
907 5133 1140 5204 jubente
1185 5135 1460 5189 Ceolfrido
1490 5136 1711 5200 abbate,

150 5218 358 5288 suscepi.
397 5222 474 5276 Ex
500 5237 610 5292 quo
638 5226 889 5292 tempore
930 5222 1141 5291 accepti
1172 5221 1592 5294 presbyteratus
1620 5239 1716 5276 us-

154 5306 318 5367 ‘lUGad
340 5326 548 5364 annum
569 5309 750 5364 atatis
770 5326 907 5364 mea
928 5310 1456 5381 quinquagesimum
1481 5327 1713 5377 nonum,

155 5386 255 5446 hac
280 5394 615 5471 Scripturam
663 5405 915 5453 sanctam
959 5416 1098 5454 mea
1129 5416 1494 5470 meorumque
1528 5416 1717 5453 neces-

159 5476 309 5552 sitati,
322 5503 382 5542 ex
399 5488 677 5560 opusculis
699 5486 1100 5542 venerabilium
1117 5488 1347 5542 Patrum
1368 5487 1610 5542 breviter
1628 5487 1723 5541 ad-

164 5574 353 5645 notare,
371 5578 481 5634 sive
500 5578 671 5633 etiam
689 5577 760 5632 ad
787 5576 1026 5632 formam
1050 5592 1266 5645 sensus,
1299 5582 1357 5632 et
1385 5577 1724 5649 interpreta-

1791 4511 2044 4566 culcavit.
2086 4531 2108 4562 ι
2143 4511 2229 4566 Ita
2272 4511 2574 4567 Menardus
2622 4512 2770 4567 notis
2810 4513 2882 4566 ad
2924 4512 3388 4585 Martyrologium

1793 4598 2215 4653 Benedictinum
2242 4597 2313 4652 ad
2351 4614 2423 4654 v11
2455 4598 2693 4653 Kalend.
2716 4599 2915 4654 Iunias
2969 4598 3178 4655 Verum
3208 4601 3389 4655 enim-

1792 4705 1923 4742 vcro
1956 4687 2186 4758 pr0pius
2214 4687 2497 4759 latiusque
2536 4704 2653 4741 rem
2688 4688 2836 4742 haud
2869 4688 3088 4743 minimi
3117 4690 3391 4745 momenti

1794 4793 1904 4830 non
1936 4775 2033 4829 abs
2063 4791 2124 4829 re
2154 4775 2261 4829 erit
2285 4774 2580 4846 inspicere,
2613 4775 2892 4830 discutere
2931 4793 2996 4830 ac
3025 4776 3392 4833 dubitationis

1794 4864 2053 4919 tenebras
2080 4880 2181 4936 pro
2208 4863 2417 4918 viribus
2443 4880 2479 4916 a
2505 4862 2788 4918 mentibus
2807 4870 3067 4920 excutere
3095 4867 3391 4921 nonnullo-

1794 4971 1919 5009 rum
1957 4972 1969 5007 :
2005 4954 2102 5008 sed
2139 4953 2272 5024 quia
2298 4952 2535 5029 nimium
2567 4950 2670 5006 sibi
2694 4952 2751 5005 in
2779 4954 3007 5025 propria
3035 4969 3204 5009 causa
3231 4972 3393 5010 arro-

1793 5059 1929 5114 gare
1945 5042 2180 5114 quisque
2195 5042 2501 5113 judicatur,
2519 5047 2805 5095 auctorem
2824 5042 3069 5113 Anglum
3083 5043 3394 5115 producere

1797 5133 1961 5204 (puta
2014 5133 2174 5202 cujus
2222 5130 2363 5185 nihil
2414 5130 2669 5199 interest)
2719 5134 2912 5202 aptum
2968 5147 3393 5207 congruumque

1800 5219 2130 5284 existimavi,
2188 5220 2490 5274 Seldenum
2536 5218 2809 5290 intelligo,
2859 5218 2955 5291 qui
3003 5219 3063 5274 in
3117 5222 3267 5277 notis
3324 5224 3394 5278 ad

1800 5310 2061 5364 Eadmeri
2111 5309 2405 5363 historiam
2444 5306 2646 5379 probat
2690 5308 2926 5362 feliciter
2962 5309 3100 5364 satis
3149 5310 3221 5382 (si
3260 5312 3397 5383 quid

1796 5398 2007 5468 judico)
2046 5396 2205 5450 illum
2235 5396 2417 5467 ipsum
2456 5394 2833 5465 Augustinum
2864 5401 3022 5451 extra
3050 5396 3282 5454 dubium
3312 5401 3399 5455 fa-

1805 5486 1972 5541 milia
1992 5485 2355 5540 benedictina
2384 5483 2602 5538 dedisse
2624 5500 2846 5539 nomen.
2869 5485 2939 5540 Et
2965 5485 3147 5558 primo
3173 5486 3401 5561 quidem

1808 5592 1872 5630 cx
1906 5573 2204 5630 Guillelmo
2237 5573 2594 5631 Malmesbur.
2624 5573 2682 5629 in
2712 5590 2817 5630 ms.
2845 5575 3034 5633 codice
3058 5577 3127 5634 de
3148 5566 3405 5654 Antiqui-
