3892 6364
500 304 608 366 567
1699 306 1936 364 DOMNI
1974 307 2182 364 LUCJE
2217 308 2588 370 DACHERII.
3693 310 3809 369 568

500 426 714 490 tatibus
734 431 996 489 Ecclesia
1020 430 1431 487 Glastoniensis
1456 448 1469 484 :
1499 449 1522 483 ι
1555 430 1701 485 Hinc
1727 431 1931 503 (inquit
1954 431 2467 501 Guil-Amonachi,
2509 435 2912 491 monachorum
2966 452 3197 506 gregem
3244 435 3349 491 sibi
3397 436 3701 502 associent,
3744 443 3808 491 et

500 523 618 593 lel.)
653 527 784 595 post
826 522 1129 576 adventum
1158 520 1460 592 Augustini
1499 521 1558 575 in
1589 521 1824 576 diversis
1854 523 1990 577 locis
2014 540 2106 577 or-
2191 539 2383 577 eorum
2425 524 2597 578 vitam
2635 526 2999 580 sanctitatum
3030 525 3281 579 moribus
3325 532 3617 580 exornent.
3663 527 3805 590 Qua

505 611 778 667 dinantur
794 610 957 665 sedes
973 609 1331 681 episcopales,
1346 613 1754 664 construuntur
1768 611 2110 666 monasteria
2190 616 2383 666 nostra
2413 612 2656 679 decreta,
2681 614 2727 667 si
2757 614 2883 684 quis
2911 630 3296 668 successorum
3323 620 3664 680 vestrorum,
3684 615 3805 668 sive

507 699 817 757 secundum
840 699 903 753 B.
928 697 1112 753 Patris
1129 697 1415 752 Benedicti
1441 698 1693 768 regulam
1725 698 1841 752 Deo
1865 699 2109 754 militan-
2191 715 2407 770 regum,
2445 701 2560 754 sive
2577 701 2985 773 episc0porum,
3020 702 3501 768 c1ericorum,sive
3519 703 3803 756 laicorum

506 789 607 856 tia,
621 788 703 842 ita
721 792 786 842 ut
803 787 1068 857 posteain
1085 792 1254 856 gente
1273 786 1582 857 Anglorum
1596 786 1735 840 nulli
1751 787 2108 857 reperiantur
2187 788 2349 842 irrita
2410 789 2593 843 facere
2638 791 2958 856 tentaverit,
3009 807 3042 844 a
3097 791 3349 862 principe
3410 791 3806 862 apostolorum

505 875 787 941 monachi,
803 874 938 946 quin
956 874 1164 929 fuerint
1180 874 1537 928 B.Benedicti
1554 874 1829 945 Regulam
1847 878 2100 947 professi.
2187 877 2355 932 Petro
2384 883 2442 932 et
2482 895 2518 932 a
2557 879 2772 933 cunctis
2812 859 3371 934 successoribussuis
3414 859 3809 933 anathematis

507 964 647 1023 Inde
673 963 762 1018 his
791 962 1139 1034 temporibus
1160 962 1219 1017 in
1240 962 1581 1017 monasterio
1602 963 1978 1019 Glastoniensi
2002 983 2106 1020 coe-
2188 965 2454 1020 vocabulo
2498 968 2763 1039 [vinculo]
2816 969 3123 1039 subjaceat,
3179 968 3363 1039 quoad
3409 984 3609 1040 usque,
3647 969 3808 1038 quod

504 1054 590 1128 pit
613 1052 797 1125 primo
822 1051 1016 1107 eadem
1042 1051 1239 1122 regula
1269 1051 1531 1118 exerceri,
1558 1052 1706 1122 quod
1737 1054 1894 1125 prius
1922 1053 2108 1108 fuerat
2187 1055 2488 1108 temerario
2523 1072 2664 1110 ausu
2696 1057 2932 1128 peregit,
2969 1056 3208 1112 Domino
3238 1057 3444 1127 placita
3463 1057 3810 1110 satisfactio—

505 1158 665 1198 more
695 1138 1074 1196 coenobiorum
1094 1139 1342 1212 )Egypti.
1370 1158 1394 1191 ι
1416 1159 1438 1192 ι
1470 1141 1594 1206 Qua
1612 1141 1681 1195 de
1700 1158 1761 1195 re
1788 1143 2033 1208 consule,
2059 1143 2107 1197 si
2188 1158 2258 1197 ne
2289 1144 2577 1214 poeniteat,
2610 1150 2668 1199 et
2693 1147 2861 1215 hujus
2889 1145 3297 1217 inquietudinis
3317 1161 3503 1199 veram
3529 1145 3813 1199 emenda-

506 1230 709 1302 placet,
728 1227 1506 1299 HenricumVendenzypium
1521 1228 1580 1282 in
1600 1234 1746 1300 part.
1765 1230 1910 1284 Inde
1928 1231 2108 1286 Mona—
2188 1232 2394 1286 tionem
2428 1233 2612 1287 faciat.
2650 1251 2676 1287 ι)
2718 1252 2740 1287 κ
2778 1235 2889 1287 Aut
2942 1234 3117 1305 igitur
3162 1234 3362 1305 prima,
3406 1236 3566 1303 cujus
3600 1240 3809 1288 auctor

508 1320 646 1376 stico
667 1318 862 1373 ordine
893 1318 950 1372 S.
980 1316 1241 1388 Gregorii
1269 1332 1391 1389 cap.
1425 1318 1476 1383 5,
1509 1322 1681 1388 atque
1710 1317 1888 1373 fusius
1915 1319 2108 1390 dispu-
2189 1321 2558 1391 Augustinus,
2600 1322 2954 1377 institutione
2983 1322 3310 1376 sodalitium
3356 1323 3527 1393 hujus
3556 1323 3808 1377 coenobii

508 1413 595 1464 tat
617 1408 712 1463 ille
731 1406 790 1461 in
811 1406 1065 1477 ejusdem
1089 1405 1219 1459 libri
1239 1409 1386 1476 part.
1412 1422 1470 1472 Il,
1503 1422 1623 1477 cap.
1646 1404 1697 1471 4,
1721 1407 1790 1460 de
1810 1408 2110 1477 Augustini
2193 1413 2317 1462 erat
2363 1410 2745 1480 Equitianum,
2791 1417 2890 1466 aut
2924 1411 3370 1466 Benedictinum.
3413 1413 3611 1482 Neque
3644 1413 3806 1466 enim

505 1496 686 1554 nostri
713 1495 947 1562 familia,
975 1510 1144 1565 quam
1165 1493 1316 1548 haud
1346 1494 1514 1548 aliam
1539 1494 1709 1549 fuisse
1737 1501 1940 1567 prater
1959 1514 2105 1563 eam,
2193 1497 2529 1553 dubitatura
2548 1500 2787 1554 Baronio
2804 1501 2937 1570 quin
2960 1506 3017 1555 et
3035 1501 3383 1571 Augustinus
3404 1505 3461 1553 et
3486 1501 3804 1570 Gregorius

506 1585 569 1641 in
598 1602 712 1658 qua
736 1589 991 1639 sacratus
1016 1588 1140 1636 erat
1169 1583 1227 1637 S.
1274 1581 1599 1653 Gregorius,
1631 1587 1733 1649 est,
1769 1589 1924 1655 puto,
1958 1586 2108 1656 apud
2193 1586 2476 1657 Equitiani
2503 1593 2708 1654 essent,
2731 1589 2778 1642 si
2808 1606 2920 1643 non
2947 1588 3382 1644 Benedictini.Si
3410 1589 3597 1660 primo
3619 1590 3803 1660 Equi-

511 1690 707 1730 omnes
736 1672 1097 1727 inconfesso:
1127 1671 1299 1726 etiam
1319 1671 1439 1743 ipse
1463 1671 1768 1742 Gregorius
1787 1673 1922 1727 satis
1942 1679 2110 1728 testa-
2130 1744 2165 1749 _
2191 1675 2407 1730 tianum
2432 1676 2647 1742 fuisset,
2671 1695 2963 1732 necessum
2985 1679 3150 1749 plane
3169 1685 3294 1732 erat
3313 1683 3376 1732 ut
3402 1679 3630 1732 novatio
3651 1678 3701 1748 ej
3711 1696 3804 1732 us-

512 1768 610 1819 tur
626 1762 725 1817 lib.
743 1776 838 1827 vn,
859 1760 1022 1833 epist.
1039 1759 1368 1827 843114,
1385 1760 1456 1814 ad
1471 1760 1766 1832 Syagrium
1785 1761 2107 1833 episcopum
2129 1744 2176 1804 B
2194 1765 2345 1830 modi
2379 1767 2736 1836 postmodum
2768 1744 3074 1831 accederet,
3109 1784 3231 1838 qua
3268 1767 3326 1820 in
3365 1744 3801 1821 Benedictinum

510 1850 1099 1923 Augustodunensem,
1113 1848 1210 1904 ubi
1220 1849 1598 1920 Augustinum
1622 1852 1902 1921 quondam
1923 1870 2111 1908 mona—
2192 1856 2703 1907 transmutaret.At
2718 1871 2829 1908 non
2848 1855 3013 1908 modo
3034 1854 3173 1909 nihil
3195 1854 3469 1924 ejusmodi
3485 1854 3797 1925 reperitur,

511 1941 672 1998 sterii
713 1940 826 1995 mei
856 1937 1217 2011 prapositum
1263 1943 1435 1992 vocat.
1474 1940 1550 1993 At
1585 1939 1960 2011 Equitianam,
2001 1960 2110 1998 non
2193 1941 2291 1995 sed
2319 1942 2376 1994 in
2405 1940 2536 2012 ipsis
2564 1943 2733 1996 etiam
2760 1943 3113 1997 incunabulis
3141 1959 3176 1996 a
3196 1944 3315 2013 jam
3337 1943 3484 1996 dicto
3507 1943 3800 1999 Bonifacio

512 2028 935 2085 Benedictinam
947 2026 1487 2099 Gregoriifamiliam
1501 2027 2105 2098 fuissevultBaronius,
2194 2031 2470 2099 sancitur;
2503 2036 2568 2085 ut
2596 2032 2853 2086 monachi
2885 2032 2985 2095 (sic
3003 2038 3134 2086 ante
3153 2032 3378 2102 legitur)
3403 2032 3500 2103 qui
3520 2029 3598 2085 ibi
3632 2037 3804 2087 erant

513 2123 684 2190 atque
727 2118 794 2185 is,
826 2117 886 2172 ni
934 2110 1115 2183 fallor,
1150 2116 1253 2171 hoc
1287 2116 1504 2187 primus
1532 2118 1725 2185 voluit,
1758 2125 1816 2174 et
1844 2122 2110 2192 receptis-
2194 2118 2263 2172 ab
2304 2120 2619 2189 Augustino
2664 2119 2929 2187 instituti,
2961 2120 3367 2175 monachorum
3413 2119 3517 2173 sibi
3554 2135 3800 2189 gregem

513 2207 670 2263 sima
714 2207 1009 2262 vetustatis
1051 2205 1344 2261 sententia
1379 2206 1606 2260 demum
1638 2208 1909 2279 refragari
1940 2226 2111 2265 ausus

512 2301 619 2364 est,
653 2296 854 2351 ductus
882 2294 1152 2350 nimirum
1191 2294 1528 2366 conjecturis
1565 2313 1669 2351 nec
1697 2314 1831 2352 sane
1859 2304 2111 2353 contem-

513 2385 736 2451 nendis,
777 2401 881 2439 nec
908 2384 1100 2455 magni
1145 2400 1280 2438 sane
1320 2384 1603 2456 ponderis.
1645 2385 1872 2441 Videbis
1902 2388 2106 2442 Annal.

512 2480 654 2530 tom.
683 2473 836 2540 VIII,
870 2472 974 2527 sub
1005 2489 1152 2526 anno
1180 2472 1340 2540 1096,
1375 2478 1433 2527 et
1459 2490 1580 2545 qua
1621 2474 1679 2527 in
1727 2491 1854 2528 eum
1889 2476 2111 2547 scripsit

511 2562 944 2634 Vandenzypius
970 2561 1106 2616 locis
1129 2563 1249 2633 jam
1279 2561 1463 2616 dictis.
1486 2563 1690 2616 Fateor
1719 2564 1868 2634 apud
1896 2571 2110 2620 veteres

512 2668 707 2709 rerum
741 2656 1062 2706 nostrarum
1093 2651 1573 2705 consarcinatores
1602 2652 1836 2706 minime
1862 2653 2107 2718 disertis,

511 2743 562 2798 si
599 2741 744 2797 bene
780 2740 1030 2806 memini,
1065 2739 1251 2795 verbis
1278 2739 1484 2794 alicubi
1519 2740 1706 2795 doceri
1734 2742 2109 2813 Augustinum

512 2848 579 2887 ex
605 2830 864 2886 sodalitio
892 2829 1065 2885 fuisse
1104 2829 1489 2896 Benedictino,
1530 2830 1628 2883 sed
1656 2831 1883 2901 pracise
1911 2848 2109 2894 mona-

510 2922 677 2977 chum
731 2920 1002 2974 duntaxat
1040 2918 1229 2973 vocari
1272 2918 1493 2990 sapius.
1525 2919 1596 2973 Et
1621 2920 2021 2990 Augustinum,
2055 2930 2113 2978 et

2193 2208 2553 2275 associarent,
2587 2214 2645 2263 et
2692 2225 2883 2263 eorum
2926 2210 3098 2263 vitam
3138 2208 3498 2263 sanctitatum
3538 2208 3799 2262 moribus

2193 2303 2530 2352 exornarent
2556 2317 2568 2365 ;
2604 2304 2660 2352 et
2690 2315 2760 2352 ne
2785 2299 2910 2370 quis
2931 2301 3159 2353 omnino
3189 2298 3404 2352 sancito
3429 2297 3512 2352 illi
3535 2297 3801 2351 adversa-

2192 2391 2375 2453 retur;
2408 2387 2739 2457 gravissima
2764 2392 2989 2441 cautum
3015 2393 3103 2441 est
3128 2386 3590 2441 interminatione
3614 2406 3626 2441 :
3665 2403 3733 2441 ac
3753 2386 3800 2441 si

2187 2476 2450 2546 jussisset
2477 2493 2670 2530 omnes
2696 2478 2948 2547 ejusdem
2978 2476 3221 2542 familia,
3245 2477 3495 2546 ejusdem
3521 2475 3792 2539 sodalitii,

2193 2580 2303 2635 quo
2331 2564 2576 2635 primum
2606 2566 2833 2619 fuerant
2858 2564 3120 2631 instituti,
3165 2569 3222 2618 et
3257 2580 3483 2627 nomen,
3516 2568 3576 2617 et
3605 2579 3797 2617 mores

2192 2659 2464 2725 perpetuo
2512 2653 2590 2707 ibi
2636 2670 2879 2707 servare.
2913 2654 3108 2724 Neque
3137 2670 3272 2707 sane
3318 2653 3427 2707 nisi
3456 2668 3614 2706 mere
3652 2652 3799 2706 ﬁctis

2191 2740 2450 2795 habenda
2491 2742 2564 2796 sit
2608 2742 2762 2809 fides,
2807 2747 2907 2795 aut
2952 2742 3265 2796 novationis
3300 2741 3645 2812 hujusmodi,
3697 2746 3801 2795 aut

2189 2830 2453 2897 nominis,
2484 2836 2584 2886 aut
2610 2848 2820 2886 norma
2847 2831 3338 2886 transmutationis
3366 2830 3666 2900 vestigium
3699 2829 3801 2884 ali-

2194 2920 2342 2991 quod
2381 2908 2576 2973 exstat.
2623 2921 2745 2984 Qua
2780 2920 2848 2974 de
2886 2936 2947 2974 re
2979 2920 3277 2990 diligenter
3322 2920 3496 2973 etiam
3535 2920 3798 2973 consului

510 3007 651 3063 alios
676 3008 867 3080 plures
887 3023 1014 3061 cum
1035 3022 1102 3061 eo
1130 3005 1433 3060 monachos
1450 3005 1689 3076 legimus
1708 3009 1856 3078 apud
1877 3010 2106 3077 Bedam,
2128 3059 2167 3080 Π
2192 3008 2413 3063 tabulas
2440 3009 2558 3079 jam
2582 3008 2716 3063 dicti
2738 3008 2995 3075 canobii,
3017 3008 3115 3062 ubi
3141 3025 3309 3079 quam
3340 3008 3586 3079 plurima
3615 3025 3799 3080 eaque

510 3113 679 3169 quem
728 3096 981 3168 plerique
1020 3100 1357 3166 sequuntur.
1393 3095 1461 3149 In
1500 3094 1790 3149 veritatem
1835 3098 2108 3154 Chronico
2127 3094 2169 3118 υ
2190 3097 2571 3151 vetustissima
2599 3098 2928 3168 pontificum
2948 3098 3345 3157 instrumenta,
3371 3096 3573 3167 quibus
3605 3098 3798 3152 muni-

510 3184 784 3240 Saxonico
809 3200 913 3238 ms.
949 3183 1054 3240 sub
1081 3199 1230 3238 anno
1260 3180 1431 3240 1096:
1471 3202 1494 3234 ι
1528 3204 1550 3234 ι
1581 3184 1698 3238 Hoc
1725 3201 1872 3239 anno
1902 3186 2111 3259 Grego-

509 3273 629 3328 rius
669 3289 816 3344 papa
843 3273 904 3326 in
935 3272 1285 3326 Britanniam
1314 3271 1468 3326 misit
1504 3272 1882 3343 Augustinum
1910 3292 2109 3331 mona-

509 3362 699 3429 chum,
722 3377 850 3416 cum
881 3359 1310 3433 quamplurimis
1341 3361 1647 3427 monachis,
1673 3363 1768 3433 qui
1787 3364 2108 3435 Anglicana

507 3449 669 3524 genti
696 3448 924 3505 verbum
944 3450 1047 3504 Dei
1076 3449 1464 3521 praedicarent.
1501 3469 1524 3501 ι
1553 3466 1581 3501 α
1611 3451 1806 3522 Neque
1829 3452 2012 3520 aliter,
2037 3455 2107 3509 ad

506 3540 654 3595 hanc
682 3555 800 3594 rem
852 3539 1192 3594 mentionem
1239 3538 1489 3610 ejusdem
1534 3539 1655 3593 ﬁeri
1706 3540 1856 3612 apud
1893 3548 2108 3598 veteres

507 3628 749 3701 reperio.
790 3629 898 3685 Sed
944 3628 1173 3683 interim
1200 3626 1256 3681 τό
1286 3628 1613 3695 monachus,
1643 3629 1854 3684 nullius
1881 3630 2108 3687 familiae

506 3719 914 3790 nota‘adjecta,
955 3718 1024 3773 de
1054 3718 1123 3773 iis
1165 3718 1260 3790 qui
1308 3718 1456 3790 apud
1502 3720 1745 3789 majores
1790 3726 2011 3777 nostros
2041 3739 2105 3776 eo

508 3809 737 3866 nomine
766 3814 1171 3877 memorantur,
1192 3809 1404 3864 dictum
1431 3826 1671 3883 semper,
1696 3811 1804 3866 nisi
1833 3814 2106 3868 memoria

507 3915 601 3953 me
653 3899 831 3967 fallat,
882 3898 1307 3954 Benedictinum
1357 3899 1782 3971 interpretatur,
1823 3899 1906 3954 uti
1956 3903 2105 3973 apud

507 3986 728 4043 Gracos
758 3987 873 4043 fere
919 3987 1286 4042 Basilianum.
1323 3988 1552 4042 Accedit
1580 3987 1747 4042 etiam
1777 3988 2012 4043 coenobii
2045 3991 2098 4045 S.

508 4075 812 4132 Salvatoris
867 4076 1182 4132 Cantuaria
1224 4076 1435 4131 incolas
1472 4076 1848 4131 Benedictina
1877 4077 2104 4133 familia

508 4165 679 4220 etiam
709 4164 780 4218 ab
821 4165 960 4237 ipsis
1005 4164 1359 4220 incunabulis
1402 4182 1626 4236 semper
1655 4165 1805 4237 apud
1841 4182 1945 4220 nos
1982 4184 2103 4222 esse

2189 3190 2313 3240 tum
2338 3191 2440 3251 est,
2476 3187 2795 3257 comperio;
2831 3187 3151 3257 hujusmodi
3193 3203 3321 3240 vero
3357 3188 3797 3242 transmutatio-

2191 3274 2278 3328 nis
2322 3291 2504 3345 neque
2547 3276 2727 3329 volam
2768 3276 3074 3346 comperio,
3116 3292 3299 3347 neque
3346 3275 3677 3346 vestigium.
3728 3278 3799 3332 Et

2189 3364 2393 3419 videsis
2473 3364 2803 3419 Ordericum
2866 3366 3145 3430 Vitalem,
3229 3364 3440 3418 Histor.
3506 3364 3791 3420 ecclesiat.

2187 3452 2286 3506 lib.
2357 3468 2429 3520 Iv,
2493 3471 2625 3524 pag.
2675 3453 2778 3509 516
2818 3459 2875 3508 et
2930 3453 3055 3511 51⁸7,
3106 3455 3183 3508 At
3235 3469 3363 3507 vero
3409 3452 3457 3507 si
3494 3452 3696 3524 primis
3736 3454 3796 3509 in

2189 3540 2365 3596 initiis
2406 3542 2833 3597 Benedictinum
2869 3547 3015 3597 esset
3051 3541 3364 3597 canobium
3395 3541 3552 3607 illud,
3590 3542 3794 3596 eadem

2188 3630 2310 3701 ipsa
2348 3632 2786 3702 argumentandi
2831 3631 2995 3695 ratio,
3028 3648 3140 3702 qua
3192 3631 3252 3685 in
3292 3630 3630 3700 conjecturis
3674 3632 3793 3686 suis

2188 3719 2257 3773 de
2287 3721 2557 3791 Gregorio
2588 3738 2725 3776 usus
2755 3727 2841 3775 est
2869 3720 3163 3786 Baronius,
3198 3719 3578 3790 Augustinum
3609 3720 3794 3775 Bene-

2188 3808 2411 3863 dictina
2456 3809 2682 3863 familia
2712 3808 2882 3863 fuisse
2923 3809 3353 3863 demonstraret.
3387 3808 3583 3878 Neque
3634 3808 3790 3862 enim

2187 3897 2408 3953 dubitat
2453 3897 2572 3968 ipse
2610 3898 2746 3968 quin
2803 3897 3075 3968 ejusmodi
3128 3896 3299 3951 fuerit
3354 3896 3607 3961 antistes,
3652 3913 3791 3966 qua-

2185 3988 2266 4042 les
2296 3988 2404 4059 ipsi
2433 3987 2652 4041 sodales
2680 3986 2748 4041 ab
2774 3987 3025 4040 antistite
3055 3986 3269 4040 adsciti.
3298 3985 3406 4040 Sed
3435 4001 3602 4055 porro
3632 3985 3788 4040 vide-

2184 4077 2300 4130 rint
2324 4078 2415 4130 hic
2443 4092 2683 4148 quorum
2706 4075 2959 4130 interest.
2990 4094 3015 4128 ))
3039 4076 3320 4129 Hactenus
3346 4073 3567 4128 Seldeni
3598 4071 3789 4127 obser-

2183 4166 2453 4229 vationes,
2487 4182 2626 4237 quas
2665 4164 2776 4219 huc
2805 4182 2869 4219 ex
2907 4166 3127 4236 integro
3161 4169 3383 4235 (prater
3410 4162 3657 4216 rationes
3687 4178 3784 4216 su-

504 4253 757 4319 habitos;
788 4254 987 4309 saltem
1011 4254 1149 4308 nihil
1167 4270 1459 4309 occurrere
1484 4255 1543 4308 in
1567 4254 1797 4309 vetustis
1819 4272 1941 4326 qua
1969 4255 2101 4310 huic
2181 4256 2371 4327 perius
2401 4255 2616 4324 allatas)
2644 4254 2954 4308 transferre
2990 4253 3172 4318 libuit,
3207 4253 3353 4324 quod
3383 4252 3469 4305 vix
3501 4267 3565 4305 ac
3593 4267 3667 4305 ne
3696 4250 3781 4304 vix

505 4343 829 4399 testimonio
844 4359 964 4397 esse
977 4348 1213 4414 possunt
1222 4343 1583 4398 monimentis
1595 4344 1742 4415 quod
1758 4345 1900 4398 alius
1915 4346 2000 4416 cuj
2010 4362 2098 4399 us-
2113 4337 2161 4396 D
2178 4345 2404 4417 quidem
2426 4348 2739 4398 occurrant.

502 4432 656 4506 piam
682 4431 908 4488 familia
935 4449 1142 4487 nomen
1165 4448 1417 4504 unquam
1451 4438 1551 4487 aut
1575 4432 1825 4488 induisse
1853 4450 1967 4499 eos,
2002 4438 2103 4488 aut

510 4522 747 4588 exuisse,
771 4526 871 4577 aut
897 4522 1115 4590 suadet,
1150 4528 1250 4577 aut
1277 4521 1508 4576 omnino
1529 4522 1735 4577 innuit.
1758 4523 1826 4578 Et
1847 4523 2101 4595 apprime

504 4610 617 4668 huc
649 4610 782 4664 facit
824 4611 964 4665 illud
998 4598 1270 4665 Bonifatii
1299 4611 1576 4682 pontiﬁcis
1602 4611 1841 4665 Romani
1871 4612 1928 4666 in
1960 4612 2104 4666 litte-

504 4700 585 4757 ris
613 4699 730 4755 suis
758 4700 828 4755 ad
860 4699 1243 4755 Ethelbertum
1275 4713 1287 4747 :
1324 4720 1346 4747 ιι
1385 4717 1411 4751 ε(
1452 4698 1557 4753 Fili
1592 4699 1852 4770 gloriose,
1894 4701 2098 4772 inquit,

511 4790 658 4863 quod
684 4789 753 4844 ab
783 4789 1092 4862 apostolica
1129 4788 1261 4842 sede
1299 4804 1401 4859 per
1427 4788 1813 4861 coepiscopum
1846 4796 2100 4844 nostrum

508 4879 785 4936 Mellitum
813 4877 1159 4951 postulastis,
1192 4876 1388 4932 libenti
1425 4878 1616 4932 animo
1638 4879 2013 4946 concedimus,
2048 4878 2102 4933 id

507 4974 596 5025 est
623 4973 688 5023 ut
713 4973 898 5022 vestra
923 4966 1240 5037 benignitas
1268 4966 1328 5020 in
1358 4967 1699 5022 monasterio
1728 4968 1788 5022 in
1828 4967 2105 5022 Dorober-

507 5058 671 5114 nensi
691 5057 915 5112 civitate
932 5054 1255 5122 constituto,
1276 5057 1423 5128 quod
1450 5057 1688 5113 Sanctus
1715 5057 1906 5111 doctor
1927 5063 2106 5111 vester

508 5147 859 5219 Augustinus
915 5146 1093 5200 beata
1130 5146 1414 5200 memoria
1471 5146 1726 5217 Gregorii
1773 5145 2100 5217 discipulus,

508 5237 688 5294 sancti
721 5235 1026 5292 Salvatoris
1069 5234 1282 5289 nomini
1324 5235 1687 5301 consecravit,
1727 5234 1815 5288 cui
1852 5234 1922 5289 ad
1959 5252 2102 5306 pra-

509 5344 639 5384 sens
666 5342 905 5400 praeesse
933 5324 1283 5394 dignoscitur
1301 5323 1696 5379 dilectissimus
1718 5322 1894 5376 frater
1913 5329 2105 5378 noster

507 5415 864 5483 Laurentius,
896 5413 1130 5469 licenter
1157 5430 1258 5485 per
1293 5413 1483 5468 omnia
1513 5412 1911 5466 monachorum
1947 5430 2105 5483 regu-

508 5505 706 5561 lariter
738 5503 1042 5559 viventium
1080 5503 1486 5558 habitationem
1533 5505 1763 5566 statuat,
1801 5503 2106 5572 apostolica

510 5592 845 5650 auctoritate
874 5593 1254 5661 decernentes,
1285 5596 1351 5649 ut
1375 5591 1485 5664 ipsi
1516 5589 1685 5646 vestri
1712 5589 2104 5663 pradicatores

2252 4435 2327 4488 At
2366 4450 2469 4504 ego
2511 4433 2652 4488 duos
2696 4432 3039 4504 antiquiores
3066 4432 3217 4486 inter
3245 4431 3383 4485 alios
3411 4434 3585 4484 testes
3616 4429 3778 4483 adhi-

2183 4522 2378 4584 buero,
2405 4540 2514 4594 quo
2534 4524 2600 4577 D.
2624 4522 2972 4593 Augustinus
3003 4521 3354 4592 apertissime
3384 4519 3780 4575 Benedictinus

2186 4613 2622 4668 demonstretur.
2657 4612 2880 4666 Primus
2923 4611 3107 4665 aderit
3136 4610 3351 4679 Anglus
3380 4610 3438 4664 S.
3470 4609 3780 4662 Adlielmus

2183 4700 2242 4772 (a
2268 4700 2406 4755 Ven.
2445 4700 2598 4755 Beda
2620 4699 3042 4754 commendatus
3076 4698 3163 4753 his
3193 4698 3421 4768 Anglor.
3466 4696 3543 4750 lib
3573 4712 3629 4761 v,
3656 4712 3776 4765 cap.

2189 4788 2269 4852 i9)
2302 4791 2450 4861 apud
2478 4789 2820 4861 Aymoinum
2850 4787 3259 4842 Floriacensem
3290 4802 3459 4840 serm.
3493 4785 3562 4839 de
3594 4784 3651 4839 S.
3686 4784 3782 4838 Be-

2185 4878 2424 4943 nedicto,
2458 4883 2586 4950 post
2630 4878 2776 4931 med.

2264 5005 2612 5073 Temporibus
2638 5003 2856 5070 faustus
2882 5002 3195 5055 Benedictus
3217 5002 3425 5054 claruit
3454 4999 3673 5052 iisdem.

2259 5096 2425 5162 Quem
2454 5094 2595 5147 Deus
2622 5094 2880 5147 Ausonia:
2908 5092 3144 5144 clemens
3165 5090 3473 5142 indulserat
3505 5092 3720 5141 auctor.

2186 5219 2400 5274 Deinde
2427 5224 2556 5289 post
2582 5217 2693 5270 alia
2723 5215 2946 5271 subdit:

2255 5328 2443 5380 Primo
2472 5327 2571 5394 qui
2597 5325 2795 5377 statuit
2826 5327 3024 5375 nostra:
3052 5322 3361 5375 certamina
3392 5322 3531 5385 vita,

2258 5415 2508 5483 Qualiter
2530 5417 2772 5482 optatam
2807 5414 3022 5465 teneant
3046 5411 3282 5465 σιεηοῦτά
3303 5424 3582 5473 normam,

2258 5505 2475 5571 Quoque
2500 5503 2655 5555 modo
2676 5505 2902 5570 propter
2930 5501 3133 5553 directo
3166 5501 3388 5552 tramite
3408 5503 3650 5563 sanctus,

2255 5592 2340 5648 Ad
2372 5606 2635 5662 superum
2680 5590 2971 5645 ascendens
2999 5588 3257 5645 calorum
3295 5589 3548 5642 culmina
3577 5590 3765 5642 cultor.
