3892 6354
106 340 217 398 569

1156 348 1234 402 ΙΝ
1273 348 1493 405 EPIST.
1542 350 1603 404 B.
1646 349 2061 406 LANFRANCI
2098 346 2331 404 ΝΟΤιΕ.

3270 329 3374 388 570

95 468 295 533 ⁸48
334 465 523 534 Hujus
584 466 961 523 alumnarum
1002 483 1242 524 numero
1296 474 1770 540 glomeranturA
1791 491 1918 547 pag.
1933 472 2142 531 62.Ubi
2176 470 2368 541 magni
2396 465 2657 537 Gregorii
2687 462 2906 534 epistol.
2939 460 3009 514 ad
3031 461 3088 514 S-
3113 457 3375 547 Anglis“

1429 561 1697 631 [ovanti/8,

174 643 325 709 Quos
342 646 493 714 gerit
508 644 567 697 in
579 647 795 714 gremio
810 648 1055 717 fecunda
1075 652 1383 704 Britannia
1404 651 1565 706 cives.

171 736 210 787 Α
232 748 342 803 quo
358 732 486 800 jam
506 734 666 787 nobis
681 736 957 803 baptismi
976 740 1179 801 gratia
1196 737 1389 806 ﬂuxit,

168 820 356 889 Atque
374 822 799 887 magistrorum
812 840 1056 878 venerati
1067 826 1139 878 da
1164 832 1391 880 caterva
1414 830 1696 882 cucurrit.

173 910 446 964 Sanctum
476 911 811 967 Adhelmum
862 913 1109 968 illustrat
1146 916 1421 969 secundus
1458 918 1700 971 Joannes

93 999 401 1059 Diaconus,
440 1000 601 1053 Italia
631 979 922 1068 driundus,
947 1004 1130 1057 Vitam
1160 1004 1480 1058 describens
1506 1007 1699 1075 magni

94 1087 359 1157 Gregorii
392 1087 492 1144 lib.
533 1103 605 1156 ιν,
633 1106 754 1160 cap.
788 1091 855 1145 82
881 1092 1043 1145 initio
1078 1111 1088 1145 :
1120 1111 1146 1144 α
1178 1094 1335 1156 Quod
1363 1110 1491 1147 vero
1512 1111 1702 1148 mona-

90 1175 184 1228 chi
214 1176 313 1246 qui
345 1193 379 1230 a
401 1177 670 1248 Gregorio
691 1179 848 1233 missi
878 1180 933 1233 S.
967 1180 1252 1235 Benedicti
1274 1183 1478 1252 regulae
1492 1182 1701 1237 fuerint

91 1265 428 1335 mancipati,
464 1266 612 1320 inter
639 1268 750 1321 alia
779 1268 946 1321 etiam
973 1269 1108 1322 illud
1150 1271 1412 1335 ostendit,
1448 1273 1595 1342 quod
1633 1288 1699 1325 ex

92 1352 277 1424 ipsius
334 1354 620 1426 discipulis
675 1356 760 1409 vix
816 1362 1003 1427 potest
1065 1357 1322 1415 inveniri.
1365 1376 1399 1413 a
1437 1376 1548 1430 quo
1585 1378 1700 1415 non

92 1440 449 1505 observetur,
477 1450 592 1498 tam
613 1444 669 1497 in
688 1446 971 1516 preposito
995 1464 1161 1517 quam
1185 1448 1242 1501 in
1269 1447 1484 1515 habitu,
1505 1451 1699 1520 regula

90 1529 410 1597 Benedicti,
439 1550 464 1584 ›)
489 1538 595 1585 etc.
660 1533 759 1588 His
802 1535 1015 1589 accedit
1064 1538 1210 1607 quod
1241 1538 1514 1592 Venerab.
1547 1540 1700 1594 Beda

89 1620 291 1689 (quem
312 1620 532 1689 legibus
551 1622 929 1695 Benedictinis
947 1626 1239 1679 astrictum
1262 1626 1483 1682 dubitat
1509 1632 1694 1693 nemo)

90 1707 327 1761 circiter
354 1710 462 1762 An.
491 1711 590 1764 Ch.
627 1711 748 1778 678,
792 1717 849 1766 et
888 1714 1069 1767 aetatis
1115 1716 1353 1785 septimo
1409 1721 1697 1771 tonsuram

1783 546 1921 619 num
1952 562 2271 618 Cantuarise
2304 556 2632 627 archiepisc.
2658 556 2981 608 recensetur
3012 566 3024 602 :
3058 567 3086 598 α
3112 548 3232 602 Tua
3258 546 3374 600 fra-

1783 653 2018 707 ternitas
2050 651 2252 720 (inquit
2273 649 2337 702 D.
2374 643 2698 716 Gregorium
2724 658 2837 697 non
2875 640 3058 694 solum
3088 636 3375 708 episcopos

1783 759 1923 813 quos
1950 738 2310 803 ordinaverit,
2344 751 2527 806 neque
2570 749 2665 787 eos
2708 727 3103 785 tantummodo
3143 724 3239 796 qui
3278 740 3378 794 per

1781 830 2049 885 Eburacae
2088 828 2405 899 episcopum
2471 821 2682 877 fuerint
2742 817 3006 881 ordinati,
3047 816 3144 870 sed
3203 813 3373 867 etiam

1782 935 1977 973 omnes
2026 916 2331 971 Britanniae
2368 912 2687 967 sacerdotes
2724 907 2930 962 habeat
2966 906 3101 970 Deo,
3135 902 3376 958 Domino

1781 1013 1975 1062 nostro
1992 1008 2020 1062 J
2026 1023 2123 1061 esu
2155 1005 2378 1059 Christo
2405 1007 2650 1063 auctore,
2672 997 2971 1067 subjectos.
3002 994 3293 1057 Quatenus
3308 1008 3376 1045 ex

1784 1097 1897 1150 vita
1923 1101 1979 1149 et
2015 1096 2203 1165 lingua
2231 1098 2340 1147 tuae
2370 1088 2683 1144 sanctitatis
2728 1092 2786 1140 et
2812 1090 2963 1139 recte
3000 1081 3283 1145 credendi,
3317 1084 3377 1134 et

1784 1184 1924 1239 bene
1971 1183 2188 1237 vivendi
2243 1196 2498 1235 normam
2554 1175 2883 1248 percipiant,
2910 1178 3079 1242 atque
3127 1169 3371 1224 officium

1780 1290 1945 1328 suum
1966 1274 2076 1327 fide
2102 1288 2167 1326 ac
2198 1270 2446 1323 moribus
2471 1270 2836 1337 exsequentes
2854 1263 2923 1317 ad
2955 1259 3222 1324 coelestia,
3243 1274 3371 1312 cum

1780 1363 2053 1416 Dominus
2088 1359 2341 1424 voluerit,
2366 1374 2541 1427 regna
2561 1355 2905 1426 pertingant.
2933 1371 2954 1402 ι
2978 1350 3036 1404 Si
3066 1350 3153 1403 cui
3182 1353 3370 1401 autem

1781 1449 2014 1505 dubium
2045 1449 2215 1503 fuerit
2245 1464 2355 1518 qua
2380 1446 2439 1499 in
2497 1444 2720 1498 civitate
2767 1442 2852 1495 vel
2904 1438 3136 1493 ecclesia
3181 1436 3372 1490 sedem

1780 1539 2135 1594 collocaverit
2152 1539 2214 1592 B.
2241 1529 3061 1606 Augustinus,consulatVitam
3094 1526 3368 1590 eamdem,

1780 1628 2129 1772 Pagieiirum
2154 1733 2308 1787 papae
2323 1715 2556 1769 alterius
2584 1712 2735 1767 orbis
2744 1709 2971 1765 nomine
2987 1705 3226 1761 ornabat
3240 1704 3371 1759 olim

95 1798 479 1852 monasticam
508 1800 611 1853 sub
638 1802 695 1855 S.
746 1803 1032 1857 Benedicti
1089 1812 1455 1875 cognomento
1482 1792 1764 1878 BiscopiB
1785 1807 1840 1861 S.
1869 1807 2197 1860 Anselmum
2254 1803 2716 1858 Cantuariensem
2757 1796 3236 1868 archiepiscopum
3266 1794 3374 1847 Ur-

93 1886 400 1957 disciplina
417 1890 756 1959 susceperit;
790 1891 884 1945 ille
915 1900 1102 1947 autem
1126 1895 1245 1964 ipse
1263 1894 1613 1962 Benedictus,
1631 1897 1701 1950 ad

93 1975 448 2046 decrepitam
478 1984 822 2033 senectutem
846 1981 964 2035 vita
984 1988 1269 2053 protracta
1286 1989 1523 2038 mortem
1556 1985 1703 2039 obie-

93 2063 190 2129 rit,
212 2080 346 2118 cum
368 2064 435 2120 14
459 2081 733 2121 annorum
765 2076 911 2122 esset
933 2076 1159 2124 sanctus
1181 2073 1350 2135 Beda,
1376 2074 1522 2143 quod
1543 2074 1706 2127 docet

92 2152 343 2223 ipsemet
368 2154 424 2207 in
456 2157 566 2211 fine
614 2158 755 2211 Hist.
791 2160 975 2227 gentis
1020 2161 1348 2229 Anglorum,
1390 2162 1703 2216 necessario

93 2241 479 2311 colligendum
518 2245 739 2299 videtur
794 2247 1083 2317 discipulis
1123 2250 1182 2300 Β.
1228 2249 1531 2317 Augustini
1573 2250 1703 2318 (vita

93 2329 276 2384 functi
306 2347 442 2389 ann.
477 2331 599 2399 604,
632 2335 766 2389 Bed.
800 2334 895 2389 ubi
920 2353 1069 2406 sup.,
1092 2336 1193 2393 lib.
1226 2352 1287 2402 II,
1312 2354 1432 2408 cap.
1470 2338 1528 2407 3)
1557 2355 1704 2392 com-

94 2434 296 2488 parem
339 2421 618 2476 exstitisse
676 2423 971 2495 Biscopum
1010 2444 1022 2492 ;
1066 2432 1234 2496 atque
1272 2427 1410 2480 adeo
1448 2429 1699 2497 regulam

95 2508 361 2562 eamdem
400 2510 711 2580 professum
744 2513 950 2567 Bedam
990 2530 1054 2567 ac
1091 2515 1211 2584 ipse
1249 2516 1602 2582 Benedictus,
1646 2524 1703 2572 et

94 2596 469 2651 Benedictum
500 2600 757 2653 eamdem
787 2617 953 2671 quam
985 2603 1262 2669 monachi,
1304 2611 1533 2658 sanctus
1552 2606 1701 2659 vide—

96 2685 232 2740 licet
285 2688 589 2757 Augustin.
631 2690 931 2761 caeterique
980 2691 1131 2745 illius
1187 2692 1465 2763 discipuli,
1509 2695 1605 2763 qui
1642 2694 1700 2748 in

95 2776 367 2846 Angliam
405 2777 554 2831 hisce
591 2780 939 2850 temporibus
977 2780 1237 2834 instituta
1276 2782 1584 2837 monastica
1613 2784 1701 2837 in-

96 2869 388 2929 vexerant,
424 2882 527 2933 par
563 2871 649 2919 est
671 2868 916 2921 credere.
952 2869 1194 2939 Ecquem
1233 2870 1512 2924 advocabo
1538 2872 1705 2941 hujus

98 2952 437 3006 assertionis
467 2956 793 3008 auctorem?
823 2957 1184 3011 Cozetaneum
1214 2959 1478 3028 profecto,
1514 2965 1702 3030 atque,

1786 1896 1961 1949 banus
1977 1912 2105 1966 pap.
2123 1896 2193 1957 ΙΙ,
2217 1900 2282 1947 ut
2299 1898 2495 1947 auctor
2514 1897 2600 1945 est.
2639 1888 2940 1943 Gervasius
2964 1882 3374 1940 Dorobernensi

1785 2002 1888 2039 ms.
1922 1985 1980 2037 in
2012 1982 2417 2037 declamatione
2449 1985 2648 2034 contra
2685 1977 2990 2033 Robertum
3022 1973 3280 2028 abbatem
3312 1972 3367 2026 S.

1784 2071 2084 2141 Augustini
2117 2089 2127 2123 :
2169 2094 2188 2119 ιι
2215 2070 2532 2136 Ahselmus,
2560 2068 2760 2138 inquit,
2795 2067 2853 2120 in
2882 2062 3274 2119 Cantuariensi
3302 2061 3375 2115 ci-

1784 2161 1956 2215 vitate
1977 2164 2355 2226 consecratus,
2376 2158 2445 2211 ab
2475 2157 2698 2212 Urbano
2729 2171 2874 2226 papa
2902 2152 3132 2224 pallium
3181 2165 3371 2204 susce-

1784 2249 1885 2320 pit,
1918 2254 1975 2303 et
2002 2254 2217 2302 tantam
2249 2248 2368 2316 ejus
2394 2245 2633 2316 gratiam
2664 2242 2862 2297 habuit
2889 2247 2953 2296 ut
2983 2256 3111 2295 eum
3142 2236 3374 2292 alterius

1784 2337 1934 2392 orbis
1960 2353 2163 2408 papam
2192 2341 2433 2390 vocaret.
2476 2355 2496 2385 »
2525 2335 2655 2388 Haec
2706 2332 2977 2387 Seldenus
3021 2329 3079 2382 in
3125 2325 3274 2381 notis
3302 2325 3374 2380 ad

1784 2427 2046 2480 Eadmeri
2095 2427 2264 2491 Hist.,
2289 2442 2417 2497 pag.
2448 2424 2573 2490 205,
2606 2440 2663 2477 n.
2710 2419 3115 2492 30.1psissima
3162 2415 3376 2471 Urbani

1782 2516 1952 2569 verba
1979 2516 2120 2569 Vitae
2152 2516 2207 2569 S.
2240 2514 2513 2579 Anselmi,
2552 2512 2645 2567 lib.
2694 2526 2752 2577 II,
2784 2509 3024 2565 inseruit
3051 2506 3326 2562 Edinerus
3356 2522 3369 2558 :

1788 2624 1813 2658 α
1836 2605 2007 2669 Quasi
2037 2620 2378 2675 comparem,
2410 2602 2614 2673 inquit,
2643 2602 2797 2655 velut
2815 2598 3046 2653 alterius
3068 2594 3219 2650 orbis
3240 2610 3375 2666 apo-

1783 2694 2063 2759 stolicum,
2095 2696 2152 2746 et
2170 2692 2547 2763 patriarcham
2585 2690 2713 2760 jure
2742 2687 3123 2743 venerandum
3160 2682 3377 2755 (Ansel-

1784 2785 1960 2851 mum)
1993 2797 2306 2835 censemus.
2340 2798 2367 2833 ))

1857 2874 2116 2939 Antiquis
2138 2872 2468 2937 temporibus
2499 2870 2566 2921 ab
2592 2871 2764 2936 ipsius
2796 2872 2954 2920 terra:
2990 2866 3186 2919 incolis
3211 2868 3377 2920 Doro-

1790 2960 1982 3011 bcrnia
2027 2960 2339 3011 vocabatur.
2377 2955 2775 3010 Doroberniam
2827 2954 2940 3008 sive
2987 2952 3371 3020 Cantuariam,

98 3046 163 3094 ut
191 3042 484 3095 nonnullis
521 3043 722 3113 placet,
779 3046 958 3099 sancti
996 3046 1158 3099 Bedae
1197 3046 1556 3119 discipulum,
1600 3049 1754 3119 hoc“
1788 3046 2105 3100 Camdenus
2122 3046 2178 3099 in
2199 3045 2572 3116 descriptione
2592 3044 2890 3099 Britanniae
2904 3042 3068 3096 verbo
3088 3045 3370 3108 Cantium,

99 3134 204 3195 est,
240 3129 545 3185 Alcuinum
576 3133 864 3187 monachis
885 3134 1234 3202 Virensibus,
1266 3153 1364 3190 seu
1393 3107 1755 3203 Viremud.,C
1790 3134 1868 3189 sic
1901 3134 2160 3189 exhibet:
2196 3154 2217 3185 ι
2245 3136 2445 3189 Stoure
2470 3133 2645 3187 diviso
2675 3133 3249 3198 alveo,Durovernum
3267 3130 3378 3202 pri-

100 3218 197 3272 ubi
223 3220 395 3273 vitam
414 3222 780 3276 monasticam
813 3223 927 3293 egit
946 3224 1280 3279 venerabilis
1309 3226 1457 3279 idem
1480 3227 1694 3293 doctor,

99 3307 443 3362 scribentem
501 3310 662 3380 epist.
718 3310 789 3365 49
826 3318 924 3365 aut
981 3313 1071 3366 23.
1128 3332 1153 3364 «
1207 3315 1501 3383 Regularis
1557 3315 1703 3385 vitae,

98 3396 309 3469 inquit,
345 3397 808 3463 observationem,
842 3418 1009 3472 quam
1032 3407 1355 3457 statuerunt
1385 3403 1535 3457 vobis
1574 3421 1704 3458 san-

100 3486 342 3540 ctissimi
396 3487 610 3552 Patres,
668 3488 1002 3543 Benedictus
1057 3492 1364 3562 (Biscopus)
1400 3493 1613 3547 scilicet
1649 3498 1706 3547 et

101 3574 443 3642 Ceolfridus,
467 3576 894 3647 diligentissime
925 3580 1221 3635 custodite.
1250 3599 1273 3630 τ)
1292 3583 1359 3635 Et
1384 3582 1706 3636 infrauRe-

97 3664 233 3732 gula
262 3665 320 3719 S.
356 3665 643 3720 Benedicti
680 3668 737 3721 in
779 3675 1057 3723 conventu
1089 3670 1325 3725 fratrum
1354 3672 1579 3742 propria
1609 3690 1703 3726 ex-

102 3758 353 3823 ponatur
380 3755 594 3825 lingua,
629 3762 693 3810 ut
719 3756 955 3829 intelligi
982 3758 1158 3829 possit
1200 3760 1270 3812 ab
1305 3760 1592 3829 omnibus;
1634 3762 1704 3816 ad

100 3843 259 3912 cujus
288 3843 707 3899 institutionem
749 3848 1134 3918 unusquisque
1164 3866 1322 3902 suam
1353 3851 1596 3920 corrigat
1623 3851 1702 3904 vi-

103 3935 241 3997 tam,
270 3937 338 3985 ut
367 3933 515 4002 quod
538 3934 765 3989 vovistis
791 3941 922 3989 ante
950 3937 1145 4002 altare,
1171 3937 1702 3993 inviolabilitercus-

101 4020 402 4075 todiatura
419 4021 591 4076 vobis.
619 4042 642 4073 ι
665 4024 829 4087 Quid,
852 4042 949 4079 oro
966 4042 1080 4091 vos,
1096 4025 1183 4079 his
1207 4026 1385 4080 verbis
1405 4028 1655 4096 apertius
1679 4028 1704 4081 ?

110 4108 262 4163 Nihil
285 4111 454 4180 plane
479 4128 490 4162 :
517 4127 582 4165 ac
600 4113 833 4183 proinde
854 4114 1002 4168 haud
1026 4114 1279 4184 indigent
1292 4116 1701 4186 explanatione.

181 4199 463 4253 Caeterum
482 4200 653 4255 fuisse
670 4218 934 4272 magnum
965 4203 1297 4272 Gregorium
1334 4205 1708 4259 Benedictinee

113 4286 340 4342 familiae
363 4290 700 4344 monachum
729 4291 970 4361 probant
998 4293 1241 4347 Joannes
1278 4292 1546 4347 diaconus
1575 4295 1708 4348 locis

1790 3223 2025 3277 mariam
2058 3224 2223 3293 hujus
2253 3223 2547 3293 provincnaa
2573 3222 2783 3292 (Cantii
2812 3221 3040 3292 scilicet)
3065 3221 3259 3275 urbem
3283 3236 3375 3274 ra-

1789 3312 1915 3382 pide
1934 3312 2113 3379 alluit,
2144 3329 2461 3382 nomenque
2489 3312 2957 3366 focit.Durwhern
2977 3312 3127 3365 enim
3146 3311 3380 3365 ﬂuvium

1786 3401 2045 3471 rapidum
2066 3400 2353 3455 Britannis
2372 3401 2620 3455 denotat.
2650 3402 2952 3455 Ptolomaeo
2977 3417 3079 3471 pro
3099 3400 3377 3455 Durover-

1785 3506 1858 3544 no
1879 3491 2428 3555 Darvernum,Bedae.
2450 3496 2506 3544 et
2523 3490 2648 3544 aliis
2675 3488 3376 3556 Dorobernia,Saxonibus,

1787 3578 2327 3650 Cantwarabyrig,id
2357 3585 2442 3633 est
2471 3578 2603 3632 urbs
2628 3578 2820 3650 populi
2848 3577 3221 3645 Cantii,nobis
3241 3578 3382 3632 Can-

1785 3668 2037 3739 terbury,
2071 3668 2286 3722 Latinis
2316 3669 2617 3722 Cantuarin
2644 3668 2871 3734 dicitur,
2904 3667 3038 3723 urbs
3087 3672 3377 3737 pervetus-

1786 3763 1868 3824 ta,
1894 3758 2258 3827 Romanoque
2280 3757 2481 3811 saeculo
2519 3758 2709 3828 procul
2751 3755 2919 3811 dubio
2957 3755 3211 3811 illustris.
3239 3774 3263 3807 ι
3293 3756 3381 3810 Ita

1788 3847 2126 3902 Camdenus.
2157 3865 2184 3897 α
2214 3847 2330 3900 Nec
2358 3846 2496 3900 adeo
2528 3862 2734 3916 magna
2748 3844 3281 3913 (Malmesburiensis
3301 3845 3379 3897 lo-

1789 3935 1981 4006 quitur
1999 3936 2159 3989 initio
2187 3935 2528 4006 praefationis
2557 3934 2652 3987 lib.
2677 3949 2696 3987 I
2725 3934 2796 3987 ad
2825 3935 2993 3988 Gesta
3023 3932 3245 4004 pontif.)
3276 3949 3381 3987 nec

1787 4025 2007 4079 exiliter
2032 4041 2222 4095 parva,
2254 4041 2375 4094 quae
2405 4029 2459 4077 et
2513 4023 2789 4094 positione
2835 4028 2999 4076 terrae
3028 4022 3235 4092 quippe
3272 4021 3378 4076 soli

1789 4113 1992 4179 afﬁnis,
2018 4113 2260 4167 maxima
2280 4118 2464 4179 344
2496 4112 2751 4166 ubertate
2772 4118 2828 4166 et
2845 4111 3064 4181 integro
3085 4127 3380 4165 murorum

1790 4203 2024 4268 ambitu,
2059 4203 2204 4256 cives
2228 4219 2359 4257 suos
2387 4203 2554 4269 fovet,
2591 4222 2612 4253 ι
2645 4206 2751 4255 etc.
2782 4201 2852 4255 Et
2877 4201 3044 4272 paulo
3077 4205 3203 4271 post
3227 4219 3271 4254 τι
3294 4199 3378 4256 Ibi

1792 4292 1975 4362 prima
2005 4292 2165 4345 sedes
2190 4291 2590 4363 archiepiscopi
2619 4290 2877 4357 habetur,
2928 4290 3026 4362 qui
3075 4294 3162 4345 est
3207 4290 3381 4346 totius

113 4375 314 4442 citatis,
353 4377 649 4433 Matthaeus
662 4380 954 4446 Lauretus,
978 4381 1257 4435 Arnoldus
1280 4382 1512 4445 Vionus,
1534 4383 1710 4452 Ligno
1732 4380 2005 4450 DAngliae
2033 4380 2262 4450 primas,
2287 4385 2344 4433 et
2366 4380 2703 4450 patriarcha,
2734 4384 2839 4433 etc.
2864 4396 2891 4432 ι

114 4464 234 4519 vitae
263 4466 303 4519 1.
339 4482 399 4531 ιι,
425 4483 470 4519 c.
504 4466 553 4531 1,
580 4468 674 4521 ubi
729 4485 794 4522 ex
846 4469 1139 4540 privilegio
1180 4471 1235 4524 S.
1278 4471 1477 4525 Bonito
1521 4471 1709 4526 abbati

113 4552 478 4609 Lateranensi
509 4573 770 4611 concesso
796 4557 866 4611 ab
896 4559 1091 4612 eodem
1132 4559 1402 4629 Gregorio
1440 4561 1555 4615 haec
1584 4578 1708 4632 pro-

112 4640 215 4696 fert
263 4662 275 4697 :
342 4665 364 4691 ι
425 4644 657 4713 proinde
707 4646 868 4715 juxta
921 4651 1166 4700 vestram
1215 4649 1563 4718 petitionem,
1606 4667 1706 4720 pro

113 4747 300 4786 amore
330 4748 499 4802 quem
531 4733 587 4787 in
606 4735 889 4789 communi
910 4735 1095 4800 Patre,
1120 4741 1177 4789 et
1197 4737 1467 4807 magistro
1515 4745 1706 4794 nostro

112 4818 433 4885 Benedicto,
468 4825 524 4874 et
543 4821 600 4875 in
622 4822 908 4894 discipulis
947 4825 1065 4893 ejus
1096 4825 1395 4895 specialem
1429 4832 1485 4881 et
1513 4828 1706 4897 singu-

112 4908 282 4964 larem
313 4909 587 4979 gerimus,
613 4929 641 4964 ι)
667 4918 774 4967 etc.
808 4913 915 4967 Sed
933 4913 1111 4967 fusius
1128 4915 1577 4985 luculentiusque
1607 4933 1707 4971 cae-

112 4997 259 5065 teris,
285 5015 417 5052 mea
431 4999 726 5068 sententia,
742 5001 1018 5056 Antonius
1039 5002 1107 5056 de
1126 5004 1326 5074 Yiepes
1350 5009 1487 5059 tom.
1506 5005 1550 5059 I.
1571 5005 1702 5059 Chr.

116 5087 295 5145 ordiri.
336 5087 395 5141 S.
428 5089 709 5143 Benedicti
739 5091 810 5144 ad
831 5107 961 5144 ann.
1015 5089 1136 5157 576,
1168 5108 1291 5162 cap.
1316 5091 1351 5148 2
1381 5097 1439 5146 et
1466 5109 1581 5162 seq.
1616 5092 1705 5147 Vi-

115 5178 222 5231 tam
249 5176 434 5231 sancti
460 5177 760 5247 Augustini
780 5180 1026 5233 oﬂ‘endes
1054 5185 1181 5251 post
1211 5181 1574 5235 Beccensium
1604 5181 1705 5235 ab-

118 5261 303 5320 batum
336 5282 403 5319 ex
432 5272 752 5336 pervetusto
797 5273 855 5322 et
882 5268 1106 5339 optima:
1131 5275 1276 5325 nota;
1314 5287 1417 5324 ms.
1451 5271 1704 5341 ejusdem

120 5353 459 5409 monasterii.

184 5442 360 5509 Super
384 5445 775 5499 Eboracensem
800 5446 1095 5501 Ecclesium
1128 5452 1401 5516 totamque
1426 5448 1701 5502 insulam.

121 5530 206 5586 Uti
235 5549 411 5604 supra
464 5532 732 5587 laudatus
780 5534 986 5589 Vener.
1020 5535 1173 5590 Beda
1200 5536 1362 5590 docet
1387 5535 1482 5591 lib.
1508 5550 1529 5589 Ι
1558 5536 1702 5590 Hist.

120 5627 248 5688 gent
320 5621 653 5693 Anglorum,
704 5638 827 5693 cap.
894 5620 957 5679 l9
990 5639 1001 5674 :
1052 5622 1182 5678 Vita
1206 5623 1354 5680 beati
1398 5623 1703 5695 Augustini

1862 4471 2293 4523 Antecessorum
2326 4476 2638 4524 vestrorum
2698 4468 2955 4540 Gregorii
3008 4471 3379 4539 cognomento

1791 4558 2001 4627 Magni,
2035 4558 2194 4627 cujus
2216 4557 2576 4612 meminimus
2597 4575 2718 4628 sup.
2736 4558 2817 4612 De
2837 4556 3112 4628 ejusmodi
3143 4554 3382 4611 decretis

1789 4646 2016 4699 uberius
2042 4644 2391 4699 Venerabilis
2440 4647 2593 4699 Beda
2635 4647 2768 4700 locis
2817 4646 3035 4711 citatis;
3076 4661 3294 4700 necnon
3325 4648 3382 4699 et

1789 4733 2071 4787 Guillelm.
2106 4732 2419 4798 Malmesb.,
2476 4734 2651 4787 libr.1
2698 4735 2779 4788 De
2806 4740 2952 4805 gest.
2997 4734 3238 4801 Pontif.;
3280 4733 3376 4805 qui

1788 4822 2090 4893 expressim
2119 4821 2412 4892 privilegia
2434 4839 2467 4875 a
2494 4823 2731 4877 summis
2759 4823 3114 4894 pontiﬁcibus
3137 4824 3377 4877 Cantua-

1786 4912 1959 4965 riensi
1988 4910 2245 4965 Ecclesiae
2273 4926 2554 4977 concessa,
2609 4911 2876 4966 describit
2910 4930 2921 4965 :
2955 4928 3123 4982 quem
3164 4910 3276 4978 adi,
3331 4909 3378 4963 si

1787 4999 1959 5054 lubet.

1859 5090 2154 5155 Bonifacii.
2166 5108 2191 5143 ι
2214 5089 2316 5144 Hic
2329 5094 2415 5144 est
2429 5089 2748 5144 Bonifacius
2760 5092 2995 5160 quartus
3010 5088 3202 5145 Rome
3218 5086 3377 5144 urbis

1786 5178 2097 5250 episcopus,
2124 5198 2149 5231 »
2182 5180 2262 5233 ait
2282 5180 2338 5234 S.
2367 5179 2538 5247 Beda,
2568 5178 2664 5233 lib.
2695 5193 2735 5233 ιι
2761 5179 2904 5234 Hist.
2931 5178 3155 5249 Anglo.,
3183 5176 3375 5250 cap.4.

1855 5270 2109 5325 Honorii.
2143 5269 2262 5323 Hoc
2284 5268 2511 5323 nomine
2522 5268 2688 5340 primi
2710 5268 2810 5338 ;de
2837 5285 2948 5341 quo
2976 5268 3128 5323 Beda
3147 5268 3375 5335 ibidem,

1786 5373 1908 5428 cap.
1944 5356 2006 5413 l7
2038 5362 2095 5412 et
2118 5354 2207 5413 18.

1869 5447 2117 5499 Vitatini.
2152 5446 2384 5500 Exstant
2411 5447 2533 5516 ejus
2565 5446 2814 5518 epistolae
2867 5452 2924 5502 et
2977 5446 3201 5504 decreta
3230 5446 3381 5504 inter

1788 5534 2024 5589 concilia
2050 5535 2356 5605 generalia.

1859 5624 2060 5693 Sergii.
2092 5623 2269 5680 Primi
2298 5622 2572 5680 videlicet.
