3892 6350
515 308 614 366 571

1711 317 1944 372 DOMNI
1983 314 2197 372 LUCIE
2237 309 2603 367 DACHER‘II.

3691 293 3796 351 57'2

586 439 857 510 Gregorii.
891 441 1088 506 Quarti
1113 443 1245 512 (nisi
1265 444 1534 499 memoria
1565 460 1653 498 me
1679 443 1852 512 fallat.)
1877 441 1981 496 sub
1997 458 2107 513 quo
2123 443 2176 502 A
2190 455 2287 494 rus
2303 434 2705 500 Cluniacensis,
2731 429 3032 486 Durandus
3056 426 3228 481 abbas
3251 421 3643 488 Troarnensis,
3661 420 3798 475 Gui-

520 527 779 584 habitum
808 531 1102 585 concilium
1129 533 1429 588 Londoniae
1455 535 1522 587 Α.
1556 534 1623 588 C.
1652 531 1776 589 833.

597 619 797 686 Leonis.
820 619 1061 674 Leonem
1095 621 1285 690 paucis
1308 621 1472 675 laude
1501 637 1694 674 sumus
1725 619 2004 690 prosecuti
2017 618 2113 674 ad-

518 706 808 761 notatione
834 708 906 761 ad
934 708 1228 780 epistolam
1252 709 1303 763 3.
1337 710 1420 763 lit.
1454 712 1498 764 b.

596 799 664 850 In
694 812 755 848 ea
776 799 1142 851 combustione
1201 803 1364 867 atque
1412 800 1727 857 abolitione.
1756 799 1937 863 Quam
1978 799 2117 854 vidit

525 885 1019 954 conﬂagrationem
1050 887 1334 941 memoriae
1353 887 1594 958 prodidit
1604 888 1912 943 Eadmerus
1927 905 2116 943 mona-

523 973 661 1026 chus
692 973 1130 1042 Cantuariensis,
1163 974 1258 1028 lib.
1292 990 1311 1028 I
1334 975 1475 1030 Hist.
1509 993 1634 1048 pag.
1670 975 1722 1033 9.
1747 976 2116 1048 Ostenditque

525 1066 795 1132 quantum
826 1063 884 1116 in
911 1063 1007 1117 illa
1035 1081 1162 1118 cum
1198 1065 1413 1120 Thoma
1453 1065 1786 1120 Eboracensi
1828 1073 2115 1121 conserta-

521 1149 690 1215 tione,
715 1167 887 1220 curae,
905 1151 1113 1207 laboris
1129 1158 1187 1208 et
1207 1153 1315 1208 olei
1336 1153 1703 1226 insumpserit
1719 1171 1958 1226 magnus
1969 1156 2114 1210 Lan-

521 1239 778 1292 francus:
814 1258 841 1292 a
873 1241 979 1304 Qui
1009 1259 1074 1296 eo
1101 1242 1328 1314 quidem
1354 1244 1555 1314 magis,
1575 1245 1761 1315 inquit
1782 1245 1892 1308 ille,
1916 1244 1975 1298 in
1994 1244 2116 1298 istis

525 1326 798 1381 laboravit
827 1330 975 1400 quod
1003 1331 1181 1402 ipsius
1203 1332 1461 1386 Ecclesiae
1492 1333 1778 1404 privilegia
1802 1333 1858 1386 in
1889 1350 1956 1388 ea
1985 1351 2117 1388 con-

524 1416 857 1486 ﬂagratione
888 1435 1010 1489 quae
1030 1421 1285 1474 eamdem
1316 1421 1608 1475 ecclesiam
1663 1422 1831 1476 tertio
1871 1429 2002 1476 ante
2030 1423 2117 1477 sui

524 1504 791 1561 introitus
820 1525 968 1563 anno
984 1510 1350 1580 consumpsit,
1375 1527 1517 1581 pene
1546 1511 1734 1564 omnia
1759 1512 2056 1582 perierant.
2090 1533 2112 1564 »

597 1595 898 1662 Epistolam
910 1599 1570 1670 illam,etc.Exstatapud
1591 1600 1799 1653 Bedam
1813 1600 1909 1654 ubi
1925 1618 2116 1672 supra,

2192 529 2385 582 bertus
2399 527 2467 580 de
2491 526 2769 594 Nogento,
2803 521 3002 575 Petrus
3014 514 3382 576 Venerabilis,
3402 519 3531 575 etc.,
3551 527 3796 581 quorum

2194 616 2387 686 rugitu
2410 611 2743 686 perterritis,
2762 609 2874 663 imo
2901 614 2957 662 et
2992 603 3290 677 prostratis
3310 619 3435 656 cum
3465 602 3590 672 ipso
3611 601 3799 671 capite

2194 707 2466 772 sectariis,
2490 705 2672 776 sopita
2695 704 2922 758 demum
2955 706 3040 754 est
3066 696 3293 752 haeresis
3317 693 3802 751 Sacramentario-

2193 815 2322 854 rum
2352 796 2423 850 ad
2451 801 2710 866 tempora
2735 807 2917 862 usque
2930 787 3299 843 nefandorum
3330 782 3562 839 Lutheri
3593 787 3657 836 et
3679 780 3803 835 Cal-

2195 883 2330 948 vini,
2363 881 2462 936 sed
2493 879 2704 950 optime
2733 875 2981 930 omnium
3010 887 3249 942 magnus
3270 869 3617 924 Lanfrancus
3647 866 3806 918 velut

2196 972 2525 1044 coryphaeus
2554 969 3015 1037 argumentorum
3045 975 3276 1016 suorum
3299 959 3352 1012 vi
3372 957 3454 1012 ita
3488 954 3807 1010 confutavit

2198 1067 2254 1116 et
2270 1059 2510 1114 convicit
2539 1061 2760 1110 tantum
2790 1050 3238 1113 haeresiarcham,
3271 1051 3336 1102 ut
3363 1061 3475 1100 non
3501 1045 3676 1098 modo
3712 1060 3807 1114 pa-

2197 1149 2467 1203 linodiam
2496 1146 2652 1199 illum
2701 1147 2947 1206 cantare,
2979 1155 3171 1194 verum
3204 1143 3261 1191 et
3288 1135 3497 1205 scripta
3525 1132 3651 1203 igni
3685 1137 3804 1185 tra-

2197 1239 2330 1292 dere
2358 1233 2626 1305 coegerit,
2658 1237 2827 1302 atque
2847 1229 2987 1284 adeo
3005 1226 3234 1298 gloriosi
3266 1225 3510 1296 palmam
3539 1222 3807 1292 deporta-

2198 1327 2342 1381 verit
2369 1323 2663 1394 triumphi.
2693 1322 2779 1376 Ita
2804 1317 3103 1373 Lanfranci
3137 1314 3477 1384 biographus
3499 1327 3632 1382 pag.
3658 1309 3718 1376 4,
3752 1309 3802 1375 5,

2201 1419 2259 1469 et
2284 1413 2440 1469 libel.
2477 1410 2726 1481 ejusdem
2758 1405 3057 1462 Laniranci
3086 1421 3205 1474 cap.
3245 1401 3291 1458 1.
3315 1403 3431 1456 Nec
3468 1415 3582 1453 non
3610 1403 3672 1452 et
3699 1397 3807 1451 Ro-

2198 1503 2342 1558 bert.
2374 1498 2684 1555 Montensis
2709 1499 2765 1551 in
2801 1495 3077 1551 Chronico
3095 1510 3200 1547 ms.
3221 1492 3292 1546 ad
3310 1507 3404 1546 an.
3434 1487 3598 1544 1051.
3627 1485 3806 1557 Cujus

2201 1595 2352 1647 locus
2381 1589 2614 1660 insignis
2643 1586 2884 1641 maxime
2914 1583 3195 1638 notandus
3215 1585 3332 1634 est:
3377 1597 3400 1630 ς(
3424 1577 3587 1633 Unde
3605 1579 3807 1630 contra

525 1680 626 1736 lib.
655 1700 691 1748 ι,
724 1700 844 1755 cap.
862 1682 949 1741 ‘29.
979 1686 1282 1758 Postquam
1309 1688 1371 1742 B.
1399 1664 1702 1758 Gregorius
1725 1664 2118 1760 D.Augustino
2136 1756 2171 1760 _
2202 1699 2329 1738 eum
2366 1682 2451 1751 (de
2471 1678 2811 1748 Berengario
2838 1677 3090 1746 loquens!
3141 1664 3381 1725 multum
3427 1685 3461 1722 a
3500 1666 3705 1721 multis
3752 1670 3808 1719 et

525 1771 658 1842 quid
674 1772 742 1825 de
754 1773 1084 1830 Eboracensi
1098 1756 1353 1848 episcopo
1365 1756 1736 1832 ordinandum
1757 1756 2112 1850 praescripsit,
2135 1756 2180 1814 Β
2199 1771 2384 1826 verbis
2413 1775 2471 1824 et
2489 1767 2711 1839 scriptis
2731 1767 3080 1836 disputatum
3111 1766 3214 1826 est,
3235 1760 3384 1814 inter
3404 1773 3544 1829 quos
3557 1756 3808 1810 domnus

528 1860 608 1914 sic
636 1862 885 1933 loquitur
909 1881 920 1917 :
957 1881 984 1916 (ἰ
1007 1865 1142 1919 Post
1160 1864 1370 1920 obitum
1401 1883 1532 1920 vero
1558 1873 1712 1920 tuum
1737 1868 1816 1921 ita
1846 1869 2118 1940 episcopis

527 1966 667 2020 quos
715 1953 1057 2007 ordinaverit
1107 1954 1414 2026 (cpiscopus
1470 1955 1834 2010 Eboracensis
1890 1957 2115 2025 scilicet)

527 2039 736 2110 praesit,
768 2045 833 2094 ut
862 2041 1264 2097 Londoniensis
1294 2044 1539 2115 episcopi
1567 2045 1889 2099 nullomodo
1919 2044 2120 2100 ditioni

527 2126 832 2197 subjaceat.
863 2130 949 2184 Sit
977 2147 1104 2184 vero
1123 2133 1272 2186 inter
1289 2133 1591 2187 Londoniae
1621 2138 1678 2187 et
1706 2133 1971 2188 Eburacae
1993 2135 2122 2189 civi-

526 2215 662 2270 tatis
688 2217 974 2288 episcopos
1006 2220 1235 2274 honoris
1265 2221 1344 2275 ita
1393 2221 1676 2276 distinctio
1725 2227 1788 2276 ut
1816 2221 1938 2293 ipse
1966 2224 2121 2294 prior

528 2305 804 2361 habeatur
815 2308 910 2378 qui
931 2308 1086 2378 prius
1110 2309 1278 2363 fuerit
1288 2310 1598 2364 ordinatus.
1627 2331 1648 2360 ι
1674 2311 1854 2364 Futile
1872 2312 2118 2382 profecto

529 2401 587 2450 et
613 2397 683 2450 ad
715 2413 830 2451 rem
851 2398 1100 2465 minime,
1123 2417 1185 2453 ex
1206 2401 1310 2454 hoc
1325 2400 1429 2457 loci
1447 2400 1706 2454 sumebat
1719 2407 2118 2470 argumentum

529 2485 914 2553 Eboracensis,
939 2490 1408 2558 quemadmodum
1439 2490 1748 2544 meridiana
1768 2491 1889 2544 luce
1914 2491 2119 2545 clarius

528 2575 774 2628 ostendit
795 2576 1287 2647 eloquentissimus
1307 2577 1652 2632 Lanfrancus
1678 2601 1690 2642 ;
1724 2580 1880 2648 cujus
1909 2579 2119 2633 oratio-

528 2679 657 2718 nem
688 2665 1128 2720 eruditissimam‘
1155 2668 1269 2732 (seu
1303 2668 1486 2720 verius
1505 2667 1901 2739 fragmentum)
1932 2670 2117 2725 medio

527 2752 586 2806 in
617 2754 850 2808 concilio
883 2757 1302 2826 pronuntiatam
1333 2757 1630 2829 descripsit
1670 2759 1936 2813 Malbesb.
1973 2759 2068 2813 lib.
2099 2777 2117 2814 ι

528 2842 609 2897 De
640 2844 862 2914 pontiﬁ,
884 2845 975 2898 fol.
1008 2843 1126 2912 121,
1161 2863 1217 2899 n.
1248 2844 1335 2902 ‘20.

598 2934 854 3000 Quaedam
876 2937 1176 3003 scriptura.
1210 2935 1556 3006 Scripturam
1589 2936 1678 2990 hic
1718 2937 2117 3008 professionem

525 3021 760 3093 intelligi
783 3023 1036 3093 conjicio,
1071 3039 1238 3094 quam
1269 3025 1512 3079 Thomas
1541 3026 1600 3079 B.
1625 3025 1928 3080 Lanfranco
1950 3043 1976 3078 ι
2010 3029 2117 3081 Co-

530 3127 651 3164 ram
683 3128 833 3182 rege,
865 3117 923 3166 et
943 3113 1064 3182 ejus
1091 3113 1246 3166 curia
1268 3130 1439 3168 manu
1471 3115 1528 3168 in
1558 3132 1785 3170 manum
1817 3105 2179 3187 porrexit,»u

529 3205 595 3254 ut
618 3216 744 3253 cum
774 3200 1132 3255 Malmesbur.
1157 3202 1576 3258 bibliothecario
1618 3205 1816 3276 loquar
1842 3205 1960 3259 loco
1993 3223 2121 3277 pro-

531 3288 679 3342 xime
703 3289 962 3343 adducto.
998 3291 1190 3345 Exstat
1211 3291 1308 3344 illa
1335 3292 1393 3345 in
1420 3293 1548 3346 Vita
1592 3310 1712 3366 cap.
1752 3293 1833 3359 ll,
1867 3312 1993 3365 pag.
2034 3293 2117 3350 12.

534 3379 718 3448 Atque
749 3379 898 3449 apud
930 3381 1188 3434 eumdem
1220 3380 1724 3448 bibliothecarium,
1769 3383 1848 3437 sic
1877 3384 2071 3454 incipit
2107 3403 2119 3437 :

534 3484 564 3520 α
592 3467 764 3522 Decet
791 3469 1169 3524 Christianum
1197 3487 1494 3542 quemque,
1525 3491 1547 3522 ι
1578 3477 1682 3526 etc.
1716 3473 1992 3527 Constans
2020 3473 2126 3527 fuit

532 3557 643 3610 ista
663 3559 1006 3612 consuetudo
1020 3564 1133 3613 tam
1153 3561 1332 3614 Scotis
1345 3576 1512 3631 quam
1535 3559 1816 3626 Hibernis,
1855 3568 1913 3614 et
1929 3561 2124 3631 Anglis

533 3647 827 3718 episcopis,
837 3665 864 3701 a
873 3648 1648 3722 rchiepiscopoCantuariensi
1659 3652 1810 3707 velut
1822 3651 1996 3705 totius
2012 3650 2127 3704 Bri-

532 3737 740 3793 tannia
752 3738 976 3809 primati
993 3738 1364 3794 obedientiam
1381 3746 1647 3812 praestare
1665 3759 1677 3807 ;
1698 3741 1964 3795 formulas
1978 3757 2126 3794 com-

531 3828 720 3898 plures
740 3829 963 3899 (quibus
983 3828 1251 3900 professio
1267 3846 1471 3884 nomen
1492 3832 1593 3900 est)
1608 3847 1674 3884 ex
1690 3830 1935 3901 antiquis
1953 3846 2126 3883 mem-

532 3915 722 3972 branis
753 3917 977 3972 exhibet
991 3918 1229 3973 Jacobus
1255 3919 1512 3974 Usserius
1541 3918 1656 3972 suis
1687 3918 1743 3972 in
1765 3923 1980 3972 veteres
2002 3917 2123 3988 epi-

531 4008 701 4062 stolas
727 4007 1057 4062 Hibernicas
1071 4007 1548 4061 adnotationibus.
1585 4005 1667 4060 Ex
1692 4006 1780 4061 his
1801 4006 1935 4077 ipsis
1951 4022 2121 4061 unam

531 4098 882 4152 solummodo
915 4098 1079 4168 (quod
1112 4098 1182 4151 ad
1207 4103 1462 4152 nostrum
1479 4098 1647 4152 faciat
1671 4097 2125 4163 institutum)hoc

533 4185 654 4240 loco
673 4188 1247 4258 apponemus,Donati
1265 4187 1476 4242 scilicet
1487 4186 1841 4241 Dublinensis
1858 4186 2120 4258 episcopi.

530 4292 641 4361 Ego
678 4295 921 4347 Donatus
951 4295 1306 4348 Dublinensis
1356 4295 1600 4350 Ecclesia:
1629 4296 1874 4360 antistes,
1907 4311 2025 4362 quae
2063 4297 2126 4348 in

603 4365 871 4418 Hibernia
892 4368 1000 4433 sita
1023 4370 1116 4428 est,
1145 4370 1469 4420 canonicam
1501 4368 1862 4419 obedientiam
1885 4368 1988 4419 tibi
2003 4381 2127 4433 pro-

2199 1859 2568 1916 Witmundus
2588 1856 2894 1912 monachus
2928 1853 2997 1906 de
3025 1867 3188 1905 cruce
3217 1850 3254 1903 S
3312 1845 3574 1902 Leufredi
3605 1849 3809 1898 contra

2202 1966 2329 2005 eum
2342 1950 2412 2003 de
2427 1962 2659 2018 corpore
2681 1949 2739 1999 et
2757 1942 3031 2012 sanguine
3050 1937 3259 1995 Christi
3287 1936 3606 2006 elegantem
3627 1933 3809 1987 edidit

2200 2040 2426 2094 librum.
2445 2035 2790 2091 Lanfrancus
2815 2032 2984 2085 etiam
3020 2026 3310 2098 Papiensis
3338 2029 3531 2089 34a
3550 2022 3804 2093 primum

2203 2127 2511 2182 monachus
2529 2121 2840 2186 Beccensis,
2865 2118 3068 2172 deinde
3089 2113 3538 2185 archiepiscopus
3556 2112 3806 2165 Cantua-

2202 2216 2424 2281 riensis,
2455 2207 3066 2268 omnibusluculentius
3079 2210 3132 2260 et
3158 2201 3470 2258 mirabilius
3483 2200 3697 2254 librum
3712 2216 3806 2254 su-

2202 2322 2302 2377 per
2320 2306 2426 2358 hac
2444 2319 2505 2356 re
2531 2305 2726 2356 contra
2745 2315 2874 2352 eum
2899 2293 3246 2366 composuit;
3279 2291 3337 2345 in
3358 2306 3467 2362 quo
3482 2289 3729 2358 singulis
3747 2287 3806 2341 il-

2201 2392 2311 2447 lius
2337 2389 2740 2463 quaestionibus
2765 2393 2822 2440 et
2839 2382 3280 2457 oppositionibus
3307 2378 3677 2434 laudabiliter
3698 2393 3807 2431 res-

2202 2482 2416 2553 pondit,
2438 2479 2748 2534 maledicta
2775 2476 2845 2530 ab
2860 2491 2924 2529 eo
2952 2479 3009 2529 et
3038 2473 3342 2536 intellecta,
3376 2468 3802 2540 Scripturarum

2201 2568 2539 2625 testimoniis
2553 2567 2871 2622 divinarum
2900 2561 3268 2634 improbando
3295 2557 3653 2614 convincens.
3693 2575 3718 2608 ›)

2737 2668 2810 2708 AD
2832 2668 2916 2708 EPI
2923 2667 3131 2707 STOLAM
3152 2665 3227 2706 Ιν.

2271 2748 2593 2817 Accepimus
2609 2762 2643 2798 α
2664 2743 3016 2813 quibusdam.
3036 2738 3341 2794 Historiam
3365 2737 3534 2806 hujus
3553 2734 3806 2805 epistola:

2199 2838 2339 2903 fuse,
2363 2842 2420 2890 et
2447 2834 2762 2890 luculenter
2785 2829 3068 2884 describit.
3099 2828 3407 2882 Eadmerus
3436 2821 3803 2885 HistorJibJ,

2199 2944 2328 2999 pag.
2357 2923 2439 2982 10.
2475 2925 2655 2988 Quam
2683 2921 2806 2988 (etsi
2837 2919 3104 2991 prolixior
3132 2918 3321 2970 forsan
3353 2914 3633 2975 videatur)
3660 2911 3806 2966 refe-

2201 3017 2435 3072 rendam
2453 3013 2715 3068 existimo
2734 3030 2747 3078 ;
2773 3011 2907 3081 quia
2929 3014 2986 3063 et
3004 3009 3071 3062 ad
3096 3005 3483 3061 elucidandam
3500 3000 3809 3056 Alexandri

2204 3105 2518 3177 epistolam,
2538 3106 2594 3156 et
2607 3100 2740 3171 quid
2763 3095 3086 3170 praestiterit
3103 3095 3274 3148 hacin
3292 3110 3352 3146 re
3369 3093 3430 3145 B.
3454 3090 3808 3144 Lanfrancus

2204 3193 2558 3250 exhibeatur.
2595 3211 2615 3240 σ
2647 3189 2855 3244 Omnes
2874 3185 3114 3249 circiter,
3148 3184 3230 3236 ait
3247 3181 3578 3241 Eadmerus,
3613 3177 3718 3248 qui
3748 3192 3811 3231 ex

2204 3280 2445 3338 clericali
2495 3277 2690 3333 ordine
2729 3292 2830 3346 per
2873 3291 3063 3344 regem
3113 3271 3460 3325 Willelmum
3495 3267 3553 3321 in
3601 3266 3809 3336 Anglia

2203 3366 2492 3424 constituti
2508 3365 2798 3436 pontifices
2809 3367 2989 3426 erant,
3007 3359 3308 3414 monachos
3329 3356 3424 3427 qui
3439 3355 3496 3408 in
3517 3354 3811 3408 nonnullis

2206 3455 2616 3529 episcopatibus
2630 3452 2847 3522 Angliae
2869 3451 2938 3505 ab
2954 3449 3186 3520 antiquo
3205 3448 3372 3500 vitam
3403 3443 3810 3514 agebant.inde

2207 3546 2499 3601 eliminare
2529 3542 2706 3596 moliti
2737 3545 2903 3603 sunt;
2934 3546 2990 3594 et
3018 3554 3207 3608 regem
3233 3536 3416 3606 ipsum
3467 3533 3526 3586 in
3575 3531 3689 3586 hoc
3709 3530 3810 3585 sibi

2207 3638 2646 3691 consentaneum
2673 3631 2979 3685 effecerunt
3004 3645 3018 3694 ;
3066 3627 3125 3680 in
3159 3641 3266 3696 quo
3297 3629 3488 3678 tamen
3516 3638 3577 3674 se
3609 3622 3810 3674 eﬂ‘ectu

2207 3725 2485 3797 potituros
2504 3721 2644 3774 certi
2656 3719 3003 3781 exstiterant,
3018 3722 3084 3771 ut
3097 3713 3490 3770 Walchelinus
3513 3710 3809 3781 episcopus

2208 3815 2485 3868 adunatos
2526 3826 2668 3881 pene
2697 3807 3072 3879 quadraginta
3108 3803 3355 3860 clericos.
3408 3799 3810 3854 canonicorum

2207 3919 2383 3968 more,
2419 3906 2656 3954 tonsura
2685 3914 2749 3951 ac
2808 3902 2960 3950 veste
3010 3893 3304 3948 redimitos
3353 3889 3604 3952 haberet,
3644 3905 3803 3959 quos,

2206 3991 2400 4062 ejectis
2419 3987 2729 4053 monachis,
2745 3987 3039 4040 Wentanaa
3053 3981 3330 4048 Ecclesiae,
3345 3979 3433 4034 cui
3449 3977 3804 4049 praesidebat,

2206 4097 2333 4134 mox
2349 4076 2773 4132 intromitteret.
2783 4074 2912 4128 Sola
2925 4072 3209 4126 morahaec
3221 4066 3804 4141 peragendi,nondum

2206 4167 2476 4238 requisita
2507 4165 2577 4219 ab
2597 4162 3014 4232 archiepiscopo
3038 4159 3372 4222 Lanfranco,
3421 4154 3652 4209 licentia
3678 4153 3799 4206 fuit.

2211 4259 2283 4313 Ut
2311 4261 2498 4310 autem
2523 4270 2644 4308 eam
2677 4253 2825 4306 dicto
2856 4251 3021 4304 citius
3051 4249 3399 4318 impetraret,
3443 4244 3602 4298 nulla
3629 4240 3803 4296 menti

2209 4347 2330 4415 ejus
2360 4342 2637 4398 dubitatio
2664 4342 2866 4405 inerat,
2906 4338 3003 4393 sed
3035 4337 3200 4391 aliter
3248 4352 3313 4389 ac
3359 4333 3463 4387 sibi
3519 4348 3682 4385 mens
3711 4345 3806 4384 sua

603 4437 761 4488 mitto
808 4441 857 4488 et
880 4425 1292 4492 ’successoribus
1329 4442 1459 4499 tuis.
1493 4454 1522 4489 ο
1564 4438 1892 4502 Lanfrance,
1944 4417 2591 4506 sancteDspoponderat
2645 4431 2826 4484 exitus
2881 4428 2965 4481 rei
3007 4425 3281 4497 provenit.
3314 4425 3458 4478 Nam
3509 4420 3604 4475 ubi
3663 4417 3805 4491 quod

601 4507 1027 4561 Dorobernensis
1053 4509 1296 4563 Ecclesia?
1315 4509 1729 4576 archiepiscope.

603 4613 670 4665 A.
701 4613 762 4667 C.
795 4609 956 4678 1085,
994 4613 1199 4668 factam
1230 4613 1503 4683 ejusmodi
1550 4613 1952 4683 professionem
1982 4618 2126 4667 atte-

533 4705 716 4756 statur
735 4701 883 4757 idem
914 4702 1190 4758 Usserius.

605 4791 908 4859 Epistolam
928 4809 1097 4859 quam
1128 4793 1477 4857 Berengario,
1510 4795 1617 4843 etc.
1667 4792 1821 4845 Inter
1867 4791 2130 4862 epistolas

535 4881 686 4936 haud
716 4898 998 4952 quaquam
1029 4879 1539 4943 adnumeravimus,
1555 4879 1763 4949 quippe
1791 4895 1986 4934 omnes
2012 4896 2132 4950 pro-

537 4973 837 5044 pemodum
869 4971 1167 5042 scriptores
1197 4968 1376 5022 eidem
1407 4968 1636 5021 titulum
1660 4968 1916 5022 fecerunt
1949 4986 1959 5021 :
2000 4986 2026 5021 α
2049 4968 2134 5022 Li-

536 5063 715 5118 bellus
732 5062 814 5116 De
843 5075 1075 5131 corpore
1098 5064 1155 5112 et
1179 5057 1451 5128 sanguine
1479 5056 1704 5122 Christi,
1731 5056 1860 5121 sive,
1879 5056 2044 5111 Liber
2063 5057 2133 5111 de

535 5151 902 5206 Eucharistiaa
913 5152 1259 5204 sacramento
1276 5152 1472 5200 contra
1488 5145 2133 5216 Berengarium.»Porro

540 5240 837 5295 adversum
855 5237 1260 5310 sycophantam
1309 5234 1709 5304 Berengarium
1737 5235 1984 5288 illustres
2034 5233 2136 5287 viri

541 5335 664 5384 tum
701 5331 930 5401 pietate,
958 5333 1082 5382 tum
1102 5325 1355 5380 doctrina
1383 5323 1656 5395 singulari
1712 5323 1989 5389 instructi,
2017 5327 2139 5376 tan-

547 5436 718 5490 quam
741 5418 912 5475 catuli
942 5416 1118 5472 leonis
1131 5415 1281 5470 illius
1303 5415 1371 5470 de
1399 5414 1550 5469 tribu
1564 5414 1593 5468 J
1600 5413 1729 5475 uda,
1755 5429 1820 5465 ex
1839 5413 2138 5467 asceterio-

549 5527 677 5566 rum
709 5507 1201 5565 Benedictinorum
1221 5505 1399 5560 antris
1419 5503 1678 5576 prodiere
1707 5502 2000 5574 permulti;
2030 5500 2140 5556 sci-

551 5600 686 5660 licet
705 5598 1080 5666 Guilmundus
1102 5599 1419 5662 Aversanus
1467 5591 1932 5665 archiepiscopus,
1968 5591 2139 5663 Alge-

2209 4523 2503 4594 episcopus
2529 4518 2826 4573 moliretur
2881 4514 3132 4570 insonuit
3178 4512 3411 4567 auribus
3463 4510 3604 4579 ejus,
3662 4507 3803 4561 illico

2209 4611 2424 4666 facinus
2451 4608 2757 4674 exhorruit,
2791 4623 2892 4660 nec
2934 4622 2993 4660 se
3036 4604 3169 4657 dum
3223 4601 3434 4655 viveret
3460 4603 3522 4652 ut
3550 4598 3804 4651 effectum

2212 4715 2436 4772 quoquo
2453 4698 2618 4752 modo
2638 4695 2769 4750 talis
2785 4692 3090 4748 voluntatis
3110 4691 3388 4746 obtineret
3405 4698 3805 4742 consensurum

2214 4770 2581 4845 asservit.»Et
2599 4785 2766 4856 paulo
2787 4788 2949 4854 post:
2976 4802 2997 4832 ι
3027 4782 3284 4850 Namque
3311 4777 3434 4848 pari
3463 4781 3614 4839 voto,
3639 4770 3803 4828 simili

2213 4877 2684 4950 cognomine,uno
2697 4868 3259 4936 consensu,concordi
3276 4863 3802 4935 animo,pontiﬁces,

2216 4983 2354 5039 quos
2375 4963 2664 5034 religionis
2681 4962 2817 5016 ordo
2827 4977 2936 5015 non
2953 4959 3058 5014 sibi
3093 4957 3448 5018 astrinxerat,
3472 4952 3610 5007 eniti
3638 4966 3807 5021 cmpe-

2215 5061 2350 5111 runt
2379 5059 2657 5125 quatenus
2674 5053 2875 5106 saltem
2895 5051 2964 5104 de
2992 5049 3239 5120 primatu
3259 5042 3652 5101 Cantuariensi
3699 5055 3809 5094 mo-

2216 5145 2428 5200 nachos
2443 5139 3178 5206 eradicarent,intendentes
3195 5153 3256 5189 se
3273 5135 3376 5188 hoc
3385 5133 3530 5188 facto
3544 5129 3805 5185 facillime

2217 5233 2359 5289 alios
2383 5231 2607 5286 aliunde
2644 5230 2984 5284 exclusuros.
3018 5227 3099 5281 De
3130 5225 3242 5278 illis
3273 5221 3482 5277 etenim
3505 5217 3808 5291 potioribus

2218 5323 2363 5378 sicut
2390 5321 2469 5376 eis
2488 5316 3130 5382 videbatur,rationibus
3151 5313 3221 5367 ad
3250 5312 3305 5365 id
3328 5309 3606 5381 agendum
3621 5305 3808 5360 fulcie-

2219 5413 2444 5474 bantur,
2477 5409 2683 5482 partim
2709 5407 2778 5462 ob
2806 5404 3208 5460 sublimitatem
3235 5399 3492 5472 primatis
3509 5396 3808 5465 sedis.quae

2222 5498 2576 5572 dispositioni
2625 5503 2684 5553 et
2727 5494 3060 5551 correctioni
3117 5490 3492 5546 Ecclesiarum
3548 5502 3646 5558 per
3687 5498 3810 5537 suas

2223 5571 2492 5664 personas
2543 5603 2764 5660 quaque
2814 5601 2916 5656 per
2959 5581 3228 5653 Angliam
3283 5576 3576 5650 invigilare
3627 5571 3806 5633 habet,
