3892 6382
129 400 217 459 573
1138 410 1217 465 IN
1255 410 1479 465 EPIST.
1521 410 1585 465 B.
1629 408 2046 464 LANFRANCI
2082 403 2319 461 NOTE.
3251 385 3361 443 5⁷4

124 530 309 602 partim
362 529 431 584 ob
468 531 603 585 alias
644 531 980 603 multiplices
1031 548 1227 587 causas
1255 548 1494 603 quarum
1525 532 1939 601 exse-Aatque
1981 529 2098 584 suis
2151 528 2300 583 notis
2354 525 2413 579 in
2454 520 2719 578 Eadmeri
2773 517 3039 583 Historia,
3074 531 3202 588 pag.
3259 511 3358 571 155

124 619 274 678 cutio.
298 621 453 689 juxta
482 620 627 690 quod
659 620 762 675 sibi
793 622 1201 692 contingebant,
1243 608 1423 692 magis
1458 621 1691 675 clerico~
1771 619 2027 674 intexuit.

124 723 236 761 rum
273 723 435 778 quam
479 710 877 764 monachorum
930 711 1175 765 ofﬁcium
1212 715 1445 782 spectat.
1479 711 1692 765 Deduc-
1844 711 2035 772 δέεαι
2060 706 2164 760 Cui
2192 705 2407 773 nefario
2435 706 2604 772 operi.
2643 699 2855 755 Notent
2882 698 3001 753 haec
3026 696 3252 751 interim
3283 693 3364 749 illi

122 802 204 851 tus
241 802 319 850 est
364 797 423 850 in
473 797 807 851 sententiam
837 798 1003 852 istam
1042 816 1139 852 rex
1185 804 1241 853 et
1283 800 1377 855 alii
1414 799 1690 872 principes
1775 796 1870 867 qui
1889 801 1975 850 tot
2001 796 2270 849 clamores
2300 799 2357 848 et
2392 792 2658 863 strepitus
2689 790 2864 844 edunt
2890 788 2951 842 in
2980 786 3282 841 monachos
3300 789 3368 872 get

121 884 280 955 regni,
320 885 647 952 Lanfranco,
688 891 753 940 ut
779 887 867 941 sui
912 888 1083 941 moris
1130 893 1271 954 erat,
1305 870 1437 943 totis
1480 870 1692 945 viribus
1771 886 1938 939 toties
1968 884 2294 948 obtrudunt,
2325 899 2450 953 quae
2480 898 2515 935 a
2546 876 3002 934 Vintoniensibus
3032 874 3245 929 clericis
3265 870 3368 927 ob-

122 975 402 1032 obnitente.
435 980 494 1028 et
521 976 768 1029 omnium
808 976 1081 1030 molimini
1119 993 1184 1031 ac
1207 977 1429 1033 invidiae
1457 979 1693 1033 viriliter
1773 974 2166 1029 tendebantur.
2203 972 2360 1041 (Vide
2390 970 2649 1041 superius
2679 968 2949 1039 producta
2978 982 3043 1019 ex
3069 964 3370 1029 Eadmero)

125 1062 414 1117 resistente.
446 1062 531 1116 Ne
557 1068 746 1117 tamen
776 1070 903 1134 post
930 1064 1142 1120 obitum
1169 1082 1334 1121 suum
1364 1068 1525 1122 ﬁeret
1543 1068 1692 1139 quod
1775 1070 1832 1119 et
1863 1066 2076 1118 nefario
2096 1063 2225 1117 huic
2256 1061 2410 1133 operi
2435 1059 2739 1115 molitionis
2771 1062 2856 1126 (ut
2872 1058 3071 1127 loquar
3096 1070 3220 1109 cum
3246 1054 3373 1107 Ale-

124 1168 175 1206 se
209 1151 499 1221 superstite
540 1151 746 1206 sciebat
784 1170 885 1224 per
910 1154 1180 1210 auxilium
1205 1156 1308 1210 Dei
1336 1170 1693 1228 nequaquam
1775 1156 2006 1223 xandro)
2040 1153 2289 1207 animum
2333 1150 2700 1222 appellentes,
2740 1146 2904 1201 velim
2944 1144 3051 1199 sibi
3080 1144 3150 1198 ob
3178 1143 3370 1197 oculos

122 1240 521 1312 perliciendum,
546 1241 799 1295 nesciens
823 1244 1019 1297 mortis
1049 1261 1162 1299 suae
1188 1245 1334 1299 diem
1361 1247 1445 1300 vel
1473 1247 1690 1311 horam,
1774 1249 1989 1318 ponant
2015 1243 2308 1315 praeclaros
2334 1239 2656 1308 monachos,
2687 1237 2783 1308 qui
2810 1251 2937 1290 cum
2965 1232 3173 1288 sanctis
3204 1232 3373 1286 mori-

123 1329 225 1398 egit
248 1328 571 1398 sagacitate,
604 1333 662 1384 et
686 1330 966 1386 industria
995 1349 1108 1404 qua
1136 1333 1398 1403 pollebat,
1422 1339 1488 1388 ut
1511 1341 1698 1390 aucto-
1775 1335 1900 1399 buS,
1948 1340 2066 1387 tum
2111 1330 2292 1385 verbis
2336 1335 2394 1384 et
2445 1327 2666 1399 scriptis
2714 1323 3092 1379 Christianam
3145 1320 3374 1376 catholi-

121 1417 269 1470 ritate
311 1417 579 1472 Romanae
624 1424 680 1472 et
731 1421 1046 1490 apostolicae
1096 1423 1244 1476 sedis
1293 1424 1698 1479 monachorum
1779 1440 2014 1494 eamque
2044 1422 2212 1475 fidem
2251 1419 2442 1473 multis
2480 1419 2540 1472 in
2576 1416 2713 1470 locis
2750 1415 3132 1472 inseruerunt.
3162 1411 3373 1465 instau-

122 1504 368 1559 habitatio
417 1506 478 1560 in
519 1507 711 1562 eadem
761 1510 1003 1564 Ecclesia
1029 1513 1478 1583 confirmaretur,
1513 1518 1570 1568 et
1611 1514 1698 1567 in-
1779 1518 1996 1578 rarunt,
2061 1514 2463 1582 propagarunt,
2530 1507 2904 1570 illustrarunt,
2976 1500 3371 1556 Cassiodorum

123 1594 365 1647 convulsa
390 1595 527 1648 dum
554 1597 820 1651 saeculum
841 1599 1073 1654 duraret
1090 1600 1149 1653 in
1167 1606 1499 1672 perpetuum
1530 1601 1698 1656 stabi-
1780 1602 1923 1669 dico,
1957 1600 2290 1671 Gregorium
2322 1599 2622 1668 Majorem;
2669 1594 2968 1665 apostolos,
2997 1588 3373 1662 Augustinum

122 1681 318 1736 liretur.
336 1683 499 1746 Quod
516 1685 802 1756 privilegio
822 1687 922 1741 tali
942 1705 1197 1743 summus
1212 1691 1529 1761 apostolicae
1552 1692 1699 1747 sedis
1781 1688 2244 1746 Cantuariensem
2297 1687 2530 1757 Anglice,
2591 1683 2939 1739 Bonifacium
2985 1678 3378 1751 Moguntinum

123 1770 334 1824 antistes
382 1772 702 1827 Alexander
757 1775 837 1828 ita
899 1777 1106 1848 scripto
1165 1795 1266 1832 suo
1331 1778 1632 1833 roboravit.
1670 1797 1696 1832 ι)
1783 1779 2120 1844 Germaniae,
2150 1777 2513 1832 Benedictum
2545 1773 2810 1841 Poloniae,
2858 1769 3173 1825 Gerardum
3215 1767 3374 1821 Hun-

124 1859 314 1914 Deinde
341 1861 576 1933 subjicit
601 1864 904 1919 Alexandri
925 1867 1240 1937 epistolam.
1282 1866 1501 1923 Videsis
1528 1869 1697 1924 etiam
1715 1848 2062 1941 Bgarorum,
2096 1872 2202 1922 etc.
2231 1884 2245 1934 ;
2286 1864 2493 1919 Bedam
2538 1860 2951 1918 Venerabilem.
3010 1856 3374 1922 Ildefonsum,

124 1948 586 2005 Malmesburiens.
612 1952 691 2006 De
712 1955 908 2024 pontif.
941 1956 1037 2009 lib.
1070 1970 1109 2023 I,
1138 1957 1232 2010 fol.
1266 1955 1387 2014 122.
1779 1957 2074 2012 Rabanum
2114 1957 2391 2018 Maurum,
2441 1950 2707 2008 Strabum
2742 1950 3097 2012 Fuldensem,
3146 1947 3378 2000 Petrum

184 2038 245 2092 Et
271 2042 492 2093 clericos
537 2044 683 2095 inibi
724 2047 1069 2099 constituere.
1109 2045 1190 2099 Ab
1221 2046 1462 2100 Ecclesia
1499 2046 1698 2101 Vinto-
1782 2046 2058 2113 Damiani,
2091 2047 2422 2116 Rupertum,
2455 2043 2848 2104 Lanfrancum,
2878 2038 3219 2099 Anselmum,
3251 2036 3381 2090 Ber-

124 2127 285 2181 niensi
310 2128 544 2183 clericos
577 2131 910 2200 jamdudum
940 2134 1175 2188 eximius
1215 2136 1594 2190 cmnobiorum
1620 2136 1703 2189 in-
1782 2137 2020 2190 nardum
2050 2141 2218 2204 atque
2244 2135 2568 2187 innumeros
2588 2131 2726 2185 alios
2750 2149 2763 2191 ;
2788 2145 2899 2200 qua
2913 2129 2982 2182 de
3007 2143 3068 2180 re
3097 2124 3379 2180 Arnoldus

126 2220 388 2271 staurator
429 2224 490 2272 et
532 2220 839 2275 aediﬁcator
885 2222 1136 2292 Edgarus
1174 2239 1268 2278 rex
1304 2226 1522 2292 (saeculo
1552 2225 1704 2296 prior
1781 2224 2096 2280 Wionusin
2121 2222 2447 2294 LignoVitae
2466 2221 2558 2275 lib.
2587 2235 2625 2274 Il
2651 2225 2766 2274 etv.
2787 2218 3061 2272 Caeterum
3079 2230 3188 2269 non
3214 2213 3380 2268 modo

128 2304 438 2375 Alexandm)
475 2307 882 2364 eliminaverat.
935 2312 1058 2375 Qua
1094 2329 1223 2366 vero
1277 2314 1347 2367 ad
1394 2314 1451 2368 id
1486 2315 1704 2368 ratione
1786 2314 2126 2386 episcopales
2156 2311 2427 2367 Ecclesias
2467 2308 2727 2365 monachi
2763 2304 3252 2369 administrabant,
3283 2302 3381 2357 sed

127 2392 378 2464 impulsus
428 2397 623 2463 fuerit,
658 2399 716 2453 in
759 2399 992 2454 concilio
1038 2402 1107 2455 A.
1159 2402 1201 2456 Ο
1253 2402 1355 2457 966
1403 2404 1701 2470 celebrato,
1787 2409 1845 2459 et
1895 2403 2102 2457 eisdem
2162 2418 2227 2455 ex
2291 2400 2475 2472 prisca
2528 2396 2932 2454 consuetudine
3008 2391 3384 2466 praesidebant

129 2482 365 2539 edisserit
395 2485 487 2540 his
517 2487 699 2542 verbis
739 2505 750 2540 :
796 2508 823 2541 ι
852 2489 1077 2544 Timens
1105 2491 1278 2561 igitur
1323 2509 1392 2546 ne
1439 2500 1705 2547 aeternam
1787 2491 2068 2546 antistites
2089 2489 2492 2561 quamplurimi
2513 2489 2571 2542 in
2601 2487 2803 2558 Anglia
2828 2483 3193 2539 monasticam
3212 2481 3384 2537 vitam

128 2568 449 2644 incurrerem
473 2575 778 2643 miseriam,
812 2577 858 2631 si
889 2580 1093 2650 adepta
1120 2586 1398 2651 potestate
1426 2598 1538 2636 non
1560 2582 1705 2636 face-
1787 2580 2022 2653 professi
2048 2598 2060 2648 ;
2105 2580 2238 2651 quin
2262 2580 2428 2633 etiam
2461 2578 2509 2633 si
2531 2577 2656 2648 quis
2678 2577 2886 2641 forsan,
2917 2577 3202 2629 annuente
3230 2586 3381 2642 rege,

128 2674 232 2714 rem
257 2663 401 2732 quod
426 2663 553 2734 ipse
580 2666 674 2736 qui
705 2673 970 2737 Operatur
997 2669 1186 2723 omnia
1215 2687 1337 2740 quae
1371 2670 1430 2724 in
1476 2671 1613 2724 coelo
1653 2676 1710 2725 et
1790 2688 1820 2725 e
1876 2670 2121 2724 clericali
2169 2669 2366 2723 ordine
2405 2669 2488 2721 vel
2542 2683 2608 2722 ex
2669 2665 2826 2720 laicis
2880 2664 2953 2718 ad
3012 2661 3386 2734 episcopalem

131 2748 180 2802 in
212 2755 357 2805 terra
382 2753 507 2807 suis
537 2755 803 2826 exemplis
824 2757 1011 2827 justus
1049 2759 1398 2813 examinator
1440 2759 1704 2823 innotuit,
1789 2760 2120 2830 dignitatem
2142 2762 2540 2824 assumeretur,
2570 2754 2883 2810 necessario
2910 2753 3235 2825 priusquam
3258 2766 3386 2804 con-

133 2837 436 2894 vitiosorum
496 2858 702 2896 cuneos
749 2846 1144 2912 canonicorum
1180 2864 1210 2901 e
1250 2848 1485 2903 diversis
1528 2849 1708 2903 nostri
1789 2855 2121 2914 secraretur,
2147 2847 2407 2901 monachi
2422 2852 2734 2908 tonsuram,
2764 2849 2821 2898 et
2848 2842 3125 2907 habitum,
3149 2857 3253 2895 nec
3271 2855 3385 2893 non

129 2928 397 2998 regiminis
422 2931 691 2986 ccenobiis
722 2933 930 2989 Christi
957 2935 1193 2990 vicarius
1217 2937 1517 2993 eliminavi.
1550 2939 1707 3002 Quod
1791 2942 1849 2991 et
1876 2954 2084 2991 normae
2112 2934 2480 2990 benedictinae
2510 2933 2910 3006 professionem
2936 2930 3193 2985 emittere
3221 2944 3386 2998 coge-

132 3016 280 3070 nullis
309 3018 447 3073 mibi
474 3020 970 3077 intercessionibus
1013 3025 1275 3094 prodesse
1303 3032 1579 3097 poterant,
1612 3028 1709 3081 sed
1789 3026 1982 3084 batur.
2023 3026 2183 3089 Quod
2229 3024 2473 3095 produnt
2506 3023 2654 3077 inter
2710 3022 2848 3075 alios
2908 3018 3271 3075 Malmesbur.
3303 3017 3386 3071 De

133 3105 316 3174 potius,
363 3113 429 3162 ut
483 3107 687 3164 beatus
726 3110 806 3164 ait
854 3112 1176 3183 Gregorius,
1227 3115 1367 3184 justi
1413 3115 1769 3186 vindictam“
1793 3114 1989 3186 pontif.
2014 3113 2160 3180 lib.r,
2175 3114 2232 3168 in
2250 3111 2749 3167 Cantuariensibus
2765 3108 3195 3181 archiepiscopis
3214 3123 3387 3178 agens

136 3166 148 3174 .
305 3166 315 3172 .
967 3166 1001 3183 υ
2956 3166 2976 3181 .
3111 3166 3131 3179 .
3246 3166 3283 3178 υ

131 3201 501 3262 provocarent,
534 3198 629 3268 qui
665 3198 833 3253 variis
863 3200 1122 3255 vitiorum
1154 3203 1322 3257 nzevis
1348 3166 1770 3259 contaminatiCl
1795 3204 1863 3257 de
1897 3204 2091 3258 Odone
2120 3201 2376 3275 episcopo
2407 3200 2775 3264 Vintoniensi,
2827 3206 2955 3271 post
2993 3195 3388 3254 Cantuariensi

132 3296 229 3337 non
248 3293 475 3355 agentes
507 3303 628 3357 quae
655 3288 804 3343 Deus
818 3290 1066 3359 jubendo
1098 3293 1334 3360 volebat,
1368 3295 1556 3347 omnia
1588 3312 1712 3365 quae
1795 3292 2210 3364 archiepiscopo
2241 3292 2416 3347 electo
2458 3310 2468 3344 :
2520 3310 2547 3346 α
2579 3290 2681 3346 Ille
2710 3290 2807 3362 qui
2829 3288 3080 3344 nondum
3108 3286 3392 3341 amisisset

133 3372 338 3428 nolebat
364 3374 605 3430 rebelles
640 3376 936 3445 faciebant,
969 3380 1163 3435 avidus
1190 3381 1491 3453 inquisitor
1514 3384 1712 3438 adver-
1795 3383 2148 3447 monachum,
2172 3381 2521 3437 constantius
2548 3378 2736 3447 reniti,
2764 3396 2836 3434 ne
2865 3394 3081 3432 morem
3109 3377 3389 3447 majorum

133 3466 246 3517 tens
286 3471 480 3536 gratos
523 3466 761 3521 Domino
802 3471 1202 3525 monachorum
1231 3488 1457 3539 cuneos,
1486 3471 1581 3542 qui
1611 3489 1712 3542 pro
1794 3470 2099 3526 ambitione
2117 3489 2219 3525 sua
2239 3471 2469 3525 turbare
2498 3471 2797 3533 videretur,
2818 3469 3037 3524 nullum
3057 3466 3210 3522 enim
3239 3465 3310 3520 ad
3333 3464 3392 3518 id

133 3551 276 3607 nobis
298 3554 692 3611 incunctanter
720 3557 1059 3625 incederent,
1081 3560 1257 3613 nostri
1271 3561 1417 3630 juris
1436 3566 1715 3616 monaste—
1794 3566 2016 3632 tempus
2046 3562 2153 3615 nisi
2182 3562 2483 3617 monachili
2514 3562 2798 3616 schemate
2825 3559 3088 3613 indutum
3113 3554 3391 3627 archiepi-

135 3640 220 3696 riis
252 3643 484 3700 devotus
509 3644 766 3701 hilariter
796 3648 1075 3703 collocavi.
1098 3650 1208 3704 »Εἰ
1234 3650 1366 3721 quia
1393 3651 1715 3721 praescierat
1795 3665 2024 3720 scopum
2076 3651 2265 3707 fuisse.
2301 3671 2327 3704 »
2375 3652 2444 3705 Et
2491 3655 2618 3722 post
2654 3650 2785 3704 alia.
2839 3667 2867 3700 (ι
2909 3649 3106 3719 Itaque
3152 3645 3393 3700 transito

136 3730 306 3787 forsan
349 3735 599 3806 optimus
647 3735 740 3790 ille
770 3753 865 3790 rex
912 3754 1013 3809 per
1058 3738 1289 3793 clericos
1327 3740 1629 3812 aliquando
1680 3759 1716 3795 a
1797 3741 1942 3793 mari
1973 3741 2122 3812 apud
2152 3741 2467 3795 Floriacum
2497 3738 2836 3794 monachilia
2859 3736 3090 3807 accepit,
3130 3754 3152 3785 ι
3184 3740 3289 3789 etc.
3323 3734 3394 3789 Et

137 3822 349 3889 praefata
375 3823 621 3879 Ecclesia
648 3827 950 3881 monachos
968 3828 1362 3895 exturbandos,
1384 3830 1714 3885 anathema-
1796 3830 2018 3885 Nicolas
2051 3830 2364 3902 Harpsfeld.
2394 3829 2597 3883 saculo
2626 3827 2807 3885 n.Ubi
2839 3824 3167 3880 electionem
3190 3824 3247 3880 S.
3276 3821 3396 3876 Viri

139 3909 272 3965 tibus
294 3912 439 3982 illos,
476 3914 574 3984 qui
600 3915 781 3970 simile
812 3916 943 3987 quid
968 3918 1316 3984 molirentur,
1341 3919 1594 3990 percellit
1613 3920 1717 3973 hoc
1798 3920 2078 3974 Edmundi
2124 3920 2180 3974 in
2222 3919 2547 3991 episcopum
2601 3917 3040 3972 Dunelmensem
3084 3911 3350 3967 describit
3380 3929 3392 3965 :

138 4015 377 4058 sermone
409 4025 420 4058 :
459 4022 488 4055 «
540 4003 598 4058 Si
643 4010 833 4059 autem
877 4006 1127 4077 qualibet
1154 4008 1460 4074 occasione,
1494 4008 1716 4063 diabolo
1802 4027 1828 4062 «
1850 4010 1991 4064 Cum
2014 4010 2203 4080 itaque
2224 4010 2441 4064 nullum
2461 4005 2828 4062 satisfactioni
2847 4005 2948 4059 ulli
2963 4004 3147 4058 locum
3161 4002 3392 4068 videret,

139 4086 444 4161 instigante,
481 4093 798 4165 contigerit,
846 4099 909 4149 ut
950 4095 1100 4150 fastu
1136 4097 1523 4168 superbientes
1561 4114 1719 4152 arro-
1799 4097 1859 4152 in
1889 4098 2261 4153 monasticum
2286 4098 2533 4170 primum
2567 4096 2823 4151 ordinem
2868 4098 3162 4165 cooptatus
3198 4095 3285 4146 est
3325 4087 3400 4151 (id

138 4181 343 4247 gantiae,
362 4184 451 4254 dej
460 4182 568 4237 ecti
589 4184 839 4238 canonici
863 4186 1265 4241 monachorum
1282 4202 1531 4257 gregem,
1552 4204 1719 4259 quem
1803 4188 1953 4242 enim
1977 4187 2236 4242 omnibus
2260 4204 2294 4240 a
2307 4186 2560 4241 Cutberti
2579 4190 2832 4257 tempore
2845 4181 3108 4238 Dunelmi
3128 4177 3399 4253 episcopis

141 4282 231 4338 ego
272 4288 544 4326 venerans
574 4289 701 4327 cum
738 4280 962 4344 pastore
996 4274 1053 4328 in
1082 4276 1185 4329 Dei
1214 4276 1479 4330 constitui
1506 4294 1721 4348 posses-
1804 4278 2052 4331 solemne
2081 4280 2218 4344 erat)
2252 4276 2597 4346 accersitque
2638 4273 2953 4345 Egelricum
2998 4273 3338 4327 monachum
3367 4288 3400 4328 θ

140 4355 297 4425 sione,
321 4361 565 4433 dejicere
586 4362 903 4417 insidiando
932 4364 1226 4433 voluerint,
1251 4372 1453 4437 agatur
1475 4367 1544 4420 de
1565 4366 1647 4420 eis
1667 4372 1723 4422 et
1804 4366 2054 4420 coenobio
2114 4365 2401 4436 Uurgensi,
2439 4365 2534 4438 qui
2577 4365 2867 4437 praeceptis
2906 4380 3059 4429 eum,
3090 4367 3149 4418 et
3190 4359 3404 4432 regulis

140 4445 200 4500 de
225 4451 478 4505 omnibus
502 4452 595 4523 qui
616 4452 867 4524 quolibet
887 4470 1118 4509 munere
1142 4457 1330 4511 caecati
1355 4458 1622 4528 juvamen
1645 4456 1787 4543 eisD
1806 4454 2130 4509 monasticis
2159 4455 2458 4522 imbueret,
2489 4475 2517 4509 ››
2552 4461 2657 4510 etc.
2692 4456 2812 4510 Imo
2838 4459 2895 4509 et
2920 4453 3072 4525 ipsos
3116 4452 3403 4524 episcopos

140 4533 520 4608 impenderint,
549 4543 698 4613 quod
734 4548 921 4597 actum
956 4550 1042 4598 est
1060 4545 1128 4599 de
1160 4546 1374 4616 angelis
1400 4547 1722 4618 superbien—
1741 4533 1783 4543 ”
1806 4543 2130 4599 monasticis
2157 4545 2374 4615 legibus
2404 4545 2684 4616 subjectos
2711 4544 2816 4612 (uti
2845 4544 3096 4609 abbates)
3115 4541 3406 4614 egregium

140 4625 292 4693 tibus,
322 4634 378 4683 et
405 4630 475 4684 de
506 4633 851 4703 protoplasto
880 4632 1086 4688 diaboli
1127 4634 1325 4689 fraude
1353 4635 1604 4706 seducto,
1634 4643 1718 4699 ut,
1808 4633 1978 4687 habes
2021 4640 2449 4689 monumentum
2488 4634 2546 4689 in
2579 4634 2690 4689 illis
2736 4633 3185 4689 institutionibus
3209 4647 3405 4686 mona-

141 4716 368 4793 paradisi
383 4719 639 4774 videlicet
657 4720 926 4776 limitibus
942 4722 1273 4778 sublimibus
1287 4726 1723 4794 regnicoelorum
1807 4723 2039 4777 chorum
2071 4723 2239 4790 (inter
2258 4730 2420 4778 notas
2451 4724 2676 4778 Seldeni
2701 4724 2772 4778 ad
2802 4724 3093 4779 historiam
3124 4720 3406 4784 Eadmeri)

144 4806 391 4863 sedilibus
413 4810 577 4880 ejecti
594 4827 719 4863 cum
740 4810 827 4864 his
840 4811 1160 4882 quidomini
1179 4812 1515 4868 famulatum
1537 4831 1726 4884 asper-
1811 4812 2083 4867 Saxonice
2114 4817 2170 4866 et
2197 4811 2412 4878 Latine,
2446 4813 2516 4866 ab
2547 4812 2772 4883 Edgaro
2800 4829 2933 4883 rege
2969 4812 3216 4883 prolatas
3257 4811 3408 4866 circa

145 4901 325 4951 nantes
375 4904 858 4970 contempserunt,
907 4900 1160 4956 barathri
1200 4902 1471 4957 incendiis
1512 4903 1728 4958 detrusi
1809 4906 1877 4959 A.
1918 4903 1979 4957 C.
2023 4898 2147 4965 900,
2202 4900 2304 4955 sub
2359 4901 2605 4955 medium
2646 4918 2658 4954 :
2697 4920 2720 4952 ι
2753 4900 3155 4973 EpiscOporum
3185 4917 3408 4973 quoque

143 4982 248 5054 jugi
290 4988 609 5042 crucientur
662 4989 909 5057 miseria,
970 5010 993 5042 ι
1037 4996 1142 5046 etc.
1193 4993 1260 5046 Et
1314 4992 1462 5047 infra
1516 4992 1730 5064 gratias
1812 4992 2031 5061 electio,
2056 4992 2135 5047 uti
2165 4991 2450 5065 abbatum,
2484 4989 2803 5061 ubicunque
2840 4991 2900 5045 in
2947 4991 3080 5045 sede
3109 4988 3411 5061 episcopali

148 5075 379 5133 caelestes
392 5079 462 5134 iis
490 5079 813 5151 impertitur
841 5081 937 5152 qui
966 5082 1252 5137 beneﬁciis
1276 5083 1576 5137 monachos
1597 5083 1727 5136 affe-
1812 5082 2073 5138 monachi
2086 5082 2374 5152 regulares
2390 5080 2885 5149 conversantur,si,
2901 5079 3409 5149 Dominilargiente

150 5165 337 5223 cerint:
355 5186 381 5221 α
401 5168 752 5240 Quicunque,
771 5169 867 5235 ait,
890 5173 1192 5226 monachos
1206 5171 1369 5227 bonis
1385 5171 1727 5244 quibuslibet
1804 5173 2006 5244 gratia,
2046 5172 2192 5226 tanti
2221 5170 2504 5241 profectus
2532 5169 2671 5223 inibi
2710 5168 3016 5224 monachus
3045 5168 3283 5240 reperiri
3313 5185 3411 5240 po-

149 5250 473 5325 locupletans
525 5258 704 5327 ditare
751 5259 1005 5326 voluerit,
1065 5258 1298 5315 Creator
1342 5261 1726 5316 cunctitenens
1806 5263 2000 5318 tuerit.
2024 5261 2240 5316 Eodem
2262 5261 2428 5315 modo
2455 5264 2675 5330 agatur,
2703 5275 2807 5313 nec
2829 5259 2940 5313 alio
2964 5257 3214 5329 quolibet
3240 5258 3408 5313 modo

150 5340 435 5399 clementer
461 5363 555 5402 eos
579 5364 888 5419 eorumque
923 5351 1248 5420 progeniem
1277 5352 1450 5407 totius
1470 5352 1728 5407 ubertate
1810 5352 1946 5406 dum
1977 5351 2230 5422 ejusdem
2260 5355 2394 5405 sunt
2412 5348 2864 5414 conversationis,
2895 5364 2929 5400 a
2957 5363 3239 5419 quoquam
3270 5358 3410 5418 pra;-

150 5435 537 5504 prosperitatis,
567 5438 658 5492 hic
686 5444 743 5493 et
770 5439 829 5493 in
856 5440 1046 5494 futuro
1072 5442 1291 5508 saeculo,
1326 5442 1555 5496 ditando
1581 5442 1729 5496 locu-
1810 5445 2085 5506 sumatur,
2113 5460 2141 5493 ››
2172 5444 2276 5496 etc.
2307 5439 2518 5494 Deinde
2541 5443 2669 5510 post
2695 5453 2891 5508 pauca.
2929 5458 2950 5486 ι
2981 5436 3089 5501 Qui
3117 5436 3411 5492 ordinatus

150 5520 326 5591 pletet,
364 5543 390 5579 n
424 5530 528 5582 etc.
559 5526 689 5582 Haec
723 5545 787 5584 ex
832 5546 933 5584 ms.
964 5530 1151 5584 codice
1182 5531 1303 5602 ejus
1334 5532 1499 5602 jussu
1526 5530 1727 5586 litteris
1811 5530 2067 5586 videlicet
2081 5530 2371 5602 episcopus
2385 5529 2445 5582 in
2463 5527 2723 5582 omnibus
2741 5526 3004 5583 eumdem
3020 5542 3237 5582 morem
3251 5542 3415 5599 regu-

151 5612 320 5670 aureis
346 5617 718 5685 pulcherrime
761 5620 1003 5675 exaratis
1040 5620 1387 5694 deprompsit
1433 5620 1723 5691 Seldenus,
1808 5621 1986 5677 larem
1998 5636 2124 5676 cum
2143 5616 3410 5692 monachissuis,quemabbastenetregnhris,
