3892 6412
107 340 192 395 577

1110 326 1183 379 ΙΝ
1228 321 1447 377 EPIST.
1495 320 1554 373 B.
1597 315 2012 372 LANFRANCI
2053 320 2284 374 ΝΟΤᾸΕ.

3229 325 3333 381 578

104 461 351 533 siquidem
380 456 514 511 nihil
543 454 693 508 aliud
725 451 1067 516 intellexere,
1102 454 1256 519 puto,
1291 445 1458 517 prisci
1503 443 1728 512 regesA
1746 443 1828 533 vel
1859 451 2042 498 metus
2064 445 2230 516 Regis
2250 446 2562 515 (Guillelmi
2585 449 2768 520 primi)
2782 450 2904 519 ejus
2933 448 3144 504 scilicet
3158 466 3326 520 quem

103 568 188 622 per
219 549 364 603 illum
394 544 678 599 denarium
701 539 990 595 annuatim
1022 536 1466 608 pel-solvendum,
1490 547 1657 602 quam

101 621 448 697 tributariam,
465 635 547 688 vel
567 630 942 686 feudatarium
964 628 1140 681 libera
1157 631 1326 695 atque
1343 621 1659 676 Christiana

105 729 353 781 voluntate
399 724 453 778 S.
501 724 664 775 Petro
710 721 943 789 ejusque
972 712 1381 770 successoribus
1421 726 1656 780 regnum

101 830 422 878 consecrare;
465 828 528 864 ex
568 826 680 863 uno
729 808 986 877 sequitur
1037 805 1299 865 alterum,
1341 816 1542 870 nempe
1593 816 1656 852 ex

99 904 281 958 tributo
304 901 600 973 persoluto,
633 895 896 966 subsequi
944 893 1268 948 fidelitatem
1297 905 1523 944 necesse
1551 893 1653 941 est.

103 994 214 1048 Huic
245 990 457 1045 veritati
497 989 841 1056 suffragatur
883 984 1177 1038 Polidorus
1207 981 1420 1051 Virgil,
1463 979 1559 1032 lib.
1600 992 1656 1031 Iv

100 1082 219 1135 Hist.
243 1079 424 1148 Angl.,
458 1094 584 1148 pag.
610 1075 914 1129 89.Verum
935 1073 1162 1144 propius
1181 1088 1299 1126 rem
1314 1071 1654 1132 intueamur,

99 1176 145 1223 ct
165 1187 220 1223 ex
247 1167 482 1221 fontibus
500 1163 755 1219 nonnihil
775 1162 1122 1216 hauriemus.
1141 1162 1253 1215 Lex
1279 1157 1482 1212 Canuti
1512 1156 1660 1226 regis

96 1258 367 1328 Anglorum
417 1255 496 1308 sic
537 1253 704 1307 habet
733 1272 748 1306 :
795 1270 820 1303 «
853 1253 1160 1305 Nummum
1190 1249 1381 1302 Romae
1410 1245 1659 1299 debitum

93 1347 150 1400 ad
188 1346 378 1399 festum
411 1345 468 1398 S.
501 1341 656 1396 Petri
695 1339 930 1403 reddito,
971 1339 1067 1409 qui
1099 1343 1223 1391 tum
1252 1351 1365 1389 non
1409 1332 1655 1398 solverit,

93 1434 316 1504 episcopo
336 1428 1076 1498 denariumillum,aliosque
1096 1431 1366 1497 praeterea
1376 1429 1464 1478 ter
1484 1424 1656 1478 denos

93 1526 370 1586 numerato,
399 1537 464 1574 ac
490 1520 611 1590 regi
651 1536 716 1574 eo
746 1517 970 1572 nomine
1008 1519 1196 1581 348
1224 1515 1468 1568 ducenos
1500 1513 1652 1576 dato,

90 1618 132 1663 et
150 1611 327 1680 viginti
355 1610 582 1664 solidos.
621 1629 643 1660 ι
670 1610 726 1663 S.
749 1607 1049 1662 Eduardus
1066 1604 1391 1676 explicatius
1410 1604 1536 1672 lege
1569 1599 1649 1657 10.

93 1718 110 1750 εἰ
145 1699 322 1754 Omnis
359 1699 454 1769 qui
484 1698 747 1752 habuerit
777 1697 1010 1767 triginta
1030 1694 1354 1748 denariatus
1383 1692 1514 1745 vivae
1552 1707 1650 1761 pe-

1743 531 1891 584 inter
1923 540 2152 587 caeteros
2181 534 2332 588 illius
2361 535 2652 604 dignitatis
2681 537 2978 607 specialius
2999 554 3221 610 semper
3245 542 3331 597 di-

1740 620 1993 686 leximus,
2019 625 2100 676 vel
2123 623 2364 677 maxime
2397 630 2494 678 tua
2525 625 2689 696 culpa
2709 625 2866 680 nobis
2905 627 3144 697 negavit,
3173 646 3198 682 »
3223 635 3329 688 etc.

1746 709 1939 764 lsthaec
1967 712 2140 782 igitur
2174 712 2411 766 crimina
2437 713 2541 766 sibi
2571 714 2829 785 imposita
2857 715 3072 770 diluere
3098 717 3158 770 B.
3183 719 3330 774 Lan-

1740 798 1981 865 francus,
2013 807 2183 870 atque
2210 817 2505 871 perperam
2523 802 2591 855 de
2613 818 2672 856 se
2702 801 2860 872 queri
2889 803 3208 872 pontificem
3239 824 3334 862 os-

1739 887 1969 940 tendere
1996 893 2248 942 conatur.
2265 889 2408 952 Quid
2439 895 2643 943 renuat
2665 889 2998 946 Guillelmus
3010 909 3125 960 rex,
3144 911 3246 950 sua
3260 897 3332 952 ad

1741 976 2070 1046 Gregorium
2099 994 2297 1048 papam
2327 978 2564 1048 epistola
2591 979 2932 1034 manifestat.
2965 982 3079 1036 Cur
3105 985 3337 1040 tandem

1741 1063 1822 1118 ita
1859 1065 2157 1134 compellat
2186 1066 2559 1121 Lanfrancum
2591 1068 2825 1122 Romam
2851 1071 3143 1139 proficisci,
3177 1088 3340 1128 men--

1741 1158 1854 1205 tem
1885 1171 2044 1207 suam
2073 1155 2255 1225 aperit
2295 1156 2382 1210 his
2421 1156 2633 1210 verbis:
2659 1176 2684 1210 α
2716 1157 3002 1221 Quatenus
3027 1177 3128 1215 nos
3157 1163 3244 1217 his
3276 1167 3339 1218 et

1741 1241 1867 1295 aliis
1902 1244 2142 1312 negotiis
2171 1245 2598 1314 prasentialiter
2626 1247 2897 1314 conferre,
2927 1254 3096 1319 atque
3117 1251 3332 1308 utilitas

1739 1331 2000 1385 Ecclesiae
2031 1339 2220 1386 nostro
2255 1333 2530 1404 colloquio
2573 1343 2942 1406 augmentum
2981 1339 3182 1408 valeat,
3215 1339 3330 1396 Deo

1738 1419 1972 1484 favente,
2001 1421 2314 1492 percipere.
2344 1443 2365 1474 ι

2281 1526 2352 1567 ΑΒ
2383 1526 2684 1567 EPISTULAM
2709 1528 2785 1568 IX.

1807 1598 2136 1652 Eboracensi
2164 1600 2561 1669 archiepiscopo
2600 1602 2825 1656 Thema.
2853 1621 2879 1655 α
2910 1603 3153 1659 Thomas
3173 1622 3337 1662 cano-

1735 1685 1895 1740 nicus
1942 1688 2263 1757 Bajocensis
2293 1689 2391 1761 (ait
2418 1689 2640 1744 Guillel.
2676 1691 3208 1762 Malmesburiensis,
3237 1696 3334 1750 lib.

89 1790 236 1843 cunia
263 1790 317 1843 in
337 1790 508 1842 domo
527 1805 649 1854 sua,
680 1788 750 1841 de
777 1804 878 1840 suo
905 1784 1148 1856 proprio,
1182 1781 1710 1852 Anglorumlege,B
1733 1775 1813 1828 De
1839 1776 2035 1845 pontif.
2073 1777 2132 1831 in
2161 1777 2432 1849 episcopis
2477 1779 2741 1833 Candidas
2773 1781 2943 1846 Casae)
2976 1799 3009 1835 a
3039 1783 3339 1840 Guillelmo

92 1877 219 1931 dabit
247 1878 537 1932 denarium
570 1879 625 1931 S.
643 1877 886 1941 Petri,et
913 1876 1035 1944 lege
1065 1875 1348 1927 Danorum
1365 1869 1656 1923 dimidiam

94 1983 322 2030 marcam,
369 1967 478 2020 iste
526 1982 654 2020 vero
701 1964 964 2018 denarius
1017 1961 1186 2016 debet
1230 1956 1547 2013 submoveri
1599 1957 1658 2011 in

95 2059 413 2112 solemnitate
446 2057 831 2128 apostolorum
858 2053 1007 2106 Petri
1031 2058 1089 2105 et
1110 2049 1288 2114 Pauli,
1313 2054 1369 2102 et
1382 2047 1567 2116 colligi
1589 2046 1657 2099 ad

94 2145 410 2198 festivitatem
430 2161 559 2214 quae
579 2143 783 2196 dicitur
803 2141 873 2194 ad
887 2140 1139 2202 Vincula,
1163 2158 1184 2189 ι
1200 2143 1304 2192 etc.
1329 2138 1454 2190 Non
1479 2135 1656 2188 solum

93 2233 364 2302 Anglorum
382 2247 627 2302 regnum
639 2229 912 2299 ejusmodi
933 2244 1162 2281 censum
1188 2227 1419 2283 solvere,
1445 2238 1660 2276 verum-

93 2321 229 2375 etiam
259 2322 509 2375 omnium
547 2331 769 2390 (paucos
805 2319 852 2372 si
889 2317 1152 2387 excipias)
1183 2315 1530 2368 diversorum
1568 2328 1659 2364 re-

93 2427 296 2478 gnorum
353 2411 508 2464 orbis
563 2407 865 2462 Christiani
929 2421 1145 2476 rogum,
1198 2419 1660 2472 summorumque

98 2494 390 2565 principum,
420 2511 546 2548 mos
593 2493 716 2547 fuit.
765 2492 1063 2554 Dithmar.,
1101 2489 1138 2545 l.
1173 2503 1248 2556 v1,
1287 2487 1560 2542 Baronius
1589 2487 1660 2541 ad

96 2597 169 2638 an.
197 2582 344 2641 1059.
374 2581 533 2647 1062,
569 2578 724 2648 1076,
754 2580 905 2637 1081.

151 2672 270 2726 Cum
299 2676 673 2738 opportunum
697 2671 872 2736 fuerit
919 2669 1353 2721 transmittetur.
1397 2665 1662 2720 Avaritiae

95 2759 203 2812 vitio
234 2760 432 2829 passim
462 2757 537 2812 ab
567 2757 888 2812 auctoribus
917 2759 1148 2809 notatur
1177 2754 1512 2809 Guillelmus
1540 2768 1660 2822 rex,

97 2847 421 2918 carpiturque
443 2846 599 2917 quod
623 2848 680 2900 in
700 2844 1072 2916 aggregandis
1094 2843 1199 2897 sibi
1221 2859 1330 2897 non
1353 2842 1553 2896 debitis
1574 2859 1666 2912 pe-

96 2936 244 2988 cuniis
273 2936 524 2989 animum
561 2935 686 3005 plus
715 2949 871 3004 aequo
908 2931 1244 3003 applicuerit
1269 2951 1280 2998 ;
1309 2932 1406 2985 sed
1439 2930 1664 2984 monitis

1738 1881 1870 1933 rege
1897 1865 2348 1936 archiepiscopus
2386 1863 2633 1920 Eboraco
2673 1867 2836 1922 datus
2869 1875 2972 1936 est,
3005 1873 3342 1940 permansit-

1741 1968 1848 2022 que
1879 1953 1934 2006 in
1965 1954 2176 2007 honore
2204 1941 2443 2024 triginta
2471 1956 2654 2021 annis,
2687 1957 2838 2010 omni
2870 1957 2979 2010 vita
3015 1958 3253 2030 integer,
3282 1967 3340 2017 et

1741 2040 1830 2094 cui
1860 2041 1999 2095 nihil
2024 2043 2107 2095 vel
2138 2043 2194 2095 in
2227 2042 2420 2112 gestis,
2459 2043 2545 2096 vel
2594 2044 2651 2097 in
2697 2045 2860 2099 dictis
2884 2049 3200 2102 succenseri
3239 2050 3339 2104 de-

1741 2129 1890 2194 beat,
1921 2131 2029 2184 nisi
2061 2131 2208 2200 quod
2237 2132 2418 2201 primo
2462 2132 2970 2204 archiepiscopatus
3000 2141 3252 2207 tempore
3279 2139 3340 2194 in

1739 2236 1910 2274 causa
1948 2220 2226 2291 primatus
2258 2221 2678 2296 Cantuariensis
2720 2223 2898 2293 magis
2938 2241 3128 2280 errore
3164 2243 3337 2296 quam

1733 2309 2052 2380 pertinacia
2090 2310 2342 2375 certavit,
2383 2329 2408 2362 »
2458 2294 2562 2364 etc.
2607 2310 2891 2365 Guillelmi
2941 2294 3340 2384 Conquestoris

1741 2396 1870 2450 fatis
1898 2398 2072 2451 functi
2102 2398 2337 2452 nzeniam
2370 2398 2655 2468 scripsisse
2689 2405 2990 2456 attestatur
3018 2403 3341 2474 Ordericus,

1743 2485 1871 2540 hist.
1905 2485 2028 2539 libr.
2054 2500 2156 2542 VIII
2188 2503 2356 2557 quam
2384 2492 2441 2541 et
2469 2487 2641 2542 refert
2675 2488 2794 2559 ipse
2823 2490 2893 2543 ad
2922 2491 3173 2547 verbum.
3197 2493 3348 2549 Tho-

1743 2590 1893 2628 mam
1925 2575 2153 2629 sanitati
2175 2576 2456 2630 redditum
2495 2576 2710 2631 meritis
2739 2577 2888 2632 beati
2917 2580 3209 2635 Cuthberti
3238 2582 3346 2637 Ro-

1741 2679 1910 2731 gerus
1944 2664 2223 2718 Hoveden.
2268 2671 2673 2719 commemorat
2695 2667 2765 2720 ad
2802 2684 2891 2722 an.
2939 2667 3087 2736 [083,
3122 2671 3181 2725 in
3201 2669 3345 2725 Wil-

1745 2752 1912 2805 lelmo
1946 2753 2195 2807 Seniore.
2231 2753 2314 2808 Ob
2344 2755 2501 2823 cujus
2539 2755 2780 2824 gratiam
2822 2757 3184 2812 Dunelmensi
3225 2760 3345 2831 epi-

1746 2858 1912 2911 scopo
1937 2841 2189 2895 concedit
2217 2841 2455 2912 ipsemet
2479 2843 2797 2898 Willelmus
2824 2845 3118 2900 canonicos
3149 2846 3218 2900 ab
3248 2864 3346 2902 ea-

1746 2929 1873 2982 dem
1906 2930 2140 2983 ecclesia
2163 2929 2512 2998 submovere,
2550 2932 2916 3004 suf‘ficereque
2946 2935 3247 2990 monachos
3285 2936 3347 2991 in

98 3021 143 3073 Β.
163 3023 440 3080 Lanfranci
469 3039 773 3092 assurgens
790 3023 1019 3076 demum
1050 3021 1120 3075 ad
1137 3020 1428 3074 meliorem
1444 3021 1664 3090 frugem
1693 3089 1716 3092 _
1748 3034 1945 3072 eorum
1975 3019 2176 3072 locum.

97 3126 143 3161 se
167 3114 392 3182 recepit;
439 3112 592 3183 quod
636 3089 783 3166 infra
821 3111 891 3164 ad
938 3111 1100 3181 epist.
1149 3110 1238 3175 50,
1273 3110 1354 3163 lit.
1388 3112 1440 3176 6,
1474 3089 1724 3163 osten-C

98 3195 282 3254 demus.

585 3308 654 3344 AD
693 3303 998 3346 EPISTOLAM
1028 3303 1147 3342 VIII.

155 3377 415 3446 Gregorio.
461 3380 620 3434 Alias
676 3378 1089 3446 Hildebrando;
1142 3379 1302 3448 cujus
1354 3393 1443 3430 res
1480 3379 1668 3446 gestas

101 3464 253 3520 obiter
283 3469 732 3539 perstrinximus,
764 3485 848 3539 ep.
883 3469 934 3533 5,
969 3468 1050 3522 lit.
1079 3484 1134 3521 a.

160 3557 378 3612 Paterna
430 3576 520 3611 me
575 3560 860 3612 dulcedine
917 3556 1302 3626 reprehendere
1357 3556 1666 3608 studuistis.

104 3641 233 3698 Binis
260 3648 563 3717 respondet
603 3647 852 3717 epistolis
880 3645 948 3700 ad
984 3661 1106 3698 sese
1135 3662 1169 3698 a
1198 3642 1467 3713 Gregorio
1497 3642 1670 3695 desti-

105 3733 227 3786 natis
251 3741 504 3800 ;exstant
523 3735 618 3789 lib.
651 3750 724 3801 v1,
759 3736 920 3805 epist.
943 3733 1034 3800 3L),
1061 3740 1118 3787 et
1145 3733 1269 3788 libr.
1304 3746 1378 3794 Ix,
1400 3731 1562 3802 epist.
1577 3727 1666 3786 ‘20.

105 3819 188 3874 Illa
217 3823 590 3878 Lanfrancum
629 3825 818 3894 arguit
845 3824 933 3877 his
962 3822 1143 3876 verbis
1177 3841 1187 3875 :
1229 3841 1251 3872 ι
1284 3821 1442 3891 Saepe
1477 3820 1673 3874 frater-

105 3909 312 3967 nitatem
339 3920 501 3968 tuam
533 3914 837 3984 apostolica
877 3913 1155 3983 legatione
1177 3912 1533 3966 invitavimus
1560 3909 1674 3964 Ro-

105 4013 215 4053 nam
242 4002 446 4070 venire,
466 4001 640 4056 etiam
669 4018 770 4072 pro
799 4001 929 4055 ﬁdei
957 4006 1014 4054 et
1038 4000 1328 4070 religionis
1342 3999 1672 4054 Christianae

106 4091 567 4159 comprobatione;
601 4091 749 4161 quod
771 4091 1077 4160 hucusque,
1109 4089 1254 4144 sicut
1280 4093 1533 4160 apparet,
1576 4092 1675 4141 aut

107 4178 316 4246 superbe
353 4185 454 4235 aut
494 4179 846 4249 negligenter
883 4185 1075 4233 nostra
1129 4178 1364 4232 abutens
1403 4177 1677 4249 patientia

109 4262 366 4334 distulisti,
407 4285 540 4323 cum
571 4285 672 4322 nec
701 4269 873 4322 etiam
902 4267 1225 4322 canonicam
1257 4267 1674 4321 excusationem

1822 3109 2079 3162 Robertus
2109 3108 2407 3175 Sagiensis.
2441 3109 2744 3164 Ordericus
2766 3110 2965 3165 Vitalis
2988 3111 3084 3165 lib.
3101 3126 3172 3166 Iv.
3197 3112 3344 3168 Hist.

1752 3212 1878 3267 pag.
1928 3195 2050 3251 520.
2091 3215 2112 3245 ι
2165 3197 2332 3250 lvone
2381 3197 2733 3268 Sagiensium
2784 3201 3020 3270 praesule
3063 3201 3345 3271 defuncto,

1750 3284 2026 3338 Robertus
2053 3285 2288 3339 Huberti
2319 3287 2388 3340 de
2425 3287 2530 3340 Ria
2567 3289 2716 3342 filius
2751 3290 3037 3357 successit,
3083 3291 3180 3362 qui
3229 3295 3350 3348 tere

1750 3374 2043 3427 duodecim
2071 3374 2233 3428 annis
2259 3375 2512 3446 praelatui
2544 3377 2766 3448 praefuit
2790 3397 2801 3446 ;
2836 3384 2894 3432 et
2925 3379 3046 3450 ipse
3074 3380 3223 3434 circa
3247 3382 3352 3437 Dei

1751 3467 1964 3521 cultum
1979 3467 2197 3520 fervens
2216 3467 2528 3537 Religiosos
2552 3471 2791 3525 multum
2813 3471 3023 3526 dilexit.
3048 3495 3074 3522 υ
3089 3490 3200 3545 pag
3217 3473 3284 3531 52
3295 3476 3345 3534 7.

1752 3555 2015 3610 Interfuit
2043 3556 2276 3609 concilio
2307 3557 2745 3629 Rothomagensi
2785 3577 2816 3614 a
2849 3561 3066 3616 Joanne
3083 3563 3353 3636 archiepi-

1751 3661 1916 3715 scopo
1946 3650 2302 3715 congregato,
2340 3648 2406 3700 Α.
2442 3649 2501 3701 C.
2555 3646 2702 3704 [072.
2739 3649 2922 3704 Etlib.
2956 3665 3029 3719 Ix,
3061 3669 3189 3723 pag.
3221 3652 3347 3723 833,

1752 3733 1979 3786 Roberti
1997 3733 2250 3787 doctrina
2269 3735 2565 3790 indicatur.

1825 3823 2060 3874 Montem
2098 3822 2154 3876 S.
2200 3823 2498 3877 Michaelis.
2544 3825 2624 3878 De
2662 3824 2866 3879 celebri
2906 3830 3246 3883 monasterio
3291 3831 3353 3886 in

1755 3910 2168 3964 Northmannia
2178 3911 2531 3964 sanctissimo
2543 3913 2879 3983 archangelo
2895 3915 3151 3971 Michaeli
3168 3933 3347 3986 sacro,

1755 4015 1865 4052 non
1890 3999 1958 4052 de
1978 3999 2074 4052 illo
2096 4004 2286 4054 monte
2306 4001 2586 4070 Gargano,
2620 4003 2870 4072 loquitur
2897 4003 2984 4057 hic
3008 4005 3158 4059 haud
3184 4006 3354 4062 dubie
3415 3991 3420 3996 δ

1756 4089 1817 4142 Β.
1851 4087 2212 4142 Lanfrancus.
2243 4113 2264 4136 «
2299 4090 2400 4142 Hic
2432 4090 2584 4156 locus
2612 4090 2831 4145 Tumba
2869 4093 3145 4148 vocitatur
3165 4095 3234 4148 ab
3258 4097 3354 4151 in-

1757 4177 1890 4231 colis
1927 4183 2007 4247 (ut
2033 4179 2142 4232 fert
2171 4179 2420 4233 Historia
2458 4196 2562 4233 ms.
2599 4180 2830 4250 hujusce
2875 4183 3222 4250 monasterii)
3257 4185 3355 4257 qui

1756 4265 1816 4320 in
1837 4282 2049 4320 morem
2066 4267 2270 4321 tumuli
2292 4268 2450 4338 quasi
2470 4268 2539 4321 ab
2560 4269 2746 4323 arenis
2766 4286 3059 4342 emergens
3075 4273 3133 4328 in
3150 4273 3357 4344 altum,

110 4357 463 4421 praetenderis,
496 4377 524 4409 υ
557 4362 661 4412 etc.
697 4358 810 4411 Hac
845 4373 976 4412 vero
1006 4356 1165 4411 illum
1202 4374 1237 4410 a
1269 4356 1508 4428 pristina
1534 4355 1814 4425 dile-Din
1845 4355 2026 4426 spatio
2053 4355 2420 4410 ducentorum
2443 4356 2756 4412 cubitorum
2778 4361 3104 4431 porrigitur.
3134 4363 3359 4420 Oceano
3382 4383 3394 4397 °

113 4442 272 4497 ctione
309 4444 576 4500 defecisse
624 4445 987 4516 conqueritur
1019 4464 1032 4500 :
1071 4464 1093 4496 α
1128 4445 1288 4509 Quod
1319 4462 1383 4498 ex
1421 4445 1515 4498 illo
1544 4450 1685 4499 tem-

113 4544 244 4598 pOi-e,
275 4553 295 4583 ι
320 4534 525 4605 inquit,
556 4553 578 4585 ι
614 4551 724 4605 quo
767 4534 1111 4588 sacerdotale
1149 4551 1382 4588 summae.
1428 4534 1577 4588 sedis
1598 4535 1685 4604 ju-

113 4633 226 4686 gum
247 4623 438 4677 cervici
459 4628 685 4688 nostrae,
704 4623 834 4677 licet
853 4622 1088 4693 indigni,
1105 4622 1472 4694 suscepimus,
1495 4624 1684 4678 venire

117 4707 174 4760 ad
200 4725 294 4765 nos
312 4728 424 4766 non
457 4712 698 4766 multum
735 4712 950 4766 curavit
971 4712 1292 4766 fraternitas
1321 4718 1439 4780 tua,
1475 4719 1684 4783 quanto

119 4798 281 4855 minus
307 4803 374 4856 de
400 4803 697 4857 dilectione
727 4807 824 4856 tua
844 4818 1071 4874 sperare
1109 4801 1412 4873 potuimus,
1443 4819 1470 4856 ι)
1504 4808 1609 4856 etc.

186 4889 350 4944 Verbis
375 4895 483 4945 tuis
503 4894 850 4946 calumniam
871 4895 1135 4959 ingerere.
1171 4891 1246 4945 Iis
1266 4890 1520 4945 videlicet
1551 4891 1684 4962 qui-

121 4971 209 5030 bus
234 4995 483 5035 summus
510 4987 703 5051 pastor
731 4981 826 5034 ille
857 4981 1095 5052 epistola
1131 4979 1304 5052 priori
1349 4980 1446 5035 ubi
1492 4997 1682 5052 supra,

121 5065 574 5140 archiepiscopum
638 5069 1013 5124 Lanfrancum
1058 5069 1230 5140 (quod
1284 5070 1572 5124 remissior
1624 5087 1690 5125 ac

123 5156 324 5218 segnior
372 5158 432 5212 in
482 5158 740 5212 libertate
792 5158 1166 5213 ecclesiastica
1213 5158 1580 5225 defendenda,
1634 5165 1691 5213 et

126 5247 478 5308 promovenda
511 5247 751 5317 gesserit
776 5250 924 5316 sese)
951 5246 1226 5318 objurgat,
1257 5249 1462 5319 culpat,
1498 5248 1689 5303 crimi-

125 5337 313 5388 natur:
351 5356 372 5387 ¢
407 5337 527 5391 Nisi
573 5337 878 5409 apostolica
923 5338 1294 5392 mansuetudo
1338 5338 1524 5410 (verba
1561 5343 1693 5393 sunt

126 5419 366 5490 epistolae)
396 5442 500 5480 nec
541 5443 654 5480 non
689 5431 746 5480 et
778 5426 985 5480 amoris
1023 5425 1225 5496 pignus
1265 5428 1561 5498 antiquum
1591 5444 1692 5483 nos

125 5505 388 5584 hucusque
453 5516 798 5582 detinuisset,
855 5515 1104 5587 profecto
1138 5533 1239 5572 nos
1293 5519 1399 5572 hoc
1450 5520 1696 5590 graviter

126 5596 254 5657 ferre
259 5604 590 5674 jamdudum
609 5606 966 5666 constitisset.
986 5605 1196 5664 Verum
1217 5608 1518 5666 adventum
1532 5615 1696 5668 tuum

1767 4444 2013 4514 undique
2041 4444 2256 4498 cinctus
2285 4445 2773 4517 locus,angustum
2795 4449 3139 4507 admirabilis
3163 4453 3364 4508 insulae

1765 4533 1979 4605 praebet
2005 4533 2268 4605 spatium.
2309 4535 2394 4589 Ab
2426 4535 2816 4592 Abrincatensi
2847 4539 2985 4594 urbe
3011 4557 3107 4595 sex
3143 4542 3366 4597 distans

1767 4622 2049 4690 millibus;
2086 4639 2343 4678 occasum
2375 4631 2736 4696 prospectans
2765 4627 3227 4686 Abrincatensem
3257 4649 3363 4704 pa-

1765 4728 1900 4782 gum
1929 4710 2141 4766 dirimit
2168 4728 2202 4766 a
2232 4712 2542 4778 Britannia,
2589 4734 2615 4767 »
2646 4721 2751 4770 etc.
2791 4717 2948 4772 Illius
2975 4719 3365 4776 fundationem

1767 4800 1947 4855 obiter
1975 4801 2306 4872 perstringit
2333 4801 2650 4872 Sigibcrtus
2678 4804 2738 4858 in
2764 4805 3040 4862 Chronico
3069 4825 3201 4863 ann.
3236 4806 3361 4865 709.

1767 4889 2122 4944 Childeberto
2137 4890 2752 4957 11,349Francorum
2770 4895 3153 4950 monarchiam
3172 4901 3368 4952 tenen-

1766 4985 1842 5046 te;
1865 4979 2224 5034 fundatorem
2245 4996 2373 5034 vero
2393 4980 2448 5034 S.
2460 4978 2770 5034 Aubertum
2782 4981 3185 5040 Abrincensem
3201 4986 3367 5042 exsti-

1768 5069 1923 5132 tisse,
1939 5069 2301 5141 posuisseque
2323 5069 2383 5124 in
2399 5069 2594 5124 eadem
2615 5070 2849 5124 ecclesia
2878 5072 3126 5128 clericos.
3152 5075 3366 5132 Verum

1771 5157 1853 5212 illi
1876 5159 1983 5230 ipsi
2003 5159 2158 5214 cultu
2194 5159 2382 5214 divino
2411 5177 2618 5231 susque
2651 5161 2832 5232 deque
2867 5161 3081 5231 habito,
3103 5169 3162 5218 et
3180 5164 3368 5221 laxata

1774 5265 2002 5319 prorsus
2031 5249 2405 5304 ecclesiastica
2424 5249 2736 5321 disciplina,
2758 5266 2886 5304 cum
2916 5257 2973 5305 et
2997 5252 3145 5322 gula:
3171 5259 3228 5307 et
3253 5253 3366 5309 Ve-

1776 5338 1897 5392 neri
1921 5338 2294 5409 indulgentes,
2335 5339 2440 5393 toti
2471 5339 2529 5392 in
2558 5340 2706 5394 vitiis
2736 5340 2986 5394 immersi
3016 5341 3364 5411 viderentur,

1775 5444 1957 5498 neque
2011 5428 2209 5495 Deum,
2268 5444 2448 5498 neque
2503 5428 2757 5483 homines
2809 5436 3218 5499 revererentur,
3276 5431 3372 5488 Ri-

1776 5517 2014 5572 chardus
2052 5519 2077 5573 Ι
2107 5518 2220 5572 dux
2250 5517 2770 5572 Northmannorum
2815 5518 3015 5574 iisdem
3064 5520 3372 5580 eliminatis

1776 5606 2168 5664 Benedictinos
2197 5606 2498 5664 monachos
2526 5606 2779 5677 suffecit;
2822 5608 2972 5679 quod
3010 5609 3124 5666 late
3159 5611 3370 5670 descri-
