  <div class='ocr_page' id='page_1' title='image "/cluster/home/n/w/nwhite01/storage/ocr_20150623/150/umn.31951002477443u/347.png"; bbox 0 0 3892 6366; ppageno 0'>
   <div class='ocr_carea' id='block_1_1' title="bbox 506 278 608 335">
    <p class='ocr_par' dir='ltr' id='par_1_1' title="bbox 506 278 608 335">
     <span class='ocr_line' id='line_1_1' title="bbox 506 278 608 335; baseline -0.01 -1"><span class='ocrx_word' id='word_1_1' title='bbox 506 278 608 335; x_wconf 79' lang='grc'>579</span> 
     </span>
    </p>
   </div>
   <div class='ocr_carea' id='block_1_2' title="bbox 1701 255 2586 316">
    <p class='ocr_par' dir='ltr' id='par_1_2' title="bbox 1701 255 2586 316">
     <span class='ocr_line' id='line_1_2' title="bbox 1701 255 2586 316; baseline -0.01 0"><span class='ocrx_word' id='word_1_2' title='bbox 1701 260 1935 316; x_wconf 90' lang='lat' dir='ltr'><strong>DOMNI</strong></span> <span class='ocrx_word' id='word_1_3' title='bbox 1974 257 2180 313; x_wconf 68' lang='lat' dir='ltr'>LUCAE</span> <span class='ocrx_word' id='word_1_4' title='bbox 2218 255 2586 312; x_wconf 83' lang='lat' dir='ltr'>DACHERII.</span> 
     </span>
    </p>
   </div>
   <div class='ocr_carea' id='block_1_3' title="bbox 3678 255 3770 312">
    <p class='ocr_par' dir='ltr' id='par_1_3' title="bbox 3678 255 3770 312">
     <span class='ocr_line' id='line_1_3' title="bbox 3678 255 3770 312; baseline 0.011 -1"><span class='ocrx_word' id='word_1_5' title='bbox 3678 255 3770 312; x_wconf 78' lang='lat'>580</span> 
     </span>
    </p>
   </div>
   <div class='ocr_carea' id='block_1_4' title="bbox 504 379 3768 460">
    <p class='ocr_par' dir='ltr' id='par_1_4' title="bbox 504 379 3768 460">
     <span class='ocr_line' id='line_1_4' title="bbox 504 379 3768 460; baseline -0.012 1"><span class='ocrx_word' id='word_1_6' title='bbox 504 405 587 460; x_wconf 89' lang='lat' dir='ltr'>bit</span> <span class='ocrx_word' id='word_1_7' title='bbox 618 401 897 459; x_wconf 86' lang='lat' dir='ltr'>Robertus</span> <span class='ocrx_word' id='word_1_8' title='bbox 942 398 1011 453; x_wconf 91' lang='lat' dir='ltr'>de</span> <span class='ocrx_word' id='word_1_9' title='bbox 1062 396 1252 450; x_wconf 87' lang='lat' dir='ltr'>Monte</span> <span class='ocrx_word' id='word_1_10' title='bbox 1296 392 1355 446; x_wconf 91' lang='lat' dir='ltr'>in</span> <span class='ocrx_word' id='word_1_11' title='bbox 1404 388 1650 444; x_wconf 82' lang='lat' dir='ltr'>Historia</span> <span class='ocrx_word' id='word_1_12' title='bbox 1691 403 1796 441; x_wconf 90' lang='lat' dir='ltr'>ms.</span> <span class='ocrx_word' id='word_1_13' title='bbox 1847 383 2097 455; x_wconf 87' lang='lat' dir='ltr'>ejusdem</span> <span class='ocrx_word' id='word_1_14' title='bbox 2117 383 2368 445; x_wconf 87' lang='lat' dir='ltr'>ATrado</span> <span class='ocrx_word' id='word_1_15' title='bbox 2394 383 2563 437; x_wconf 86' lang='lat' dir='ltr'>etiam</span> <span class='ocrx_word' id='word_1_16' title='bbox 2587 380 2889 436; x_wconf 86' lang='lat' dir='ltr'>donatione</span> <span class='ocrx_word' id='word_1_17' title='bbox 2931 384 3203 453; x_wconf 87' lang='lat' dir='ltr'>perpetua</span> <span class='ocrx_word' id='word_1_18' title='bbox 3238 380 3550 451; x_wconf 81' lang='lat' dir='ltr'>quamdam</span> <span class='ocrx_word' id='word_1_19' title='bbox 3593 379 3768 434; x_wconf 73' lang='lat' dir='ltr'>villam</span> 
     </span>
    </p>
   </div>
   <div class='ocr_carea' id='block_1_5' title="bbox 504 473 2103 556">
    <p class='ocr_par' dir='ltr' id='par_1_5' title="bbox 504 473 2103 556">
     <span class='ocr_line' id='line_1_5' title="bbox 504 473 2103 556; baseline -0.016 -7"><span class='ocrx_word' id='word_1_20' title='bbox 504 489 854 554; x_wconf 82' lang='lat' dir='ltr'>monasterii,</span> <span class='ocrx_word' id='word_1_21' title='bbox 903 504 933 540; x_wconf 90' lang='lat' dir='ltr'>e</span> <span class='ocrx_word' id='word_1_22' title='bbox 986 500 1117 556; x_wconf 89' lang='lat' dir='ltr'>qua,</span> <span class='ocrx_word' id='word_1_23' title='bbox 1169 482 1302 536; x_wconf 91' lang='lat' dir='ltr'>dum</span> <span class='ocrx_word' id='word_1_24' title='bbox 1366 475 1711 546; x_wconf 87' lang='lat' dir='ltr'>evulgaverit</span> <span class='ocrx_word' id='word_1_25' title='bbox 1756 473 1983 544; x_wconf 87' lang='lat' dir='ltr'>quidam</span> <span class='ocrx_word' id='word_1_26' title='bbox 2040 488 2103 525; x_wconf 90' lang='lat' dir='ltr'>ex</span> 
     </span>
    </p>
   </div>
   <div class='ocr_carea' id='block_1_6' title="bbox 506 559 2106 645">
    <p class='ocr_par' dir='ltr' id='par_1_6' title="bbox 506 559 2106 645">
     <span class='ocr_line' id='line_1_6' title="bbox 506 559 2106 645; baseline -0.016 -7"><span class='ocrx_word' id='word_1_27' title='bbox 506 581 736 645; x_wconf 85' lang='lat' dir='ltr'>nostris,</span> <span class='ocrx_word' id='word_1_28' title='bbox 768 593 871 633; x_wconf 92' lang='lat' dir='ltr'>nec</span> <span class='ocrx_word' id='word_1_29' title='bbox 903 591 1016 629; x_wconf 92' lang='lat' dir='ltr'>non</span> <span class='ocrx_word' id='word_1_30' title='bbox 1052 589 1117 627; x_wconf 90' lang='lat' dir='ltr'>ex</span> <span class='ocrx_word' id='word_1_31' title='bbox 1154 567 1513 633; x_wconf 85' lang='lat' dir='ltr'>chartulario,</span> <span class='ocrx_word' id='word_1_32' title='bbox 1550 565 1607 619; x_wconf 91' lang='lat' dir='ltr'>in</span> <span class='ocrx_word' id='word_1_33' title='bbox 1634 568 1987 617; x_wconf 82' lang='lat' dir='ltr'>antecessum</span> <span class='ocrx_word' id='word_1_34' title='bbox 2015 559 2106 612; x_wconf 90' lang='lat' dir='ltr'>de-</span> 
     </span>
    </p>
   </div>
   <div class='ocr_carea' id='block_1_7' title="bbox 508 651 2106 739">
    <p class='ocr_par' dir='ltr' id='par_1_7' title="bbox 508 651 2106 739">
     <span class='ocr_line' id='line_1_7' title="bbox 508 651 2106 739; baseline -0.016 -9"><span class='ocrx_word' id='word_1_35' title='bbox 508 674 752 729; x_wconf 82' lang='lat' dir='ltr'>scribere</span> <span class='ocrx_word' id='word_1_36' title='bbox 772 687 885 726; x_wconf 91' lang='lat' dir='ltr'>non</span> <span class='ocrx_word' id='word_1_37' title='bbox 906 665 1267 739; x_wconf 90' lang='lat' dir='ltr'>gravabimur</span> <span class='ocrx_word' id='word_1_38' title='bbox 1295 662 1545 716; x_wconf 85' lang='lat' dir='ltr'>chartam</span> <span class='ocrx_word' id='word_1_39' title='bbox 1578 655 1842 711; x_wconf 89' lang='lat' dir='ltr'>Richardi</span> <span class='ocrx_word' id='word_1_40' title='bbox 1867 653 1921 708; x_wconf 94' lang='grc' dir='ltr'>ΙΙ</span> <span class='ocrx_word' id='word_1_41' title='bbox 1949 651 2106 707; x_wconf 90' lang='lat' dir='ltr'>ducis</span> 
     </span>
    </p>
   </div>
   <div class='ocr_carea' id='block_1_8' title="bbox 509 741 2101 826">
    <p class='ocr_par' dir='ltr' id='par_1_8' title="bbox 509 741 2101 826">
     <span class='ocr_line' id='line_1_8' title="bbox 509 741 2101 826; baseline -0.018 -7"><span class='ocrx_word' id='word_1_42' title='bbox 509 763 1027 820; x_wconf 90' lang='lat' dir='ltr'>Northmannorum</span> <span class='ocrx_word' id='word_1_43' title='bbox 1038 772 1180 826; x_wconf 87' lang='lat' dir='ltr'>,qua</span> <span class='ocrx_word' id='word_1_44' title='bbox 1195 755 1372 807; x_wconf 88' lang='lat' dir='ltr'>instar</span> <span class='ocrx_word' id='word_1_45' title='bbox 1389 754 1474 803; x_wconf 90' lang='lat' dir='ltr'>est</span> <span class='ocrx_word' id='word_1_46' title='bbox 1491 748 1723 801; x_wconf 81' lang='lat' dir='ltr'>alterius</span> <span class='ocrx_word' id='word_1_47' title='bbox 1737 741 2101 798; x_wconf 89' lang='lat' dir='ltr'>fundationis.</span> 
     </span>
    </p>
   </div>
   <div class='ocr_carea' id='block_1_9' title="bbox 511 828 2106 916">
    <p class='ocr_par' dir='ltr' id='par_1_9' title="bbox 511 828 2106 916">
     <span class='ocr_line' id='line_1_9' title="bbox 511 828 2106 916; baseline -0.017 -7"><span class='ocrx_word' id='word_1_48' title='bbox 511 851 769 909; x_wconf 82' lang='lat' dir='ltr'>Proxime</span> <span class='ocrx_word' id='word_1_49' title='bbox 801 853 860 903; x_wconf 89' lang='lat' dir='ltr'>et</span> <span class='ocrx_word' id='word_1_50' title='bbox 886 845 1259 916; x_wconf 88' lang='lat' dir='ltr'>subsequetur</span> <span class='ocrx_word' id='word_1_51' title='bbox 1301 836 1535 893; x_wconf 83' lang='lat' dir='ltr'>celebris</span> <span class='ocrx_word' id='word_1_52' title='bbox 1578 833 1732 889; x_wconf 90' lang='lat' dir='ltr'>illius</span> <span class='ocrx_word' id='word_1_53' title='bbox 1778 828 2106 886; x_wconf 82' lang='lat' dir='ltr'>monasterii</span> 
     </span>
    </p>
   </div>
   <div class='ocr_carea' id='block_1_10' title="bbox 512 933 1100 1008">
    <p class='ocr_par' dir='ltr' id='par_1_10' title="bbox 512 933 1100 1008">
     <span class='ocr_line' id='line_1_10' title="bbox 512 933 1100 1008; baseline -0.02 -12"><span class='ocrx_word' id='word_1_54' title='bbox 512 940 797 1008; x_wconf 80' lang='lat' dir='ltr'>catalogus</span> <span class='ocrx_word' id='word_1_55' title='bbox 816 933 1100 990; x_wconf 87' lang='lat' dir='ltr'>abbatum.</span> 
     </span>
    </p>
   </div>
   <div class='ocr_carea' id='block_1_11' title="bbox 516 1007 2102 1085">
    <p class='ocr_par' dir='ltr' id='par_1_11' title="bbox 516 1007 2102 1085">
     <span class='ocr_line' id='line_1_11' title="bbox 516 1007 2102 1085; baseline -0.016 -2"><span class='ocrx_word' id='word_1_56' title='bbox 516 1007 736 1085; x_wconf 80' lang='lat' dir='ltr'>Charta</span> <span class='ocrx_word' id='word_1_57' title='bbox 752 1019 1039 1078; x_wconf 77' lang='lat' dir='ltr'>Richardi</span> <span class='ocrx_word' id='word_1_58' title='bbox 1053 1014 1281 1072; x_wconf 81' lang='lat' dir='ltr'>secundi</span> <span class='ocrx_word' id='word_1_59' title='bbox 1293 1012 1841 1068; x_wconf 71' lang='lat' dir='ltr'>Northmannorum,</span> <span class='ocrx_word' id='word_1_60' title='bbox 1855 1007 2102 1069; x_wconf 79' lang='lat' dir='ltr'>comitis,</span> 
     </span>
    </p>
   </div>
   <div class='ocr_carea' id='block_1_12' title="bbox 584 1096 2107 1185">
    <p class='ocr_par' dir='ltr' id='par_1_12' title="bbox 584 1096 2107 1185">
     <span class='ocr_line' id='line_1_12' title="bbox 584 1096 2107 1185; baseline -0.012 -17"><span class='ocrx_word' id='word_1_61' title='bbox 584 1119 646 1168; x_wconf 89' lang='lat' dir='ltr'>in</span> <span class='ocrx_word' id='word_1_62' title='bbox 663 1128 780 1185; x_wconf 83' lang='lat' dir='ltr'>qua</span> <span class='ocrx_word' id='word_1_63' title='bbox 800 1108 1139 1164; x_wconf 75' lang='lat' dir='ltr'>donationes</span> <span class='ocrx_word' id='word_1_64' title='bbox 1154 1121 1189 1157; x_wconf 88' lang='lat' dir='ltr'>a</span> <span class='ocrx_word' id='word_1_65' title='bbox 1213 1105 1389 1158; x_wconf 85' lang='lat' dir='ltr'>Patre</span> <span class='ocrx_word' id='word_1_66' title='bbox 1416 1116 1518 1155; x_wconf 86' lang='lat' dir='ltr'>suo</span> <span class='ocrx_word' id='word_1_67' title='bbox 1547 1097 1835 1152; x_wconf 82' lang='lat' dir='ltr'>Richardo</span> <span class='ocrx_word' id='word_1_68' title='bbox 1858 1096 2107 1149; x_wconf 81' lang='lat' dir='ltr'>abbatioe</span> 
     </span>
    </p>
   </div>
   <div class='ocr_carea' id='block_1_13' title="bbox 592 1186 2116 1267">
    <p class='ocr_par' dir='ltr' id='par_1_13' title="bbox 592 1186 2116 1267">
     <span class='ocr_line' id='line_1_13' title="bbox 592 1186 2116 1267; baseline -0.014 -8"><span class='ocrx_word' id='word_1_69' title='bbox 592 1205 654 1260; x_wconf 89' lang='lat' dir='ltr'>S.</span> <span class='ocrx_word' id='word_1_70' title='bbox 673 1201 970 1257; x_wconf 78' lang='lat' dir='ltr'>Michaelis</span> <span class='ocrx_word' id='word_1_71' title='bbox 983 1199 1168 1267; x_wconf 83' lang='lat' dir='ltr'>factas</span> <span class='ocrx_word' id='word_1_72' title='bbox 1187 1192 1516 1263; x_wconf 81' lang='lat' dir='ltr'>conﬁrmat.</span> <span class='ocrx_word' id='word_1_73' title='bbox 1538 1188 1631 1244; x_wconf 86' lang='lat' dir='ltr'>Uti</span> <span class='ocrx_word' id='word_1_74' title='bbox 1646 1188 1959 1257; x_wconf 73' lang='lat' dir='ltr'>privelegaa</span> <span class='ocrx_word' id='word_1_75' title='bbox 1973 1186 2026 1254; x_wconf 86' lang='lat' dir='ltr'>ej</span> <span class='ocrx_word' id='word_1_76' title='bbox 2033 1203 2116 1241; x_wconf 84' lang='lat' dir='ltr'>us-</span> 
     </span>
    </p>
   </div>
   <div class='ocr_carea' id='block_1_14' title="bbox 587 1283 1398 1347">
    <p class='ocr_par' dir='ltr' id='par_1_14' title="bbox 587 1283 1398 1347">
     <span class='ocr_line' id='line_1_14' title="bbox 587 1283 1398 1347; baseline -0.015 0"><span class='ocrx_word' id='word_1_77' title='bbox 587 1293 716 1347; x_wconf 82' lang='lat' dir='ltr'>dem</span> <span class='ocrx_word' id='word_1_78' title='bbox 741 1285 1081 1343; x_wconf 75' lang='lat' dir='ltr'>monasterii</span> <span class='ocrx_word' id='word_1_79' title='bbox 1094 1283 1283 1337; x_wconf 83' lang='lat' dir='ltr'>videre</span> <span class='ocrx_word' id='word_1_80' title='bbox 1302 1286 1398 1335; x_wconf 86' lang='lat' dir='ltr'>est.</span> 
     </span>
    </p>
   </div>
   <div class='ocr_carea' id='block_1_15' title="bbox 587 1362 2110 1437">
    <p class='ocr_par' dir='ltr' id='par_1_15' title="bbox 587 1362 2110 1437">
     <span class='ocr_line' id='line_1_15' title="bbox 587 1362 2110 1437; baseline -0.014 0"><span class='ocrx_word' id='word_1_81' title='bbox 587 1382 663 1437; x_wconf 88' lang='lat' dir='ltr'>In</span> <span class='ocrx_word' id='word_1_82' title='bbox 690 1379 925 1434; x_wconf 80' lang='lat' dir='ltr'>nomine</span> <span class='ocrx_word' id='word_1_83' title='bbox 956 1379 1172 1429; x_wconf 74' lang='lat' dir='ltr'>sanctae</span> <span class='ocrx_word' id='word_1_84' title='bbox 1201 1378 1253 1424; x_wconf 84' lang='lat' dir='ltr'>et</span> <span class='ocrx_word' id='word_1_85' title='bbox 1287 1367 1610 1424; x_wconf 69' lang='lat' dir='ltr'>individua:</span> <span class='ocrx_word' id='word_1_86' title='bbox 1641 1365 1971 1429; x_wconf 77' lang='lat' dir='ltr'>Trinitatis,</span> <span class='ocrx_word' id='word_1_87' title='bbox 1998 1362 2110 1417; x_wconf 83' lang='lat' dir='ltr'>Pa-</span> 
     </span>
    </p>
   </div>
   <div class='ocr_carea' id='block_1_16' title="bbox 2187 470 3770 542">
    <p class='ocr_par' dir='ltr' id='par_1_16' title="bbox 2187 470 3770 542">
     <span class='ocr_line' id='line_1_16' title="bbox 2187 470 3770 542; baseline -0.001 -17"><span class='ocrx_word' id='word_1_88' title='bbox 2187 473 2355 526; x_wconf 91' lang='lat' dir='ltr'>sitam</span> <span class='ocrx_word' id='word_1_89' title='bbox 2398 471 2456 525; x_wconf 90' lang='lat' dir='ltr'>in</span> <span class='ocrx_word' id='word_1_90' title='bbox 2504 488 2647 542; x_wconf 82' lang='lat' dir='ltr'>pago</span> <span class='ocrx_word' id='word_1_91' title='bbox 2695 470 3044 539; x_wconf 86' lang='lat' dir='ltr'>Bajocasino,</span> <span class='ocrx_word' id='word_1_92' title='bbox 3086 470 3311 524; x_wconf 91' lang='lat' dir='ltr'>nomine</span> <span class='ocrx_word' id='word_1_93' title='bbox 3349 470 3614 533; x_wconf 82' lang='lat' dir='ltr'>Versum,</span> <span class='ocrx_word' id='word_1_94' title='bbox 3656 485 3770 523; x_wconf 88' lang='lat' dir='ltr'>cum</span> 
     </span>
    </p>
   </div>
   <div class='ocr_carea' id='block_1_17' title="bbox 2188 556 3768 631">
    <p class='ocr_par' dir='ltr' id='par_1_17' title="bbox 2188 556 3768 631">
     <span class='ocr_line' id='line_1_17' title="bbox 2188 556 3768 631; baseline -0.002 -17"><span class='ocrx_word' id='word_1_95' title='bbox 2188 561 2340 615; x_wconf 90' lang='lat' dir='ltr'>omni</span> <span class='ocrx_word' id='word_1_96' title='bbox 2363 566 2533 625; x_wconf 85' lang='lat' dir='ltr'>terra,</span> <span class='ocrx_word' id='word_1_97' title='bbox 2567 577 2689 631; x_wconf 77' lang='lat' dir='ltr'>qua</span> <span class='ocrx_word' id='word_1_98' title='bbox 2728 560 2799 613; x_wconf 89' lang='lat' dir='ltr'>ad</span> <span class='ocrx_word' id='word_1_99' title='bbox 2834 577 2958 614; x_wconf 89' lang='lat' dir='ltr'>eam</span> <span class='ocrx_word' id='word_1_100' title='bbox 2991 560 3252 630; x_wconf 80' lang='lat' dir='ltr'>pertinet,</span> <span class='ocrx_word' id='word_1_101' title='bbox 3280 559 3431 613; x_wconf 88' lang='lat' dir='ltr'>culta</span> <span class='ocrx_word' id='word_1_102' title='bbox 3462 563 3522 612; x_wconf 86' lang='lat' dir='ltr'>et</span> <span class='ocrx_word' id='word_1_103' title='bbox 3551 556 3768 623; x_wconf 84' lang='lat' dir='ltr'>inculta,</span> 
     </span>
    </p>
   </div>
   <div class='ocr_carea' id='block_1_18' title="bbox 2187 647 3769 714">
    <p class='ocr_par' dir='ltr' id='par_1_18' title="bbox 2187 647 3769 714">
     <span class='ocr_line' id='line_1_18' title="bbox 2187 647 3769 714; baseline -0.002 -10"><span class='ocrx_word' id='word_1_104' title='bbox 2187 666 2313 705; x_wconf 91' lang='lat' dir='ltr'>cum</span> <span class='ocrx_word' id='word_1_105' title='bbox 2364 649 2628 714; x_wconf 90' lang='lat' dir='ltr'>ecclesiis,</span> <span class='ocrx_word' id='word_1_106' title='bbox 2670 654 2728 702; x_wconf 91' lang='lat' dir='ltr'>et</span> <span class='ocrx_word' id='word_1_107' title='bbox 2771 649 3105 703; x_wconf 91' lang='lat' dir='ltr'>molendinis</span> <span class='ocrx_word' id='word_1_108' title='bbox 3141 648 3400 703; x_wconf 90' lang='lat' dir='ltr'>omnibus</span> <span class='ocrx_word' id='word_1_109' title='bbox 3450 653 3511 700; x_wconf 90' lang='lat' dir='ltr'>et</span> <span class='ocrx_word' id='word_1_110' title='bbox 3551 647 3769 713; x_wconf 84' lang='lat' dir='ltr'>silvulis,</span> 
     </span>
    </p>
   </div>
   <div class='ocr_carea' id='block_1_19' title="bbox 2189 736 3776 808">
    <p class='ocr_par' dir='ltr' id='par_1_19' title="bbox 2189 736 3776 808">
     <span class='ocr_line' id='line_1_19' title="bbox 2189 736 3776 808; baseline -0.001 -16"><span class='ocrx_word' id='word_1_111' title='bbox 2189 739 2660 808; x_wconf 88' lang='lat' dir='ltr'>medietatemque</span> <span class='ocrx_word' id='word_1_112' title='bbox 2673 737 2814 791; x_wconf 83' lang='lat' dir='ltr'>villa</span> <span class='ocrx_word' id='word_1_113' title='bbox 2845 738 3241 801; x_wconf 82' lang='lat' dir='ltr'>Mondrevilla,</span> <span class='ocrx_word' id='word_1_114' title='bbox 3273 754 3395 808; x_wconf 82' lang='lat' dir='ltr'>qua</span> <span class='ocrx_word' id='word_1_115' title='bbox 3415 736 3550 791; x_wconf 91' lang='lat' dir='ltr'>huic</span> <span class='ocrx_word' id='word_1_116' title='bbox 3569 737 3776 807; x_wconf 73' lang='lat' dir='ltr'>adiacet</span> 
     </span>
    </p>
   </div>
   <div class='ocr_carea' id='block_1_20' title="bbox 2187 826 3778 897">
    <p class='ocr_par' dir='ltr' id='par_1_20' title="bbox 2187 826 3778 897">
     <span class='ocr_line' id='line_1_20' title="bbox 2187 826 3778 897; baseline -0.003 -15"><span class='ocrx_word' id='word_1_117' title='bbox 2187 833 2370 882; x_wconf 84' lang='lat' dir='ltr'>terra.</span> <span class='ocrx_word' id='word_1_118' title='bbox 2405 828 2686 881; x_wconf 82' lang='lat' dir='ltr'>Conﬁrmo</span> <span class='ocrx_word' id='word_1_119' title='bbox 2728 826 2961 897; x_wconf 87' lang='lat' dir='ltr'>insuper</span> <span class='ocrx_word' id='word_1_120' title='bbox 2993 827 3354 881; x_wconf 88' lang='lat' dir='ltr'>donationem</span> <span class='ocrx_word' id='word_1_121' title='bbox 3401 826 3605 880; x_wconf 88' lang='lat' dir='ltr'>matris</span> <span class='ocrx_word' id='word_1_122' title='bbox 3652 842 3778 879; x_wconf 82' lang='lat' dir='ltr'>mea</span> 
     </span>
    </p>
   </div>
   <div class='ocr_carea' id='block_1_21' title="bbox 2188 914 3779 986">
    <p class='ocr_par' dir='ltr' id='par_1_21' title="bbox 2188 914 3779 986">
     <span class='ocr_line' id='line_1_21' title="bbox 2188 914 3779 986; baseline -0.001 -16"><span class='ocrx_word' id='word_1_123' title='bbox 2188 917 2259 970; x_wconf 90' lang='lat' dir='ltr'>de</span> <span class='ocrx_word' id='word_1_124' title='bbox 2283 916 2593 980; x_wconf 87' lang='lat' dir='ltr'>Britavilla,</span> <span class='ocrx_word' id='word_1_125' title='bbox 2620 932 2788 986; x_wconf 86' lang='lat' dir='ltr'>quam</span> <span class='ocrx_word' id='word_1_126' title='bbox 2825 916 2896 969; x_wconf 93' lang='lat' dir='ltr'>de</span> <span class='ocrx_word' id='word_1_127' title='bbox 2923 931 3025 970; x_wconf 91' lang='lat' dir='ltr'>suo</span> <span class='ocrx_word' id='word_1_128' title='bbox 3052 915 3326 980; x_wconf 90' lang='lat' dir='ltr'>dotalitio,</span> <span class='ocrx_word' id='word_1_129' title='bbox 3366 915 3491 968; x_wconf 91' lang='lat' dir='ltr'>loco</span> <span class='ocrx_word' id='word_1_130' title='bbox 3534 914 3779 985; x_wconf 74' lang='lat' dir='ltr'>superius</span> 
     </span>
    </p>
   </div>
   <div class='ocr_carea' id='block_1_22' title="bbox 2188 1004 3776 1076">
    <p class='ocr_par' dir='ltr' id='par_1_22' title="bbox 2188 1004 3776 1076">
     <span class='ocr_line' id='line_1_22' title="bbox 2188 1004 3776 1076; baseline 0 -17"><span class='ocrx_word' id='word_1_131' title='bbox 2188 1005 2336 1059; x_wconf 89' lang='lat' dir='ltr'>dicto</span> <span class='ocrx_word' id='word_1_132' title='bbox 2351 1004 2572 1069; x_wconf 87' lang='lat' dir='ltr'>obtulit,</span> <span class='ocrx_word' id='word_1_133' title='bbox 2591 1021 2692 1075; x_wconf 89' lang='lat' dir='ltr'>pro</span> <span class='ocrx_word' id='word_1_134' title='bbox 2716 1005 2893 1075; x_wconf 83' lang='lat' dir='ltr'>patris</span> <span class='ocrx_word' id='word_1_135' title='bbox 2909 1004 3087 1060; x_wconf 88' lang='lat' dir='ltr'>nostri</span> <span class='ocrx_word' id='word_1_136' title='bbox 3101 1021 3313 1076; x_wconf 90' lang='lat' dir='ltr'>suaque</span> <span class='ocrx_word' id='word_1_137' title='bbox 3324 1005 3531 1071; x_wconf 80' lang='lat' dir='ltr'>salute,</span> <span class='ocrx_word' id='word_1_138' title='bbox 3554 1021 3621 1058; x_wconf 88' lang='lat' dir='ltr'>ac</span> <span class='ocrx_word' id='word_1_139' title='bbox 3644 1021 3776 1069; x_wconf 88' lang='lat' dir='ltr'>mea,</span> 
     </span>
    </p>
   </div>
   <div class='ocr_carea' id='block_1_23' title="bbox 2193 1093 3781 1165">
    <p class='ocr_par' dir='ltr' id='par_1_23' title="bbox 2193 1093 3781 1165">
     <span class='ocr_line' id='line_1_23' title="bbox 2193 1093 3781 1165; baseline 0 -16"><span class='ocrx_word' id='word_1_140' title='bbox 2193 1111 2561 1165; x_wconf 88' lang='lat' dir='ltr'>meorumque</span> <span class='ocrx_word' id='word_1_141' title='bbox 2608 1093 2868 1148; x_wconf 89' lang='lat' dir='ltr'>fratrum.</span> <span class='ocrx_word' id='word_1_142' title='bbox 2908 1094 3144 1149; x_wconf 82' lang='lat' dir='ltr'>Villulas</span> <span class='ocrx_word' id='word_1_143' title='bbox 3202 1110 3426 1164; x_wconf 87' lang='lat' dir='ltr'>quoque</span> <span class='ocrx_word' id='word_1_144' title='bbox 3472 1109 3614 1164; x_wconf 90' lang='lat' dir='ltr'>quas</span> <span class='ocrx_word' id='word_1_145' title='bbox 3659 1111 3781 1149; x_wconf 85' lang='lat' dir='ltr'>avus</span> 
     </span>
    </p>
   </div>
   <div class='ocr_carea' id='block_1_24' title="bbox 2196 1182 3782 1254">
    <p class='ocr_par' dir='ltr' id='par_1_24' title="bbox 2196 1182 3782 1254">
     <span class='ocr_line' id='line_1_24' title="bbox 2196 1182 3782 1254; baseline -0.001 -16"><span class='ocrx_word' id='word_1_146' title='bbox 2196 1201 2353 1238; x_wconf 91' lang='lat' dir='ltr'>meus</span> <span class='ocrx_word' id='word_1_147' title='bbox 2381 1184 2717 1248; x_wconf 89' lang='lat' dir='ltr'>Willelmus,</span> <span class='ocrx_word' id='word_1_148' title='bbox 2749 1184 2809 1237; x_wconf 90' lang='lat' dir='ltr'>in</span> <span class='ocrx_word' id='word_1_149' title='bbox 2840 1200 2982 1254; x_wconf 83' lang='lat' dir='ltr'>pago</span> <span class='ocrx_word' id='word_1_150' title='bbox 3010 1183 3394 1247; x_wconf 81' lang='lat' dir='ltr'>Abrincatino,</span> <span class='ocrx_word' id='word_1_151' title='bbox 3439 1184 3647 1238; x_wconf 90' lang='lat' dir='ltr'>Sancto</span> <span class='ocrx_word' id='word_1_152' title='bbox 3692 1182 3782 1237; x_wconf 87' lang='lat' dir='ltr'>Mi-</span> 
     </span>
    </p>
   </div>
   <div class='ocr_carea' id='block_1_25' title="bbox 2195 1270 3783 1343">
    <p class='ocr_par' dir='ltr' id='par_1_25' title="bbox 2195 1270 3783 1343">
     <span class='ocr_line' id='line_1_25' title="bbox 2195 1270 3783 1343; baseline -0.001 -17"><span class='ocrx_word' id='word_1_153' title='bbox 2195 1273 2375 1328; x_wconf 88' lang='lat' dir='ltr'>chaeli</span> <span class='ocrx_word' id='word_1_154' title='bbox 2403 1273 2653 1337; x_wconf 87' lang='lat' dir='ltr'>tradidit,</span> <span class='ocrx_word' id='word_1_155' title='bbox 2687 1273 2785 1327; x_wconf 90' lang='lat' dir='ltr'>sed</span> <span class='ocrx_word' id='word_1_156' title='bbox 2815 1272 3094 1328; x_wconf 88' lang='lat' dir='ltr'>Robertus</span> <span class='ocrx_word' id='word_1_157' title='bbox 3132 1290 3318 1328; x_wconf 88' lang='lat' dir='ltr'>comes</span> <span class='ocrx_word' id='word_1_158' title='bbox 3356 1277 3561 1343; x_wconf 88' lang='lat' dir='ltr'>postea</span> <span class='ocrx_word' id='word_1_159' title='bbox 3585 1271 3639 1324; x_wconf 90' lang='lat' dir='ltr'>vi</span> <span class='ocrx_word' id='word_1_160' title='bbox 3665 1270 3783 1325; x_wconf 84' lang='lat' dir='ltr'>abs-</span> 
     </span>
    </p>
   </div>
   <div class='ocr_carea' id='block_1_26' title="bbox 2195 1360 3779 1432">
    <p class='ocr_par' dir='ltr' id='par_1_26' title="bbox 2195 1360 3779 1432">
     <span class='ocr_line' id='line_1_26' title="bbox 2195 1360 3779 1432; baseline 0 -18"><span class='ocrx_word' id='word_1_161' title='bbox 2195 1362 2344 1428; x_wconf 84' lang='lat' dir='ltr'>tulit,</span> <span class='ocrx_word' id='word_1_162' title='bbox 2374 1360 2568 1427; x_wconf 92' lang='lat' dir='ltr'>reddo,</span> <span class='ocrx_word' id='word_1_163' title='bbox 2601 1377 2727 1432; x_wconf 81' lang='lat' dir='ltr'>qua</span> <span class='ocrx_word' id='word_1_164' title='bbox 2748 1360 2835 1414; x_wconf 90' lang='lat' dir='ltr'>his</span> <span class='ocrx_word' id='word_1_165' title='bbox 2851 1361 3164 1416; x_wconf 78' lang='lat' dir='ltr'>vocitantur</span> <span class='ocrx_word' id='word_1_166' title='bbox 3188 1361 3517 1416; x_wconf 80' lang='lat' dir='ltr'>notionibus</span> <span class='ocrx_word' id='word_1_167' title='bbox 3550 1360 3779 1425; x_wconf 75' lang='lat' dir='ltr'>Maldrei,</span> 
     </span>
    </p>
   </div>
   <div class='ocr_carea' id='block_1_27' title="bbox 2196 1449 3782 1520">
    <p class='ocr_par' dir='ltr' id='par_1_27' title="bbox 2196 1449 3782 1520">
     <span class='ocr_line' id='line_1_27' title="bbox 2196 1449 3782 1520; baseline 0 -17"><span class='ocrx_word' id='word_1_168' title='bbox 2196 1449 2408 1514; x_wconf 90' lang='lat' dir='ltr'>Carcei,</span> <span class='ocrx_word' id='word_1_169' title='bbox 2442 1449 2729 1513; x_wconf 87' lang='lat' dir='ltr'>Marrinei,</span> <span class='ocrx_word' id='word_1_170' title='bbox 2771 1449 2958 1514; x_wconf 90' lang='lat' dir='ltr'>Curei,</span> <span class='ocrx_word' id='word_1_171' title='bbox 3000 1450 3226 1520; x_wconf 89' lang='lat' dir='ltr'>Forges,</span> <span class='ocrx_word' id='word_1_172' title='bbox 3266 1450 3497 1515; x_wconf 87' lang='lat' dir='ltr'>Solinei,</span> <span class='ocrx_word' id='word_1_173' title='bbox 3535 1449 3782 1504; x_wconf 80' lang='lat' dir='ltr'>Damma-</span> 
     </span>
    </p>
   </div>
   <div class='ocr_carea' id='block_1_28' title="bbox 597 1538 3778 1615">
    <p class='ocr_par' dir='ltr' id='par_1_28' title="bbox 597 1538 3778 1615">
     <span class='ocr_line' id='line_1_28' title="bbox 597 1538 3778 1615; baseline -0.006 -5"><span class='ocrx_word' id='word_1_174' title='bbox 597 1579 619 1610; x_wconf 77' lang='grc' dir='ltr'>ι</span> <span class='ocrx_word' id='word_1_175' title='bbox 660 1560 1097 1615; x_wconf 87' lang='lat' dir='ltr'>Antecessorum</span> <span class='ocrx_word' id='word_1_176' title='bbox 1115 1553 1434 1603; x_wconf 90' lang='lat' dir='ltr'>nostrorum</span> <span class='ocrx_word' id='word_1_177' title='bbox 1464 1542 1911 1599; x_wconf 88' lang='lat' dir='ltr'>institutionibus</span> <span class='ocrx_word' id='word_1_178' title='bbox 1930 1541 2114 1596; x_wconf 88' lang='lat' dir='ltr'>sanci-</span> <span class='ocrx_word' id='word_1_179' title='bbox 2195 1539 2308 1603; x_wconf 87' lang='lat' dir='ltr'>nei,</span> <span class='ocrx_word' id='word_1_180' title='bbox 2356 1539 2551 1605; x_wconf 90' lang='lat' dir='ltr'>Macei,</span> <span class='ocrx_word' id='word_1_181' title='bbox 2595 1539 2812 1603; x_wconf 89' lang='lat' dir='ltr'>Scallei,</span> <span class='ocrx_word' id='word_1_182' title='bbox 2857 1539 3108 1604; x_wconf 88' lang='lat' dir='ltr'>Peleton,</span> <span class='ocrx_word' id='word_1_183' title='bbox 3159 1539 3460 1593; x_wconf 89' lang='lat' dir='ltr'>dimidium</span> <span class='ocrx_word' id='word_1_184' title='bbox 3512 1538 3778 1604; x_wconf 84' lang='lat' dir='ltr'>Gomerei,</span> 
     </span>
    </p>
   </div>
   <div class='ocr_carea' id='block_1_29' title="bbox 518 1627 3783 1713">
    <p class='ocr_par' dir='ltr' id='par_1_29' title="bbox 518 1627 3783 1713">
     <span class='ocr_line' id='line_1_29' title="bbox 518 1627 3783 1713; baseline -0.007 -9"><span class='ocrx_word' id='word_1_185' title='bbox 518 1656 643 1705; x_wconf 90' lang='lat' dir='ltr'>tum</span> <span class='ocrx_word' id='word_1_186' title='bbox 658 1647 1059 1713; x_wconf 90' lang='lat' dir='ltr'>decretumque</span> <span class='ocrx_word' id='word_1_187' title='bbox 1078 1643 1165 1693; x_wconf 89' lang='lat' dir='ltr'>est</span> <span class='ocrx_word' id='word_1_188' title='bbox 1182 1632 1928 1707; x_wconf 82' lang='lat' dir='ltr'>quatenus,siquissuarum</span> <span class='ocrx_word' id='word_1_189' title='bbox 1946 1629 2116 1684; x_wconf 90' lang='lat' dir='ltr'>facul-</span> <span class='ocrx_word' id='word_1_190' title='bbox 2196 1627 2523 1698; x_wconf 87' lang='lat' dir='ltr'>Verguncei,</span> <span class='ocrx_word' id='word_1_191' title='bbox 2572 1627 2815 1694; x_wconf 90' lang='lat' dir='ltr'>Mannei,</span> <span class='ocrx_word' id='word_1_192' title='bbox 2863 1628 3051 1682; x_wconf 88' lang='lat' dir='ltr'>Sancti</span> <span class='ocrx_word' id='word_1_193' title='bbox 3093 1628 3322 1683; x_wconf 88' lang='lat' dir='ltr'>Joannis</span> <span class='ocrx_word' id='word_1_194' title='bbox 3366 1629 3580 1683; x_wconf 87' lang='lat' dir='ltr'>iterum</span> <span class='ocrx_word' id='word_1_195' title='bbox 3610 1627 3783 1681; x_wconf 89' lang='lat' dir='ltr'>villam</span> 
     </span>
    </p>
   </div>
   <div class='ocr_carea' id='block_1_30' title="bbox 521 1716 3781 1806">
    <p class='ocr_par' dir='ltr' id='par_1_30' title="bbox 521 1716 3781 1806">
     <span class='ocr_line' id='line_1_30' title="bbox 521 1716 3781 1806; baseline -0.007 -13"><span class='ocrx_word' id='word_1_196' title='bbox 521 1743 705 1795; x_wconf 86' lang='lat' dir='ltr'>tatum</span> <span class='ocrx_word' id='word_1_197' title='bbox 719 1732 983 1806; x_wconf 88' lang='lat' dir='ltr'>quiddam</span> <span class='ocrx_word' id='word_1_198' title='bbox 1004 1730 1124 1783; x_wconf 92' lang='lat' dir='ltr'>loco</span> <span class='ocrx_word' id='word_1_199' title='bbox 1143 1731 1464 1781; x_wconf 90' lang='lat' dir='ltr'>sanctorum</span> <span class='ocrx_word' id='word_1_200' title='bbox 1493 1722 1679 1784; x_wconf 85' lang='lat' dir='ltr'>alicui,</span> <span class='ocrx_word' id='word_1_201' title='bbox 1713 1721 1839 1775; x_wconf 82' lang='lat' dir='ltr'>vita</span> <span class='ocrx_word' id='word_1_202' title='bbox 1863 1735 2118 1790; x_wconf 78' lang='lat' dir='ltr'>superna</span> <span class='ocrx_word' id='word_1_203' title='bbox 2138 1741 2184 1800; x_wconf 85' lang='lat' dir='ltr'><strong>B</strong></span> <span class='ocrx_word' id='word_1_204' title='bbox 2202 1734 2374 1789; x_wconf 89' lang='lat' dir='ltr'>prope</span> <span class='ocrx_word' id='word_1_205' title='bbox 2405 1718 2562 1772; x_wconf 88' lang='lat' dir='ltr'>littus</span> <span class='ocrx_word' id='word_1_206' title='bbox 2594 1716 2765 1772; x_wconf 88' lang='lat' dir='ltr'>maris</span> <span class='ocrx_word' id='word_1_207' title='bbox 2796 1717 2982 1785; x_wconf 88' lang='lat' dir='ltr'>sitam,</span> <span class='ocrx_word' id='word_1_208' title='bbox 3032 1735 3162 1772; x_wconf 89' lang='lat' dir='ltr'>cum</span> <span class='ocrx_word' id='word_1_209' title='bbox 3202 1718 3457 1783; x_wconf 88' lang='lat' dir='ltr'>ecclesia,</span> <span class='ocrx_word' id='word_1_210' title='bbox 3501 1723 3560 1772; x_wconf 90' lang='lat' dir='ltr'>et</span> <span class='ocrx_word' id='word_1_211' title='bbox 3599 1718 3781 1783; x_wconf 87' lang='lat' dir='ltr'>vineis,</span> 
     </span>
    </p>
   </div>
   <div class='ocr_carea' id='block_1_31' title="bbox 525 1805 3784 1889">
    <p class='ocr_par' dir='ltr' id='par_1_31' title="bbox 525 1805 3784 1889">
     <span class='ocr_line' id='line_1_31' title="bbox 525 1805 3784 1889; baseline -0.007 -6"><span class='ocrx_word' id='word_1_212' title='bbox 525 1805 792 1883; x_wconf 84' lang='lat' dir='ltr'>accensus</span> <span class='ocrx_word' id='word_1_213' title='bbox 833 1836 1045 1885; x_wconf 90' lang='lat' dir='ltr'>amore,</span> <span class='ocrx_word' id='word_1_214' title='bbox 1097 1815 1420 1889; x_wconf 87' lang='lat' dir='ltr'>perenniter</span> <span class='ocrx_word' id='word_1_215' title='bbox 1458 1811 1854 1883; x_wconf 88' lang='lat' dir='ltr'>possidendum</span> <span class='ocrx_word' id='word_1_216' title='bbox 1892 1808 2117 1863; x_wconf 89' lang='lat' dir='ltr'>tradere</span> <span class='ocrx_word' id='word_1_217' title='bbox 2201 1812 2260 1862; x_wconf 92' lang='lat' dir='ltr'>et</span> <span class='ocrx_word' id='word_1_218' title='bbox 2288 1807 2630 1873; x_wconf 89' lang='lat' dir='ltr'>molendino,</span> <span class='ocrx_word' id='word_1_219' title='bbox 2681 1813 2737 1860; x_wconf 91' lang='lat' dir='ltr'>et</span> <span class='ocrx_word' id='word_1_220' title='bbox 2784 1808 2978 1878; x_wconf 87' lang='lat' dir='ltr'>pratis,</span> <span class='ocrx_word' id='word_1_221' title='bbox 3015 1813 3073 1861; x_wconf 91' lang='lat' dir='ltr'>et</span> <span class='ocrx_word' id='word_1_222' title='bbox 3104 1808 3291 1861; x_wconf 87' lang='lat' dir='ltr'>villam</span> <span class='ocrx_word' id='word_1_223' title='bbox 3319 1807 3379 1861; x_wconf 93' lang='lat' dir='ltr'>in</span> <span class='ocrx_word' id='word_1_224' title='bbox 3409 1808 3556 1862; x_wconf 88' lang='lat' dir='ltr'>valle</span> <span class='ocrx_word' id='word_1_225' title='bbox 3586 1805 3784 1861; x_wconf 86' lang='lat' dir='ltr'>castelli</span> 
     </span>
    </p>
   </div>
   <div class='ocr_carea' id='block_1_32' title="bbox 522 1896 3787 1977">
    <p class='ocr_par' dir='ltr' id='par_1_32' title="bbox 522 1896 3787 1977">
     <span class='ocr_line' id='line_1_32' title="bbox 522 1896 3787 1977; baseline -0.007 -6"><span class='ocrx_word' id='word_1_226' title='bbox 522 1913 779 1977; x_wconf 89' lang='lat' dir='ltr'>voluerit,</span> <span class='ocrx_word' id='word_1_227' title='bbox 828 1911 1076 1965; x_wconf 89' lang='lat' dir='ltr'>solemne</span> <span class='ocrx_word' id='word_1_228' title='bbox 1127 1903 1324 1960; x_wconf 78' lang='lat' dir='ltr'>exinde</span> <span class='ocrx_word' id='word_1_229' title='bbox 1373 1902 1704 1955; x_wconf 90' lang='lat' dir='ltr'>idonearum</span> <span class='ocrx_word' id='word_1_230' title='bbox 1752 1913 2118 1970; x_wconf 88' lang='lat' dir='ltr'>personarum</span> <span class='ocrx_word' id='word_1_231' title='bbox 2200 1897 2495 1961; x_wconf 90' lang='lat' dir='ltr'>Moretoin,</span> <span class='ocrx_word' id='word_1_232' title='bbox 2528 1912 2651 1967; x_wconf 84' lang='lat' dir='ltr'>qua</span> <span class='ocrx_word' id='word_1_233' title='bbox 2687 1896 2891 1950; x_wconf 91' lang='lat' dir='ltr'>dicitur</span> <span class='ocrx_word' id='word_1_234' title='bbox 2908 1897 3331 1967; x_wconf 86' lang='lat' dir='ltr'>Maisnilranger</span> <span class='ocrx_word' id='word_1_235' title='bbox 3357 1898 3465 1965; x_wconf 87' lang='lat' dir='ltr'>do;</span> <span class='ocrx_word' id='word_1_236' title='bbox 3496 1896 3787 1951; x_wconf 89' lang='lat' dir='ltr'>telonium-</span> 
     </span>
    </p>
   </div>
   <div class='ocr_carea' id='block_1_33' title="bbox 522 1984 3788 2076">
    <p class='ocr_par' dir='ltr' id='par_1_33' title="bbox 522 1984 3788 2076">
     <span class='ocr_line' id='line_1_33' title="bbox 522 1984 3788 2076; baseline -0.006 -19"><span class='ocrx_word' id='word_1_237' title='bbox 522 2002 777 2076; x_wconf 88' lang='lat' dir='ltr'>pluribus</span> <span class='ocrx_word' id='word_1_238' title='bbox 791 1992 1280 2069; x_wconf 88' lang='lat' dir='ltr'>astipulationibus</span> <span class='ocrx_word' id='word_1_239' title='bbox 1294 1987 2117 2052; x_wconf 85' lang='lat' dir='ltr'>fulcitum,utidinconvulsum</span> <span class='ocrx_word' id='word_1_240' title='bbox 2202 2001 2311 2055; x_wconf 90' lang='lat' dir='ltr'>que</span> <span class='ocrx_word' id='word_1_241' title='bbox 2341 1985 2515 2039; x_wconf 90' lang='lat' dir='ltr'>totius</span> <span class='ocrx_word' id='word_1_242' title='bbox 2542 1984 2799 2045; x_wconf 81' lang='lat' dir='ltr'>abbatia.</span> <span class='ocrx_word' id='word_1_243' title='bbox 2833 1990 2892 2039; x_wconf 90' lang='lat' dir='ltr'>et</span> <span class='ocrx_word' id='word_1_244' title='bbox 2919 1986 2988 2039; x_wconf 92' lang='lat' dir='ltr'>de</span> <span class='ocrx_word' id='word_1_245' title='bbox 3013 1985 3419 2040; x_wconf 89' lang='lat' dir='ltr'>mercatoribus</span> <span class='ocrx_word' id='word_1_246' title='bbox 3450 1984 3788 2040; x_wconf 87' lang='lat' dir='ltr'>venientibus</span> 
     </span>
    </p>
   </div>
   <div class='ocr_carea' id='block_1_34' title="bbox 521 2073 3788 2164">
    <p class='ocr_par' dir='ltr' id='par_1_34' title="bbox 521 2073 3788 2164">
     <span class='ocr_line' id='line_1_34' title="bbox 521 2073 3788 2164; baseline -0.007 -16"><span class='ocrx_word' id='word_1_247' title='bbox 521 2073 869 2164; x_wconf 73' lang='lat' dir='ltr'>permaneat,</span> <span class='ocrx_word' id='word_1_248' title='bbox 899 2087 1303 2139; x_wconf 88' lang='lat' dir='ltr'>testamentum</span> <span class='ocrx_word' id='word_1_249' title='bbox 1340 2078 1525 2132; x_wconf 90' lang='lat' dir='ltr'>faciat.</span> <span class='ocrx_word' id='word_1_250' title='bbox 1550 2075 1941 2131; x_wconf 84' lang='lat' dir='ltr'>Referentibus</span> <span class='ocrx_word' id='word_1_251' title='bbox 1970 2074 2119 2128; x_wconf 89' lang='lat' dir='ltr'>enim</span> <span class='ocrx_word' id='word_1_252' title='bbox 2202 2074 2810 2145; x_wconf 90' lang='lat' dir='ltr'>etpertranseuntibus.</span> <span class='ocrx_word' id='word_1_253' title='bbox 2833 2075 3231 2130; x_wconf 83' lang='lat' dir='ltr'>Monasterium</span> <span class='ocrx_word' id='word_1_254' title='bbox 3246 2077 3420 2129; x_wconf 89' lang='lat' dir='ltr'>etiam</span> <span class='ocrx_word' id='word_1_255' title='bbox 3436 2074 3629 2130; x_wconf 87' lang='lat' dir='ltr'>Sancti</span> <span class='ocrx_word' id='word_1_256' title='bbox 3651 2073 3788 2129; x_wconf 88' lang='lat' dir='ltr'>Petri</span> 
     </span>
    </p>
   </div>
   <div class='ocr_carea' id='block_1_35' title="bbox 524 2163 3786 2253">
    <p class='ocr_par' dir='ltr' id='par_1_35' title="bbox 524 2163 3786 2253">
     <span class='ocr_line' id='line_1_35' title="bbox 524 2163 3786 2253; baseline -0.006 -17"><span class='ocrx_word' id='word_1_257' title='bbox 524 2163 955 2253; x_wconf 84' lang='lat' dir='ltr'>quamplurimis</span> <span class='ocrx_word' id='word_1_258' title='bbox 976 2178 1181 2228; x_wconf 84' lang='lat' dir='ltr'>sancta</span> <span class='ocrx_word' id='word_1_259' title='bbox 1210 2168 1466 2224; x_wconf 89' lang='lat' dir='ltr'>Ecclesia</span> <span class='ocrx_word' id='word_1_260' title='bbox 1489 2166 1589 2221; x_wconf 91' lang='lat' dir='ltr'>Dei</span> <span class='ocrx_word' id='word_1_261' title='bbox 1607 2164 1946 2231; x_wconf 89' lang='lat' dir='ltr'>doctoribus,</span> <span class='ocrx_word' id='word_1_262' title='bbox 1980 2163 2119 2218; x_wconf 90' lang='lat' dir='ltr'>divi-</span> <span class='ocrx_word' id='word_1_263' title='bbox 2203 2165 2583 2235; x_wconf 85' lang='lat' dir='ltr'>apostolorum</span> <span class='ocrx_word' id='word_1_264' title='bbox 2604 2163 2891 2235; x_wconf 89' lang='lat' dir='ltr'>principis,</span> <span class='ocrx_word' id='word_1_265' title='bbox 2910 2164 3080 2219; x_wconf 90' lang='lat' dir='ltr'>situm</span> <span class='ocrx_word' id='word_1_266' title='bbox 3100 2165 3160 2219; x_wconf 90' lang='lat' dir='ltr'>in</span> <span class='ocrx_word' id='word_1_267' title='bbox 3181 2165 3356 2219; x_wconf 84' lang='lat' dir='ltr'>latere</span> <span class='ocrx_word' id='word_1_268' title='bbox 3378 2165 3591 2219; x_wconf 90' lang='lat' dir='ltr'>montis</span> <span class='ocrx_word' id='word_1_269' title='bbox 3610 2163 3786 2235; x_wconf 87' lang='lat' dir='ltr'>ipsius,</span> 
     </span>
    </p>
   </div>
   <div class='ocr_carea' id='block_1_36' title="bbox 523 2253 3788 2334">
    <p class='ocr_par' dir='ltr' id='par_1_36' title="bbox 523 2253 3788 2334">
     <span class='ocr_line' id='line_1_36' title="bbox 523 2253 3788 2334; baseline -0.006 -9"><span class='ocrx_word' id='word_1_270' title='bbox 523 2287 660 2325; x_wconf 92' lang='lat' dir='ltr'>num</span> <span class='ocrx_word' id='word_1_271' title='bbox 680 2284 800 2323; x_wconf 91' lang='lat' dir='ltr'>esse</span> <span class='ocrx_word' id='word_1_272' title='bbox 815 2269 1099 2334; x_wconf 90' lang='lat' dir='ltr'>receptum</span> <span class='ocrx_word' id='word_1_273' title='bbox 1121 2259 1388 2323; x_wconf 89' lang='lat' dir='ltr'>didici,ut</span> <span class='ocrx_word' id='word_1_274' title='bbox 1407 2257 1521 2310; x_wconf 90' lang='lat' dir='ltr'>illic</span> <span class='ocrx_word' id='word_1_275' title='bbox 1548 2254 1725 2309; x_wconf 84' lang='lat' dir='ltr'>nostri</span> <span class='ocrx_word' id='word_1_276' title='bbox 1746 2254 2124 2308; x_wconf 90' lang='lat' dir='ltr'>recondantur</span> <span class='ocrx_word' id='word_1_277' title='bbox 2204 2254 2410 2319; x_wconf 90' lang='lat' dir='ltr'>tribuo,</span> <span class='ocrx_word' id='word_1_278' title='bbox 2445 2270 2512 2308; x_wconf 88' lang='lat' dir='ltr'>ea</span> <span class='ocrx_word' id='word_1_279' title='bbox 2539 2254 2661 2324; x_wconf 85' lang='lat' dir='ltr'>lege</span> <span class='ocrx_word' id='word_1_280' title='bbox 2703 2259 2769 2307; x_wconf 88' lang='lat' dir='ltr'>ut</span> <span class='ocrx_word' id='word_1_281' title='bbox 2809 2253 3000 2320; x_wconf 87' lang='lat' dir='ltr'>abbas,</span> <span class='ocrx_word' id='word_1_282' title='bbox 3030 2255 3116 2308; x_wconf 86' lang='lat' dir='ltr'>vel</span> <span class='ocrx_word' id='word_1_283' title='bbox 3148 2254 3409 2310; x_wconf 90' lang='lat' dir='ltr'>monachi</span> <span class='ocrx_word' id='word_1_284' title='bbox 3450 2253 3656 2308; x_wconf 90' lang='lat' dir='ltr'>ibidem</span> <span class='ocrx_word' id='word_1_285' title='bbox 3703 2267 3788 2322; x_wconf 88' lang='lat' dir='ltr'>pro</span> 
     </span>
    </p>
   </div>
   <div class='ocr_carea' id='block_1_37' title="bbox 523 2341 3790 2420">
    <p class='ocr_par' dir='ltr' id='par_1_37' title="bbox 523 2341 3790 2420">
     <span class='ocr_line' id='line_1_37' title="bbox 523 2341 3790 2420; baseline -0.007 -5"><span class='ocrx_word' id='word_1_286' title='bbox 523 2357 798 2420; x_wconf 88' lang='lat' dir='ltr'>thesauri,</span> <span class='ocrx_word' id='word_1_287' title='bbox 829 2353 927 2408; x_wconf 91' lang='lat' dir='ltr'>ubi</span> <span class='ocrx_word' id='word_1_288' title='bbox 948 2350 1128 2406; x_wconf 90' lang='lat' dir='ltr'>omnis</span> <span class='ocrx_word' id='word_1_289' title='bbox 1146 2349 1327 2403; x_wconf 89' lang='lat' dir='ltr'>aberit</span> <span class='ocrx_word' id='word_1_290' title='bbox 1342 2346 1529 2400; x_wconf 85' lang='lat' dir='ltr'>furum</span> <span class='ocrx_word' id='word_1_291' title='bbox 1549 2343 1809 2406; x_wconf 85' lang='lat' dir='ltr'>formido,</span> <span class='ocrx_word' id='word_1_292' title='bbox 1833 2341 2124 2412; x_wconf 91' lang='lat' dir='ltr'>omnisque</span> <span class='ocrx_word' id='word_1_293' title='bbox 2205 2359 2350 2408; x_wconf 89' lang='lat' dir='ltr'>mea,</span> <span class='ocrx_word' id='word_1_294' title='bbox 2367 2359 2734 2414; x_wconf 89' lang='lat' dir='ltr'>meorumque</span> <span class='ocrx_word' id='word_1_295' title='bbox 2756 2343 3000 2397; x_wconf 84' lang='lat' dir='ltr'>ﬁliorum</span> <span class='ocrx_word' id='word_1_296' title='bbox 3016 2344 3197 2398; x_wconf 86' lang='lat' dir='ltr'>salute</span> <span class='ocrx_word' id='word_1_297' title='bbox 3213 2343 3447 2398; x_wconf 84' lang='lat' dir='ltr'>clericos</span> <span class='ocrx_word' id='word_1_298' title='bbox 3466 2342 3790 2398; x_wconf 87' lang='lat' dir='ltr'>constituant</span> 
     </span>
    </p>
   </div>
   <div class='ocr_carea' id='block_1_38' title="bbox 523 2431 3791 2506">
    <p class='ocr_par' dir='ltr' id='par_1_38' title="bbox 523 2431 3791 2506">
     <span class='ocr_line' id='line_1_38' title="bbox 523 2431 3791 2506; baseline -0.006 -4"><span class='ocrx_word' id='word_1_299' title='bbox 523 2447 806 2503; x_wconf 90' lang='lat' dir='ltr'>tinearum</span> <span class='ocrx_word' id='word_1_300' title='bbox 837 2439 1145 2505; x_wconf 89' lang='lat' dir='ltr'>demolitio,</span> <span class='ocrx_word' id='word_1_301' title='bbox 1179 2451 1411 2506; x_wconf 89' lang='lat' dir='ltr'>esseque</span> <span class='ocrx_word' id='word_1_302' title='bbox 1441 2433 1721 2505; x_wconf 89' lang='lat' dir='ltr'>quoddam</span> <span class='ocrx_word' id='word_1_303' title='bbox 1770 2437 2125 2502; x_wconf 88' lang='lat' dir='ltr'>peccatorum</span> <span class='ocrx_word' id='word_1_304' title='bbox 2209 2447 2348 2502; x_wconf 91' lang='lat' dir='ltr'>quos</span> <span class='ocrx_word' id='word_1_305' title='bbox 2376 2431 2692 2495; x_wconf 84' lang='lat' dir='ltr'>voluerint;</span> <span class='ocrx_word' id='word_1_306' title='bbox 2724 2432 2772 2485; x_wconf 92' lang='lat' dir='ltr'>si</span> <span class='ocrx_word' id='word_1_307' title='bbox 2802 2449 2967 2503; x_wconf 90' lang='lat' dir='ltr'>quem</span> <span class='ocrx_word' id='word_1_308' title='bbox 2996 2437 3185 2486; x_wconf 90' lang='lat' dir='ltr'>autem</span> <span class='ocrx_word' id='word_1_309' title='bbox 3206 2449 3272 2486; x_wconf 87' lang='lat' dir='ltr'>ex</span> <span class='ocrx_word' id='word_1_310' title='bbox 3300 2432 3414 2486; x_wconf 91' lang='lat' dir='ltr'>illis</span> <span class='ocrx_word' id='word_1_311' title='bbox 3434 2431 3677 2495; x_wconf 87' lang='lat' dir='ltr'>sordide,</span> <span class='ocrx_word' id='word_1_312' title='bbox 3706 2433 3791 2482; x_wconf 87' lang='lat' dir='ltr'>aut</span> 
     </span>
    </p>
   </div>
   <div class='ocr_carea' id='block_1_39' title="bbox 525 2512 3791 2608">
    <p class='ocr_par' dir='ltr' id='par_1_39' title="bbox 525 2512 3791 2608">
     <span class='ocr_line' id='line_1_39' title="bbox 525 2512 3791 2608; baseline -0.006 -18"><span class='ocrx_word' id='word_1_313' title='bbox 525 2512 917 2608; x_wconf 82' lang='lat' dir='ltr'>purgatorium</span> <span class='ocrx_word' id='word_1_314' title='bbox 954 2528 1366 2597; x_wconf 84' lang='lat' dir='ltr'>eleemosynam</span> <span class='ocrx_word' id='word_1_315' title='bbox 1395 2542 1407 2590; x_wconf 88' lang='lat'><strong>;</strong></span> <span class='ocrx_word' id='word_1_316' title='bbox 1438 2528 1495 2576; x_wconf 92' lang='lat' dir='ltr'>et</span> <span class='ocrx_word' id='word_1_317' title='bbox 1522 2521 1671 2593; x_wconf 91' lang='lat' dir='ltr'>quod</span> <span class='ocrx_word' id='word_1_318' title='bbox 1716 2522 1865 2575; x_wconf 90' lang='lat' dir='ltr'>Deus</span> <span class='ocrx_word' id='word_1_319' title='bbox 1904 2520 1962 2574; x_wconf 89' lang='lat' dir='ltr'>in</span> <span class='ocrx_word' id='word_1_320' title='bbox 2012 2520 2125 2573; x_wconf 87' lang='lat' dir='ltr'>lar-</span> <span class='ocrx_word' id='word_1_321' title='bbox 2207 2521 2565 2590; x_wconf 82' lang='lat' dir='ltr'>negligenter</span> <span class='ocrx_word' id='word_1_322' title='bbox 2586 2537 2676 2575; x_wconf 92' lang='lat' dir='ltr'>res</span> <span class='ocrx_word' id='word_1_323' title='bbox 2699 2527 2904 2575; x_wconf 86' lang='lat' dir='ltr'>sancta</span> <span class='ocrx_word' id='word_1_324' title='bbox 2923 2522 3024 2575; x_wconf 89' lang='lat' dir='ltr'>Dei</span> <span class='ocrx_word' id='word_1_325' title='bbox 3047 2522 3300 2576; x_wconf 88' lang='lat' dir='ltr'>Ecclesia</span> <span class='ocrx_word' id='word_1_326' title='bbox 3319 2512 3571 2576; x_wconf 82' lang='lat' dir='ltr'>tractare</span> <span class='ocrx_word' id='word_1_327' title='bbox 3591 2534 3791 2591; x_wconf 88' lang='lat' dir='ltr'>perspe-</span> 
     </span>
    </p>
   </div>
   <div class='ocr_carea' id='block_1_40' title="bbox 525 2607 3790 2696">
    <p class='ocr_par' dir='ltr' id='par_1_40' title="bbox 525 2607 3790 2696">
     <span class='ocr_line' id='line_1_40' title="bbox 525 2607 3790 2696; baseline -0.006 -17"><span class='ocrx_word' id='word_1_328' title='bbox 525 2607 729 2696; x_wconf 76' lang='lat' dir='ltr'>giendo</span> <span class='ocrx_word' id='word_1_329' title='bbox 756 2618 1049 2675; x_wconf 87' lang='lat' dir='ltr'>muniﬁcos</span> <span class='ocrx_word' id='word_1_330' title='bbox 1085 2613 1348 2686; x_wconf 88' lang='lat' dir='ltr'>exposcit,</span> <span class='ocrx_word' id='word_1_331' title='bbox 1376 2612 1471 2683; x_wconf 89' lang='lat' dir='ltr'>qui</span> <span class='ocrx_word' id='word_1_332' title='bbox 1495 2628 1554 2665; x_wconf 91' lang='lat' dir='ltr'>se</span> <span class='ocrx_word' id='word_1_333' title='bbox 1590 2616 1869 2681; x_wconf 74' lang='lat' dir='ltr'>praeparat</span> <span class='ocrx_word' id='word_1_334' title='bbox 1899 2608 2126 2663; x_wconf 85' lang='lat' dir='ltr'>muniﬁ-</span> <span class='ocrx_word' id='word_1_335' title='bbox 2209 2610 2409 2677; x_wconf 89' lang='lat' dir='ltr'>xerint,</span> <span class='ocrx_word' id='word_1_336' title='bbox 2435 2615 2770 2680; x_wconf 89' lang='lat' dir='ltr'>potestatem</span> <span class='ocrx_word' id='word_1_337' title='bbox 2791 2609 3077 2664; x_wconf 89' lang='lat' dir='ltr'>habebunt</span> <span class='ocrx_word' id='word_1_338' title='bbox 3096 2611 3345 2665; x_wconf 88' lang='lat' dir='ltr'>divinum</span> <span class='ocrx_word' id='word_1_339' title='bbox 3376 2611 3625 2665; x_wconf 86' lang='lat' dir='ltr'>ofﬁcium</span> <span class='ocrx_word' id='word_1_340' title='bbox 3647 2608 3693 2662; x_wconf 92' lang='lat' dir='ltr'>ei</span> <span class='ocrx_word' id='word_1_341' title='bbox 3720 2607 3790 2660; x_wconf 87' lang='lat' dir='ltr'>in-</span> 
     </span>
    </p>
   </div>
   <div class='ocr_carea' id='block_1_41' title="bbox 527 2696 3784 2774">
    <p class='ocr_par' dir='ltr' id='par_1_41' title="bbox 527 2696 3784 2774">
     <span class='ocr_line' id='line_1_41' title="bbox 527 2696 3784 2774; baseline -0.006 -5"><span class='ocrx_word' id='word_1_342' title='bbox 527 2710 937 2769; x_wconf 89' lang='lat' dir='ltr'>centissimum.</span> <span class='ocrx_word' id='word_1_343' title='bbox 974 2707 1150 2761; x_wconf 89' lang='lat' dir='ltr'>Detur</span> <span class='ocrx_word' id='word_1_344' title='bbox 1179 2703 1351 2774; x_wconf 84' lang='lat' dir='ltr'>igitur</span> <span class='ocrx_word' id='word_1_345' title='bbox 1400 2702 1515 2755; x_wconf 90' lang='lat' dir='ltr'>Deo</span> <span class='ocrx_word' id='word_1_346' title='bbox 1561 2716 1675 2754; x_wconf 90' lang='lat' dir='ltr'>non</span> <span class='ocrx_word' id='word_1_347' title='bbox 1723 2703 1996 2763; x_wconf 87' lang='lat' dir='ltr'>nostrum,</span> <span class='ocrx_word' id='word_1_348' title='bbox 2029 2698 2126 2752; x_wconf 89' lang='lat' dir='ltr'>sed</span> <span class='ocrx_word' id='word_1_349' title='bbox 2207 2699 2535 2764; x_wconf 89' lang='lat' dir='ltr'>terdicendi,</span> <span class='ocrx_word' id='word_1_350' title='bbox 2576 2707 2634 2753; x_wconf 91' lang='lat' dir='ltr'>et</span> <span class='ocrx_word' id='word_1_351' title='bbox 2679 2699 2788 2753; x_wconf 89' lang='lat' dir='ltr'>nisi</span> <span class='ocrx_word' id='word_1_352' title='bbox 2836 2701 3155 2765; x_wconf 87' lang='lat' dir='ltr'>correxerit,</span> <span class='ocrx_word' id='word_1_353' title='bbox 3193 2716 3259 2753; x_wconf 92' lang='lat' dir='ltr'>eo</span> <span class='ocrx_word' id='word_1_354' title='bbox 3307 2705 3505 2766; x_wconf 69' lang='lat'>350</span> <span class='ocrx_word' id='word_1_355' title='bbox 3532 2696 3784 2769; x_wconf 89' lang='lat' dir='ltr'>deposito,</span> 
     </span>
    </p>
   </div>
   <div class='ocr_carea' id='block_1_42' title="bbox 529 2787 3790 2864">
    <p class='ocr_par' dir='ltr' id='par_1_42' title="bbox 529 2787 3790 2864">
     <span class='ocr_line' id='line_1_42' title="bbox 529 2787 3790 2864; baseline -0.006 -6"><span class='ocrx_word' id='word_1_356' title='bbox 529 2819 715 2858; x_wconf 88' lang='lat' dir='ltr'>suum.</span> <span class='ocrx_word' id='word_1_357' title='bbox 750 2798 896 2864; x_wconf 85' lang='lat' dir='ltr'>Quid</span> <span class='ocrx_word' id='word_1_358' title='bbox 924 2796 1074 2851; x_wconf 88' lang='lat' dir='ltr'>enim</span> <span class='ocrx_word' id='word_1_359' title='bbox 1105 2793 1255 2848; x_wconf 89' lang='lat' dir='ltr'>aliud</span> <span class='ocrx_word' id='word_1_360' title='bbox 1283 2809 1387 2846; x_wconf 88' lang='lat' dir='ltr'>nos</span> <span class='ocrx_word' id='word_1_361' title='bbox 1417 2789 1622 2844; x_wconf 88' lang='lat' dir='ltr'>habere</span> <span class='ocrx_word' id='word_1_362' title='bbox 1648 2794 1931 2861; x_wconf 86' lang='lat' dir='ltr'>putamus,</span> <span class='ocrx_word' id='word_1_363' title='bbox 1955 2803 2125 2859; x_wconf 90' lang='lat' dir='ltr'>quam</span> <span class='ocrx_word' id='word_1_364' title='bbox 2207 2787 2380 2842; x_wconf 85' lang='lat' dir='ltr'>alium</span> <span class='ocrx_word' id='word_1_365' title='bbox 2408 2788 2467 2842; x_wconf 91' lang='lat' dir='ltr'>in</span> <span class='ocrx_word' id='word_1_366' title='bbox 2494 2788 2647 2843; x_wconf 91' lang='lat' dir='ltr'>illius</span> <span class='ocrx_word' id='word_1_367' title='bbox 2668 2788 2849 2843; x_wconf 92' lang='lat' dir='ltr'>locum</span> <span class='ocrx_word' id='word_1_368' title='bbox 2877 2789 3473 2859; x_wconf 86' lang='lat' dir='ltr'>subrogandi.0mnes</span> <span class='ocrx_word' id='word_1_369' title='bbox 3499 2788 3571 2843; x_wconf 91' lang='lat' dir='ltr'>ad</span> <span class='ocrx_word' id='word_1_370' title='bbox 3600 2790 3790 2858; x_wconf 84' lang='lat' dir='ltr'>postre-</span> 
     </span>
    </p>
   </div>
   <div class='ocr_carea' id='block_1_43' title="bbox 519 1457 1748 1536">
    <p class='ocr_par' dir='ltr' id='par_1_43' title="bbox 519 1457 1748 1536">
     <span class='ocr_line' id='line_1_43' title="bbox 519 1457 1748 1536; baseline -0.016 -9"><span class='ocrx_word' id='word_1_371' title='bbox 519 1472 648 1536; x_wconf 78' lang='lat' dir='ltr'>tris,</span> <span class='ocrx_word' id='word_1_372' title='bbox 680 1473 730 1523; x_wconf 82' lang='lat' dir='ltr'>et</span> <span class='ocrx_word' id='word_1_373' title='bbox 758 1466 923 1529; x_wconf 86' lang='lat' dir='ltr'>Filii,</span> <span class='ocrx_word' id='word_1_374' title='bbox 955 1470 1009 1517; x_wconf 86' lang='lat' dir='ltr'>et</span> <span class='ocrx_word' id='word_1_375' title='bbox 1040 1460 1296 1532; x_wconf 80' lang='lat' dir='ltr'>Spiritus</span> <span class='ocrx_word' id='word_1_376' title='bbox 1314 1457 1520 1511; x_wconf 88' lang='lat' dir='ltr'>sancti.</span> <span class='ocrx_word' id='word_1_377' title='bbox 1551 1458 1748 1510; x_wconf 78' lang='lat' dir='ltr'>Amen.</span> 
     </span>
    </p>
   </div>
   <div class='ocr_carea' id='block_1_44' title="bbox 536 2878 3786 2963">
    <p class='ocr_par' dir='ltr' id='par_1_44' title="bbox 536 2878 3786 2963">
     <span class='ocr_line' id='line_1_44' title="bbox 536 2878 3786 2963; baseline -0.007 -15"><span class='ocrx_word' id='word_1_378' title='bbox 536 2894 642 2948; x_wconf 90' lang='lat' dir='ltr'>hoc</span> <span class='ocrx_word' id='word_1_379' title='bbox 667 2889 815 2963; x_wconf 90' lang='lat' dir='ltr'>quod</span> <span class='ocrx_word' id='word_1_380' title='bbox 837 2888 908 2942; x_wconf 89' lang='lat' dir='ltr'>ab</span> <span class='ocrx_word' id='word_1_381' title='bbox 933 2904 997 2941; x_wconf 92' lang='lat' dir='ltr'>eo</span> <span class='ocrx_word' id='word_1_382' title='bbox 1017 2881 1369 2955; x_wconf 85' lang='lat' dir='ltr'>accepimus?</span> <span class='ocrx_word' id='word_1_383' title='bbox 1397 2879 1685 2935; x_wconf 86' lang='lat' dir='ltr'>tribuatur</span> <span class='ocrx_word' id='word_1_384' title='bbox 1719 2878 1935 2948; x_wconf 73' lang='lat' dir='ltr'>frigidae</span> <span class='ocrx_word' id='word_1_385' title='bbox 1965 2893 2123 2947; x_wconf 76' lang='lat' dir='ltr'>aqua</span> <span class='ocrx_word' id='word_1_386' title='bbox 2209 2893 2365 2931; x_wconf 89' lang='lat' dir='ltr'>mum</span> <span class='ocrx_word' id='word_1_387' title='bbox 2393 2878 2828 2931; x_wconf 89' lang='lat' dir='ltr'>consuetudines</span> <span class='ocrx_word' id='word_1_388' title='bbox 2855 2878 3031 2948; x_wconf 90' lang='lat' dir='ltr'>ipsius</span> <span class='ocrx_word' id='word_1_389' title='bbox 3072 2878 3235 2939; x_wconf 82' lang='lat' dir='ltr'>villa,</span> <span class='ocrx_word' id='word_1_390' title='bbox 3275 2889 3392 2932; x_wconf 87' lang='lat' dir='ltr'>tam</span> <span class='ocrx_word' id='word_1_391' title='bbox 3426 2878 3499 2931; x_wconf 90' lang='lat' dir='ltr'>ad</span> <span class='ocrx_word' id='word_1_392' title='bbox 3526 2893 3614 2930; x_wconf 91' lang='lat' dir='ltr'>me</span> <span class='ocrx_word' id='word_1_393' title='bbox 3638 2889 3786 2946; x_wconf 89' lang='lat' dir='ltr'>quam</span> 
     </span>
    </p>
   </div>
   <div class='ocr_carea' id='block_1_45' title="bbox 527 2965 3787 3046">
    <p class='ocr_par' dir='ltr' id='par_1_45' title="bbox 527 2965 3787 3046">
     <span class='ocr_line' id='line_1_45' title="bbox 527 2965 3787 3046; baseline -0.006 -10"><span class='ocrx_word' id='word_1_394' title='bbox 527 2981 687 3046; x_wconf 88' lang='lat' dir='ltr'>calix,</span> <span class='ocrx_word' id='word_1_395' title='bbox 741 2988 805 3033; x_wconf 88' lang='lat' dir='ltr'>ut</span> <span class='ocrx_word' id='word_1_396' title='bbox 844 2982 1055 3031; x_wconf 82' lang='lat' dir='ltr'>aterna</span> <span class='ocrx_word' id='word_1_397' title='bbox 1101 2972 1404 3042; x_wconf 89' lang='lat' dir='ltr'>recipiatur</span> <span class='ocrx_word' id='word_1_398' title='bbox 1455 2985 1684 3023; x_wconf 89' lang='lat' dir='ltr'>merces.</span> <span class='ocrx_word' id='word_1_399' title='bbox 1728 2966 1889 3021; x_wconf 88' lang='lat' dir='ltr'>Tanti</span> <span class='ocrx_word' id='word_1_400' title='bbox 1940 2967 2125 3019; x_wconf 89' lang='lat' dir='ltr'>valere</span> <span class='ocrx_word' id='word_1_401' title='bbox 2146 2966 2276 3046; x_wconf 68' lang='lat' dir='ltr'>nad</span> <span class='ocrx_word' id='word_1_402' title='bbox 2305 2965 2728 3021; x_wconf 83' lang='lat' dir='ltr'>Abricatensem</span> <span class='ocrx_word' id='word_1_403' title='bbox 2752 2967 3073 3038; x_wconf 84' lang='lat' dir='ltr'>episcopum</span> <span class='ocrx_word' id='word_1_404' title='bbox 3105 2967 3469 3038; x_wconf 72' lang='lat' dir='ltr'>pertinentes,</span> <span class='ocrx_word' id='word_1_405' title='bbox 3505 2966 3649 3020; x_wconf 90' lang='lat' dir='ltr'>sicut</span> <span class='ocrx_word' id='word_1_406' title='bbox 3673 2978 3787 3017; x_wconf 90' lang='lat' dir='ltr'>san-</span> 
     </span>
    </p>
   </div>
   <div class='ocr_carea' id='block_1_46' title="bbox 529 3021 3787 3136">
    <p class='ocr_par' dir='ltr' id='par_1_46' title="bbox 529 3021 3787 3136">
     <span class='ocr_line' id='line_1_46' title="bbox 529 3021 3469 3046; baseline -0.015 6"><span class='ocrx_word' id='word_1_407' title='bbox 529 3021 687 3046; x_wconf 57' lang='lat' dir='ltr'>w‘ln’</span> <span class='ocrx_word' id='word_1_408' title='bbox 745 3021 805 3033; x_wconf 56' lang='grc'>’⁸⁸</span> <span class='ocrx_word' id='word_1_409' title='bbox 845 3021 967 3031; x_wconf 63' lang='lat' dir='ltr'>w&#39;v&#39;</span> <span class='ocrx_word' id='word_1_410' title='bbox 983 3021 1055 3029; x_wconf 69' lang='grc'>“””</span> <span class='ocrx_word' id='word_1_411' title='bbox 1102 3021 1118 3026; x_wconf 87' lang='grc'>’“</span> <span class='ocrx_word' id='word_1_412' title='bbox 1137 3021 1391 3042; x_wconf 43' lang='grc' dir='ltr'>“””ι”““”““</span> <span class='ocrx_word' id='word_1_413' title='bbox 1498 3021 1503 3022; x_wconf 63' lang='grc'><strong><em>⁷</em></strong></span> <span class='ocrx_word' id='word_1_414' title='bbox 1524 3021 1535 3023; x_wconf 60' lang='lat'><strong><em>‘</em></strong></span> <span class='ocrx_word' id='word_1_415' title='bbox 2787 3021 2807 3037; x_wconf 62' lang='grc' dir='ltr'><strong><em>ι</em></strong></span> <span class='ocrx_word' id='word_1_416' title='bbox 2942 3021 2961 3038; x_wconf 53' lang='grc' dir='ltr'><strong><em>ι</em></strong></span> <span class='ocrx_word' id='word_1_417' title='bbox 3105 3021 3124 3038; x_wconf 56' lang='grc' dir='ltr'>ι</span> <span class='ocrx_word' id='word_1_418' title='bbox 3461 3025 3469 3034; x_wconf 42' lang='grc' dir='ltr'><em>ι</em></span> 
     </span>
     <span class='ocr_line' id='line_1_47' title="bbox 529 3021 3787 3136; baseline -0.007 -10"><span class='ocrx_word' id='word_1_419' title='bbox 529 3069 846 3126; x_wconf 89' lang='lat' dir='ltr'>audivimus</span> <span class='ocrx_word' id='word_1_420' title='bbox 869 3080 1108 3136; x_wconf 88' lang='lat' dir='ltr'>regnum</span> <span class='ocrx_word' id='word_1_421' title='bbox 1137 3061 1237 3115; x_wconf 90' lang='lat' dir='ltr'>Dei</span> <span class='ocrx_word' id='word_1_422' title='bbox 1268 3064 1539 3131; x_wconf 89' lang='lat' dir='ltr'>quantum</span> <span class='ocrx_word' id='word_1_423' title='bbox 1573 3056 1862 3111; x_wconf 90' lang='lat' dir='ltr'>habemus.</span> <span class='ocrx_word' id='word_1_424' title='bbox 1899 3055 2128 3109; x_wconf 69' lang='lat' dir='ltr'>Suﬂ‘ecit</span> <span class='ocrx_word' id='word_1_425' title='bbox 2145 3021 2188 3081; x_wconf 75' lang='lat' dir='ltr'>C</span> <span class='ocrx_word' id='word_1_426' title='bbox 2207 3059 2308 3109; x_wconf 84' lang='lat' dir='ltr'>cta</span> <span class='ocrx_word' id='word_1_427' title='bbox 2335 3057 2616 3111; x_wconf 84' lang='lat' dir='ltr'>memoria</span> <span class='ocrx_word' id='word_1_428' title='bbox 2655 3062 2817 3128; x_wconf 88' lang='lat' dir='ltr'>pater</span> <span class='ocrx_word' id='word_1_429' title='bbox 2845 3074 3004 3111; x_wconf 91' lang='lat' dir='ltr'>meus</span> <span class='ocrx_word' id='word_1_430' title='bbox 3038 3056 3349 3111; x_wconf 86' lang='lat' dir='ltr'>Richardus</span> <span class='ocrx_word' id='word_1_431' title='bbox 3376 3054 3622 3111; x_wconf 89' lang='lat' dir='ltr'>Romani</span> <span class='ocrx_word' id='word_1_432' title='bbox 3649 3068 3787 3124; x_wconf 79' lang='lat' dir='ltr'>papa</span> 
     </span>
    </p>
   </div>
   <div class='ocr_carea' id='block_1_47' title="bbox 527 3144 3786 3229">
    <p class='ocr_par' dir='ltr' id='par_1_47' title="bbox 527 3144 3786 3229">
     <span class='ocr_line' id='line_1_48' title="bbox 527 3144 3786 3229; baseline -0.007 -14"><span class='ocrx_word' id='word_1_433' title='bbox 527 3148 710 3214; x_wconf 83' lang='lat' dir='ltr'>vidua</span> <span class='ocrx_word' id='word_1_434' title='bbox 739 3156 1021 3229; x_wconf 88' lang='lat' dir='ltr'>quadrans</span> <span class='ocrx_word' id='word_1_435' title='bbox 1046 3172 1059 3219; x_wconf 88' lang='lat'><strong>;</strong></span> <span class='ocrx_word' id='word_1_436' title='bbox 1094 3149 1305 3222; x_wconf 90' lang='lat' dir='ltr'>profuit</span> <span class='ocrx_word' id='word_1_437' title='bbox 1333 3153 1389 3201; x_wconf 88' lang='lat' dir='ltr'>et</span> <span class='ocrx_word' id='word_1_438' title='bbox 1410 3147 1637 3201; x_wconf 81' lang='lat' dir='ltr'>Zachao</span> <span class='ocrx_word' id='word_1_439' title='bbox 1662 3144 1934 3199; x_wconf 92' lang='lat' dir='ltr'>bonorum</span> <span class='ocrx_word' id='word_1_440' title='bbox 1956 3144 2125 3198; x_wconf 87' lang='lat' dir='ltr'>dimi-</span> <span class='ocrx_word' id='word_1_441' title='bbox 2208 3146 2518 3211; x_wconf 83' lang='lat' dir='ltr'>constituit,</span> <span class='ocrx_word' id='word_1_442' title='bbox 2552 3147 2955 3217; x_wconf 91' lang='lat' dir='ltr'>perpetualiter</span> <span class='ocrx_word' id='word_1_443' title='bbox 2980 3146 3344 3218; x_wconf 87' lang='lat' dir='ltr'>possidendas</span> <span class='ocrx_word' id='word_1_444' title='bbox 3380 3146 3592 3208; x_wconf 86' lang='lat' dir='ltr'>tribuo,</span> <span class='ocrx_word' id='word_1_445' title='bbox 3627 3159 3690 3197; x_wconf 89' lang='lat' dir='ltr'>ea</span> <span class='ocrx_word' id='word_1_446' title='bbox 3708 3157 3786 3194; x_wconf 90' lang='lat' dir='ltr'>ra-</span> 
     </span>
    </p>
   </div>
   <div class='ocr_carea' id='block_1_48' title="bbox 530 3229 3785 3307">
    <p class='ocr_par' dir='ltr' id='par_1_48' title="bbox 530 3229 3785 3307">
     <span class='ocr_line' id='line_1_49' title="bbox 530 3229 3785 3307; baseline -0.005 -4"><span class='ocrx_word' id='word_1_447' title='bbox 530 3248 608 3305; x_wconf 89' lang='lat' dir='ltr'>dii</span> <span class='ocrx_word' id='word_1_448' title='bbox 636 3243 979 3301; x_wconf 88' lang='lat' dir='ltr'>distributio.</span> <span class='ocrx_word' id='word_1_449' title='bbox 1013 3240 1147 3304; x_wconf 85' lang='lat' dir='ltr'>Qua</span> <span class='ocrx_word' id='word_1_450' title='bbox 1178 3237 1421 3307; x_wconf 91' lang='lat' dir='ltr'>denique</span> <span class='ocrx_word' id='word_1_451' title='bbox 1445 3237 1515 3289; x_wconf 87' lang='lat' dir='ltr'>ad</span> <span class='ocrx_word' id='word_1_452' title='bbox 1541 3235 1598 3289; x_wconf 92' lang='lat' dir='ltr'>id</span> <span class='ocrx_word' id='word_1_453' title='bbox 1629 3235 1777 3305; x_wconf 92' lang='lat' dir='ltr'>quod</span> <span class='ocrx_word' id='word_1_454' title='bbox 1816 3234 2030 3295; x_wconf 86' lang='lat' dir='ltr'>ﬁnitur,</span> <span class='ocrx_word' id='word_1_455' title='bbox 2055 3233 2129 3287; x_wconf 89' lang='lat' dir='ltr'>ad</span> <span class='ocrx_word' id='word_1_456' title='bbox 2208 3234 2358 3287; x_wconf 89' lang='lat' dir='ltr'>tione</span> <span class='ocrx_word' id='word_1_457' title='bbox 2380 3241 2445 3289; x_wconf 91' lang='lat' dir='ltr'>ut</span> <span class='ocrx_word' id='word_1_458' title='bbox 2471 3234 2531 3288; x_wconf 90' lang='lat' dir='ltr'>in</span> <span class='ocrx_word' id='word_1_459' title='bbox 2562 3236 2715 3289; x_wconf 91' lang='lat' dir='ltr'>omni</span> <span class='ocrx_word' id='word_1_460' title='bbox 2752 3252 3078 3291; x_wconf 88' lang='lat' dir='ltr'>successura</span> <span class='ocrx_word' id='word_1_461' title='bbox 3104 3234 3471 3307; x_wconf 89' lang='lat' dir='ltr'>generatione</span> <span class='ocrx_word' id='word_1_462' title='bbox 3501 3234 3686 3298; x_wconf 88' lang='lat' dir='ltr'>abbas,</span> <span class='ocrx_word' id='word_1_463' title='bbox 3715 3229 3785 3282; x_wconf 86' lang='lat' dir='ltr'>vel</span> 
     </span>
    </p>
   </div>
   <div class='ocr_carea' id='block_1_49' title="bbox 531 3319 3787 3408">
    <p class='ocr_par' dir='ltr' id='par_1_49' title="bbox 531 3319 3787 3408">
     <span class='ocr_line' id='line_1_50' title="bbox 531 3319 3787 3408; baseline -0.006 -17"><span class='ocrx_word' id='word_1_464' title='bbox 531 3335 681 3408; x_wconf 92' lang='lat' dir='ltr'>quod</span> <span class='ocrx_word' id='word_1_465' title='bbox 718 3349 832 3387; x_wconf 89' lang='lat' dir='ltr'>non</span> <span class='ocrx_word' id='word_1_466' title='bbox 876 3330 1071 3384; x_wconf 85' lang='lat' dir='ltr'>ﬁnitur</span> <span class='ocrx_word' id='word_1_467' title='bbox 1101 3325 1482 3398; x_wconf 81' lang='lat' dir='ltr'>comparatio?</span> <span class='ocrx_word' id='word_1_468' title='bbox 1510 3324 1731 3379; x_wconf 88' lang='lat' dir='ltr'>Scilicet</span> <span class='ocrx_word' id='word_1_469' title='bbox 1757 3340 1859 3405; x_wconf 69' lang='lat' dir='ltr'>prp</span> <span class='ocrx_word' id='word_1_470' title='bbox 1885 3321 2127 3378; x_wconf 88' lang='lat' dir='ltr'>terrenis</span> <span class='ocrx_word' id='word_1_471' title='bbox 2208 3324 2468 3378; x_wconf 88' lang='lat' dir='ltr'>monachi</span> <span class='ocrx_word' id='word_1_472' title='bbox 2496 3323 2672 3395; x_wconf 89' lang='lat' dir='ltr'>ipsius</span> <span class='ocrx_word' id='word_1_473' title='bbox 2711 3326 2937 3391; x_wconf 89' lang='lat' dir='ltr'>montis,</span> <span class='ocrx_word' id='word_1_474' title='bbox 2971 3342 3165 3380; x_wconf 90' lang='lat' dir='ltr'>omnes</span> <span class='ocrx_word' id='word_1_475' title='bbox 3184 3326 3354 3395; x_wconf 85' lang='lat' dir='ltr'>leges,</span> <span class='ocrx_word' id='word_1_476' title='bbox 3387 3337 3693 3393; x_wconf 89' lang='lat' dir='ltr'>omnesque</span> <span class='ocrx_word' id='word_1_477' title='bbox 3718 3319 3787 3372; x_wconf 91' lang='lat' dir='ltr'>fo-</span> 
     </span>
    </p>
   </div>
   <div class='ocr_carea' id='block_1_50' title="bbox 532 3412 3853 3492">
    <p class='ocr_par' dir='ltr' id='par_1_50' title="bbox 532 3412 3853 3492">
     <span class='ocr_line' id='line_1_51' title="bbox 532 3412 3853 3492; baseline -0.006 -13"><span class='ocrx_word' id='word_1_478' title='bbox 532 3421 798 3487; x_wconf 89' lang='lat' dir='ltr'>coelestia,</span> <span class='ocrx_word' id='word_1_479' title='bbox 826 3436 927 3492; x_wconf 89' lang='lat' dir='ltr'>pro</span> <span class='ocrx_word' id='word_1_480' title='bbox 958 3416 1222 3490; x_wconf 88' lang='lat' dir='ltr'>perituris</span> <span class='ocrx_word' id='word_1_481' title='bbox 1244 3414 1446 3469; x_wconf 89' lang='lat' dir='ltr'>mereri</span> <span class='ocrx_word' id='word_1_482' title='bbox 1478 3419 1766 3485; x_wconf 84' lang='lat' dir='ltr'>perpetua.</span> <span class='ocrx_word' id='word_1_483' title='bbox 2207 3412 2552 3480; x_wconf 82' lang='lat' dir='ltr'>risfacturas,</span> <span class='ocrx_word' id='word_1_484' title='bbox 2612 3414 2937 3468; x_wconf 90' lang='lat' dir='ltr'>clericorum</span> <span class='ocrx_word' id='word_1_485' title='bbox 2984 3432 3049 3469; x_wconf 90' lang='lat' dir='ltr'>ac</span> <span class='ocrx_word' id='word_1_486' title='bbox 3094 3415 3384 3479; x_wconf 89' lang='lat' dir='ltr'>laicorum,</span> <span class='ocrx_word' id='word_1_487' title='bbox 3439 3414 3683 3467; x_wconf 87' lang='lat' dir='ltr'>virorum</span> <span class='ocrx_word' id='word_1_488' title='bbox 3732 3423 3787 3461; x_wconf 91' lang='lat' dir='ltr'>ac</span> <span class='ocrx_word' id='word_1_489' title='bbox 3844 3425 3853 3436; x_wconf 69' lang='grc' dir='ltr'><em>ι</em></span> 
     </span>
    </p>
   </div>
   <div class='ocr_carea' id='block_1_51' title="bbox 608 3500 3786 3575">
    <p class='ocr_par' dir='ltr' id='par_1_51' title="bbox 608 3500 3786 3575">
     <span class='ocr_line' id='line_1_52' title="bbox 608 3500 3786 3575; baseline -0.006 -7"><span class='ocrx_word' id='word_1_490' title='bbox 608 3532 636 3568; x_wconf 68' lang='grc' dir='ltr'><em>α</em></span> <span class='ocrx_word' id='word_1_491' title='bbox 672 3511 748 3567; x_wconf 90' lang='lat' dir='ltr'>Iis</span> <span class='ocrx_word' id='word_1_492' title='bbox 779 3514 835 3565; x_wconf 92' lang='lat' dir='ltr'>et</span> <span class='ocrx_word' id='word_1_493' title='bbox 861 3508 984 3563; x_wconf 88' lang='lat' dir='ltr'>aliis</span> <span class='ocrx_word' id='word_1_494' title='bbox 1014 3506 1213 3561; x_wconf 82' lang='lat' dir='ltr'>divina</span> <span class='ocrx_word' id='word_1_495' title='bbox 1254 3503 1605 3559; x_wconf 89' lang='lat' dir='ltr'>auctoritatis</span> <span class='ocrx_word' id='word_1_496' title='bbox 1640 3501 1905 3557; x_wconf 88' lang='lat' dir='ltr'>incitatus</span> <span class='ocrx_word' id='word_1_497' title='bbox 1938 3501 2127 3559; x_wconf 85' lang='lat' dir='ltr'>horta-</span> <span class='ocrx_word' id='word_1_498' title='bbox 2207 3501 2504 3557; x_wconf 88' lang='lat' dir='ltr'>mulierum</span> <span class='ocrx_word' id='word_1_499' title='bbox 2531 3503 2780 3572; x_wconf 89' lang='lat' dir='ltr'>ejusdem</span> <span class='ocrx_word' id='word_1_500' title='bbox 2821 3503 3004 3573; x_wconf 89' lang='lat' dir='ltr'>burgi,</span> <span class='ocrx_word' id='word_1_501' title='bbox 3047 3504 3256 3575; x_wconf 87' lang='lat' dir='ltr'>absque</span> <span class='ocrx_word' id='word_1_502' title='bbox 3290 3502 3578 3557; x_wconf 90' lang='lat' dir='ltr'>calumnia</span> <span class='ocrx_word' id='word_1_503' title='bbox 3616 3500 3786 3569; x_wconf 89' lang='lat' dir='ltr'>cujus-</span> 
     </span>
    </p>
   </div>
   <div class='ocr_carea' id='block_1_52' title="bbox 534 3584 3786 3670">
    <p class='ocr_par' dir='ltr' id='par_1_52' title="bbox 534 3584 3786 3670">
     <span class='ocr_line' id='line_1_53' title="bbox 534 3584 3786 3670; baseline -0.006 -13"><span class='ocrx_word' id='word_1_504' title='bbox 534 3601 761 3666; x_wconf 91' lang='lat' dir='ltr'>mentis,</span> <span class='ocrx_word' id='word_1_505' title='bbox 788 3615 891 3670; x_wconf 89' lang='lat' dir='ltr'>ego</span> <span class='ocrx_word' id='word_1_506' title='bbox 919 3596 1249 3655; x_wconf 81' lang='lat' dir='ltr'>Richardus,</span> <span class='ocrx_word' id='word_1_507' title='bbox 1272 3593 1457 3666; x_wconf 89' lang='lat' dir='ltr'>gratia</span> <span class='ocrx_word' id='word_1_508' title='bbox 1488 3591 1589 3646; x_wconf 90' lang='lat' dir='ltr'>Dei</span> <span class='ocrx_word' id='word_1_509' title='bbox 1622 3591 1751 3658; x_wconf 86' lang='lat' dir='ltr'>dux,</span> <span class='ocrx_word' id='word_1_510' title='bbox 1785 3597 1842 3645; x_wconf 92' lang='lat' dir='ltr'>et</span> <span class='ocrx_word' id='word_1_511' title='bbox 1870 3591 2126 3661; x_wconf 89' lang='lat' dir='ltr'>princeps</span> <span class='ocrx_word' id='word_1_512' title='bbox 2209 3608 2377 3662; x_wconf 91' lang='lat' dir='ltr'>quam</span> <span class='ocrx_word' id='word_1_513' title='bbox 2405 3597 2724 3646; x_wconf 89' lang='lat' dir='ltr'>nostrorum</span> <span class='ocrx_word' id='word_1_514' title='bbox 2765 3610 3168 3658; x_wconf 88' lang='lat' dir='ltr'>successorum,</span> <span class='ocrx_word' id='word_1_515' title='bbox 3204 3611 3304 3648; x_wconf 87' lang='lat' dir='ltr'>seu</span> <span class='ocrx_word' id='word_1_516' title='bbox 3349 3593 3627 3663; x_wconf 75' lang='lat' dir='ltr'>pra-dicta</span> <span class='ocrx_word' id='word_1_517' title='bbox 3656 3584 3786 3642; x_wconf 89' lang='lat' dir='ltr'>sedis</span> 
     </span>
    </p>
   </div>
   <div class='ocr_carea' id='block_1_53' title="bbox 533 3676 3783 3756">
    <p class='ocr_par' dir='ltr' id='par_1_53' title="bbox 533 3676 3783 3756">
     <span class='ocr_line' id='line_1_54' title="bbox 533 3676 3783 3756; baseline -0.006 -10"><span class='ocrx_word' id='word_1_518' title='bbox 533 3690 1070 3751; x_wconf 88' lang='lat' dir='ltr'>Northmannorum,</span> <span class='ocrx_word' id='word_1_519' title='bbox 1109 3700 1303 3756; x_wconf 76' lang='lat' dir='ltr'>parias</span> <span class='ocrx_word' id='word_1_520' title='bbox 1343 3681 1547 3737; x_wconf 82' lang='lat' dir='ltr'>inferni</span> <span class='ocrx_word' id='word_1_521' title='bbox 1588 3680 1818 3750; x_wconf 91' lang='lat' dir='ltr'>cupiens</span> <span class='ocrx_word' id='word_1_522' title='bbox 1861 3680 2123 3749; x_wconf 77' lang='lat' dir='ltr'>eﬁ‘ugere,</span> <span class='ocrx_word' id='word_1_523' title='bbox 2209 3680 2595 3752; x_wconf 88' lang='lat' dir='ltr'>episcoporum</span> <span class='ocrx_word' id='word_1_524' title='bbox 2614 3680 2956 3752; x_wconf 87' lang='lat' dir='ltr'>possideant,</span> <span class='ocrx_word' id='word_1_525' title='bbox 2984 3686 3040 3735; x_wconf 90' lang='lat' dir='ltr'>et</span> <span class='ocrx_word' id='word_1_526' title='bbox 3068 3697 3303 3752; x_wconf 89' lang='lat' dir='ltr'>quaque</span> <span class='ocrx_word' id='word_1_527' title='bbox 3331 3678 3663 3750; x_wconf 83' lang='lat' dir='ltr'>corrigenda</span> <span class='ocrx_word' id='word_1_528' title='bbox 3678 3676 3783 3729; x_wconf 87' lang='lat' dir='ltr'>fue-</span> 
     </span>
    </p>
   </div>
   <div class='ocr_carea' id='block_1_54' title="bbox 533 3764 3778 3852">
    <p class='ocr_par' dir='ltr' id='par_1_54' title="bbox 533 3764 3778 3852">
     <span class='ocr_line' id='line_1_55' title="bbox 533 3764 3778 3852; baseline -0.005 -18"><span class='ocrx_word' id='word_1_529' title='bbox 533 3785 589 3834; x_wconf 90' lang='lat' dir='ltr'>et</span> <span class='ocrx_word' id='word_1_530' title='bbox 610 3776 855 3852; x_wconf 67' lang='lat' dir='ltr'>paradisi</span> <span class='ocrx_word' id='word_1_531' title='bbox 882 3775 1093 3847; x_wconf 88' lang='lat' dir='ltr'>gaudia</span> <span class='ocrx_word' id='word_1_532' title='bbox 1119 3772 1447 3828; x_wconf 88' lang='lat' dir='ltr'>desiderans</span> <span class='ocrx_word' id='word_1_533' title='bbox 1476 3769 1685 3824; x_wconf 87' lang='lat' dir='ltr'>habere</span> <span class='ocrx_word' id='word_1_534' title='bbox 1711 3775 1837 3839; x_wconf 92' lang='lat' dir='ltr'>post</span> <span class='ocrx_word' id='word_1_535' title='bbox 1866 3775 2123 3833; x_wconf 91' lang='lat' dir='ltr'>mortem,</span> <span class='ocrx_word' id='word_1_536' title='bbox 2209 3768 2342 3828; x_wconf 87' lang='lat' dir='ltr'>rint.</span> <span class='ocrx_word' id='word_1_537' title='bbox 2366 3770 2674 3841; x_wconf 87' lang='lat' dir='ltr'>corrigant;</span> <span class='ocrx_word' id='word_1_538' title='bbox 2700 3771 2798 3841; x_wconf 91' lang='lat' dir='ltr'>qui</span> <span class='ocrx_word' id='word_1_539' title='bbox 2818 3771 2865 3825; x_wconf 88' lang='lat' dir='ltr'>si</span> <span class='ocrx_word' id='word_1_540' title='bbox 2884 3771 2943 3824; x_wconf 91' lang='lat' dir='ltr'>in</span> <span class='ocrx_word' id='word_1_541' title='bbox 2973 3770 3160 3840; x_wconf 90' lang='lat' dir='ltr'>aliquo</span> <span class='ocrx_word' id='word_1_542' title='bbox 3179 3769 3539 3824; x_wconf 88' lang='lat' dir='ltr'>rectitudinis</span> <span class='ocrx_word' id='word_1_543' title='bbox 3554 3764 3778 3827; x_wconf 87' lang='lat' dir='ltr'>tramite,</span> 
     </span>
    </p>
   </div>
   <div class='ocr_carea' id='block_1_55' title="bbox 530 3857 3780 3933">
    <p class='ocr_par' dir='ltr' id='par_1_55' title="bbox 530 3857 3780 3933">
     <span class='ocr_line' id='line_1_56' title="bbox 530 3857 3780 3933; baseline -0.006 -8"><span class='ocrx_word' id='word_1_544' title='bbox 530 3870 650 3924; x_wconf 90' lang='lat' dir='ltr'>loco</span> <span class='ocrx_word' id='word_1_545' title='bbox 686 3867 876 3924; x_wconf 90' lang='lat' dir='ltr'>Sancti</span> <span class='ocrx_word' id='word_1_546' title='bbox 904 3862 1226 3933; x_wconf 86' lang='lat' dir='ltr'>archangeli</span> <span class='ocrx_word' id='word_1_547' title='bbox 1252 3859 1539 3916; x_wconf 89' lang='lat' dir='ltr'>Michaelis</span> <span class='ocrx_word' id='word_1_548' title='bbox 1569 3858 1677 3912; x_wconf 91' lang='lat' dir='ltr'>sito</span> <span class='ocrx_word' id='word_1_549' title='bbox 1706 3857 1764 3912; x_wconf 90' lang='lat' dir='ltr'>in</span> <span class='ocrx_word' id='word_1_550' title='bbox 1792 3864 2001 3924; x_wconf 88' lang='lat' dir='ltr'>monte,</span> <span class='ocrx_word' id='word_1_551' title='bbox 2032 3858 2128 3928; x_wconf 88' lang='lat' dir='ltr'>qui</span> <span class='ocrx_word' id='word_1_552' title='bbox 2209 3859 2358 3929; x_wconf 91' lang='lat' dir='ltr'>quod</span> <span class='ocrx_word' id='word_1_553' title='bbox 2379 3860 2605 3930; x_wconf 89' lang='lat' dir='ltr'>quidem</span> <span class='ocrx_word' id='word_1_554' title='bbox 2626 3859 2790 3926; x_wconf 87' lang='lat' dir='ltr'>absit,</span> <span class='ocrx_word' id='word_1_555' title='bbox 2818 3859 3176 3925; x_wconf 89' lang='lat' dir='ltr'>deviaverint,</span> <span class='ocrx_word' id='word_1_556' title='bbox 3204 3876 3467 3913; x_wconf 87' lang='lat' dir='ltr'>curamve</span> <span class='ocrx_word' id='word_1_557' title='bbox 3488 3857 3780 3912; x_wconf 87' lang='lat' dir='ltr'>animarum</span> 
     </span>
    </p>
   </div>
   <div class='ocr_carea' id='block_1_56' title="bbox 532 3945 3780 4021">
    <p class='ocr_par' dir='ltr' id='par_1_56' title="bbox 532 3945 3780 4021">
     <span class='ocr_line' id='line_1_57' title="bbox 532 3945 3780 4021; baseline -0.005 -9"><span class='ocrx_word' id='word_1_558' title='bbox 532 3957 737 4012; x_wconf 90' lang='lat' dir='ltr'>dicitur</span> <span class='ocrx_word' id='word_1_559' title='bbox 753 3952 991 4020; x_wconf 90' lang='lat' dir='ltr'>Tumba,</span> <span class='ocrx_word' id='word_1_560' title='bbox 1020 3950 1401 4020; x_wconf 85' lang='lat' dir='ltr'>fratribusque</span> <span class='ocrx_word' id='word_1_561' title='bbox 1429 3948 1635 4001; x_wconf 90' lang='lat' dir='ltr'>ibidem</span> <span class='ocrx_word' id='word_1_562' title='bbox 1676 3947 1790 4001; x_wconf 93' lang='lat' dir='ltr'>Deo</span> <span class='ocrx_word' id='word_1_563' title='bbox 1821 3945 2128 4001; x_wconf 85' lang='lat' dir='ltr'>monastice</span> <span class='ocrx_word' id='word_1_564' title='bbox 2208 3948 2519 4004; x_wconf 89' lang='lat' dir='ltr'>incolarum</span> <span class='ocrx_word' id='word_1_565' title='bbox 2548 3950 2669 4005; x_wconf 90' lang='lat' dir='ltr'>loco</span> <span class='ocrx_word' id='word_1_566' title='bbox 2697 3950 3061 4021; x_wconf 84' lang='lat' dir='ltr'>neglexerint,</span> <span class='ocrx_word' id='word_1_567' title='bbox 3088 3950 3207 4020; x_wconf 88' lang='lat' dir='ltr'>jam</span> <span class='ocrx_word' id='word_1_568' title='bbox 3237 3951 3397 4005; x_wconf 83' lang='lat' dir='ltr'>dicta</span> <span class='ocrx_word' id='word_1_569' title='bbox 3418 3950 3569 4005; x_wconf 88' lang='lat' dir='ltr'>sedis</span> <span class='ocrx_word' id='word_1_570' title='bbox 3590 3946 3780 4018; x_wconf 89' lang='lat' dir='ltr'>episco-</span> 
     </span>
    </p>
   </div>
   <div class='ocr_carea' id='block_1_57' title="bbox 530 4035 3780 4109">
    <p class='ocr_par' dir='ltr' id='par_1_57' title="bbox 530 4035 3780 4109">
     <span class='ocr_line' id='line_1_58' title="bbox 530 4035 3780 4109; baseline -0.005 -8"><span class='ocrx_word' id='word_1_571' title='bbox 530 4043 951 4109; x_wconf 88' lang='lat' dir='ltr'>famulantibus,</span> <span class='ocrx_word' id='word_1_572' title='bbox 985 4040 1147 4096; x_wconf 89' lang='lat' dir='ltr'>trado</span> <span class='ocrx_word' id='word_1_573' title='bbox 1173 4038 1457 4095; x_wconf 89' lang='lat' dir='ltr'>abbatiam</span> <span class='ocrx_word' id='word_1_574' title='bbox 1485 4036 1662 4092; x_wconf 89' lang='lat' dir='ltr'>sancti</span> <span class='ocrx_word' id='word_1_575' title='bbox 1689 4036 1937 4101; x_wconf 90' lang='lat' dir='ltr'>Paterni,</span> <span class='ocrx_word' id='word_1_576' title='bbox 1958 4036 2127 4090; x_wconf 89' lang='lat' dir='ltr'>sitam</span> <span class='ocrx_word' id='word_1_577' title='bbox 2208 4054 2332 4108; x_wconf 90' lang='lat' dir='ltr'>pus,</span> <span class='ocrx_word' id='word_1_578' title='bbox 2366 4038 2479 4092; x_wconf 89' lang='lat' dir='ltr'>sive</span> <span class='ocrx_word' id='word_1_579' title='bbox 2504 4039 2683 4093; x_wconf 89' lang='lat' dir='ltr'>Deum</span> <span class='ocrx_word' id='word_1_580' title='bbox 2702 4038 2967 4093; x_wconf 89' lang='lat' dir='ltr'>timentes</span> <span class='ocrx_word' id='word_1_581' title='bbox 2998 4038 3182 4104; x_wconf 87' lang='lat' dir='ltr'>vicini,</span> <span class='ocrx_word' id='word_1_582' title='bbox 3216 4039 3275 4092; x_wconf 90' lang='lat' dir='ltr'>in</span> <span class='ocrx_word' id='word_1_583' title='bbox 3302 4039 3564 4093; x_wconf 85' lang='lat' dir='ltr'>notitiam</span> <span class='ocrx_word' id='word_1_584' title='bbox 3585 4035 3780 4090; x_wconf 85' lang='lat' dir='ltr'>deferre</span> 
     </span>
    </p>
   </div>
   <div class='ocr_carea' id='block_1_58' title="bbox 529 4124 2121 4206">
    <p class='ocr_par' dir='ltr' id='par_1_58' title="bbox 529 4124 2121 4206">
     <span class='ocr_line' id='line_1_59' title="bbox 529 4124 2121 4206; baseline -0.007 -17"><span class='ocrx_word' id='word_1_585' title='bbox 529 4134 589 4189; x_wconf 92' lang='lat' dir='ltr'>in</span> <span class='ocrx_word' id='word_1_586' title='bbox 617 4150 760 4206; x_wconf 88' lang='lat' dir='ltr'>pago</span> <span class='ocrx_word' id='word_1_587' title='bbox 782 4129 1216 4195; x_wconf 87' lang='lat' dir='ltr'>Constantiensi,</span> <span class='ocrx_word' id='word_1_588' title='bbox 1257 4144 1385 4183; x_wconf 88' lang='lat' dir='ltr'>cum</span> <span class='ocrx_word' id='word_1_589' title='bbox 1409 4127 1576 4182; x_wconf 90' lang='lat' dir='ltr'>terris</span> <span class='ocrx_word' id='word_1_590' title='bbox 1604 4126 1770 4181; x_wconf 87' lang='lat' dir='ltr'>cultis</span> <span class='ocrx_word' id='word_1_591' title='bbox 1797 4132 1854 4180; x_wconf 91' lang='lat' dir='ltr'>et</span> <span class='ocrx_word' id='word_1_592' title='bbox 1878 4124 2121 4191; x_wconf 91' lang='lat' dir='ltr'>incultis,</span> 
     </span>
    </p>
   </div>
   <div class='ocr_carea' id='block_1_59' title="bbox 532 4214 2121 4286">
    <p class='ocr_par' dir='ltr' id='par_1_59' title="bbox 532 4214 2121 4286">
     <span class='ocr_line' id='line_1_60' title="bbox 532 4214 2121 4286; baseline -0.006 -9"><span class='ocrx_word' id='word_1_593' title='bbox 532 4238 660 4278; x_wconf 92' lang='lat' dir='ltr'>cum</span> <span class='ocrx_word' id='word_1_594' title='bbox 697 4220 942 4276; x_wconf 89' lang='lat' dir='ltr'>ecclesiis</span> <span class='ocrx_word' id='word_1_595' title='bbox 985 4224 1042 4274; x_wconf 91' lang='lat' dir='ltr'>et</span> <span class='ocrx_word' id='word_1_596' title='bbox 1088 4216 1440 4283; x_wconf 90' lang='lat' dir='ltr'>molendinis,</span> <span class='ocrx_word' id='word_1_597' title='bbox 1475 4232 1601 4270; x_wconf 91' lang='lat' dir='ltr'>cum</span> <span class='ocrx_word' id='word_1_598' title='bbox 1641 4216 1835 4286; x_wconf 90' lang='lat' dir='ltr'>pratis,</span> <span class='ocrx_word' id='word_1_599' title='bbox 1868 4220 1926 4269; x_wconf 90' lang='lat' dir='ltr'>et</span> <span class='ocrx_word' id='word_1_600' title='bbox 1951 4214 2121 4281; x_wconf 90' lang='lat' dir='ltr'>silvis,</span> 
     </span>
    </p>
   </div>
   <div class='ocr_carea' id='block_1_60' title="bbox 2206 4127 3780 4199">
    <p class='ocr_par' dir='ltr' id='par_1_60' title="bbox 2206 4127 3780 4199">
     <span class='ocr_line' id='line_1_61' title="bbox 2206 4127 3780 4199; baseline -0.004 -18"><span class='ocrx_word' id='word_1_601' title='bbox 2206 4132 2406 4181; x_wconf 88' lang='lat' dir='ltr'>curent</span> <span class='ocrx_word' id='word_1_602' title='bbox 2429 4127 2716 4199; x_wconf 87' lang='lat' dir='ltr'>principis,</span> <span class='ocrx_word' id='word_1_603' title='bbox 2746 4128 2841 4199; x_wconf 87' lang='lat' dir='ltr'>qui</span> <span class='ocrx_word' id='word_1_604' title='bbox 2871 4129 2980 4182; x_wconf 91' lang='lat' dir='ltr'>illis</span> <span class='ocrx_word' id='word_1_605' title='bbox 3012 4127 3360 4199; x_wconf 88' lang='lat' dir='ltr'>temporibus</span> <span class='ocrx_word' id='word_1_606' title='bbox 3388 4128 3780 4183; x_wconf 85' lang='lat' dir='ltr'>Northmanno-</span> 
     </span>
    </p>
   </div>
   <div class='ocr_carea' id='block_1_61' title="bbox 2206 4211 3779 4290">
    <p class='ocr_par' dir='ltr' id='par_1_61' title="bbox 2206 4211 3779 4290">
     <span class='ocr_line' id='line_1_62' title="bbox 2206 4211 3779 4290; baseline -0.003 -21"><span class='ocrx_word' id='word_1_607' title='bbox 2206 4232 2334 4270; x_wconf 90' lang='lat' dir='ltr'>rum</span> <span class='ocrx_word' id='word_1_608' title='bbox 2356 4216 2468 4271; x_wconf 89' lang='lat' dir='ltr'>dux</span> <span class='ocrx_word' id='word_1_609' title='bbox 2496 4218 2683 4283; x_wconf 88' lang='lat' dir='ltr'>fuerit,</span> <span class='ocrx_word' id='word_1_610' title='bbox 2713 4218 2783 4272; x_wconf 91' lang='lat' dir='ltr'>ad</span> <span class='ocrx_word' id='word_1_611' title='bbox 2811 4229 2978 4289; x_wconf 88' lang='lat' dir='ltr'>quem</span> <span class='ocrx_word' id='word_1_612' title='bbox 3019 4219 3282 4290; x_wconf 87' lang='lat' dir='ltr'>deinceps</span> <span class='ocrx_word' id='word_1_613' title='bbox 3319 4220 3599 4290; x_wconf 88' lang='lat' dir='ltr'>pertineat</span> <span class='ocrx_word' id='word_1_614' title='bbox 3624 4211 3779 4270; x_wconf 84' lang='lat' dir='ltr'>corri-</span> 
     </span>
    </p>
   </div>
   <div class='ocr_carea' id='block_1_62' title="bbox 531 4304 3779 4380">
    <p class='ocr_par' dir='ltr' id='par_1_62' title="bbox 531 4304 3779 4380">
     <span class='ocr_line' id='line_1_63' title="bbox 531 4304 3779 4380; baseline -0.002 -16"><span class='ocrx_word' id='word_1_615' title='bbox 531 4310 602 4377; x_wconf 81' lang='lat' dir='ltr'>ab</span> <span class='ocrx_word' id='word_1_616' title='bbox 632 4309 849 4365; x_wconf 88' lang='lat' dir='ltr'>oriente</span> <span class='ocrx_word' id='word_1_617' title='bbox 876 4309 965 4363; x_wconf 87' lang='lat' dir='ltr'>via</span> <span class='ocrx_word' id='word_1_618' title='bbox 994 4307 1215 4379; x_wconf 88' lang='lat' dir='ltr'>publica</span> <span class='ocrx_word' id='word_1_619' title='bbox 1259 4306 1524 4360; x_wconf 90' lang='lat' dir='ltr'>tendente</span> <span class='ocrx_word' id='word_1_620' title='bbox 1553 4304 1930 4370; x_wconf 88' lang='lat' dir='ltr'>Constantias,</span> <span class='ocrx_word' id='word_1_621' title='bbox 1969 4321 2003 4358; x_wconf 91' lang='lat' dir='ltr'>a</span> <span class='ocrx_word' id='word_1_622' title='bbox 2037 4304 2342 4375; x_wconf 86' lang='lat' dir='ltr'>se-Dgere</span> <span class='ocrx_word' id='word_1_623' title='bbox 2381 4322 2449 4360; x_wconf 90' lang='lat' dir='ltr'>ea</span> <span class='ocrx_word' id='word_1_624' title='bbox 2488 4307 2720 4361; x_wconf 89' lang='lat' dir='ltr'>consilio</span> <span class='ocrx_word' id='word_1_625' title='bbox 2749 4308 3217 4378; x_wconf 85' lang='lat' dir='ltr'>Rothomagensis</span> <span class='ocrx_word' id='word_1_626' title='bbox 3245 4305 3660 4380; x_wconf 84' lang='lat' dir='ltr'>archiepiscopi,</span> <span class='ocrx_word' id='word_1_627' title='bbox 3689 4317 3779 4355; x_wconf 63' lang='lat' dir='ltr'>ca-</span> 
     </span>
    </p>
   </div>
   <div class='ocr_carea' id='block_1_63' title="bbox 532 4393 2126 4472">
    <p class='ocr_par' dir='ltr' id='par_1_63' title="bbox 532 4393 2126 4472">
     <span class='ocr_line' id='line_1_64' title="bbox 532 4393 2126 4472; baseline -0.004 -18"><span class='ocrx_word' id='word_1_628' title='bbox 532 4399 854 4472; x_wconf 87' lang='lat' dir='ltr'>ptentrione</span> <span class='ocrx_word' id='word_1_629' title='bbox 868 4396 1046 4452; x_wconf 90' lang='lat' dir='ltr'>rivulo</span> <span class='ocrx_word' id='word_1_630' title='bbox 1070 4395 1297 4450; x_wconf 87' lang='lat' dir='ltr'>nomine</span> <span class='ocrx_word' id='word_1_631' title='bbox 1315 4393 1564 4460; x_wconf 86' lang='lat' dir='ltr'>Venleio,</span> <span class='ocrx_word' id='word_1_632' title='bbox 1593 4411 1627 4448; x_wconf 91' lang='lat' dir='ltr'>a</span> <span class='ocrx_word' id='word_1_633' title='bbox 1648 4394 1881 4448; x_wconf 90' lang='lat' dir='ltr'>meridie</span> <span class='ocrx_word' id='word_1_634' title='bbox 1901 4393 2126 4448; x_wconf 84' lang='lat' dir='ltr'>ﬂuviolo</span> 
     </span>
    </p>
   </div>
   <div class='ocr_carea' id='block_1_64' title="bbox 532 4482 2128 4552">
    <p class='ocr_par' dir='ltr' id='par_1_64' title="bbox 532 4482 2128 4552">
     <span class='ocr_line' id='line_1_65' title="bbox 532 4482 2128 4552; baseline -0.004 -9"><span class='ocrx_word' id='word_1_635' title='bbox 532 4488 761 4544; x_wconf 91' lang='lat' dir='ltr'>nomine</span> <span class='ocrx_word' id='word_1_636' title='bbox 787 4488 958 4552; x_wconf 92' lang='lat' dir='ltr'>Tarn,</span> <span class='ocrx_word' id='word_1_637' title='bbox 1000 4485 1069 4540; x_wconf 88' lang='lat' dir='ltr'>ab</span> <span class='ocrx_word' id='word_1_638' title='bbox 1104 4500 1301 4539; x_wconf 89' lang='lat' dir='ltr'>occasu</span> <span class='ocrx_word' id='word_1_639' title='bbox 1326 4499 1482 4538; x_wconf 87' lang='lat' dir='ltr'>mare</span> <span class='ocrx_word' id='word_1_640' title='bbox 1511 4482 1751 4551; x_wconf 89' lang='lat' dir='ltr'>Oceano,</span> <span class='ocrx_word' id='word_1_641' title='bbox 1785 4499 1909 4538; x_wconf 91' lang='lat' dir='ltr'>cum</span> <span class='ocrx_word' id='word_1_642' title='bbox 1942 4483 2128 4537; x_wconf 87' lang='lat' dir='ltr'>insula</span> 
     </span>
    </p>
   </div>
   <div class='ocr_carea' id='block_1_65' title="bbox 537 4572 2128 4651">
    <p class='ocr_par' dir='ltr' id='par_1_65' title="bbox 537 4572 2128 4651">
     <span class='ocr_line' id='line_1_66' title="bbox 537 4572 2128 4651; baseline -0.004 -18"><span class='ocrx_word' id='word_1_643' title='bbox 537 4595 658 4651; x_wconf 81' lang='lat' dir='ltr'>quae</span> <span class='ocrx_word' id='word_1_644' title='bbox 687 4577 895 4632; x_wconf 90' lang='lat' dir='ltr'>dicitur</span> <span class='ocrx_word' id='word_1_645' title='bbox 925 4573 1162 4630; x_wconf 84' lang='lat' dir='ltr'>Calsoio.</span> <span class='ocrx_word' id='word_1_646' title='bbox 1194 4575 1277 4628; x_wconf 95' lang='lat' dir='ltr'>Do</span> <span class='ocrx_word' id='word_1_647' title='bbox 1319 4573 1486 4628; x_wconf 89' lang='lat' dir='ltr'>etiam</span> <span class='ocrx_word' id='word_1_648' title='bbox 1524 4573 1713 4627; x_wconf 84' lang='lat' dir='ltr'>villam</span> <span class='ocrx_word' id='word_1_649' title='bbox 1755 4590 1877 4644; x_wconf 86' lang='lat' dir='ltr'>qua</span> <span class='ocrx_word' id='word_1_650' title='bbox 1922 4572 2128 4626; x_wconf 90' lang='lat' dir='ltr'>dicitur</span> 
     </span>
    </p>
   </div>
   <div class='ocr_carea' id='block_1_66' title="bbox 536 4661 2127 4734">
    <p class='ocr_par' dir='ltr' id='par_1_66' title="bbox 536 4661 2127 4734">
     <span class='ocr_line' id='line_1_67' title="bbox 536 4661 2127 4734; baseline -0.004 -12"><span class='ocrx_word' id='word_1_651' title='bbox 536 4667 867 4734; x_wconf 88' lang='lat' dir='ltr'>Chanteleu,</span> <span class='ocrx_word' id='word_1_652' title='bbox 900 4681 1025 4720; x_wconf 91' lang='lat' dir='ltr'>cum</span> <span class='ocrx_word' id='word_1_653' title='bbox 1074 4663 1306 4719; x_wconf 88' lang='lat' dir='ltr'>ecclesia</span> <span class='ocrx_word' id='word_1_654' title='bbox 1344 4667 1402 4717; x_wconf 92' lang='lat' dir='ltr'>et</span> <span class='ocrx_word' id='word_1_655' title='bbox 1431 4662 1766 4721; x_wconf 85' lang='lat' dir='ltr'>molendino,</span> <span class='ocrx_word' id='word_1_656' title='bbox 1802 4677 1931 4715; x_wconf 92' lang='lat' dir='ltr'>cum</span> <span class='ocrx_word' id='word_1_657' title='bbox 1974 4661 2127 4729; x_wconf 78' lang='lat' dir='ltr'>silvis</span> 
     </span>
    </p>
   </div>
   <div class='ocr_carea' id='block_1_67' title="bbox 535 4749 2124 4827">
    <p class='ocr_par' dir='ltr' id='par_1_67' title="bbox 535 4749 2124 4827">
     <span class='ocr_line' id='line_1_68' title="bbox 535 4749 2124 4827; baseline -0.004 -15"><span class='ocrx_word' id='word_1_658' title='bbox 535 4761 594 4812; x_wconf 93' lang='lat' dir='ltr'>et</span> <span class='ocrx_word' id='word_1_659' title='bbox 620 4756 880 4812; x_wconf 88' lang='lat' dir='ltr'>omnibus</span> <span class='ocrx_word' id='word_1_660' title='bbox 908 4752 1275 4827; x_wconf 90' lang='lat' dir='ltr'>appenditiis;</span> <span class='ocrx_word' id='word_1_661' title='bbox 1310 4757 1517 4807; x_wconf 89' lang='lat' dir='ltr'>terram</span> <span class='ocrx_word' id='word_1_662' title='bbox 1536 4767 1757 4823; x_wconf 92' lang='lat' dir='ltr'>quoque</span> <span class='ocrx_word' id='word_1_663' title='bbox 1778 4749 2124 4817; x_wconf 89' lang='lat' dir='ltr'>Grombaldi,</span> 
     </span>
    </p>
   </div>
   <div class='ocr_carea' id='block_1_68' title="bbox 535 4839 2128 4921">
    <p class='ocr_par' dir='ltr' id='par_1_68' title="bbox 535 4839 2128 4921">
     <span class='ocr_line' id='line_1_69' title="bbox 535 4839 2128 4921; baseline -0.004 -19"><span class='ocrx_word' id='word_1_664' title='bbox 535 4862 659 4919; x_wconf 85' lang='lat' dir='ltr'>qua</span> <span class='ocrx_word' id='word_1_665' title='bbox 688 4846 798 4901; x_wconf 88' lang='lat' dir='ltr'>sita</span> <span class='ocrx_word' id='word_1_666' title='bbox 826 4850 913 4899; x_wconf 90' lang='lat' dir='ltr'>est</span> <span class='ocrx_word' id='word_1_667' title='bbox 939 4843 999 4898; x_wconf 91' lang='lat' dir='ltr'>in</span> <span class='ocrx_word' id='word_1_668' title='bbox 1027 4841 1381 4914; x_wconf 86' lang='lat' dir='ltr'>Briquevilla,</span> <span class='ocrx_word' id='word_1_669' title='bbox 1406 4841 1535 4896; x_wconf 91' lang='lat' dir='ltr'>etin</span> <span class='ocrx_word' id='word_1_670' title='bbox 1558 4839 1957 4921; x_wconf 64' lang='lat' dir='ltr'>Elamemvilla,</span> <span class='ocrx_word' id='word_1_671' title='bbox 1982 4845 2041 4895; x_wconf 90' lang='lat' dir='ltr'>et</span> <span class='ocrx_word' id='word_1_672' title='bbox 2069 4839 2128 4895; x_wconf 92' lang='lat' dir='ltr'>in</span> 
     </span>
    </p>
   </div>
   <div class='ocr_carea' id='block_1_69' title="bbox 532 4928 2128 5007">
    <p class='ocr_par' dir='ltr' id='par_1_69' title="bbox 532 4928 2128 5007">
     <span class='ocr_line' id='line_1_70' title="bbox 532 4928 2128 5007; baseline -0.004 -16"><span class='ocrx_word' id='word_1_673' title='bbox 532 4935 848 5007; x_wconf 87' lang='lat' dir='ltr'>Lengrona,</span> <span class='ocrx_word' id='word_1_674' title='bbox 900 4938 957 4989; x_wconf 89' lang='lat' dir='ltr'>et</span> <span class='ocrx_word' id='word_1_675' title='bbox 1017 4932 1381 4987; x_wconf 90' lang='lat' dir='ltr'>medietatem</span> <span class='ocrx_word' id='word_1_676' title='bbox 1445 4928 1859 4999; x_wconf 87' lang='lat' dir='ltr'>Erengervilla;</span> <span class='ocrx_word' id='word_1_677' title='bbox 1916 4934 2128 4985; x_wconf 88' lang='lat' dir='ltr'>terram</span> 
     </span>
    </p>
   </div>
   <div class='ocr_carea' id='block_1_70' title="bbox 535 5017 2128 5095">
    <p class='ocr_par' dir='ltr' id='par_1_70' title="bbox 535 5017 2128 5095">
     <span class='ocr_line' id='line_1_71' title="bbox 535 5017 2128 5095; baseline -0.004 -14"><span class='ocrx_word' id='word_1_678' title='bbox 535 5024 707 5081; x_wconf 90' lang='lat' dir='ltr'>etiam</span> <span class='ocrx_word' id='word_1_679' title='bbox 733 5022 1004 5090; x_wconf 90' lang='lat' dir='ltr'>Durandi,</span> <span class='ocrx_word' id='word_1_680' title='bbox 1037 5040 1160 5095; x_wconf 84' lang='lat' dir='ltr'>qua</span> <span class='ocrx_word' id='word_1_681' title='bbox 1189 5026 1277 5075; x_wconf 90' lang='lat' dir='ltr'>est</span> <span class='ocrx_word' id='word_1_682' title='bbox 1311 5020 1462 5074; x_wconf 89' lang='lat' dir='ltr'>intra</span> <span class='ocrx_word' id='word_1_683' title='bbox 1502 5017 1772 5074; x_wconf 89' lang='lat' dir='ltr'>terminos</span> <span class='ocrx_word' id='word_1_684' title='bbox 1808 5018 1968 5087; x_wconf 81' lang='lat' dir='ltr'>villae,</span> <span class='ocrx_word' id='word_1_685' title='bbox 2003 5037 2128 5091; x_wconf 80' lang='lat' dir='ltr'>qua</span> 
     </span>
    </p>
   </div>
   <div class='ocr_carea' id='block_1_71' title="bbox 531 5107 2129 5185">
    <p class='ocr_par' dir='ltr' id='par_1_71' title="bbox 531 5107 2129 5185">
     <span class='ocr_line' id='line_1_72' title="bbox 531 5107 2129 5185; baseline -0.003 -15"><span class='ocrx_word' id='word_1_686' title='bbox 531 5119 891 5185; x_wconf 89' lang='lat' dir='ltr'>nuncupatur</span> <span class='ocrx_word' id='word_1_687' title='bbox 915 5112 1103 5166; x_wconf 79' lang='lat' dir='ltr'>Verlei</span> <span class='ocrx_word' id='word_1_688' title='bbox 1135 5129 1146 5165; x_wconf 93' lang='lat'>:</span> <span class='ocrx_word' id='word_1_689' title='bbox 1181 5115 1239 5165; x_wconf 91' lang='lat' dir='ltr'>et</span> <span class='ocrx_word' id='word_1_690' title='bbox 1264 5114 1473 5163; x_wconf 88' lang='lat' dir='ltr'>terram</span> <span class='ocrx_word' id='word_1_691' title='bbox 1512 5107 1667 5162; x_wconf 90' lang='lat' dir='ltr'>Petri</span> <span class='ocrx_word' id='word_1_692' title='bbox 1698 5109 1976 5176; x_wconf 88' lang='lat' dir='ltr'>monachi,</span> <span class='ocrx_word' id='word_1_693' title='bbox 2008 5125 2129 5181; x_wconf 84' lang='lat' dir='ltr'>qua</span> 
     </span>
    </p>
   </div>
   <div class='ocr_carea' id='block_1_72' title="bbox 534 5196 2129 5270">
    <p class='ocr_par' dir='ltr' id='par_1_72' title="bbox 534 5196 2129 5270">
     <span class='ocr_line' id='line_1_73' title="bbox 534 5196 2129 5270; baseline -0.003 -13"><span class='ocrx_word' id='word_1_694' title='bbox 534 5208 621 5257; x_wconf 87' lang='lat' dir='ltr'>est</span> <span class='ocrx_word' id='word_1_695' title='bbox 644 5202 702 5256; x_wconf 91' lang='lat' dir='ltr'>in</span> <span class='ocrx_word' id='word_1_696' title='bbox 732 5202 934 5257; x_wconf 87' lang='lat' dir='ltr'>Batula</span> <span class='ocrx_word' id='word_1_697' title='bbox 969 5200 1195 5270; x_wconf 85' lang='lat' dir='ltr'>Gerfoy.</span> <span class='ocrx_word' id='word_1_698' title='bbox 1224 5196 1554 5253; x_wconf 88' lang='lat' dir='ltr'>Columbam</span> <span class='ocrx_word' id='word_1_699' title='bbox 1600 5196 1808 5252; x_wconf 90' lang='lat' dir='ltr'>iterum</span> <span class='ocrx_word' id='word_1_700' title='bbox 1855 5198 2022 5253; x_wconf 86' lang='lat' dir='ltr'>sitam</span> <span class='ocrx_word' id='word_1_701' title='bbox 2068 5198 2129 5254; x_wconf 91' lang='lat' dir='ltr'>in</span> 
     </span>
    </p>
   </div>
   <div class='ocr_carea' id='block_1_73' title="bbox 532 5287 2128 5363">
    <p class='ocr_par' dir='ltr' id='par_1_73' title="bbox 532 5287 2128 5363">
     <span class='ocr_line' id='line_1_74' title="bbox 532 5287 2128 5363; baseline -0.003 -16"><span class='ocrx_word' id='word_1_702' title='bbox 532 5292 728 5347; x_wconf 90' lang='lat' dir='ltr'>eodem</span> <span class='ocrx_word' id='word_1_703' title='bbox 749 5308 921 5363; x_wconf 90' lang='lat' dir='ltr'>supra</span> <span class='ocrx_word' id='word_1_704' title='bbox 944 5288 1233 5345; x_wconf 88' lang='lat' dir='ltr'>nominato</span> <span class='ocrx_word' id='word_1_705' title='bbox 1252 5303 1416 5359; x_wconf 86' lang='lat' dir='ltr'>pago,</span> <span class='ocrx_word' id='word_1_706' title='bbox 1433 5303 1558 5341; x_wconf 91' lang='lat' dir='ltr'>cum</span> <span class='ocrx_word' id='word_1_707' title='bbox 1591 5287 1823 5342; x_wconf 88' lang='lat' dir='ltr'>ecclesia</span> <span class='ocrx_word' id='word_1_708' title='bbox 1837 5292 1893 5343; x_wconf 91' lang='lat' dir='ltr'>et</span> <span class='ocrx_word' id='word_1_709' title='bbox 1913 5289 2128 5344; x_wconf 90' lang='lat' dir='ltr'>molen-</span> 
     </span>
    </p>
   </div>
   <div class='ocr_carea' id='block_1_74' title="bbox 534 5376 2131 5447">
    <p class='ocr_par' dir='ltr' id='par_1_74' title="bbox 534 5376 2131 5447">
     <span class='ocr_line' id='line_1_75' title="bbox 534 5376 2131 5447; baseline -0.001 -12"><span class='ocrx_word' id='word_1_710' title='bbox 534 5380 685 5445; x_wconf 90' lang='lat' dir='ltr'>dino,</span> <span class='ocrx_word' id='word_1_711' title='bbox 710 5386 767 5434; x_wconf 93' lang='lat' dir='ltr'>et</span> <span class='ocrx_word' id='word_1_712' title='bbox 786 5397 912 5436; x_wconf 89' lang='lat' dir='ltr'>cum</span> <span class='ocrx_word' id='word_1_713' title='bbox 924 5378 1092 5447; x_wconf 86' lang='lat' dir='ltr'>silvis,</span> <span class='ocrx_word' id='word_1_714' title='bbox 1114 5384 1326 5433; x_wconf 89' lang='lat' dir='ltr'>terram</span> <span class='ocrx_word' id='word_1_715' title='bbox 1346 5376 1517 5431; x_wconf 90' lang='lat' dir='ltr'>etiam</span> <span class='ocrx_word' id='word_1_716' title='bbox 1539 5377 1810 5432; x_wconf 88' lang='lat' dir='ltr'>Bernardi</span> <span class='ocrx_word' id='word_1_717' title='bbox 1840 5378 2022 5433; x_wconf 89' lang='lat' dir='ltr'>Patris</span> <span class='ocrx_word' id='word_1_718' title='bbox 2036 5379 2131 5433; x_wconf 86' lang='lat' dir='ltr'>do-</span> 
     </span>
    </p>
   </div>
   <div class='ocr_carea' id='block_1_75' title="bbox 532 5466 2131 5539">
    <p class='ocr_par' dir='ltr' id='par_1_75' title="bbox 532 5466 2131 5539">
     <span class='ocr_line' id='line_1_76' title="bbox 532 5466 2131 5539; baseline 0.002 -17"><span class='ocrx_word' id='word_1_719' title='bbox 532 5468 674 5523; x_wconf 90' lang='lat' dir='ltr'>mini</span> <span class='ocrx_word' id='word_1_720' title='bbox 700 5468 1024 5524; x_wconf 90' lang='lat' dir='ltr'>Hildeberdi</span> <span class='ocrx_word' id='word_1_721' title='bbox 1052 5467 1288 5532; x_wconf 84' lang='lat' dir='ltr'>abbatis,</span> <span class='ocrx_word' id='word_1_722' title='bbox 1322 5484 1445 5539; x_wconf 85' lang='lat' dir='ltr'>qua</span> <span class='ocrx_word' id='word_1_723' title='bbox 1473 5471 1559 5522; x_wconf 88' lang='lat' dir='ltr'>est</span> <span class='ocrx_word' id='word_1_724' title='bbox 1582 5466 1642 5520; x_wconf 88' lang='lat' dir='ltr'>in</span> <span class='ocrx_word' id='word_1_725' title='bbox 1677 5466 1963 5523; x_wconf 88' lang='lat' dir='ltr'>territorio</span> <span class='ocrx_word' id='word_1_726' title='bbox 1991 5468 2131 5525; x_wconf 83' lang='lat' dir='ltr'>villae</span> 
     </span>
    </p>
   </div>
   <div class='ocr_carea' id='block_1_76' title="bbox 535 5556 2123 5636">
    <p class='ocr_par' dir='ltr' id='par_1_76' title="bbox 535 5556 2123 5636">
     <span class='ocr_line' id='line_1_77' title="bbox 535 5556 2123 5636; baseline 0.004 -24"><span class='ocrx_word' id='word_1_727' title='bbox 535 5572 660 5636; x_wconf 72' lang='lat' dir='ltr'>qua</span> <span class='ocrx_word' id='word_1_728' title='bbox 686 5558 1012 5616; x_wconf 87' lang='lat' dir='ltr'>nominatur</span> <span class='ocrx_word' id='word_1_729' title='bbox 1046 5558 1287 5628; x_wconf 87' lang='lat' dir='ltr'>Rotoloi,</span> <span class='ocrx_word' id='word_1_730' title='bbox 1328 5573 1457 5614; x_wconf 87' lang='lat' dir='ltr'>cum</span> <span class='ocrx_word' id='word_1_731' title='bbox 1494 5556 1814 5613; x_wconf 89' lang='lat' dir='ltr'>molendino</span> <span class='ocrx_word' id='word_1_732' title='bbox 1841 5562 1899 5613; x_wconf 90' lang='lat' dir='ltr'>et</span> <span class='ocrx_word' id='word_1_733' title='bbox 1918 5558 2123 5631; x_wconf 86' lang='lat' dir='ltr'>pratis.</span> 
     </span>
    </p>
   </div>
   <div class='ocr_carea' id='block_1_77' title="bbox 2209 4392 3777 4469">
    <p class='ocr_par' dir='ltr' id='par_1_77' title="bbox 2209 4392 3777 4469">
     <span class='ocr_line' id='line_1_78' title="bbox 2209 4392 3777 4469; baseline -0.003 -21"><span class='ocrx_word' id='word_1_734' title='bbox 2209 4399 2570 4466; x_wconf 84' lang='lat' dir='ltr'>terorumque</span> <span class='ocrx_word' id='word_1_735' title='bbox 2598 4396 2930 4467; x_wconf 87' lang='lat' dir='ltr'>optimatum</span> <span class='ocrx_word' id='word_1_736' title='bbox 2953 4397 3267 4469; x_wconf 86' lang='lat' dir='ltr'>provincia.</span> <span class='ocrx_word' id='word_1_737' title='bbox 3301 4399 3476 4452; x_wconf 88' lang='lat' dir='ltr'>Porro</span> <span class='ocrx_word' id='word_1_738' title='bbox 3491 4398 3558 4451; x_wconf 91' lang='lat' dir='ltr'>de</span> <span class='ocrx_word' id='word_1_739' title='bbox 3574 4392 3777 4450; x_wconf 86' lang='lat' dir='ltr'>ordina-</span> 
     </span>
    </p>
   </div>
   <div class='ocr_carea' id='block_1_78' title="bbox 2208 4484 3775 4554">
    <p class='ocr_par' dir='ltr' id='par_1_78' title="bbox 2208 4484 3775 4554">
     <span class='ocr_line' id='line_1_79' title="bbox 2208 4484 3775 4554; baseline -0.002 -16"><span class='ocrx_word' id='word_1_740' title='bbox 2208 4485 2362 4540; x_wconf 89' lang='lat' dir='ltr'>tione</span> <span class='ocrx_word' id='word_1_741' title='bbox 2407 4484 2671 4540; x_wconf 87' lang='lat' dir='ltr'>abbatum</span> <span class='ocrx_word' id='word_1_742' title='bbox 2718 4488 2801 4540; x_wconf 91' lang='lat' dir='ltr'>vel</span> <span class='ocrx_word' id='word_1_743' title='bbox 2854 4487 3273 4554; x_wconf 89' lang='lat' dir='ltr'>monachorum,</span> <span class='ocrx_word' id='word_1_744' title='bbox 3316 4489 3431 4544; x_wconf 90' lang='lat' dir='ltr'>sive</span> <span class='ocrx_word' id='word_1_745' title='bbox 3476 4485 3775 4543; x_wconf 91' lang='lat' dir='ltr'>clericorum</span> 
     </span>
    </p>
   </div>
   <div class='ocr_carea' id='block_1_79' title="bbox 2207 4570 3774 4647">
    <p class='ocr_par' dir='ltr' id='par_1_79' title="bbox 2207 4570 3774 4647">
     <span class='ocr_line' id='line_1_80' title="bbox 2207 4570 3774 4647; baseline -0.003 -18"><span class='ocrx_word' id='word_1_746' title='bbox 2207 4574 2335 4641; x_wconf 92' lang='lat' dir='ltr'>loci,</span> <span class='ocrx_word' id='word_1_747' title='bbox 2380 4575 2486 4629; x_wconf 91' lang='lat' dir='ltr'>hoc</span> <span class='ocrx_word' id='word_1_748' title='bbox 2522 4575 2895 4643; x_wconf 89' lang='lat' dir='ltr'>decernimus,</span> <span class='ocrx_word' id='word_1_749' title='bbox 2930 4581 2993 4631; x_wconf 91' lang='lat' dir='ltr'>ut</span> <span class='ocrx_word' id='word_1_750' title='bbox 3028 4577 3189 4646; x_wconf 84' lang='lat' dir='ltr'>juxta</span> <span class='ocrx_word' id='word_1_751' title='bbox 3217 4577 3365 4647; x_wconf 92' lang='lat' dir='ltr'>quod</span> <span class='ocrx_word' id='word_1_752' title='bbox 3405 4594 3440 4631; x_wconf 90' lang='lat' dir='ltr'>a</span> <span class='ocrx_word' id='word_1_753' title='bbox 3482 4570 3774 4646; x_wconf 80' lang='lat' dir='ltr'>supradicto</span> 
     </span>
    </p>
   </div>
   <div class='ocr_carea' id='block_1_80' title="bbox 2208 4658 3775 4736">
    <p class='ocr_par' dir='ltr' id='par_1_80' title="bbox 2208 4658 3775 4736">
     <span class='ocr_line' id='line_1_81' title="bbox 2208 4658 3775 4736; baseline -0.004 -18"><span class='ocrx_word' id='word_1_754' title='bbox 2208 4681 2334 4719; x_wconf 90' lang='lat' dir='ltr'>meo</span> <span class='ocrx_word' id='word_1_755' title='bbox 2359 4664 2615 4736; x_wconf 89' lang='lat' dir='ltr'>genitore</span> <span class='ocrx_word' id='word_1_756' title='bbox 2657 4665 2936 4719; x_wconf 90' lang='lat' dir='ltr'>sancitum</span> <span class='ocrx_word' id='word_1_757' title='bbox 2987 4670 3088 4730; x_wconf 88' lang='lat' dir='ltr'>est,</span> <span class='ocrx_word' id='word_1_758' title='bbox 3133 4666 3382 4735; x_wconf 86' lang='lat' dir='ltr'>generali</span> <span class='ocrx_word' id='word_1_759' title='bbox 3421 4678 3647 4721; x_wconf 88' lang='lat' dir='ltr'>assensu</span> <span class='ocrx_word' id='word_1_760' title='bbox 3685 4658 3775 4712; x_wconf 87' lang='lat' dir='ltr'>R0-</span> 
     </span>
    </p>
   </div>
   <div class='ocr_carea' id='block_1_81' title="bbox 2210 4742 3774 4825">
    <p class='ocr_par' dir='ltr' id='par_1_81' title="bbox 2210 4742 3774 4825">
     <span class='ocr_line' id='line_1_82' title="bbox 2210 4742 3774 4825; baseline -0.004 -18"><span class='ocrx_word' id='word_1_761' title='bbox 2210 4754 2365 4808; x_wconf 91' lang='lat' dir='ltr'>mani</span> <span class='ocrx_word' id='word_1_762' title='bbox 2394 4753 2632 4819; x_wconf 90' lang='lat' dir='ltr'>concilii,</span> <span class='ocrx_word' id='word_1_763' title='bbox 2672 4752 2930 4808; x_wconf 86' lang='lat' dir='ltr'>monachi</span> <span class='ocrx_word' id='word_1_764' title='bbox 2967 4770 3111 4825; x_wconf 87' lang='lat' dir='ltr'>sape</span> <span class='ocrx_word' id='word_1_765' title='bbox 3155 4754 3255 4808; x_wconf 89' lang='lat' dir='ltr'>fati</span> <span class='ocrx_word' id='word_1_766' title='bbox 3294 4751 3616 4810; x_wconf 90' lang='lat' dir='ltr'>monasterii</span> <span class='ocrx_word' id='word_1_767' title='bbox 3650 4742 3774 4802; x_wconf 88' lang='lat' dir='ltr'>ordi-</span> 
     </span>
    </p>
   </div>
   <div class='ocr_carea' id='block_1_82' title="bbox 2209 4832 3773 4918">
    <p class='ocr_par' dir='ltr' id='par_1_82' title="bbox 2209 4832 3773 4918">
     <span class='ocr_line' id='line_1_83' title="bbox 2209 4832 3773 4918; baseline -0.004 -21"><span class='ocrx_word' id='word_1_768' title='bbox 2209 4844 2396 4899; x_wconf 88' lang='lat' dir='ltr'>nando</span> <span class='ocrx_word' id='word_1_769' title='bbox 2425 4842 2531 4898; x_wconf 91' lang='lat' dir='ltr'>sibi</span> <span class='ocrx_word' id='word_1_770' title='bbox 2552 4844 2783 4915; x_wconf 83' lang='lat' dir='ltr'>eligant,</span> <span class='ocrx_word' id='word_1_771' title='bbox 2815 4849 2880 4899; x_wconf 90' lang='lat' dir='ltr'>ut</span> <span class='ocrx_word' id='word_1_772' title='bbox 2916 4844 3022 4899; x_wconf 91' lang='lat' dir='ltr'>sibi</span> <span class='ocrx_word' id='word_1_773' title='bbox 3051 4845 3324 4915; x_wconf 89' lang='lat' dir='ltr'>placuerit</span> <span class='ocrx_word' id='word_1_774' title='bbox 3351 4862 3385 4900; x_wconf 87' lang='lat' dir='ltr'>a</span> <span class='ocrx_word' id='word_1_775' title='bbox 3412 4842 3653 4918; x_wconf 88' lang='lat' dir='ltr'>quolibet</span> <span class='ocrx_word' id='word_1_776' title='bbox 3676 4832 3773 4906; x_wconf 78' lang='lat' dir='ltr'>epi-</span> 
     </span>
    </p>
   </div>
   <div class='ocr_carea' id='block_1_83' title="bbox 2208 4930 3771 5004">
    <p class='ocr_par' dir='ltr' id='par_1_83' title="bbox 2208 4930 3771 5004">
     <span class='ocr_line' id='line_1_84' title="bbox 2208 4930 3771 5004; baseline -0.003 -18"><span class='ocrx_word' id='word_1_777' title='bbox 2208 4949 2375 5004; x_wconf 89' lang='lat' dir='ltr'>scopo</span> <span class='ocrx_word' id='word_1_778' title='bbox 2404 4950 2519 4988; x_wconf 84' lang='lat' dir='ltr'>sua</span> <span class='ocrx_word' id='word_1_779' title='bbox 2549 4933 2869 4998; x_wconf 87' lang='lat' dir='ltr'>vicinitatis,</span> <span class='ocrx_word' id='word_1_780' title='bbox 2905 4938 3004 4988; x_wconf 89' lang='lat' dir='ltr'>aut</span> <span class='ocrx_word' id='word_1_781' title='bbox 3029 4933 3086 4987; x_wconf 93' lang='lat' dir='ltr'>in</span> <span class='ocrx_word' id='word_1_782' title='bbox 3124 4934 3275 4989; x_wconf 91' lang='lat' dir='ltr'>illius</span> <span class='ocrx_word' id='word_1_783' title='bbox 3302 4935 3452 5001; x_wconf 90' lang='lat' dir='ltr'>sede,</span> <span class='ocrx_word' id='word_1_784' title='bbox 3486 4937 3581 4988; x_wconf 88' lang='lat' dir='ltr'>aut</span> <span class='ocrx_word' id='word_1_785' title='bbox 3607 4930 3661 4983; x_wconf 91' lang='lat' dir='ltr'>in</span> <span class='ocrx_word' id='word_1_786' title='bbox 3686 4936 3771 4977; x_wconf 84' lang='lat' dir='ltr'>suo</span> 
     </span>
    </p>
   </div>
   <div class='ocr_carea' id='block_1_84' title="bbox 2210 5010 3774 5080">
    <p class='ocr_par' dir='ltr' id='par_1_84' title="bbox 2210 5010 3774 5080">
     <span class='ocr_line' id='line_1_85' title="bbox 2210 5010 3774 5080; baseline -0.007 -4"><span class='ocrx_word' id='word_1_787' title='bbox 2210 5022 2552 5076; x_wconf 89' lang='lat' dir='ltr'>monasterio</span> <span class='ocrx_word' id='word_1_788' title='bbox 2608 5022 2859 5077; x_wconf 89' lang='lat' dir='ltr'>ordinari</span> <span class='ocrx_word' id='word_1_789' title='bbox 2907 5022 3133 5077; x_wconf 88' lang='lat' dir='ltr'>faciant.</span> <span class='ocrx_word' id='word_1_790' title='bbox 3183 5024 3314 5079; x_wconf 85' lang='lat' dir='ltr'>Haec</span> <span class='ocrx_word' id='word_1_791' title='bbox 3363 5030 3552 5080; x_wconf 87' lang='lat' dir='ltr'>autem</span> <span class='ocrx_word' id='word_1_792' title='bbox 3606 5010 3774 5071; x_wconf 82' lang='lat' dir='ltr'>omnia</span> 
     </span>
    </p>
   </div>
   <div class='ocr_carea' id='block_1_85' title="bbox 2211 5095 3770 5184">
    <p class='ocr_par' dir='ltr' id='par_1_85' title="bbox 2211 5095 3770 5184">
     <span class='ocr_line' id='line_1_86' title="bbox 2211 5095 3770 5184; baseline -0.012 -17"><span class='ocrx_word' id='word_1_793' title='bbox 2211 5116 2523 5183; x_wconf 79' lang='lat' dir='ltr'>pra-notata</span> <span class='ocrx_word' id='word_1_794' title='bbox 2551 5112 2686 5178; x_wconf 91' lang='lat' dir='ltr'>Deo,</span> <span class='ocrx_word' id='word_1_795' title='bbox 2730 5117 3034 5183; x_wconf 89' lang='lat' dir='ltr'>sanctoque</span> <span class='ocrx_word' id='word_1_796' title='bbox 3070 5113 3405 5184; x_wconf 88' lang='lat' dir='ltr'>archangelo</span> <span class='ocrx_word' id='word_1_797' title='bbox 3438 5102 3694 5167; x_wconf 75' lang='lat' dir='ltr'>Michaeli,</span> <span class='ocrx_word' id='word_1_798' title='bbox 3721 5095 3770 5151; x_wconf 87' lang='lat' dir='ltr'>in</span> 
     </span>
    </p>
   </div>
   <div class='ocr_carea' id='block_1_86' title="bbox 2211 5199 3768 5273">
    <p class='ocr_par' dir='ltr' id='par_1_86' title="bbox 2211 5199 3768 5273">
     <span class='ocr_line' id='line_1_87' title="bbox 2211 5199 3768 5273; baseline -0.004 -17"><span class='ocrx_word' id='word_1_799' title='bbox 2211 5201 2332 5271; x_wconf 90' lang='lat' dir='ltr'>ejus</span> <span class='ocrx_word' id='word_1_800' title='bbox 2352 5201 2599 5272; x_wconf 84' lang='lat' dir='ltr'>pradicti</span> <span class='ocrx_word' id='word_1_801' title='bbox 2620 5201 2828 5256; x_wconf 89' lang='lat' dir='ltr'>montis</span> <span class='ocrx_word' id='word_1_802' title='bbox 2848 5202 3187 5256; x_wconf 87' lang='lat' dir='ltr'>monasterio</span> <span class='ocrx_word' id='word_1_803' title='bbox 3203 5201 3412 5273; x_wconf 89' lang='lat' dir='ltr'>placuit</span> <span class='ocrx_word' id='word_1_804' title='bbox 3424 5199 3652 5258; x_wconf 87' lang='lat' dir='ltr'>tradere,</span> <span class='ocrx_word' id='word_1_805' title='bbox 3682 5202 3768 5260; x_wconf 72' lang='lat' dir='ltr'>pro</span> 
     </span>
    </p>
   </div>
   <div class='ocr_carea' id='block_1_87' title="bbox 2211 5278 3768 5362">
    <p class='ocr_par' dir='ltr' id='par_1_87' title="bbox 2211 5278 3768 5362">
     <span class='ocr_line' id='line_1_88' title="bbox 2211 5278 3768 5362; baseline -0.003 -17"><span class='ocrx_word' id='word_1_806' title='bbox 2211 5307 2352 5346; x_wconf 80' lang='lat' dir='ltr'>mea</span> <span class='ocrx_word' id='word_1_807' title='bbox 2392 5291 2779 5361; x_wconf 87' lang='lat' dir='ltr'>redemptione</span> <span class='ocrx_word' id='word_1_808' title='bbox 2805 5290 3024 5357; x_wconf 84' lang='lat' dir='ltr'>anima,</span> <span class='ocrx_word' id='word_1_809' title='bbox 3060 5308 3159 5361; x_wconf 91' lang='lat' dir='ltr'>pro</span> <span class='ocrx_word' id='word_1_810' title='bbox 3191 5292 3300 5345; x_wconf 90' lang='lat' dir='ltr'>mei</span> <span class='ocrx_word' id='word_1_811' title='bbox 3344 5305 3561 5362; x_wconf 90' lang='lat' dir='ltr'>quoque</span> <span class='ocrx_word' id='word_1_812' title='bbox 3597 5278 3768 5356; x_wconf 60' lang='lat' dir='ltr'>patris,</span> 
     </span>
    </p>
   </div>
   <div class='ocr_carea' id='block_1_88' title="bbox 2212 5361 3767 5451">
    <p class='ocr_par' dir='ltr' id='par_1_88' title="bbox 2212 5361 3767 5451">
     <span class='ocr_line' id='line_1_89' title="bbox 2212 5361 3767 5451; baseline -0.008 -18"><span class='ocrx_word' id='word_1_813' title='bbox 2212 5380 2298 5434; x_wconf 90' lang='lat' dir='ltr'>vel</span> <span class='ocrx_word' id='word_1_814' title='bbox 2335 5380 2551 5447; x_wconf 87' lang='lat' dir='ltr'>matris,</span> <span class='ocrx_word' id='word_1_815' title='bbox 2567 5385 2624 5434; x_wconf 90' lang='lat' dir='ltr'>et</span> <span class='ocrx_word' id='word_1_816' title='bbox 2642 5380 2849 5447; x_wconf 87' lang='lat' dir='ltr'>uxoris,</span> <span class='ocrx_word' id='word_1_817' title='bbox 2876 5380 3231 5451; x_wconf 86' lang='lat' dir='ltr'>ﬁliorumque</span> <span class='ocrx_word' id='word_1_818' title='bbox 3253 5396 3504 5434; x_wconf 90' lang='lat' dir='ltr'>meorum</span> <span class='ocrx_word' id='word_1_819' title='bbox 3534 5361 3767 5431; x_wconf 83' lang='lat' dir='ltr'>Richardi</span> 
     </span>
    </p>
   </div>
   <div class='ocr_carea' id='block_1_89' title="bbox 2214 5466 3769 5541">
    <p class='ocr_par' dir='ltr' id='par_1_89' title="bbox 2214 5466 3769 5541">
     <span class='ocr_line' id='line_1_90' title="bbox 2214 5466 3769 5541; baseline -0.003 -19"><span class='ocrx_word' id='word_1_820' title='bbox 2214 5474 2273 5523; x_wconf 88' lang='lat' dir='ltr'>et</span> <span class='ocrx_word' id='word_1_821' title='bbox 2291 5469 2530 5524; x_wconf 89' lang='lat' dir='ltr'>aliorum</span> <span class='ocrx_word' id='word_1_822' title='bbox 2558 5470 2771 5540; x_wconf 88' lang='lat' dir='ltr'>salute;</span> <span class='ocrx_word' id='word_1_823' title='bbox 2805 5486 3043 5541; x_wconf 89' lang='lat' dir='ltr'>quorum</span> <span class='ocrx_word' id='word_1_824' title='bbox 3088 5470 3374 5524; x_wconf 90' lang='lat' dir='ltr'>voluntate</span> <span class='ocrx_word' id='word_1_825' title='bbox 3415 5466 3769 5526; x_wconf 71' lang='lat' dir='ltr'>consensuque</span> 
     </span>
    </p>
   </div>
   <div class='ocr_carea' id='block_1_90' title="bbox 2212 5544 3764 5633">
    <p class='ocr_par' dir='ltr' id='par_1_90' title="bbox 2212 5544 3764 5633">
     <span class='ocr_line' id='line_1_91' title="bbox 2212 5544 3764 5633; baseline -0.004 -19"><span class='ocrx_word' id='word_1_826' title='bbox 2212 5558 2272 5616; x_wconf 90' lang='lat' dir='ltr'>id</span> <span class='ocrx_word' id='word_1_827' title='bbox 2307 5575 2414 5631; x_wconf 83' lang='lat' dir='ltr'>ago</span> <span class='ocrx_word' id='word_1_828' title='bbox 2449 5558 2554 5615; x_wconf 89' lang='lat' dir='ltr'>sub</span> <span class='ocrx_word' id='word_1_829' title='bbox 2598 5559 2921 5615; x_wconf 88' lang='lat' dir='ltr'>testimonio</span> <span class='ocrx_word' id='word_1_830' title='bbox 2951 5558 3178 5629; x_wconf 87' lang='lat' dir='ltr'>Christi,</span> <span class='ocrx_word' id='word_1_831' title='bbox 3208 5560 3491 5633; x_wconf 88' lang='lat' dir='ltr'>totiusque</span> <span class='ocrx_word' id='word_1_832' title='bbox 3518 5544 3764 5609; x_wconf 61' lang='lat' dir='ltr'>Ecclesia,</span> 
     </span>
    </p>
   </div>
  </div>
