3892 6352
110 315 201 372 581

1153 316 1227 368 IN
1271 312 1492 368 EPIST.
1536 311 1598 366 B.
1640 311 2057 371 LANFRANCI
2097 317 2328 374 NOTAE.

3271 336 3378 392 582

109 459 168 496 eo
187 448 400 507 tenore,
427 457 492 495 ea
515 441 655 511 lege,
676 445 742 496 ut
754 439 962 510 absque
985 437 1422 496 calumniatjonc
1447 435 1701 489 omnium
1718 438 1768 495 A
1865 435 1947 493 12.
1978 439 2288 496 Richardus
2319 443 2388 497 de
2407 447 2554 500 Mere
2581 447 2640 502 in
2669 449 2850 504 locum
2881 453 3105 523 Rogerii
3144 457 3195 511 II
3224 459 3377 515 sufﬁ-

107 530 540 594 succedentium,
584 529 698 584 sive
735 533 1055 599 parentum,
1093 543 1190 581 seu
1237 540 1699 596 quorumcunque
1781 524 1927 580 citur
1961 526 2109 594 11'23,
2146 543 2388 598 mortem
2417 537 2652 606 oppetiit
2676 555 2748 592 an
2811 539 2964 597 1131.

106 619 338 672 aliorum
377 619 642 688 praefatus
671 619 843 682 locus,
878 623 934 672 et
961 616 1280 670 habitantes
1302 615 1358 668 in
1385 630 1450 667 eo
1471 612 1694 678 habeat,

106 711 305 774 teneat,
325 707 627 776 possideat.
651 707 806 770 Quod
837 707 886 760 si
915 706 1118 777 aliquis
1145 705 1434 759 diabolica:
1458 702 1697 774 pravita-

104 794 171 848 tis
201 795 312 847 telo
346 795 633 864 jaculatus
665 795 1038 866 qualicunque
1067 794 1234 848 modo
1273 793 1360 846 his
1385 791 1694 845 calumnia-

103 882 264 937 tionis
289 883 403 936 vim
428 883 637 938 inferre
664 883 1104 955 praesumpserit,
1135 882 1274 952 ipse,
1307 880 1692 935 consentiens-

105 988 204 1043 que
233 969 353 1026 'sibi
396 973 573 1026 totius
619 973 1002 1038 execrationis,
1065 978 1234 1042 atque
1287 968 1694 1024 maledictionis

103 1076 215 1115 cum
246 1061 395 1116 Juda
424 1063 718 1126 traditore,
753 1068 811 1116 et
832 1063 1054 1116 Dathan
1093 1068 1151 1116 et
1175 1061 1384 1115 Abiron
1428 1057 1691 1130 perenni-

101 1148 194 1203 bus
219 1151 550 1220 perenniter
585 1151 877 1206 irretiatur
907 1150 1157 1205 vinculis.
1194 1151 1270 1205 Ut
1304 1154 1494 1202 autem
1527 1147 1692 1216 hujus

100 1236 406 1292 donationis
439 1239 746 1293 auctoritas
771 1239 955 1293 verius
984 1239 1267 1304 credatur,
1285 1254 1348 1292 ac
1363 1235 1691 1306 diligentius

99 1341 191 1395 per
237 1327 433 1380 omnia
490 1332 759 1393 servetur,
803 1327 1134 1398 ﬁrmiusque
1184 1326 1390 1380 futuris
1427 1328 1693 1379 teneatur

99 1413 457 1484 temporibus,
483 1432 655 1470 manu
684 1416 911 1486 propria
942 1415 1361 1470 subterﬁrmare
1391 1411 1598 1478 curavi,
1631 1410 1692 1464 ﬁ-

99 1502 412 1573 deliumque
463 1504 694 1559 nomina
737 1521 1009 1571 meorum,
1046 1520 1285 1575 quorum
1316 1516 1592 1557 consensu
1635 1498 1692 1553 id

96 1592 193 1662 egi,
216 1593 499 1647 subscribi
524 1594 812 1666 imperavi.

163 1700 184 1732 ι
219 1681 458 1750 Signum
480 1683 742 1737 Richardi
773 1683 1004 1738 secundi
1023 1682 1242 1736 comitis
1260 1680 1362 1734 ﬁlii
1385 1679 1578 1750 magni
1592 1680 1685 1735 Ri-

95 1767 292 1835 chardi,
338 1770 438 1841 qui
479 1776 538 1824 et
568 1772 740 1825 Vetus
766 1772 998 1839 dicitur;
1042 1773 1266 1841 signum
1293 1771 1560 1826 Richardi
1585 1774 1686 1831 ﬁlii

97 1856 235 1924 ejus;
255 1857 484 1927 signum
513 1858 741 1913 Roberti
770 1860 871 1914 ﬁlii
903 1861 1042 1929 ejus.

162 1964 183 1995 ι
216 1945 331 2016 Ego
358 1947 692 2017 Maugisius,
735 1955 944 2002 sanctae
980 1949 1397 2004 Abrincatensis
1429 1951 1683 2007 Ecclesiae

98 2032 390 2104 episcopus,
418 2035 568 2089 hanc
582 2036 899 2092 donationis
915 2039 1229 2092 chartulam
1258 2055 1430 2094 manu
1457 2041 1684 2112 propria

97 2122 394 2176 voluntarie
420 2125 714 2179 conﬁrmo.

160 2227 183 2260 α
202 2211 484 2266 Robertus
505 2213 957 2284 archiepiscopus
990 2215 1489 2286 Rothomagensis;
1518 2217 1680 2288 Hugo

98 2298 368 2370 episcopus
390 2302 748 2371 Bajocensis;
780 2303 1058 2358 Robertus
1079 2304 1371 2375 episcopus
1403 2307 1679 2360 Constan-

97 2386 308 2457 tiensis;
370 2391 540 2461 Hugo
591 2392 884 2464 episcopus
942 2393 1328 2461 Ebroicensis;
1374 2396 1680 2451 Herbertus

97 2477 764 2549 episcopusLexoviensis;
796 2481 1014 2536 Niellus
1061 2482 1399 2548 vicecomes;
1439 2485 1679 2540 Tursten

95 2562 413 2634 vicecomes;
461 2568 689 2622 Aluerel
731 2569 1066 2637 vicecomes;
1103 2572 1412 2627 Walterius
1461 2573 1679 2628 viceco-

96 2666 225 2720 mes;
252 2655 570 2712 Richardus
596 2658 900 2714 vicecomes
925 2679 936 2728 ;
972 2661 1325 2716 Guimundus
1351 2662 1674 2730 vicecomes;

93 2740 386 2814 Hubertus;
431 2746 723 2802 Osbernus
748 2749 924 2802 frater
952 2750 1247 2805 comitissae
1275 2770 1287 2817 ;
1335 2753 1678 2807 Humfredus

95 2827 246 2884 frater
282 2835 440 2903 ejus;
497 2836 819 2904 Bocelinus;
863 2839 1250 2894 Nortmamius
1288 2840 1495 2908 Silver;
1541 2843 1678 2895 Ber-

94 2920 279 2974 nardus
307 2924 460 2978 ﬁlius
493 2926 643 2995 ejus;
679 2925 962 2982 Osbernus
986 2928 1136 2982 ﬁlius
1175 2931 1401 2996 Arsast;
1461 2929 1674 2984 Ranul-

96 3007 220 3075 phus
248 3010 421 3066 frater
461 3015 613 3083 ejus;
647 3015 808 3085 Hugo
839 3016 1090 3083 clericus,
1120 3037 1142 3068 ι
1169 3024 1227 3071 et
1256 3019 1418 3072 multi
1444 3019 1559 3073 alii.

1856 614 1938 671 13.
1973 617 2292 674 Bcrnardus
2331 639 2399 676 ex
2443 627 2718 681 monacho
2759 629 3018 685 Beccensi
3058 649 3190 688 ann.
3240 635 3370 695 1131

1778 705 1986 776 migrat
2012 725 2042 762 e
2069 710 2182 764 vita
2211 729 2302 766 an.
2342 712 2506 782 1149;
2537 717 2797 774 Chronic.
2838 722 3115 780 Beccense
3140 728 3232 783 ad.
3266 745 3368 790 an.

1775 793 1935 850 1149.

1850 883 1934 940 '14.
1969 887 2230 944 Gofridus
2251 892 2379 946 Ian.
2410 893 2586 962 1149;
2620 897 2760 952 obiit
2787 916 2885 954 an.
2915 901 3078 962 1150.

1845 973 1932 1028 15.
1970 976 2246 1034 Robertus
2289 981 2359 1035 de
2399 982 2706 1057 Thorigny,
2761 990 2926 1059 vulgo
2982 993 3262 1052 Robertus
3306 997 3378 1056 de

1775 1062 1963 1118 Monte
1993 1075 2366 1138 nuncupatus.
2407 1072 2572 1127 Prius
2603 1077 2910 1132 monachus
2949 1097 3014 1135 ac
3051 1083 3214 1141 Prior
3236 1087 3375 1144 Bec-

1774 1153 1955 1207 censis
1985 1159 2330 1225 monasterii,
2356 1161 2514 1230 cujus
2535 1163 2849 1221 Chronicon
2881 1169 2952 1223 ad
2982 1187 3196 1228 annum
3229 1177 3372 1233 1154

1775 1239 2081 1297 Robertum
2109 1246 2177 1299 de
2207 1247 2470 1319 Tougeyo
2500 1253 2769 1322 appellat.
2786 1255 2922 1310 Inde
2949 1264 3237 1318 communi
3255 1281 3376 1321 mo-

1773 1331 2081 1386 nachorum
2113 1334 2168 1388 S.
2187 1336 2473 1392 Michaelis
2501 1356 2734 1396 assensu
2766 1344 2824 1397 in
2847 1345 3107 1404 abbatem
3134 1355 3370 1411 assumi-

1773 1422 1868 1472 tur
1896 1435 1984 1476 an.
2011 1421 2168 1477 1154.
2200 1424 2263 1478 In
2287 1426 2440 1480 omni
2466 1444 2674 1498 genere
2697 1431 3076 1492 doctrinarum
3094 1448 3370 1510 praestan-

1772 1507 2026 1563 tissimus
2047 1509 2175 1565 fuit.

1845 1596 2083 1653 Centum
2131 1602 2508 1673 quadraginta
2553 1607 2838 1665 volumina
2886 1613 3147 1681 edidisse,
3197 1624 3371 1692 atque

1769 1685 1943 1740 turris
1991 1687 2094 1742 sub
2131 1691 2310 1745 ruinis
2349 1698 2408 1746 et
2443 1694 2712 1766 impluvio
2750 1704 3161 1772 computruisse
3199 1685 3373 1766 refert

1772 1775 2018 1830 Historia
2047 1777 2102 1831 S.
2137 1779 2419 1835 Michaelis
2444 1784 2660 1839 calamo
2693 1796 2951 1858 exarata;
2987 1795 3055 1848 A.
3091 1795 3151 1849 C.
3198 1797 3367 1867 1169;

1760 1861 1922 1931 jussu
1940 1865 2238 1920 Alexandri
2251 1885 2408 1939 papae
2425 1871 2474 1925 Il
2481 1872 2504 1926 Ι
2521 1872 2759 1929 interest
2781 1878 3013 1933 concilio
3032 1861 3368 1940 Turonensi;

1767 1950 1990 2018 Orator,
2045 1960 2110 2009 ut
2162 1957 2528 2014 Godefridum
2577 1962 2883 2020 Britanniae
2920 1968 3370 2041 ducempubligo

1767 2056 1892 2095 cum
1921 2049 2196 2113 apparatu
2229 2046 2528 2118 exciperet,
2562 2050 2799 2122 legatur.
2836 2055 3151 2127 Stephanus
3180 2060 3368 2117 Redo-

1765 2129 1955 2183 nensis
1990 2131 2284 2204 episcopus
2331 2136 2475 2191 circa
2512 2139 2578 2192 A.
2625 2141 2690 2208 C,
2727 2142 2862 2197 1176
2892 2145 3120 2201 Roberti
3166 2149 3362 2210 laudes

1763 2217 2016 2272 versibus
2064 2226 2151 2274 est
2208 2230 2560 2292 prosecutus.
2601 2229 2837 2286 Exstant
2888 2235 3195 2292 etiamnum
3245 2240 3365 2310 ejus

1763 2305 2080 2363 Chronicon
2105 2327 2204 2364 seu
2219 2313 2511 2384 Appendix
2536 2317 2607 2370 ad
2642 2317 3017 2389 Sigibertum;
3047 2325 3199 2382 aliud
3227 2305 3365 2395 item

1762 2393 2075 2451 Chronicon
2126 2400 2379 2455 nondum
2428 2404 2660 2472 editum,
2705 2423 2808 2462 nec
2857 2427 2969 2465 non
3017 2418 3075 2468 et
3114 2415 3363 2472 Historia

1761 2482 1966 2538 Montis
1995 2486 2031 2540 S
2101 2486 2400 2556 Michaelis,
2440 2509 2506 2546 ac
2533 2493 2593 2548 in
2622 2495 2897 2566 Epistolas
2926 2500 2988 2553 B.
3024 2502 3184 2566 Pauli
3207 2520 3363 2572 com-

1761 2574 2103 2637 mentarius;
2139 2576 2279 2632 obiit
2305 2595 2396 2635 an.
2432 2582 2591 2636 1186.

1832 2664 1920 2717 16.
1953 2664 2229 2720 Martinus
2267 2668 2310 2733 Ι,
2343 2685 2435 2724 an.
2457 2671 2628 2739 1187;
2664 2673 2776 2728 vita
2805 2676 3032 2732 functus
3065 2695 3156 2736 an.
3195 2683 3358 2739 1191.

1830 2750 1922 2804 17.
1956 2752 2254 2820 Jordanus,
2295 2771 2388 2809 an.
2443 2757 2612 2826 1191;
2666 2769 2901 2818 mortem
2954 2760 3214 2837 oppetiit.
3253 2786 3350 2828 an.

1762 2839 1920 2894 12-12.

1832 2931 1918 2985 18.
1961 2930 2288 3001 Rodulphus
2317 2932 2416 2988 des
2439 2935 2566 3002 Iles,
2598 2954 2730 2994 ann.
2768 2941 2932 3009 1212;
2967 2943 3104 3000 obiit
3126 2945 3288 3003 1218.

1834 3017 1916 3072 19.
1949 3018 2192 3074 Thomas
2225 3021 2323 3075 des
2356 3023 2684 3094 Chambres,
2715 3044 2808 3083 an.
2848 3030 3020 3100 1218;
3055 3035 3292 3090 excessit
3319 3053 3351 3092 e

156 3097 255 3152 Sed
285 3117 412 3155 vero
443 3103 658 3157 eisdem
688 3104 1138 3160 immunitatibus
1181 3107 1414 3177 derogat
1442 3108 1500 3161 in
1529 3123 1672 3162 non-
1693 3097 1736 3114 u
1757 3104 1871 3160 Vita
1897 3123 1988 3160 an.
2023 3107 2182 3162 1225.

96 3185 244 3241 nullis
274 3189 458 3259 pactio
491 3189 884 3247 Abrincensem
909 3195 1230 3266 episcOpum
1260 3197 1410 3250 inter
1428 3202 1486 3250 et
1511 3197 1676 3252 abba-

95 3278 211 3338 tem,
260 3293 322 3331 ac
365 3281 676 3336 monachos
720 3283 924 3336 Montis
963 3285 1152 3338 Sancti
1198 3285 1484 3342 Michaelis
1538 3304 1670 3343 ann.

100 3359 232 3429 1236,
255 3366 399 3422 facta
412 3415 424 3426 .

127 3451 399 3524 Catalogus
417 3459 683 3513 abbatum
707 3458 762 3514 S.
789 3462 1066 3516 Michaelis
1095 3464 1158 3516 de
1187 3468 1368 3518 monte
1403 3467 1628 3520 Tumba.

153 3541 202 3594 1.
227 3543 569 3616 Maynardus
593 3547 639 3613 Ι,
683 3549 926 3620 expulsis
963 3552 1246 3606 canonicis
1274 3569 1308 3606 a
1340 3553 1618 3609 Richardo
1653 3555 1668 3609 Ι

96 3625 215 3683 duce
260 3633 784 3691 Northmannorum
832 3639 1134 3708 praeficitur
1175 3657 1305 3695 ann.
1341 3639 1482 3710 966;
1529 3643 1672 3699 rexit

98 3723 477 3778 monasterium
506 3724 607 3792 25;
630 3725 767 3780 obiit
793 3725 917 3782 991.

154 3805 201 3861 2.
238 3810 579 3882 Maynardus
611 3815 686 3884 ll,
717 3831 848 3870 ann.
881 3815 1015 3885 991;
1052 3818 1293 3874 moritur
1328 3819 1486 3876 1009.

155 3895 199 3949 5.
240 3898 595 3957 Hildebertus
642 3905 685 3972 Ι,
731 3921 824 3960 an.
882 3903 1050 3975 1009;
1103 3908 1311 3979 migrat
1345 3925 1376 3963 e
1418 3909 1531 3964 vita
1570 3926 1663 3966 an.

96 3980 234 4040 1017.

101 4071 220 4217 1
242 4077 613 4136 Hildeberdus
633 4082 704 4150 II,
738 4099 869 4137 ann.
915 4081 1084 4155 1017;
1134 4093 1374 4144 mortem
1405 4088 1544 4145 obiit
1567 4106 1658 4144 an.

98 4251 215 4394 u
230 4254 515 4326 Almodus,
551 4275 643 4314 an.
696 4260 878 4331 1023;
924 4263 1206 4320 abbatiam
1253 4266 1530 4323 abdicavit
1570 4285 1661 4323 an.

143 4341 152 4378 ι
187 4354 199 4363 .

143 4341 199 4378 12⁵

153 4427 200 4480 6.
225 4429 599 4490 Theodoricus
625 4437 858 4494 Almodo
878 4439 1146 4497 suffectus
1175 4447 1262 4497 est
1279 4442 1478 4498 eodem
1494 4460 1662 4513 anno,

98 4515 312 4572 moritur
338 4538 427 4576 an.
455 4523 617 4581 1033.

155 4619 198 4675 7.
226 4625 405 4700 Suppo
437 4646 529 4684 an.
555 4630 728 4701 1033;
757 4634 846 4688 cui
878 4635 936 4690 in
959 4637 1265 4708 praelatura
1297 4640 1360 4694 15
1391 4641 1526 4696 anni
1561 4641 1664 4697 tri-

95 4699 340 4802 buuntur;
371 4719 468 4772 sed
488 4719 629 4775 duce
647 4699 1167 4782 Northmanhorum
1185 4733 1419 4799 cogente
1439 4728 1668 4802 reliquit

99 4793 348 4858 abbatiam
382 4823 516 4863 ann.
547 4807 709 4866 1048.

159 4903 207 4996 β.
231 4908 548 4985 Rodulphus
581 4917 650 4972 de
673 4919 990 4978 Beaumont
1018 4922 1268 4996 Supponi
1286 4927 1555 4982 successit
1569 4943 1661 4982 an.

103 4987 238 5063 1018;
261 4999 367 5056 vita
384 5005 609 5062 functus
629 5024 726 5064 an.
763 5007 921 5069 1058.

161 5097 204 5154 9.
233 5104 573 5183 Ranulphus,
607 5120 906 5188 postquam
935 5118 1154 5176 duobus
1183 5121 1351 5178 annis
1375 5123 1537 5179 sedes
1563 5140 1664 5180 va-

102 5198 272 5260 casset,
302 5197 506 5257 electus
537 5207 624 5258 est
641 5221 733 5259 an.
775 5203 944 5276 1060;
979 5208 1119 5264 obiit
1146 5209 1306 5268 1084.

161 5297 238 5393 1-0.
261 5303 502 5376 Rogems
523 5313 568 5379 Ι,
593 5313 788 5368 eodem
809 5331 978 5372 anno.
995 5318 1062 5373 In
1076 5320 1338 5390 Angliam
1357 5321 1660 5393 relegatus,

104 5378 280 5444 ibidem
303 5399 535 5454 moritur
562 5418 656 5456 an.
691 5403 848 5460 1112.

351 5504 693 5579 11.Rogerus
715 5511 1016 5585 Il,Rogero
1045 5514 1070 5569 Ι
1096 5515 1280 5571 adhuc
1299 5516 1471 5573 vitam
1496 5535 1664 5590 agen-

104 5581 166 5650 te.
191 5585 400 5658 eligitur
427 5610 498 5653 an
526 5596 681 5669 1106,
715 5616 746 5655 e
771 5581 1112 5660 monasterio
1142 5604 1366 5678 ejicitur
1392 5623 1484 5663 an.
1507 5581 1661 5670 1123.

1681 4366 1733 4426 D

1831 3193 1919 3251 ⁴20.
1964 3197 2218 3252 Renatus
2247 3197 2317 3251 de
2342 3199 2634 3271 Villedieu,
2668 3221 2760 3260 an.
2794 3207 2932 3265 1225
2957 3228 2970 3277 ;
2996 3213 3235 3267 moritur
3259 3230 3352 3279 an.

1827 3375 1915 3430 21.
1949 3376 2259 3437 Richardus
2288 3384 2357 3439 de
2376 3383 2597 3451 Tustin,
2621 3400 2711 3438 an.
2742 3385 2879 3443 1236
2905 3403 2941 3442 a
2971 3405 3191 3447 summo
3211 3409 3355 3464 pon-

1757 3460 1907 3516 tiﬂce
1954 3463 2198 3536 insignia
2237 3473 2581 3542 pontiﬁcalia
2617 3473 2870 3541 obtinet;
2906 3484 3148 3540 mortem
3179 3460 3355 3553 oppe-

1755 3549 1847 3604 tiit
1877 3568 1967 3607 an.
1992 3555 2152 3611 1264.

1825 3643 1915 3698 22.
1957 3643 2221 3700 Nicolaus
2243 3648 2576 3719 Alexandre,
2601 3668 2674 3706 an
2727 3651 2899 3722 1261;
2920 3656 3169 3716 animam
3191 3659 3357 3722 exha-

1753 3731 1887 3785 lavit
1914 3733 2072 3788 1271.

1820 3822 1908 3878 23.
1941 3823 2207 3880 Nicolaus
2236 3827 2288 3881 ΙΙ
2315 3835 2692 3897 cognomento
2731 3831 3010 3902 Famigot,
3042 3849 3135 3892 an.
3167 3836 3302 3891 1171
3335 3857 3348 3905 ;

1749 3907 1887 3964 obiit
1909 3927 2002 3967 an.
2039 3913 2198 3968 1279.

1818 3998 1908 4054 24.
1954 4001 2198 4058 Joannes
2247 4003 2298 4058 le
2338 4004 2449 4058 Fae
2479 4021 2577 4064 an.
2636 4005 2811 4062 1279:
2854 4007 3028 4065 vitam
3071 4011 3204 4081 egit.
3252 4029 3350 4079 an.

1749 4085 1910 4144 1298.

1817 4179 1909 4232 25.
1937 4178 2268 4236 Guillelmus
2286 4182 2363 4237 du
2390 4182 2662 4252 Chﬁteau,
2680 4200 2772 4240 an.
2797 4185 2968 4256 1299;
2993 4189 3345 4250 morituran.

1753 4265 1910 4322 1314.

1820 4355 1909 4410 '26.
1939 4357 2184 4413 Joannes
2215 4359 2285 4414 de
2314 4360 2371 4414 la
2401 4361 2588 4430 Porte,
2616 4363 2720 4418 hoc
2741 4363 2970 4421 nomine
2991 4365 3046 4420 II
3071 4382 3164 4420 an.
3189 4369 3344 4424 1311.

1751 4445 1871 4500 Hoc
1911 4461 2060 4502 anno
2092 4449 2425 4519 praesidiarii
2479 4452 2686 4508 milites
2727 4453 2877 4525 regis
2905 4456 3241 4522 auctoritate
3288 4459 3349 4514 in

1750 4539 1942 4589 monte
1975 4536 2030 4591 S.
2055 4537 2336 4593 Michaelis
2365 4541 2619 4595 collocati
2645 4548 2815 4612 sunt;
2847 4560 3085 4615 quorum
3114 4546 3352 4603 admini-

1749 4629 1961 4679 strator
1987 4626 2202 4680 exstitit
2233 4628 2478 4683 Joannes
2496 4629 2689 4698 abbas,
2726 4632 2822 4702 qui
2867 4649 2899 4687 e
2934 4633 3051 4689 vita
3096 4635 3350 4691 discessit

1746 4730 1838 4770 an.
1873 4715 2028 4770 1334.

1815 4804 1906 4858 27.
1942 4804 2204 4860 Nicolaus
2235 4806 2288 4860 le
2319 4805 2529 4862 Vitrier
2553 4807 2632 4861 ΙΙΙ
2665 4823 2757 4870 an.
2793 4807 2962 4878 1331;
2997 4809 3137 4866 obiit
3180 4813 3340 4870 1362.

1816 4893 1907 4949 28.
1942 4893 2208 4950 Gofridus
2237 4895 2307 4950 de
2346 4895 2555 4950 Servon
2587 4896 2769 4962 II,an.
2806 4898 2969 4966 1363;
2990 4899 3345 4957 vitafunctus

1747 4998 1838 5040 an.
1866 4983 2030 5039 13~6.

1820 5073 1905 5128 29.
1939 5069 2140 5128 Petrus
2182 5074 2392 5145 Regius
2416 5074 2496 5146 (le
2527 5074 2653 5144 Roi)
2691 5091 2758 5130 ex
2787 5074 2989 5138 abbate
3029 5077 3087 5131 S.
3111 5075 3343 5132 Taurini

1747 5162 2096 5218 Ebroicensis
2117 5164 2181 5217 ﬁt
2202 5164 2374 5218 abbas
2405 5164 2462 5219 S.
2483 5165 2768 5220 Michaelis
2791 5181 2924 5221 ann.
2953 5166 3108 5233 1386,
3120 5165 3207 5218 vir
3229 5181 3344 5226 non

1745 5253 1962 5308 minore
1993 5269 2214 5308 morum
2244 5253 2524 5326 probitate
2554 5270 2723 5324 quam
2764 5252 3021 5308 doctrina
3048 5253 3340 5324 praeditus.

1745 5341 1974 5396 Publice
2023 5359 2211 5398 sacros
2255 5359 2496 5398 canones
2523 5341 2756 5397 Parisiis
2785 5347 2871 5397 est
2915 5342 3340 5413 interpretatUS.

1745 5431 2048 5486 Praefectus
2078 5433 2329 5502 ejusdem
2369 5431 2699 5488 monasterii
2726 5431 2946 5487 litteras
2993 5431 3342 5512 postliminio

1745 5521 1817 5577 ad
1853 5521 2156 5592 pristinum
2203 5521 2560 5594 splendorem
2608 5523 2904 5589 revocavit,
2953 5521 3247 5594 ell‘ecitque
3277 5525 3343 5576 ut

1745 5609 1885 5666 inibi
1904 5609 2332 5668 celeberrimum
2350 5611 2496 5668 foret
2515 5610 2882 5674 scientiarum
2897 5610 3150 5668 omnium
3173 5627 3341 5685 gyma-
