3892 6390
568 316 671 373 583
1749 317 1984 371 DOMIN
1988 317 2010 371 Ι
2049 318 2256 373 LUC/E
2295 320 2661 377 DACHERII.
3713 331 3800 391 584

567 445 809 500 nasium.
829 443 1132 513 Postquam
1151 441 1385 495 diversis
1414 446 1500 495 est
1514 424 1889 510 legationibus
1910 442 2153 503 functus,
2182 445 2232 504 A
2255 460 2413 513 quem
2439 462 2551 499 non
2581 448 2743 510 videt,
2778 449 3043 515 quomodo
3069 453 3236 515 potest
3253 452 3523 518 diligere?
3560 453 3707 517 Quod
3732 461 3802 510 at-

566 533 794 589 nomine
842 531 1024 586 Caroli
1073 530 1147 584 VI
1186 530 1334 599 regis
1364 530 1703 583 Francorum
1758 529 1816 581 in
1852 531 2155 600 Aragonia,
2244 538 2398 587 tente
2429 534 2713 587 revolvens
2744 535 3188 604 B.Augustinus,
3240 537 3338 591 lib.
3364 554 3461 592 vm
3501 541 3577 594 De
3605 544 3799 611 Trinit,

566 622 819 694 Hongria
844 626 901 675 et
930 619 1153 690 Anglia,
1186 619 1343 672 Pisas
1362 618 1750 689 proﬁciscitur,
1779 635 1890 688 qua
1920 619 1977 672 in
2001 619 2156 683 urbe,
2246 638 2366 691 cap.
2393 626 2443 686 8,
2463 623 2542 675 sic
2563 622 2845 692 eloquitur
2870 642 2914 675 ι(
2950 624 3307 679 Manifestum
3330 633 3414 681 est
3443 631 3585 699 quod
3602 632 3803 699 justitiaa

566 716 671 781 vel,
702 718 767 768 ut
795 710 920 765 aliis
948 709 1144 779 placet,
1168 706 1779 769 Constantiae,facunda
1807 711 1975 776 atque
2006 708 2168 760 vehe.

569 808 747 867 menti
782 801 1034 859 oratione
1062 798 1140 852 ita
1161 793 1527 849 cardinalium
1558 792 1662 845 sibi
1691 794 2005 850 conciliavit
2039 797 2162 850 ani-

569 916 692 956 mos
726 913 790 951 ac
827 893 1145 947 voluntates
1180 890 1245 939 ut
1271 883 1554 938 communi
1592 883 1958 937 consensione
1988 885 2159 939 Otho-

568 1007 696 1045 nem
723 984 1050 1057 (Martinum
1080 978 1180 1043 III,
1209 975 1369 1045 vulgo
1390 975 1454 1037 V,
1482 977 1678 1044 postea
1711 976 2158 1042 vocatum)sum-

2249 710 2645 779 perfectionem
2672 711 2728 764 in
2753 712 2943 765 fratris
2972 712 3268 768 dilectione
3295 717 3544 786 posuerit
3568 719 3646 790 (S.
3667 720 3804 775 Joan-

2247 801 2383 865 nes).
2419 800 2559 852 Nam
2591 799 2650 852 in
2690 816 2798 869 quo
2826 801 3152 854 scandalum
3192 819 3305 857 non
3344 810 3447 871 est,
3492 806 3675 877 utique
3700 825 3805 878 per-

2243 888 2419 940 fectus
2437 888 2816 942 est.Ettamen
2839 888 3196 944 dilectionem
3213 892 3313 945 Dei
3335 893 3553 949 videtur
3567 897 3801 964 tacuisse,

2245 977 2393 1046 quod
2416 992 2526 1029 non
2539 976 2767 1039 faceret,
2788 976 2897 1030 nisi
2917 978 3048 1047 quia
3064 979 3122 1032 in
3134 978 3259 1049 ipsa
3268 980 3519 1038 fraterna
3532 984 3801 1041 dilectione

566 1095 719 1135 mum
750 1073 1068 1147 pontiﬁcem
1090 1082 1284 1121 omnes
1313 1063 1743 1135 proclamarent.
1767 1061 2008 1116 Posthac
2024 1063 2159 1117 dum
2242 1065 2360 1118 vult
2387 1065 2627 1134 intelligi
2658 1065 2855 1118 Deum.
2893 1083 2920 1117 ι

565 1166 793 1228 rediret,
834 1157 1117 1228 Bologniae
1147 1155 1342 1209 Tuscae
1363 1150 1500 1204 obiit
1524 1166 1613 1203 an.
1642 1147 1799 1202 4410.

635 1255 724 1311 30.
760 1250 1038 1307 Robertus
1070 1244 1271 1301 Jolivet
1315 1240 1388 1307 ΙΙ,
1425 1255 1516 1293 an.
1548 1235 1719 1305 mo;
1747 1255 1779 1292 e
1801 1237 1917 1292 vita
1947 1238 2155 1308 migmt

559 1362 667 1490 ani)
678 1341 1085 1487 l1.‘d‘r‘uillelmus
1113 1416 1534 1476 d’Estouteville
1562 1416 1635 1481 II,
1667 1415 1970 1469 cardinalis
2000 1416 2150 1469 tituli

562 1520 753 1577 Sancti
781 1512 1026 1577 Martini,
1053 1526 1144 1565 an.
1174 1507 1335 1573 Hm;
1363 1520 1583 1559 summa
1615 1502 1849 1556 contulit
1883 1502 2152 1556 beneﬁcia

561 1605 924 1666 monasterio.
958 1598 1215 1656 [Ediﬁcia
1254 1596 1410 1650 mirae
1439 1597 1733 1647 structurae
1756 1593 1899 1661 (quae
1929 1595 2153 1645 exstant

557 1698 857 1767 hodieque)
879 1689 1253 1746 exaediﬁcasse
1272 1685 1482 1738 ferunt.
1498 1682 1739 1751 Legatus
1767 1695 1801 1733 a
1828 1680 2003 1733 latere
2020 1679 2145 1733 fuit.

558 1790 693 1853 Quae.
713 1755 771 1839 in
797 1755 1067 1838 electione
1093 1779 1325 1830 rectoris
1353 1770 1652 1826 academize
1673 1769 2004 1823 Parisiensis
2033 1755 2207 1838 per-B

557 1881 821 1949 aguntur,
873 1871 1035 1924 aiunt
1066 1867 1370 1937 ipsummet
1410 1862 1715 1917 ordinasse.
1753 1858 1882 1913 Vita
1923 1859 2152 1913 Parisiis

549 1965 805 2037 fungitur
828 1976 921 2015 an.
952 1957 1110 2013 1430.

625 2057 716 2114 32.
750 2054 1003 2109 Andreas
1024 2051 1226 2115 Laure,
1259 2063 1350 2100 an.
1394 2046 1560 2109 {482;
1594 2043 1834 2098 moritur
1861 2059 1949 2096 an.
1993 2040 2143 2095 1499.

616 2142 1048 2204 33.Guillelmus
1060 2139 1129 2193 de
1145 2131 2076 2206 Lampslll,an.‘l£99gobiitan.l54
2091 2133 2142 2184 0.

625 2235 715 2290 34.
752 2230 1035 2288 Guerinus
1072 2228 1273 2288 Laure,
1302 2240 1394 2277 an.
1439 2223 1598 2289 l5l0;
1633 2225 1870 2275 mortem
1912 2220 2145 2291 Oppetiit

551 2322 998 2472 iliannes
1047 2406 1115 2459 de
1139 2405 1343 2473 Lamps
1368 2401 1439 2465 ΙΙ,
1476 2414 1568 2462 an,
1609 2396 1771 2462 l5l3;
1813 2394 1952 2449 obiit
1976 2411 2006 2448 e
2030 2395 2144 2449 vita

551 2519 625 2558 an
672 2498 821 2558 l523.

624 2586 713 2645 36.
755 2589 998 2643 Joannes
1043 2584 1094 2636 le
1124 2582 1351 2634 Veneur
1378 2579 1478 2643 llI,
1522 2577 1813 2647 episcopus
1843 2574 2140 2628 chovien-

550 2677 648 2744 sis,
674 2683 730 2730 et
753 2676 813 2730 E.
854 2674 921 2727 R.
945 2669 1263 2726 cardinalis.
1297 2668 1320 2721 Ι
1351 2662 2139 2729 commendatarius.Abbatia

550 2781 772 2837 quoque
820 2759 1081 2817 Beccensi
1133 2758 1343 2828 potitus
1388 2759 1489 2808 est.
1536 2753 1774 2807 Moritur
1820 2768 1913 2805 an.
1977 2752 2133 2806 4539.

545 2854 819 2924 Deinceps
851 2850 1081 2905 abbates
1100 2842 1581 2901 commendatarii.

615 2945 705 3000 37.
747 2940 985 2997 Jacobus
1031 2935 1346 2992 d’Anebaut
1374 2930 1692 2995 cardinalis,
1735 2947 1826 2984 an.
1866 2929 2032 2998 4539;
2066 2931 2136 2985 de

543 3034 657 3089 vita
691 3029 931 3086 decessit
962 3029 1118 3082 1553.

613 3123 702 3179 38.
736 3118 1062 3175 Franciscus
1086 3116 1137 3169 le
1165 3115 1319 3168 Roux
1332 3109 1747 3184 protonotarius
1777 3109 2131 3179 apostolicus,

542 3228 676 3266 ann.
712 3210 848 3265 4558
874 3227 887 3276 ;
919 3206 1168 3261 animam
1199 3203 1315 3273 egit
1342 3202 1501 3254 1570.

617 3303 705 3356 39.
737 3298 981 3365 Arturus
1011 3294 1080 3347 de
1112 3294 1281 3346 Cosse
1333 3288 1625 3360 episcopus
1663 3287 2128 3352 Constantiensis,

543 3406 637 3442 an.
680 3388 837 3453 l570;
870 3383 1010 3437 obiit
1028 3398 1119 3435 an.
1153 3379 1312 3436 1582.

613 3474 703 3532 40.
737 3473 1067 3529 Franciscus
1103 3470 1173 3523 de
1201 3470 1439 3539 Joyeuse
1467 3466 1767 3521 cardinalis
1811 3482 1902 3520 an.
1953 3466 2128 3533 1588;

542 3566 694 3620 diem
725 3568 1038 3617 extremum
1070 3558 1271 3612 clausit
1301 3573 1392 3610 an.
1420 3558 1577 3611 1615.

611 3654 703 3709 41.
736 3650 1008 3706 Henricus
1039 3648 1108 3702 de
1133 3646 1400 3702 Lorraine
1429 3645 1498 3699 de
1545 3644 1736 3711 Guise,
1790 3660 1921 3700 ann.
1962 3644 2127 3711 H515;

540 3750 597 3799 et
624 3746 752 3815 post
769 3756 947 3795 annos
968 3738 1036 3792 26
1058 3735 1295 3791 abbatiee
1324 3733 1493 3788 cessit
1526 3738 1713 3799 θεν
1732 3731 2125 3797 lllustrissimi,

536 3834 688 3889 illius
745 3828 963 3885 abbatis
1017 3825 1123 3880 sub
1174 3823 1456 3895 auspiciis,
1498 3838 1645 3876 anno
1678 3823 1836 3893 “£22,
1867 3821 2125 3875 monachi

536 3916 983 3993 congregationis
1017 3916 1074 3969 S.
1106 3913 1306 3975 Mauri,
1348 3912 1407 3965 in
1450 3912 1555 3965 hoc
1596 3909 1909 3965 ccenobium
1954 3910 2128 3964 intro-

536 4011 709 4077 ducti,
743 4005 1111 4063 monasticam
1132 4001 1447 4056 resarciunt
1467 4000 1838 4071 disciplinam.

604 4102 693 4156 42.
731 4095 971 4153 Jacobus
994 4093 1063 4147 de
1085 4090 1314 4156 Souvré,
1348 4107 1438 4144 an.
1479 4091 1644 4153 1613;
1694 4089 1763 4142 de
1794 4086 1989 4142 ordine
2020 4087 2126 4141 Be-

534 4187 817 4245 nedictino
870 4181 1251 4255 quamoPtime
1318 4179 1678 4250 promeritus,
1743 4182 1914 4246 atque
1976 4175 2128 4229 illius

534 4273 864 4332 monasterii
891 4270 1313 4326 immunitatum
1341 4268 1647 4323 acerrimus
1676 4270 2078 4337 propugnator.

2251 1178 2259 1187 τ
2310 1156 2580 1207 Plurima:
2610 1154 2706 1208 SS.
2737 1156 2972 1207 Patrum
2989 1159 3361 1210 auctoritatis.
3397 1157 3611 1211 Passim
3648 1157 3703 1211 in
3730 1158 3806 1211 de-

2234 1245 2514 1295 cretorum
2534 1241 2696 1307 libro,
2731 1247 2902 1314 atque
2939 1243 3000 1296 in
3025 1245 3295 1311 conciliis,
3328 1245 3676 1316 potissimum
3698 1263 3800 1301 can.

2235 1330 2300 1381 48'
2332 1329 2728 1399 Apostolorum
2756 1349 2768 1395 ;
2816 1331 3010 1385 concil.
3045 1333 3256 1388 Arelat.
3289 1347 3326 1400 ι,
3359 1333 3463 1388 sub
3495 1335 3746 1389 Silvestro
3768 1349 3799 1399 Ι,

2234 1433 2354 1487 cap.
2390 1417 2483 1484 40;
2517 1422 2575 1471 et
2610 1418 2855 1488 Forojul.
2888 1420 3007 1473 sub.
3050 1422 3303 1476 Adriano
3331 1436 3512 1494 I,cap.
3540 1426 3632 1491 10;
3664 1425 3803 1478 Inno-

2234 1505 2403 1559 centii
2432 1507 2455 1560 I
2488 1506 2645 1576 epist.
2670 1507 2723 1562 3.
2758 1507 2830 1561 ad
2849 1508 3027 1578 Exup.
3054 1525 3174 1579 cap.
3218 1510 3272 1563 6.
3305 1511 3428 1575 Qua
3453 1511 3523 1565 de
3552 1528 3611 1565 re
3641 1512 3802 1582 legen-

2233 1595 2337 1648 dus
2366 1595 2427 1648 D.
2471 1596 2845 1665 Augustinus,
2870 1614 2997 1667 cap.
3027 1599 3080 1651 7.
3117 1600 3197 1652 De
3226 1600 3371 1654 bono
3401 1600 3696 1671 conjugali,
3715 1600 3797 1654 lib.

2232 1698 2272 1737 ιι
2300 1684 2380 1738 De
2399 1684 2729 1738 adulterinis
2758 1686 3053 1756 conjugiis,
3086 1704 3207 1758 cap.
3238 1689 3270 1742 ἆ
3301 1693 3358 1742 et
3390 1693 3443 1749 5,

2774 1791 2845 1828 AD
2876 1789 3179 1832 EPISTOLAM
3200 1791 3279 1835 ΧῙ.

2303 1862 2623 1927 Ecce,Pater
2637 1866 3124 1919 sanctissime.Hac
3138 1865 3195 1918 in
3218 1866 3450 1936 epistola
3472 1866 3800 1920 animadver-

2232 1954 2352 2003 tere
2372 1955 2458 2003 est
2479 1956 2750 2020 quantum
2767 1953 3011 2007 Thomas
3024 1970 3053 2006 a
3070 1955 3307 2024 pristino
3332 1961 3483 2009 statu
3516 1956 3798 2021 deﬂexerit,

2231 2042 2365 2096 dum
2388 2043 2528 2096 adeo
2549 2045 2832 2098 mordicus
2868 2062 2934 2099 ac
2953 2047 3242 2116 praefracte
3263 2047 3637 2102 obedientiam
3658 2064 3800 2117 nega-

2230 2137 2387 2185 verat
2426 2132 2843 2202 archiepiscopo
2886 2134 3278 2188 Cantuariensi
3311 2136 3622 2190 Lanfranco
3644 2138 3723 2203 (ut
3745 2152 3799 2189 ex

2226 2221 2388 2275 dictis
2417 2220 2676 2290 superius
2700 2206 3048 2291 compertum
3077 2222 3359 2291 habetur),
3403 2231 3463 2278 at
3495 2242 3643 2279 nunc
3663 2225 3793 2278 ultro

2226 2313 2276 2364 ei
2332 2327 2454 2364 sese
2497 2309 2796 2374 submittit,
2847 2311 3116 2381 illumque
3159 2317 3318 2382 rogat
3362 2313 3525 2367 enixe
3577 2318 3639 2368 ut
3676 2313 3796 2367 duos

2225 2399 2528 2469 episcopos,
2568 2415 2723 2452 more
2753 2399 2916 2453 solito
2942 2400 3204 2471 {episc0pi
3231 2402 3595 2457 consecrandi
3610 2400 3796 2471 gratia)

2223 2486 2587 2540 transmittat.
2622 2487 2700 2539 De
2721 2487 2826 2539 hac
2853 2492 2910 2540 et
2939 2487 3300 2559 subsequenti
3330 2489 3570 2560 epistola
3592 2490 3716 2548 Vita
3734 2490 3789 2546 B.

2221 2574 2535 2629 Lanfranci.
2558 2575 2708 2644 capit
2734 2575 2820 2637 l3,
2854 2593 2908 2646 p.
2936 2577 3024 2630 44.

2289 2665 2499 2717 Paulus
2518 2680 2705 2717 comes.
2731 2664 3031 2718 Orcadum.
3043 2685 3065 2716 ι
3082 2665 3190 2728 Qui
3209 2668 3463 2737 quamvis
3481 2668 3796 2723 Noricorum

2220 2751 2339 2821 regi
2383 2751 2739 2805 hereditario
2765 2754 2894 2822 jure
2924 2752 3227 2822 subjectus,
3281 2756 3363 2809 ita
3391 2757 3544 2826 regis
3570 2755 3795 2827 (Henrici

2219 2840 2412 2909 primi)
2432 2840 2708 2895 amicitias
2720 2842 3077 2912 suspiciebat,
3108 2849 3165 2897 et
3191 2844 3388 2899 crebra
3405 2845 3458 2899 ei
3480 2845 3796 2900 munuscula

2218 2929 2544 2995 missitaret,
2581 2949 2608 2982 υ
2638 2936 2742 2985 etc.
2782 2931 3063 2985 Guillelm.
3117 2933 3473 2987 Malmesbur.
3529 2934 3624 2988 lib.
3676 2952 3704 2988 v
3744 2935 3796 2988 in

2155 3039 2196 3098 Ο
2222 3017 2462 3072 Henrico
2491 3018 2694 3088 primo,
2722 3019 2819 3085 fol,
2841 3018 2941 3086 91;
2968 3024 3025 3073 et
3048 3020 3296 3074 Florent.
3333 3021 3564 3091 Vigorn.
3618 3023 3686 3076 ad
3713 3038 3793 3076 an.

2285 3196 2360 3249 De
2386 3196 2660 3250 Orcadum
2696 3198 2969 3266 partibus.
3019 3197 3297 3252 Orcadum
3338 3198 3661 3255 Insularum
3686 3217 3797 3272 gra-

2215 3284 2379 3354 phica
2406 3284 2614 3355 legitur
2642 3285 2941 3356 descriptio
2965 3286 3116 3356 apud
3149 3287 3322 3342 Guill.
3371 3290 3717 3345 Camdenum
3744 3291 3795 3342 in

2213 3373 2419 3427 Insulis
2449 3374 2785 3428 Britannicis
2810 3391 2822 3427 :
2860 3394 2882 3425 (
2908 3374 3140 3444 Objacet
3166 3377 3307 3429 Cath
3340 3378 3560 3447 regioni
3587 3379 3789 3443 Scotim,

2214 3478 2382 3533 quam
2415 3462 2486 3516 ob
2520 3462 2966 3533 promontorium
3003 3465 3343 3519 Cathenesse
3380 3482 3533 3520 nunc
3572 3468 3792 3538 appelli-

2210 3556 2353 3616 tant,
2394 3570 2415 3601 ι
2451 3558 2555 3605 etc.
2586 3552 2656 3605 Et.
2678 3552 2846 3622 paulo
2874 3558 3036 3622 post:
3061 3571 3085 3604 «
3120 3554 3198 3606 Ex
3225 3554 3313 3607 his
3333 3554 3577 3618 (insulis)
3610 3557 3791 3611 Pomo-
3825 3574 3831 3583 υ

2213 3640 2307 3694 nia
2333 3639 2631 3711 episcopali
2662 3641 2929 3695 cathedra
2941 3641 3194 3705 celebris,
3228 3642 3498 3712 primaria
3528 3650 3633 3712 est,
3662 3650 3788 3698 aeto.

2286 3729 2475 3782 Eidem
2486 3731 2680 3783 clerico
2692 3733 3021 3786 concessisse.
3034 3749 3060 3783 α
3077 3730 3370 3802 Rodulpho
3383 3748 3592 3804 nempe
3608 3752 3655 3799 ι,
3665 3736 3789 3802 (ver-

2210 3816 2282 3870 ba
2310 3822 2443 3871 sunt
2472 3818 2696 3872 Seldeni
2722 3819 2790 3872 de
2832 3819 2936 3873 hac
2983 3820 3218 3889 epistola
3254 3820 3312 3873 in
3341 3822 3491 3875 notis
3523 3822 3594 3875 ab
3624 3822 3720 3876 lib.
3756 3838 3788 3886 1,

2209 3905 2468 3960 Historiae
2488 3922 2758 3961 novorum
2781 3908 3112 3977 Eadmeri),«
3132 3909 3289 3978 cujus
3303 3926 3510 3964 nomen
3529 3911 3675 3981 quod
3684 3912 3793 3981 jam

2208 3994 2268 4048 in
2315 3994 2477 4049 dictis
2522 3996 2724 4049 litteris
2778 3996 3010 4050 minime
3066 3999 3324 4064 occurrit,
3380 3999 3691 4054 ediscimus.
3737 4014 3794 4053 ex

2207 4083 2424 4137 Thoma
2455 4084 2697 4150 Stubaeo,
2731 4086 2907 4138 veteri
2926 4086 3469 4157 archiepiscoporum
3489 4087 3791 4142 Eboracen-

2210 4173 2357 4226 sium
2387 4172 2648 4227 Vitarum
2686 4174 2977 4244 scriptore,
3008 4175 3259 4229 nondum
3285 4176 3454 4229 edito.
3491 4197 3520 4228 ››

2279 4264 2423 4316 Duos
2444 4265 2707 4331 episcopos
2729 4264 3029 4330 dirigat.ld
3052 4264 3223 4318 moris
3240 4265 3511 4319 continuo
3528 4266 3590 4320 in
3610 4267 3786 4320 Eccle-

606 4366 677 4420 Et
699 4364 844 4418 hanc
872 4360 1137 4415 abbatum
1173 4358 1378 4413 seriem
1422 4357 1756 4426 chartasque
1797 4355 2187 4454 praepositasD
2206 4351 2290 4404 sia
2327 4352 2650 4421 episcopum
2681 4369 2715 4405 a
2733 4351 2915 4405 tribus
2944 4353 3142 4406 saltem
3168 4353 3440 4424 episcopis
3462 4353 3785 4419 consecrari,

532 4470 598 4512 ex
614 4452 891 4508 veteribus
915 4449 1264 4506 S.Michaelis
1284 4446 1662 4501 monumentis
1687 4446 1960 4517 excerpsit
1977 4460 2124 4499 unus
2141 4440 2184 4454 "
2206 4441 2597 4511 perseveravit.
2624 4440 2836 4495 Concil.
2852 4441 3140 4496 Nicaenum
3160 4458 3282 4512 cap.
3311 4446 3337 4495 ἃ
3375 4460 3430 4497 ε(
3462 4444 3788 4515 Episcopum

533 4554 564 4592 e
584 4534 865 4592 sodalibus
883 4530 1039 4598 meis,
1071 4536 1241 4601 atque
1266 4528 1335 4582 ad
1360 4544 1449 4581 me
1478 4526 1809 4580 transmisit.

1078 4636 1148 4672 AD
1177 4630 1483 4672 EPISTOLAM
1511 4629 1563 4669 Χ.

604 4714 883 4782 Quatenus
912 4711 977 4763 in
1002 4711 1284 4775 conspectu
1317 4706 1416 4758 Dei
1443 4709 1491 4757 et
1528 4704 1819 4757 hominum
1849 4706 2124 4758 evidenter

526 4808 808 4874 appareat.
842 4798 973 4854 Ideo
1001 4797 1119 4850 haec
1142 4794 1355 4865 profert
1382 4796 1610 4865 propter
1636 4791 1933 4863 litigiosam
1967 4793 2121 4848 illam

527 4893 598 4948 de
628 4891 876 4964 primatu
897 4882 1320 4941 Cantuariensis
1353 4881 1610 4935 Ecclesiae
1634 4881 1692 4935 in
1715 4882 2119 4936 Eboracensem

528 4981 896 5054 quaestionem
918 4974 1086 5029 toties
1115 4972 1413 5042 agitatam;
1431 4970 1501 5024 de
1512 4986 1623 5040 qua
1641 4971 1898 5041 superius
1909 4971 2121 5024 dictum

527 5074 615 5125 est
634 5084 798 5140 saepe.
830 5064 1059 5135 Optima
1087 5076 1221 5115 sane
1243 5060 1348 5114 hoc
1377 5059 1497 5114 loco
1533 5060 1655 5129 (etsi
1685 5059 2015 5130 compendio
2044 5060 2121 5113 al-

526 5160 663 5228 lata)
696 5153 1022 5228 suppeditat
1048 5151 1383 5205 documenta
1410 5150 1465 5204 S.
1498 5150 1844 5206 Lanfrancus
1868 5168 1882 5217 ,
1911 5149 2118 5204 etenim

526 5247 843 5320 proximum
869 5242 917 5296 si
941 5241 1001 5295 in
1033 5239 1147 5294 Deo
1175 5238 1406 5293 minime
1423 5238 1926 5310 diligamus,Deum
1946 5238 2119 5292 haud-

528 5351 812 5409 quaquam
846 5346 1038 5387 amare
1062 5328 1478 5384 convincimur:
1523 5328 1586 5384 Si
1625 5331 1748 5396 quis
1773 5329 1978 5381 dixerit
2009 5329 2116 5397 (in-

528 5426 652 5497 quit
682 5422 967 5496 apostolus
1001 5422 1243 5476 Joannes
1279 5419 1455 5490 Epist.
1489 5418 1562 5483 II,
1594 5433 1715 5487 cap.
1743 5422 1816 5487 Iv)
1849 5421 2113 5485 quoniam

525 5517 699 5582 diligo
709 5517 902 5577 Deum,
915 5517 964 5566 et
974 5514 1214 5580 fratrem
1226 5525 1393 5565 suum
1413 5508 1609 5573 oderit,
1624 5508 1864 5560 mendax
1884 5512 1957 5560 est
1966 5524 1989 5574 ;
2015 5510 2115 5576 qui

468 5605 675 5681 tenim
703 5617 817 5658 non
844 5603 1035 5669 diligit
1060 5601 1301 5669 fratrem
1327 5611 1516 5664 suum,
1547 5612 1707 5667 quem
1738 5597 2111 5668 videt,1)eum,

2204 4529 2466 4584 convenit
2495 4530 2733 4584 maxime
2762 4530 2830 4583 ab
2854 4531 3110 4584 omnibus
3141 4531 3238 4601 qui
3265 4537 3397 4585 sunt
3421 4533 3480 4586 in
3512 4531 3785 4605 provincia

2205 4619 2478 4690 episcopis
2509 4619 2782 4677 ordinari,
2807 4619 2866 4673 Si
2897 4625 3087 4673 autem
3104 4620 3210 4673 hoc
3237 4620 3462 4675 difﬁcile
3486 4621 3678 4685 fuerit,
3695 4624 3784 4675 aut

2205 4715 2436 4779 propter
2471 4708 2778 4762 instantem
2828 4708 3240 4775 necessitatem,
3293 4715 3392 4764 aut
3427 4718 3663 4781 propter
3704 4709 3783 4763 iti-

2204 4798 2356 4852 neris
2402 4798 2845 4867 longitudinem;
2899 4796 3081 4851 tribus
3110 4802 3299 4852 tamen
3354 4800 3692 4854 omnimodis
3733 4797 3787 4850 in

2202 4887 2444 4957 idipsum
2493 4886 2966 4952 convenientibus,
3021 4891 3079 4941 et
3126 4886 3447 4942 absentibus
3483 4890 3607 4959 pari
3632 4888 3785 4943 modo

2203 4976 2633 5030 decernentibus
2680 4981 2736 5029 et
2760 4991 2861 5046 per
2889 4974 3096 5047 scripta
3122 4977 3621 5045 consentientibus,
3658 4984 3783 5031 tunc

2203 5065 2480 5119 ordinatio
2502 5063 2831 5118 celebretur.
2868 5082 2892 5116 »
2920 5064 3159 5118 Consule
3182 5065 3582 5120 Menardumin
3611 5065 3786 5121 obser-

2200 5157 2308 5207 vat.
2342 5154 2413 5207 ad
2443 5152 2648 5206 librum
2675 5153 3165 5206 Sacramentorum
3196 5153 3445 5224 D.Greg.
3467 5171 3647 5226 papae.

2270 5245 2566 5309 Remigius.
2630 5240 3014 5295 Linconiensis
3068 5241 3364 5312 episcopus
3411 5243 3483 5296 ad
3520 5243 3684 5314 epist.
3735 5255 3785 5295 Iv

2196 5331 2435 5385 Romam
2463 5346 2592 5384 eum
2637 5346 2752 5384 una
2795 5346 2923 5384 cum
2950 5330 3168 5383 Thoma
3194 5330 3525 5385 Eboracensi
3565 5331 3783 5402 petiisse

2194 5419 2454 5473 vidimus.
2489 5441 2509 5471 ι
2544 5420 2644 5474 Ille
2672 5418 2867 5490 primis
2894 5419 3057 5472 annis
3088 5419 3313 5489 egregia
3343 5420 3492 5490 apud
3520 5420 3783 5474 Dorkece-

2193 5514 2367 5563 stram
2399 5508 2721 5576 meditatus,
2754 5513 2812 5561 et
2840 5507 3028 5578 aliqua
3057 5507 3238 5562 facere
3267 5508 3572 5579 ingressus,
3607 5509 3783 5563 novis-

2193 5598 2334 5653 sime
2358 5613 2551 5653 curam
2567 5613 2788 5653 omnem
2817 5602 2876 5653 et
2897 5599 3089 5654 sedem
3104 5599 3395 5655 transtulit
3406 5599 3477 5654 ad
3495 5598 3780 5655 Lindocol-
