3892 6376
124 350 218 411 585
1141 339 1219 396 ΙΝ
1262 339 1483 396 EPIST.
1525 339 1589 396 B.
1631 340 1710 394 LA

1807 336 2046 394 FRANCI
2085 340 2319 395 ΝΟΤΔΕ.
3246 345 3369 410 ’586

123 479 261 534 niam
281 470 639 548 (Linconiam)
669 468 971 525 civitatem.
1008 486 1033 520 ι
1066 468 1136 522 Et
1159 466 1326 521 infra.
1369 488 1387 515 ο
1421 464 1581 530 Quod
1621 462 1901 523 eoAnica
1925 464 1980 518 S.
2013 464 2287 536 Stephani
2325 465 2690 527 Cadomensis
2721 468 2790 524 Α.
2839 470 2903 524 C.
2939 468 3099 529 1061.
3153 478 3212 530 et
3243 491 3364 548 seq.

120 565 399 638 jucundius
435 567 573 627 erat,
621 559 756 632 quia
802 559 923 629 ipse
969 573 1072 628 pro
1109 556 1415 627 exiguitate
1442 553 1691 625 corporis
1779 554 2023 608 Joannes
2050 561 2171 609 tum
2201 555 2560 612 Abrincensis
2595 558 2885 630 episcopus
2920 561 3172 618 libellum
3198 565 3376 621 edidit

124 672 250 727 pene
287 657 599 726 portentum
643 647 885 702 hominis
922 644 1237 710 videbatur,
1264 643 1582 697 luctabatur
1601 658 1696 696 ex-
1778 643 1861 698 De
1897 643 2093 698 ofﬁciis
2130 644 2549 714 ecclesiasticis;
2594 664 2761 718 quem
2806 649 3054 720 primum
3094 654 3378 723 evulgavit

124 745 303 800 cellere
321 746 378 796 et
396 740 531 796 foris
553 737 800 793 eminere
824 735 1066 800 animus,
1090 738 1321 803 eratque
1343 731 1559 802 gratior
1587 730 1699 784 exi-
1777 733 2037 804 notisque
2080 733 2372 789 adornavit
2400 735 2757 791 doctissimus
2797 739 3041 795 Joannes
3071 741 3124 795 le
3153 742 3375 809 Prevbt,

122 849 219 904 guo
245 830 463 886 veniens
489 845 520 882 e
551 842 783 898 corpore
799 824 976 878 virtus
1009 824 1185 887 (νίκα.
1216 822 1428 876 ίΕηείά.
1461 837 1513 883 v,
1545 818 1689 886 344).

1807 821 2244 893 tothomagensis
2274 823 2531 878 Ecclesiae
2558 825 2879 880 canonicus.
2913 827 2995 882 De
3022 830 3237 884 Joanne
3263 832 3378 885 Ro-

124 922 283 985 Quem
310 919 432 973 ideo
477 922 682 972 natura
724 913 1069 984 compegisse
1098 911 1335 977 videtur,
1369 914 1434 964 ut
1459 908 1699 963 sciretur
1776 911 2130 981 thomagensi
2158 911 2215 965 in
2244 911 2372 965 Vita
2405 912 2464 965 B.
2502 913 2817 979 Lanfranci,
2848 932 2970 985 cap.
3006 918 3055 983 5,
3092 935 3220 990 pag.
3244 920 3298 985 7,
3323 925 3380 974 et

123 1007 482 1063 beatissimum
522 1003 813 1075 ingenium
842 1002 901 1056 in
932 999 1248 1055 miserrimo
1273 1014 1506 1069 corpore
1534 995 1695 1050 habi-
1780 999 1927 1053 notis
1950 1000 2020 1053 ad
2042 1000 2320 1067 eamdem,
2342 1017 2470 1071 pag.
2502 1001 2589 1057 lit.
2617 1002 2671 1065 d,
2702 1002 2937 1058 inferius
2955 1004 3190 1064 iterum.

123 1102 253 1152 tasse
274 1110 452 1168 posse.
479 1114 502 1144 ι
538 1094 822 1147 Hactenus
851 1088 1210 1145 Malmesbur.
1241 1087 1335 1141 lib.
1371 1101 1425 1141 IV
1455 1086 1535 1140 De
1558 1100 1698 1155 pon-
1852 1088 2109 1142 Casulam
2125 1091 2330 1155 posuit.
2356 1089 2559 1142 Casula
2589 1106 2654 1143 eo
2671 1089 2777 1145 loci
2805 1108 2906 1161 pro
2939 1098 3089 1147 veste
3116 1110 3276 1148 sacra
3290 1111 3382 1149 su-

122 1183 195 1240 tif.
214 1182 269 1237 in
288 1184 453 1254 episc.
477 1181 755 1247 Lincoln.;
780 1179 1003 1234 Henric.
1029 1176 1373 1231 Huntindon.
1401 1173 1505 1229 sub
1528 1174 1697 1227 ﬁnem
1770 1175 1971 1230 mitur.
2003 1175 2272 1230 Alcuinus
2302 1176 2398 1231 lib.
2427 1177 2505 1230 De
2534 1177 2737 1232 divinis
2767 1179 2964 1234 ofﬁciis
2988 1199 3001 1248 ;
3033 1183 3374 1250 Amalarius,

122 1270 202 1326 lib.
226 1283 295 1325 vn
321 1269 601 1325 Historiae.
1774 1263 1873 1318 lib.
1893 1278 1956 1329 η,
1986 1280 2106 1335 cap.
2159 1264 2243 1332 [9;
2274 1265 2557 1332 Rabanus,
2590 1267 2717 1321 libr.
2748 1284 2767 1323 ι
2787 1269 2867 1323 De
2898 1269 3253 1326 institutione
3273 1273 3386 1327 cle-

525 1361 714 1425 353
746 1373 815 1410 an
846 1368 1142 1409 EPISTOLAM
1170 1368 1264 1408 xu.
1779 1352 2050 1419 ricorum,
2082 1369 2203 1424 cap.
2230 1352 2318 1409 21.

192 1450 418 1503 Wlstano
476 1448 844 1514 Vigornicnsi.
883 1445 1062 1508 Quam
1091 1441 1299 1513 insigni
1326 1437 1698 1495 sanctimonia
1857 1442 2053 1510 Cappis
2083 1444 2289 1495 induti.
2334 1443 2415 1499 De
2444 1460 2749 1515 capparum
2791 1445 2905 1501 sive
2937 1447 3265 1518 pluvialium
3288 1466 3382 1505 ec-

123 1536 342 1592 eluxerit
367 1536 426 1591 S.
456 1534 729 1590 Ulstanus
754 1532 1051 1605 perhibent
1068 1532 1323 1602 Rogerus
1348 1529 1623 1583 Hoveden.
1646 1526 1705 1581 in
1785 1529 2094 1584 clesiastico
2123 1546 2250 1595 usu,
2283 1529 2484 1585 Isidor.
2534 1532 2632 1586 lib.
2683 1547 2749 1587 xv
2778 1533 3093 1604 Originum,
3126 1554 3245 1609 cap.
3286 1538 3383 1607 l2;

123 1624 401 1679 Guillelmo
442 1621 667 1678 seniore
708 1621 779 1675 ad
823 1638 914 1674 an.
973 1618 1109 1677 1070
1157 1624 1214 1673 et
1264 1617 1434 1684 1703;
1477 1615 1702 1670 Guillel.
1787 1618 2112 1688 Helgaudus
2140 1618 2199 1672 in
2228 1618 2359 1673 Vita
2378 1619 2607 1674 Roberti
2636 1621 2786 1691 regis
2816 1623 3180 1690 Francorum,
3212 1642 3387 1696 agens

122 1710 459 1766 Malmesbur.
518 1709 600 1763 De
640 1714 784 1779 gest.
835 1707 1146 1778 Anglorum
1175 1705 1273 1759 lib.
1310 1719 1397 1770 In,
1432 1709 1489 1757 et
1516 1702 1614 1756 lib.
1650 1715 1704 1753 Iv

1807 1707 1857 1761 le
1885 1707 2117 1777 capella.
2148 1708 2323 1762 Porro
2352 1707 2496 1763 ritus
2524 1725 2830 1781 capparum
2868 1711 3295 1768 deferendarum
3328 1714 3390 1769 in

122 1799 192 1854 De
231 1798 421 1871 pontif.
467 1797 532 1852 in
561 1772 832 1869 episcopis
885 1772 1112 1865 Vigorn.
1157 1792 1406 1848 uberius.
1444 1792 1553 1845 Sed
1589 1772 2102 1861 praeBdedictione
2153 1796 2514 1851 ecclesiarum
2572 1772 2883 1853 etiamnum
2930 1799 3277 1870 observatur,
3325 1808 3394 1858 ut.

123 1888 317 1943 caeteris
370 1886 694 1942 Florentius
759 1884 1142 1955 Vigorniensis
1188 1882 1308 1952 (diu
1351 1879 1707 1935 familiariter

124 1993 235 2032 cum
275 1978 335 2032 Β.
376 1976 615 2031 Ulstano
644 1974 703 2028 in
732 1974 928 2028 eodem
959 1971 1298 2026 monasterio
1325 1971 1704 2036 conversatus)

125 2065 185 2119 ad
222 2081 308 2119 an.
359 2063 518 2123 1062.
579 2064 765 2117 Pauca
804 2061 1033 2116 interim
1079 2077 1144 2114 ex
1182 2059 1303 2130 ipso
1351 2059 1470 2113 haec
1516 2056 1704 2111 habe:

128 2172 153 2205 ι
178 2153 358 2208 Electo
384 2152 635 2208 Aldredo
674 2152 744 2206 ad
775 2149 1317 2220 archiepiscopatum
1346 2146 1709 2201 Eboracensis

131 2241 384 2307 Ecclesiae,
419 2242 487 2296 ﬁt
510 2240 795 2295 unanimis
822 2255 1125 2293 consensus
1150 2244 1264 2291 tam
1288 2237 1419 2291 cleri
1439 2252 1607 2307 quam
1628 2240 1710 2289 to-

130 2330 228 2385 tius
245 2329 417 2402 plebis
434 2327 868 2403 (Vigorniensis)
893 2326 951 2381 in
975 2328 1097 2398 ejus
1121 2325 1380 2393 (Ulstani)
1413 2324 1704 2379 electione.

129 2417 216 2472 lllo
236 2435 360 2473 vero
387 2417 833 2472 obstinatissime
869 2420 1161 2480 renuente,
1203 2430 1375 2485 seque
1412 2412 1707 2482 indignum

130 2507 468 2571 acclamante,
505 2511 562 2560 et
575 2522 702 2560 cum
723 2509 1075 2560 sacramento
1100 2502 1418 2557 affirmante
1445 2518 1505 2555 se
1531 2500 1707 2554 multo

131 2593 373 2650 libentius
416 2593 780 2651 decollationi
821 2609 991 2665 quam
1039 2598 1158 2647 tam
1206 2592 1335 2646 altae
1367 2588 1708 2644 ordinationi

129 2685 470 2739 succumbere
518 2684 678 2750 velle,
709 2682 937 2738 tandem
968 2699 1002 2736 a
1021 2681 1139 2735 viro
1164 2681 1267 2735 Dei
1293 2680 1467 2734 Vulso
1494 2678 1708 2732 incluso

130 2777 415 2844 correptus,
447 2771 639 2827 divino
676 2771 847 2826 etiam
869 2771 1093 2825 oraculo
1122 2769 1374 2833 territus,
1392 2767 1710 2821 consentire

130 2875 241 2914 cum
277 2860 525 2914 maximo
568 2859 759 2913 dolore
806 2858 990 2913 cordis
1040 2857 1362 2928 compulsus
1410 2861 1497 2910 est
1533 2874 1559 2908 ι
1601 2860 1705 2909 etc.

132 2944 389 3001 Eximium
411 2962 548 3000 vero
590 2945 809 3000 Ulstani
852 2946 1104 3012 effatum,
1133 2944 1230 2998 ubi
1260 2949 1503 2997 veterem
1533 2942 1708 2997 eccle-

1786 1890 1986 1939 notum
2017 1890 2103 1938 est
2123 1902 2188 1939 ex
2220 1885 2366 1939 libro
2396 1885 2728 1940 Pontiﬁcali.

1863 1975 1955 2028 Leo
1996 1975 2252 2028 Romana
2290 1976 2449 2039 sedis,
2489 1979 2594 2027 etc.
2628 1975 2802 2044 Cujus
2827 1992 3000 2046 supra
3029 1977 3391 2033 meminimus

1789 2063 1860 2117 ad
1893 2062 2057 2133 epist.
2086 2061 2116 2117 3
2150 2064 2198 2114 b.
2222 2063 2632 2117 Nonnullarum
2676 2061 2856 2134 [eum]
2888 2065 3067 2134 egisse
3098 2083 3391 2121 consecra-

1789 2150 1974 2205 tiones
2002 2150 2384 2213 ecclesiarum,
2415 2154 2584 2221 atque
2622 2150 2771 2204 inter
2798 2152 2936 2206 alias
2978 2153 3394 2212 Romaricensis

1789 2238 2005 2305 (Remis
2028 2238 2223 2292 habita
2251 2239 2503 2308 synodo),
2529 2254 2656 2291 cum
2688 2238 2898 2293 Gallias
2928 2240 3109 2310 primo
3140 2244 3227 2296 sui
3248 2259 3391 2313 pon-

1789 2329 2037 2383 tiﬁcatus
2066 2344 2214 2381 anno
2233 2329 2519 2391 lustraret,
2540 2330 3076 2385 testanturAnnales
3107 2332 3392 2388 ecclesias-

1789 2417 1886 2471 tici
1917 2417 2120 2471 Caesar.
2153 2415 2398 2482 Baronii,
2430 2421 2567 2470 tom.
2598 2419 2643 2479 Ι,
2677 2418 2764 2470 ad.
2800 2433 2939 2475 ann.
2982 2417 3136 2476 1049.

1860 2508 2286 2560 Romcriccnsem
2325 2506 2640 2561 Ecclesium.
2682 2506 3041 2561 Romericum
3067 2524 3165 2562 seu
3182 2508 3393 2577 .Roma-

1789 2595 1967 2648 ricum
2007 2610 2186 2658 mons,
2230 2594 2384 2647 locus
2430 2593 2580 2648 haud
2619 2594 2812 2664 procul
2843 2611 2878 2648 a
2905 2597 3144 2652 Mosellae
3172 2598 3297 2669 ripa
3335 2597 3392 2652 in

1790 2685 2007 2753 Vogeso
2036 2687 2252 2739 monte.
2287 2682 2344 2736 S.
2377 2682 2706 2736 Romaricus
2749 2682 2886 2736 inibi
2913 2685 3231 2739 cmnobium
3257 2703 3390 2741 san-

1790 2771 2198 2827 ctimonialium
2241 2771 2579 2838 construxit;
2615 2771 2764 2825 unde
2796 2772 2948 2826 locus
2977 2775 3392 2845 estappellatus

1790 2861 1950 2914 Mons
1992 2859 2337 2923 Romaricus,
2378 2864 2437 2913 et
2474 2860 2788 2924 vernacule,
2824 2860 3091 2914 vocabulo
3127 2869 3391 2933 corrupto

1791 2951 2178 3012 Rcmir’cmont,
2211 2947 2372 3018 quasi
2400 2947 2839 3014 Romaricmont,
2862 2948 3136 3003 vocitatur
3164 2956 3220 3004 et
3245 2952 3395 3007 San-

129 3033 255 3089 siam
300 3052 334 3090 a
361 3036 420 3090 S.
453 3034 705 3090 Osualdo
733 3034 1131 3088 exaediﬁcatam
1183 3032 1367 3102 detegi
1406 3048 1470 3086 ac
1516 3031 1706 3085 subrui
1728 3042 1909 3140 Cotus
1937 3038 2109 3090 Mons.
2143 3036 2317 3089 Multa
2351 3036 2422 3089 de
2461 3036 2515 3090 S.
2560 3036 2855 3090 Romarico
2886 3041 2944 3090 et
2967 3038 3089 3107 ejus
3117 3039 3391 3106 coenobio,

287 3123 299 3134 .
434 3128 447 3140 .
827 3129 905 3140 ,Α
2070 3125 2085 3140 .
2155 3125 2189 3140 η
2302 3130 2313 3140 .
2388 3123 2435 3140 ι,
2527 3129 2538 3140 .
2613 3125 2655 3140 ..
2794 3124 2852 3140 ι.
3009 3126 3024 3140 .
3124 3126 3136 3139 .
3241 3127 3256 3140 .

132 3123 475 3194 conspiceret,
516 3123 793 3195 lacrymas
822 3129 1016 3178 tenere
1058 3122 1310 3193 nequivit
1334 3124 1356 3145 ⁴’
1381 3121 1532 3175 unde
1560 3137 1595 3174 a
1623 3120 1708 3174 fa-

131 3210 425 3267 miliaribus
450 3211 708 3266 modeste
722 3212 1058 3282 redargutus
1078 3211 1226 3281 quod
1255 3210 1434 3281 magis
1464 3210 1713 3281 gaudere

131 3298 358 3366 deberet,
381 3300 676 3372 respondit
705 3316 717 3351 :
744 3319 770 3352 «
789 3301 903 3371 Ego
921 3301 1097 3370 longe
1118 3299 1282 3354 aliter
1298 3298 1550 3368 intelligo
1563 3299 1712 3369 quod

130 3401 220 3442 nos
246 3389 436 3444 miseri
464 3394 791 3443 sanctorum
822 3406 993 3459 opera
1021 3389 1384 3456 destruimus,
1437 3393 1502 3443 ut
1551 3387 1712 3442 nobis

130 3474 333 3532 laudem
353 3493 476 3533 com
484 3493 748 3549 paremus
766 3495 779 3545 ;
801 3463 1164 3533 non-noverat
1185 3478 1284 3533 illa
1309 3478 1555 3532 felicium
1571 3477 1713 3531 viro-

131 3579 241 3620 rum
263 3572 395 3622 aetas
422 3566 772 3638 pompaticas
801 3567 946 3621 aedes
971 3572 1295 3622 construere
1314 3567 1410 3621 sed
1439 3566 1543 3621 sub
1571 3583 1713 3637 qua-

130 3651 371 3726 licunque
391 3660 545 3710 tecto
572 3655 723 3727 ipsos
752 3656 867 3710 Deo
882 3656 1197 3723 immolare,
1228 3657 1623 3727 subjectosque
1642 3656 1713 3709 ad

132 3745 428 3815 exemplum
460 3745 749 3799 attrahere
773 3762 786 3813 ;
828 3761 932 3799 nos
961 3751 1192 3800 econtra
1221 3745 1456 3800 nitimur
1481 3751 1563 3810 ut,
1596 3745 1712 3798 ani-

132 3845 334 3887 marum
363 3833 719 3904 negligentes
741 3850 955 3901 curam,
987 3836 1402 3890 accumulemus
1421 3834 1655 3905 lapides.
1684 3853 1706 3885 ι

134 3917 211 3974 Ita
235 3921 325 3976 ille
351 3922 411 3976 in
450 3921 937 3977 Malmesburiensi
980 3923 1077 3977 ubi
1101 3940 1290 3996 supra.
1325 3924 1480 3988 Quod
1509 3924 1715 3995 ponde-

132 4013 261 4076 rent,
284 4027 498 4081 precor,
524 4011 620 4081 qui
644 4011 820 4066 nimia
834 4012 1125 4083 prurigine
1149 4013 1319 4079 (utita
1337 4013 1533 4082 dicam)
1555 4029 1714 4067 occu-

133 4103 322 4164 pantur
347 4106 542 4155 vetera
562 4099 820 4155 abolendi
851 4107 1233 4157 monumenta.
1641 4119 1647 4126 '

638 4206 710 4243 AD
737 4202 1041 4245 EPISTOLAM
1069 4206 1183 4247 XIII.

1793 3143 1895 3180 nec
1914 3142 2027 3179 non
2054 3125 2124 3178 de
2155 3125 2356 3178 Sancto
2388 3123 2580 3178 Monte
2611 3125 2773 3194 Hugo
2793 3124 3098 3201 Menardus
3121 3126 3180 3181 in
3206 3127 3393 3182 obser-

1795 3212 2109 3269 vationibus
2125 3212 2197 3267 ad
2217 3213 2684 3283 martyrologium
2697 3214 3123 3270 Benedictinum
3143 3216 3215 3270 ad
3240 3216 3392 3273 diem

1792 3303 1846 3358 8.
1880 3302 2139 3360 Decemb.

1863 3395 2219 3461 Manipulum
2244 3407 2350 3446 esse
2378 3407 2666 3445 commune
2702 3397 3116 3448 ornamentum.
3154 3395 3392 3451 Alcuino

1793 3488 1851 3536 et
1879 3482 2109 3536 Rabano
2136 3479 2453 3534 communis
2473 3484 2559 3534 est
2576 3480 2792 3535 caeteris
2820 3481 3110 3537 ordinibus
3138 3484 3396 3556 manipu-

1792 3571 1900 3637 lus,
1932 3569 2082 3623 velut
2120 3568 2360 3622 amictus
2389 3572 2449 3621 et
2483 3568 2629 3635 alba,
2672 3568 2950 3639 siquidem
2981 3587 3081 3641 pro
3104 3574 3389 3644 mappula,

1796 3675 1918 3731 quae
1940 3659 2167 3712 sinistro
2199 3662 2427 3728 aptatur
2452 3655 2700 3723 brachio,
2738 3658 2808 3711 ad
2831 3660 3142 3714 humorese
3161 3661 3392 3716 naribus

1794 3754 1964 3819 atque
1987 3747 2164 3801 oculis
2179 3732 2490 3800 defluentes
2510 3746 2895 3816 extergendos,
2918 3748 3210 3816 accipitur.
3239 3751 3393 3821 Map-

1794 3837 2003 3907 pulam,
2056 3835 2279 3905 phanon
2325 3849 2424 3887 seu
2461 3834 2694 3887 mantile
2748 3834 2944 3888 dicunt
2991 3835 3072 3889 illi
3110 3842 3390 3907 auctores,

1794 3923 2113 3997 primuslib.
2135 3924 2214 3977 De
2239 3922 2440 3976 divinis
2470 3922 2684 3986 ofﬁciis,
2717 3923 2861 3976 alter
2886 3940 3015 3978 vero
3040 3924 3119 3978 De
3145 3924 3389 3980 institut.

1795 4013 2127 4068 clericorum
2167 4010 2262 4064 lib.
2314 4025 2352 4076 I,
2381 4027 2500 4081 cap.
2544 4010 2630 4064 18.
2677 4011 2755 4064 De
2785 4010 3073 4082 manipulo
3102 4029 3201 4067 seu
3230 4030 3392 4085 map-

1794 4104 1926 4174 pulo
1969 4101 2269 4172 praedictus
2320 4098 2621 4153 Menardus
2658 4100 3027 4154 Concordiam
3069 4102 3390 4172 regularum

1795 4191 2092 4262 explicans,
2124 4205 2253 4260 pag.
2278 4186 2411 4255 894;
2454 4186 2743 4242 Gavantus
2782 4188 2839 4242 in
2870 4188 3124 4244 rubricas
3152 4190 3394 4246 missalis

192 4276 1716 4350 JoanniNorthmannorumarchiepiscopo.Northman-
1777 4284 1947 4352 part.
1982 4293 2044 4332 ιι.
2066 4277 2154 4330 tit.
2187 4277 2242 4328 1.

135 4377 319 4420 norum
376 4367 627 4439 appellat
663 4369 1148 4441 archiepiscopum
1179 4371 1780 4440 Rothomagensem,])
1867 4369 2053 4424 Solent
2101 4369 2247 4434 ferre
2295 4367 2671 4434 manipulum.
2722 4364 3010 4435 Abrogata
3035 4369 3395 4437 postmodum

135 4467 248 4507 eam
290 4455 359 4510 ob
395 4472 623 4511 causam
654 4456 787 4528 quia
820 4458 938 4529 juri
988 4458 1165 4529 ipsius
1209 4459 1430 4513 subsint
1470 4460 1715 4513 universi

134 4538 542 4599 Northmanniae
570 4544 832 4617 episcopi.
860 4547 938 4601 Eo
958 4547 1127 4601 etiam
1147 4547 1409 4618 loquendi
1425 4547 1590 4601 modo
1612 4547 1718 4601 uti-

136 4632 220 4682 tur
259 4632 422 4703 epist.
464 4631 552 4690 34.
591 4634 853 4707 Scribens
887 4636 1199 4691 Domnaldo
1227 4637 1400 4691 totius
1438 4636 1716 4690 Hiberniae

138 4721 571 4791 metropolitano,
593 4721 877 4778 Hiberniae
899 4724 1219 4796 episcopum
1234 4725 1715 4796 nuncupat.Joan-

138 4805 216 4859 nis
239 4813 395 4876 gesta
422 4810 569 4882 stylo
602 4827 704 4866 suo
729 4812 1011 4883 prosecuti
1039 4819 1172 4868 sunt
1199 4814 1484 4868 Guillelm.
1513 4798 1716 4868 Geme-

140 4891 348 4951 tieensis
375 4897 528 4953 Hist.
561 4898 660 4953 lib.
693 4914 790 4967 vn,
833 4917 956 4972 cap.
999 4900 1088 4969 38,
1122 4908 1180 4957 et
1206 4902 1301 4956 lib.
1328 4917 1444 4968 vm,
1480 4920 1609 4974 cap.
1648 4905 1711 4971 3;

141 4978 349 5039 Robert.
373 4987 444 5041 de
457 4987 647 5044 Monte
662 4988 721 5043 in
743 4990 1019 5045 Chronico
1039 5008 1145 5058 ms,
1168 5008 1301 5046 ann.
1323 4991 1464 5048 1067
1481 4998 1539 5047 et
1560 4991 1710 5049 1074.

145 5067 241 5125 Sed
266 5075 505 5131 maxime
535 5077 768 5132 Orderic
794 5078 965 5134 Vital.
994 5080 1138 5135 Hist.
1176 5080 1272 5135 lib.
1296 5096 1369 5138 ιν.
1400 5098 1530 5152 pag.
1564 5080 1663 5138 507
1699 5100 1711 5136 :

147 5173 168 5205 ι
203 5158 437 5218 Joannes
485 5164 556 5219 de
603 5166 734 5221 sede
776 5167 1186 5227 Abrincatensi.
1221 5187 1390 5241 quam
1420 5170 1453 5225 7
1483 5170 1642 5225 annis
1664 5175 1721 5225 et

144 5253 368 5313 quatuor
392 5252 678 5309 mensibus
696 5261 998 5325 rexerat,et
1028 5258 1494 5329 metropolitanus
1514 5259 1720 5313 Rotho-

144 5337 406 5405 magensis
444 5341 624 5396 factus
651 5348 756 5398 est.
790 5345 894 5399 Hic
921 5346 1123 5401 ardore
1154 5346 1421 5401 virtutum
1448 5347 1504 5401 in
1538 5347 1718 5402 verbis

146 5426 197 5474 et
212 5426 466 5494 operibus
492 5431 879 5503 multipliciter
900 5434 1167 5495 fervebat,
1199 5436 1486 5507 nimioque
1515 5437 1631 5491 zelo
1660 5437 1718 5491 in

145 5509 287 5578 vitia,
332 5521 398 5571 ut
432 5516 673 5575 Phinees
708 5522 988 5590 saeviebat,
1021 5542 1049 5578 υ
1082 5530 1186 5579 etc.
1218 5525 1391 5580 Plura
1413 5526 1538 5580 vide
1570 5527 1719 5597 apud

144 5601 412 5673 eumdem,
432 5605 529 5662 lib.
562 5623 638 5675 ιν,
659 5625 790 5682 pag.
803 5610 911 5669 527
930 5630 945 5681 ;
967 5613 1065 5668 lib.
1085 5632 1138 5683 v,
1154 5630 1283 5686 pag.
1303 5614 1426 5672 551.
1450 5615 1520 5671 Et
1540 5615 1718 5670 Chro~

414 5705 678 5771 ΡΑτιιοι.
706 5709 825 5773 CL.

1796 4457 1904 4511 fuit
1930 4456 2040 4510 ista
2067 4453 2433 4509 consuetudo.
2483 4453 2693 4508 Concil.
2744 4454 3067 4511 Pictavense
3114 4471 3177 4524 II,
3209 4462 3398 4524 354

1796 4545 1900 4600 sub
1939 4543 2194 4599 Paschali
2224 4541 2299 4605 II,
2329 4559 2451 4612 cap.
2489 4542 2518 4596 5
2559 4555 2570 4589 :
2619 4560 2645 4593 α
2674 4542 2749 4596 Ut
2798 4559 2965 4597 nemo
2993 4546 3397 4601 monachorum

1797 4634 2058 4704 deinceps
2089 4630 2393 4702 manipulis
2422 4629 2771 4695 utatur,‘nisi
2806 4631 2979 4687 fuerit
3024 4633 3399 4690 subdiaconus

1797 4723 2089 4778 ordinatus
2104 4768 2115 4779 .
2159 4740 2182 4772 ι

1869 4814 1933 4866 Et
1958 4814 2021 4866 de
2050 4809 2364 4864 ordinando
2387 4807 2736 4863 subdiacono.
2779 4807 2912 4870 Quae
2945 4808 3005 4862 in
3045 4810 3398 4868 ordinatione

1798 4898 2125 4956 subdiaconi
2155 4903 2289 4952 sunt
2309 4894 2647 4967 peragenda,
2681 4895 2943 4965 perdocte
2963 4913 3089 4951 cum
3122 4916 3187 4953 ex
3215 4902 3398 4956 conci-

1798 4990 1906 5055 liis,
1934 4995 2056 5043 tum
2080 5003 2146 5041 ex
2166 4983 2414 5055 antiquis
2434 4981 2695 5037 Patribus
2708 4982 2854 5035 idem
2874 4983 2969 5053 qui
2988 5001 3162 5055 supra
3184 4989 3400 5045 Menar-

1799 5080 1904 5135 dus
1946 5079 2004 5133 in
2045 5076 2251 5131 librum
2293 5074 2639 5128 Sacrament.
2674 5071 2739 5126 D.
2778 5071 3034 5142 Gregorii
3054 5090 3230 5146 papae,
3265 5092 3395 5148 pag.

1798 5167 1907 5226 280
1933 5164 2208 5221 edisserit.

1874 5258 2011 5312 Cum
2040 5271 2187 5322 aqua
2212 5253 2442 5306 manili.
2488 5249 2570 5303 De
2607 5265 2767 5320 aquae
2794 5248 3037 5315 manilis,
3072 5252 3306 5321 urceoli,
3334 5269 3403 5307 ac

1803 5341 2236 5413 mamanutergii
2273 5338 2681 5411 significatione
2723 5336 2924 5393 videsis
2953 5339 3235 5405 eumdem,
3279 5342 3401 5397 loco

1802 5436 1992 5500 citato,
2014 5432 2140 5489 281.
2708 5498 2711 5507 1

2335 5533 2408 5574 ΑΙ)
2429 5529 2724 5572 EPISTOLA)!
2751 5530 2865 5570 XIV.

1880 5612 2254 5669 Tcmerariam
2291 5607 2686 5676 superbamque
2725 5607 3106 5673 temeritatem,
3155 5611 3260 5663 etc.
3303 5610 3410 5667 Hic

3084 5707 3161 5769 19
