3892 6386
142 319 240 378 589

1167 321 1242 374 ΙΝ
1285 321 1508 374 EPIST.
1550 320 1612 376 B.
1656 320 2070 373 LANFRANCI
2110 319 2341 382 NOTAE.

3284 321 3390 396 59.0

142 459 248 496 rem
274 448 462 496 tamen
501 459 564 496 ex
605 459 762 511 aequo
808 459 1070 510 pensans,
1116 444 1246 497 hinc
1284 445 1712 498 immoderatam
1732 447 1779 503 A
1802 445 2004 496 nedum
2024 443 2477 511 religiosismetas
2499 449 2583 496 est
2595 445 2929 497 tuendorum
2957 451 3145 510 356
3162 448 3392 518 privile-

139 531 525 599 arrogantiam,
575 531 705 584 hinc
750 530 1128 585 inconsultum
1188 535 1491 586 tumultum
1546 533 1714 600 justis

140 620 554 673 liberationibus
589 620 994 688 praeponderat.
1034 621 1198 673 Jubet
1226 621 1396 688 igitur
1425 621 1713 674 ecclesiam

139 709 312 762 statim
343 709 412 760 ab
428 709 844 778 archiepisCOpo
866 710 1400 772 reconciliari.Quod
1423 726 1548 762 cum
1578 709 1715 760 satis

134 798 266 849 irato
297 802 351 848 et
388 797 690 850 reluctanti
743 797 930 850 animo
979 797 1270 858 abnueret,
1311 815 1406 849 rex
1458 797 1714 850 Michaeli

135 885 375 954 episc0po
406 885 799 939 Abrincacensi
842 885 947 938 loci
986 886 1493 938 reconciliationem
1523 886 1713 953 injun-

99 1032 102 1036 η
137 974 222 1034 xit,
250 973 523 1042 pudorem
556 991 682 1026 vero
713 989 898 1036 suum,
938 975 996 1026 in
1027 976 1212 1027 futuro
1244 975 1540 1027 vindictam
1575 991 1715 1042 prze-

135 1062 374 1124 tendens,
423 1062 812 1116 dissimulavit.
872 1065 1127 1126 Quatuor
1177 1063 1351 1133 igitur
1417 1063 1716 1115 monachos

1793 533 2014 600 giorum
2044 533 2248 600 gratia,
2276 532 2544 584 violentas
2572 549 2770 586 manus
2790 537 3009 602 (contra
3041 534 3392 606 Psalmogra—

1797 621 1890 689 phi
1927 629 2294 690 praeceptum:
2323 623 2500 673 3‘01:th
2532 626 2750 687 tangere
2783 624 3021 676 Christus
3043 629 3389 691 meosHPsal.

1796 724 1899 773 CIV,
1935 709 2011 771 15)
2046 711 2102 762 in
2148 716 2344 762 unctos
2391 710 2632 774 Domini,
2676 711 2963 782 episcopos
2991 713 3251 782 injicere;
3297 715 3397 786 qui

1797 798 1866 850 ab
1895 800 2180 868 Apostolo,
2210 815 2308 868 per
2331 799 2796 864 antonomasiam,
2825 800 3068 854 ministri
3091 803 3321 872 Christi,
3340 809 3397 857 et

1797 888 2213 956 dispensatores
2257 887 2652 956 mysteriorum
2694 888 2795 940 Dei
2829 889 2878 955 (Ι
2909 891 3029 942 Cor.
3071 905 3144 954 IV,
3184 890 3254 959 1).
3291 893 3396 948 hoc

1799 982 1883 1028 est
1910 976 2342 1045 praedicationis,
2397 974 2693 1027 sacerdotii
2736 981 2792 1028 et
2836 977 3074 1031 aliorum
3107 996 3397 1033 sacrorum

1797 1065 2056 1116 ordinum
2104 1071 2184 1127 (ut
2231 1064 2339 1117 fert
2366 1065 2554 1132 glossa
2584 1064 2649 1116 Β.
2705 1065 3015 1130 Lanfranci)
3049 1085 3396 1123 successores

137 1150 250 1213 loci,
271 1167 409 1219 quos
431 1157 489 1202 et
504 1150 756 1204 factionis
773 1157 1027 1205 auctores
1048 1152 1562 1212 audierat,totidem
1587 1151 1719 1204 alio-
1799 1160 1931 1204 sunt
1959 1154 2360 1221 apostolorum,
2395 1153 2673 1223 principes
2705 1154 2981 1217 Ecclesiae,
3019 1158 3225 1225 angeli,
3255 1158 3354 1211 dii.

137 1255 249 1292 rum
273 1239 652 1292 cmnobiorum
684 1240 978 1293 abbatibus
1028 1241 1307 1293 commisit
1342 1247 1617 1309 quatenus
1661 1245 1716 1291 et

135 1327 508 1397 achiepiscopo
543 1328 906 1393 satisfaceret,
960 1335 1016 1381 et
1045 1329 1125 1381 illi
1160 1330 1218 1380 in
1266 1329 1715 1399 peregrinatione

135 1431 226 1467 sua
251 1416 471 1468 luerent
504 1417 652 1485 quod
699 1418 885 1470 minus
927 1419 1168 1471 consulti
1214 1424 1554 1487 peccassent.
1591 1417 1715 1468 Non

134 1505 296 1558 multo
325 1511 453 1574 post
483 1511 695 1569 tamen,
733 1511 789 1558 et
817 1507 1050 1559 rationis
1071 1506 1514 1560 consideratione
1543 1513 1596 1557 et
1618 1522 1733 1574 per

131 1593 230 1645 titu
257 1592 476 1646 abbatis
522 1593 769 1664 ipsorum
809 1598 1003 1660 flexus,
1031 1595 1088 1647 in
1130 1596 1485 1663 przesentiam
1517 1594 1603 1645 sui
1625 1611 1718 1645 eos

133 1683 414 1747 revocavit,
441 1689 500 1735 et
541 1684 798 1736 Ecclesiae
823 1683 1212 1736 reconciliatos
1244 1683 1505 1735 reddidit.
1539 1682 1602 1733 In
1629 1682 1715 1733 his

1870 1246 2010 1306 (lu-ia.
2065 1259 2150 1294 res
2199 1244 2450 1304 oderunt,
2500 1247 2546 1293 et
2606 1245 3050 1310 adprobauerunt,
3099 1249 3391 1315 (juverunt.

1799 1328 2132 1398 Quanquam
2169 1329 2428 1397 superius
2456 1328 2688 1380 dixerim
2721 1332 3023 1384 monachos
3051 1333 3107 1392 S_.
3135 1333 3394 1388 Audoeni

1797 1423 2029 1486 tangere
2051 1419 2153 1470 hac
2172 1417 2228 1469 in
2260 1418 2494 1486 epistola
2517 1417 2581 1469 Β.
2616 1418 3007 1484 Lanfrancum,
3030 1421 3396 1476 nihilominus

1800 1507 2111 1576 presbyteri
2155 1506 2246 1575 qui
2295 1507 2566 1558 Joannem
2599 1507 3078 1577 archiepiscopum
3117 1510 3396 1580 lapidibus

1800 1595 2086 1663 appetiere
2118 1601 2354 1663 possunt
2381 1593 2617 1662 intelligi
2644 1613 2654 1660 ;
2691 1596 2834 1662 quod
2859 1596 3043 1664 prodit
3075 1597 3396 1661 Ordericus,

1798 1683 1900 1739 lib.
1939 1697 2010 1747 ιν,
2044 1701 2098 1752 p.
2147 1681 2289 1736 507:
2331 1703 2351 1732 α
2407 1681 2644 1735 Multum
2687 1689 2881 1736 contra
2926 1684 3237 1754 impudicos
3276 1704 3400 1758 pre-

133 1770 376 1824 omnibus
398 1788 627 1840 semper
646 1772 792 1841 apud
818 1772 1002 1838 ipsum
1021 1779 1244 1825 cautum
1263 1771 1474 1824 exstitit
1494 1788 1562 1822 ne
1586 1771 1715 1839 quid
1736 1757 1780 1815 B
1801 1769 2054 1838 sbyteros
2085 1788 2184 1840 pro
2225 1770 2540 1823 auterendis
2576 1770 2864 1840 pellicibus
2905 1771 3178 1826 laboravit
3212 1757 3404 1840 (Joan-

135 1857 228 1910 sibi
263 1859 739 1929 archiepiscopus,
777 1860 937 1929 quasi
972 1859 1074 1912 sub
1106 1859 1479 1912 ecclesiastico
1510 1858 1715 1927 vigore,

133 1947 184 1999 in
208 1948 384 2000 causis
405 1949 581 2017 hujus
607 1947 852 2001 ecclesiae
881 1948 1564 2016 insolenterarrogaverit.
1597 1946 1718 1998 Imo

134 2043 414 2105 postquam
471 2038 526 2089 ei
573 2037 798 2106 gemino
852 2038 1090 2090 fratrum
1149 2037 1473 2089 eorumdem
1530 2035 1720 2088 exsilio

137 2124 412 2187 satisfecit,
445 2142 571 2178 rem
600 2125 656 2178 in
689 2126 982 2179 consilium
1013 2125 1188 2195 ponit,
1223 2125 1518 2177 concilium
1551 2124 1718 2192 cogit,

136 2213 266 2280 quod
309 2213 601 2266 abbatiam
647 2231 806 2267 suam
835 2214 980 2267 irato
1021 2219 1075 2266 et
1123 2214 1503 2266 tumultuante
1534 2212 1722 2264 animo

133 2299 404 2366 intrasset,
440 2303 592 2371 quod
626 2302 802 2355 turbae
825 2319 994 2355 causa
1026 2307 1082 2355 et
1111 2302 1349 2354 materia
1395 2301 1716 2363 exstitisset,

139 2390 270 2452 quod
299 2391 404 2442 loci
435 2391 950 2443 reconciliationem
989 2391 1093 2442 sibi
1124 2391 1475 2458 denegasset,
1509 2389 1720 2457 judicio

136 2479 426 2546 primatum
457 2495 692 2532 suorum
735 2486 1015 2532 trecentas
1063 2479 1235 2532 libras
1268 2479 1476 2547 exegit.
1525 2477 1719 2530 Delicti

143 2566 266 2620 satis
299 2568 402 2621 hac
427 2568 678 2621 vindicta
707 2569 1048 2633 exsolvisset,
1078 2569 1125 2620 si
1155 2569 1350 2621 intime
1387 2568 1518 2620 facti
1550 2566 1723 2636 poeni-

141 2656 344 2721 tuisset,
387 2657 731 2727 Dominique
779 2657 1110 2726 patientiam
1169 2675 1281 2710 non
1330 2657 1717 2724 negligendam

140 2751 397 2813 putasset.
433 2745 549 2799 Sed
580 2746 754 2798 animi
780 2763 1092 2811 rancorem,
1127 2763 1228 2798 nec
1256 2753 1445 2798 tamen
1474 2745 1719 2814 primum

137 2834 386 2889 adversus
435 2835 497 2887 S.
544 2835 798 2888 Audoeni
840 2835 1146 2888 comobitas
1191 2840 1499 2903 acceperat,
1535 2841 1592 2885 et
1621 2834 1725 2885 hoc

135 2922 282 2974 modo
314 2923 504 2992 potuit
534 2923 718 2993 potius
750 2924 1076 2992 exaggerari
1108 2940 1272 2993 quam
1318 2923 1498 2975 leniri.
1533 2922 1723 2974 Trium

135 3025 396 3065 annorum
428 3012 678 3082 spatium
710 3013 991 3065 evolutum
1024 3019 1163 3076 erat,
1190 3018 1245 3064 et
1275 3029 1499 3080 semper
1536 3011 1723 3079 repul-

1801 1863 1917 1923 nes)
1959 1877 1968 1910 :
2007 1876 2041 1910 a
2075 1859 2274 1927 quibus
2302 1859 2434 1912 dum
2466 1859 2522 1910 in
2565 1860 2777 1928 synodo
2814 1859 3150 1913 concubinas
3187 1862 3266 1914 eis
3294 1862 3397 1916 sub

1803 1948 2160 2000 anathemate
2180 1947 2518 2016 prohiberet,
2544 1947 2824 2016 lapidibus
2845 1965 3142 2017 percussus
3161 1952 3398 2022 aufugit,

1805 2035 2135 2105 fugiensque
2190 2035 2258 2087 de
2296 2035 2550 2099 ecclesia,
2603 2038 2740 2088 [)cus
2801 2043 3066 2090 venerunt
3103 2046 3282 2105 gentes
3338 2043 3402 2094 in

1807 2125 2170 2177 [nereditatem
2199 2130 2352 2176 tuam
2379 2126 2539 2195 (Ριςαι.
2571 2139 2796 2188 Lxvau,
2825 2124 2903 2194 1),
2951 2125 3170 2180 fortiter
3198 2128 3404 2182 clama-

1805 2214 1902 2265 vit.
1937 2231 1963 2267 1)

2341 2320 2410 2355 AD
2442 2316 2738 2356 EPISTOLAM
2773 2319 2860 2355 XV.

1875 2392 2013 2443 Pard
2021 2389 2058 2439 it
2067 2392 2264 2441 issima}
2284 2392 2738 2455 congregationis.
2750 2391 3275 2460 Congregationem,
3295 2395 3403 2448 hoc

1803 2480 1922 2531 loco
1957 2479 2256 2530 monachos
2289 2479 2466 2531 sancti
2494 2478 2748 2532 Audoeni
2773 2480 2930 2532 innui
2961 2481 3214 2548 videtur;
3243 2500 3401 2553 quos,

1805 2568 1988 2620 laxata
2009 2568 2319 2620 monastica
2357 2568 2671 2638 disciplina,
2709 2568 3083 2623 dissolutioris
3120 2571 3242 2624 vitae
3283 2580 3407 2626 tum

1807 2657 2084 2709 exstitisse
2129 2664 2461 2725 argumento
2513 2664 2599 2710 est
2646 2657 2944 2711 subsecuta
2972 2660 3207 2712 coenobii
3236 2663 3408 2715 refor—

1805 2746 1982 2797 matio
2015 2745 2116 2798 sub
2145 2747 2382 2814 llelgoto
2413 2747 2645 2800 Cadomi
2691 2748 2896 2817 priore,
2930 2747 3151 2801 Nicolai
3179 2766 3403 2814 succes-

1809 2850 1932 2886 sore
1959 2851 1970 2897 ;
2003 2835 2150 2902 quod
2186 2835 2469 2887 memoriae
2502 2835 2747 2903 prodidit
2795 2836 3070 2889 Robertus
3101 2838 3169 2890 de
3212 2838 3405 2892 Monte

1808 2920 1863 2972 in
1898 2921 2173 2974 Chronico
2205 2939 2308 2978 ms.
2358 2931 2482 2993 post
2529 2924 2896 2992 appendicem
2928 2927 2998 2978 ad
3040 2927 3401 2996 Sigibertum,

1808 3008 2035 3062 abbatcs
2065 3028 2360 3064 recensens
2391 3013 2715 3064 monasterii
2752 3014 3034 3082 praedicti;
3067 3017 3168 3068 llic
3191 3017 3410 3088 (Helgo-

137 3114 244 3151 sam
274 3101 360 3154 sui
401 3101 656 3153 dolorem
701 3101 966 3153 continuo
995 3118 1182 3153 secum
1215 3100 1564 3164 corrodebat,
1599 3116 1724 3152 con—
1743 3067 1787 3128 Ο
1807 3103 1917 3160 tus)
1949 3101 2197 3151 ordinem
2227 3103 2551 3153 enzendavz't.

131 3189 340 3254 gruenti
374 3205 518 3242 sane
561 3190 811 3258 exemplo
851 3206 1179 3259 suspensus,
1214 3189 1364 3241 velut
1395 3187 1724 3256 evangelica)

135 3273 269 3330 illius
305 3278 566 3330 ﬁculneae
592 3275 983 3341 fructus,un(le
1012 3279 1092 3330 sic
1120 3278 1376 3347 quaedam
1407 3283 1726 3346 exspectata

132 3363 296 3418 tribus
323 3367 577 3419 fructum
608 3383 716 3418 non
750 3368 943 3420 attulit
969 3367 1154 3420 annis.
1190 3369 1327 3419 Cum
1354 3374 1479 3435 post
1509 3365 1563 3417 id
1587 3371 1724 3417 tem-

134 3453 286 3520 poris,
311 3455 587 3508 redeunte
612 3456 807 3508 eadem
829 3457 1151 3521 festivitate,
1187 3457 1377 3526 paucis
1403 3461 1533 3508 ante
1568 3471 1727 3506 men-

133 3538 273 3594 sibus
292 3544 543 3614 paralysi
566 3547 869 3614 perculsus,
903 3547 1000 3599 sed
1028 3546 1096 3599 ab
1121 3547 1226 3599 hac
1255 3545 1584 3597 infirmitate
1607 3545 1726 3610 jam

135 3631 402 3699 respirans
455 3633 530 3685 ad
580 3636 993 3688 solemnitatem
1040 3635 1210 3698 venit,
1238 3641 1293 3687 et
1346 3634 1478 3702 quia
1528 3649 1628 3701 per
1663 3650 1720 3685 se

135 3716 348 3772 missam
379 3720 666 3774 celebrare
697 3739 805 3775 non
830 3722 1376 3798 potuit.Vasleberto
1404 3721 1721 3774 Ebroicensi

136 3806 376 3878 episcopo
403 3811 555 3862 vices
583 3828 714 3863 suas
742 3812 1040 3865 commisit.
1084 3814 1208 3881 Ipse
1238 3812 1297 3863 in
1323 3811 1504 3863 medio
1535 3815 1724 3862 canto-

136 3909 247 3948 rum
271 3900 453 3966 specie
486 3901 846 3968 preecentoris
877 3903 1050 3954 stetit.
1074 3901 1320 3954 Tandem
1349 3899 1496 3966 regia
1537 3905 1723 3951 aucto-

138 3988 309 4047 ritate,
342 3988 458 4040 imo
491 3989 751 4042 consultu
793 3992 1045 4044 omnium
1096 3991 1352 4060 pulsatus
1398 3989 1720 4057 episcopatu

135 4074 285 4134 cedit,
310 4081 366 4129 et
385 4078 456 4130 ad
491 4079 792 4146 quamdam
819 4081 906 4132 sui
933 4079 1256 4149 patrimonii
1289 4078 1495 4139 villam,
1545 4077 1721 4129 sancti

136 4160 409 4218 Philiberti
436 4165 550 4228 die,
581 4167 790 4220 secedit
813 4186 825 4234 ;
877 4168 972 4220 ubi
998 4174 1055 4221 et
1082 4167 1488 4237 aliquantisper
1523 4181 1720 4234 super-

137 4249 270 4304 vixit.
299 4254 644 4308 Duodecimo
684 4273 811 4310 vero
857 4257 944 4310 sui
989 4258 1320 4327 praesulatus
1374 4272 1542 4317 anno,
1575 4255 1720 4307 viam

1876 3189 2126 3254 Episcopi
2169 3190 2505 3257 ll"alclwlini,
2554 3206 2654 3242 seu
2697 3191 3050 3248 Walchelmi.
3097 3193 3404 3249 Bibliothe-

1810 3276 1995 3329 carius
2025 3276 2385 3330 Malmesbur.
2428 3278 2482 3330 in
2525 3279 2800 3350 episcopis
2840 3282 3210 3348 Vintoniens.,
3246 3284 3341 3336 lib.
3368 3302 3405 3352 ξι

1809 3365 1889 3417 De
1919 3366 2113 3434 pontif.
2151 3385 2176 3418 (ι
2221 3366 2488 3436 Stigando
2537 3362 2790 3438 deposito
2833 3371 3103 3424 successit
3143 3373 3408 3440 Valchel-

1811 3471 1955 3518 mus,
1991 3471 2022 3506 a
2071 3455 2354 3508 VVillelmo
2412 3473 2542 3525 rege
2606 3458 2790 3524 datus,
2843 3460 2999 3529 cujus
3055 3460 3200 3514 bona
3237 3479 3409 3532 opera

1810 3543 2018 3595 famam
2051 3544 2322 3597 vincentia
2354 3545 2570 3598 senium
2600 3564 2630 3598 a
2662 3565 2721 3600 se
2753 3550 3075 3602 vestustatis
3111 3552 3402 3621 repellent,

1807 3632 2055 3700 quandiu
2095 3632 2232 3685 inibi
2281 3634 2441 3686 sedes
2485 3635 2814 3706 episcopalis
2857 3638 3099 3692 durabit.
3129 3640 3201 3692 Et
3223 3640 3405 3711 primo

1808 3721 2033 3789 quidem
2057 3722 2269 3774 advena
2300 3740 2473 3776 novus
2505 3727 2804 3778 monachos
2832 3744 3031 3779 exosus
3052 3728 3270 3795 fuerat;
3307 3730 3407 3796 sed

1805 3809 1964 3862 facile
1985 3817 2268 3864 correctus
2290 3813 2658 3865 umbraticum
2684 3815 2821 3866 illud
2843 3815 3033 3867 odium
3055 3833 3199 3885 saepe
3220 3818 3408 3887 deplo-

1805 3898 1963 3962 ravit,
2011 3899 2270 3969 deinceps
2298 3902 2486 3952 fovens
2519 3918 2611 3953 eos
2641 3909 2704 3954 ut
2734 3903 2897 3964 ﬁlios,
2930 3904 3165 3972 diligens
3198 3911 3260 3958 ut
3287 3907 3403 3975 fra-

1804 3994 1938 4040 tres.
1969 3989 2250 4041 honorans
2274 4004 2334 4042 ut
2365 3989 2639 4041 dominos.
2672 3991 2856 4043 Unum
2889 3999 2974 4045 est
2993 3993 3402 4064 permaximum

1803 4076 1862 4126 in
1895 4092 2003 4144 quo
2041 4075 2288 4145 peccavit
2327 4076 2472 4145 quod
2525 4077 2596 4129 ad
2633 4082 2910 4132 trecentas
2949 4079 3182 4134 libratas
3221 4088 3402 4136 terras

1804 4164 2093 4216 monachis
2123 4165 2404 4233 auferens,
2433 4165 2547 4218 suis
2579 4171 2635 4218 et
2665 4182 3048 4230 successorum
3077 4169 3270 4238 usibus
3293 4171 3402 4228 im.-

1803 4252 2013 4320 plicuit.
2057 4273 2077 4302 ›

137 4340 393 4396 universae
449 4344 634 4398 carnis
680 4345 986 4414 ingressus,
1038 4347 1321 4398 hominem
1369 4344 1539 4397 exuit.
1585 4343 1785 4441 IndeD
1874 4345 1941 4395 In
1976 4345 2462 4396 omnibuso/u’dil'c
2501 4345 3404 4411 etiamsiipse,quodabsitlaliter

137 4432 308 4484 tamen
337 4434 408 4485 ad
440 4434 726 4503 propriam
755 4435 944 4487 sedem
974 4436 1234 4500 refertur,
1265 4440 1321 4487 et
1341 4433 1643 4487 honorifice
1664 4432 1721 4484 in

138 4515 247 4586 ipsa
269 4523 502 4575 ecclesia
523 4525 835 4577 tumulatus
867 4531 969 4576 est.

201 4608 480 4664 Hactenus
501 4628 814 4682 anonymus
838 4613 931 4666 ille
958 4630 1020 4665 ex
1038 4602 1396 4681 chron'ologia
1427 4630 1530 4664 ms.
1557 4611 1722 4665 abba-

140 4694 220 4748 tize
249 4699 302 4751 S.
334 4701 611 4754 Audoeni.
646 4703 714 4754 Et
740 4703 856 4754 hazc
887 4702 1199 4755 eruditione
1230 4719 1386 4771 aeque
1417 4719 1479 4754 ac
1515 4702 1721 4770 pietate

142 4784 195 4836 Ο.
243 4787 307 4839 V.
351 4790 584 4843 Joannis
636 4791 687 4843 le
739 4792 942 4843 PrevOt
987 4791 1190 4844 indicio
1239 4798 1293 4843 et
1336 4790 1600 4843 beneﬁcio
1659 4807 1722 4842 ex

143 4880 286 4939 parte
306 4877 577 4932 debemus
602 4898 613 4946 ;
645 4896 767 4948 quae
786 4886 841 4932 et
866 4881 1083 4947 integra
1107 4880 1254 4932 inter
1282 4879 1541 4948 antiquas
1565 4880 1722 4930 sche-

143 4959 231 5014 das
259 4965 323 5017 ad
354 4967 646 5021 historiam
679 4969 891 5022 ordinis
937 4969 1115 5022 nostri
1157 4974 1380 5038 paratas
1410 4985 1719 5021 occurrere.

145 5048 414 5107 Concisius
441 5057 774 5126 descriptam
795 5057 1140 5127 superiorem
1164 5057 1456 5110 historiam
1479 5057 1724 5126 reperies

144 5136 195 5190 in
223 5141 490 5197 Chronico
521 5146 576 5198 S.
609 5146 877 5215 Stephani
908 5146 1138 5200 Cadom.
1189 5147 1257 5198 ad
1297 5147 1500 5198 calcem
1535 5139 1735 5214 script.-

144 5233 239 5279 vet.
271 5230 532 5286 Historia;
566 5235 896 5294 Northman.
950 5235 1019 5287 ad
1053 5251 1262 5287 annum
1305 5233 1451 5289 1073.
1486 5236 1720 5288 Mathan

145 5315 346 5386 Paride,
377 5328 434 5375 et
455 5324 727 5393 Florilego
759 5325 828 5378 ad
858 5325 1008 5378 hunc
1032 5341 1262 5378 annum.
1289 5325 1583 5381 Caeterum,
1620 5323 1722 5376 etsi

146 5403 370 5463 Joannes
395 5412 668 5482 (alioquin
720 5414 988 5484 religione
1030 5421 1086 5466 et
1131 5413 1365 5466 scientia
1414 5414 1618 5476 clarus)
1645 5413 1726 5466 in-

147 5500 381 5553 consulte
410 5508 466 5554 et
493 5518 692 5571 parum
716 5504 1039 5572 prudenter,
1067 5502 1201 5572 quin
1223 5508 1278 5553 et
1298 5502 1382 5553 ira
1403 5517 1720 5566 succensus,

149 5581 245 5639 hae
271 5588 326 5643 in
375 5606 438 5644 re
478 5607 602 5646 sese
644 5592 904 5662 gesserit,
956 5592 1091 5646 viris
1133 5598 1326 5645 tamen
1366 5590 1722 5658 Christianis,

1804 4437 1948 4496 agat.
1983 4431 2250 4500 Apposite
2279 4433 2424 4485 hunc
2453 4434 2635 4486 locum
2673 4435 2733 4487 B.
2770 4435 3066 4489 Lanfranci
3100 4438 3406 4509 discipulus

1803 4519 2104 4572 Anselmus
2139 4519 2384 4573 illustrat
2422 4521 2517 4573 lib.
2554 4539 2607 4574 IIl
2639 4523 2802 4592 epist.
2847 4525 2913 4578 39
2943 4525 3014 4578 ad
3048 4526 3354 4581 Beccenses
3387 4546 3398 4580 :

1806 4609 2103 4660 «Necesse
2152 4615 2238 4660 est
2285 4615 2361 4672 ut,
2409 4617 2604 4662 sancta
2642 4613 3012 4667 unanimitate
3053 4616 3316 4686 colligati,
3349 4623 3408 4670 et

1804 4698 1969 4750 corde
1991 4703 2046 4749 et
2068 4698 2354 4749 voluntate
2384 4700 2615 4767 praelato
2638 4708 2822 4754 vestro
2853 4703 3148 4768 obediatis,
3175 4707 3321 4759 facta
3351 4713 3407 4759 et

1805 4787 1953 4842 dicta
1997 4787 2118 4854 ejus
2167 4803 2278 4838 non
2302 4787 2638 4853 dijudicetis,
2675 4790 2773 4841 sed
2803 4789 2923 4842 sine
2956 4791 3107 4844 omni
3137 4800 3406 4848 retracta-

1805 4875 1974 4939 tione,
2018 4875 2178 4944 quasi
2221 4874 2489 4927 divinitus
2526 4876 2818 4944 inspirata,
2866 4882 3180 4934 venerando
3219 4890 3408 4936 mente

1805 4963 2049 5032 benigna
2085 4963 2334 5017 servetis.
2399 4963 2502 5016 Ubi
2541 4964 2688 5016 enim
2726 4966 2940 5034 praelati
2984 4968 3202 5036 judices
3264 4971 3410 5024 liunt

1816 5053 2095 5122 (subjecti)
2125 5060 2317 5123 aperte
2346 5053 2446 5105 Dei
2486 5054 2822 5107 ordinationi
2861 5055 3166 5111 detrahunt
3199 5065 3254 5112 et
3283 5076 3410 5113 con-

1810 5145 2112 5200 tradicunt,
2131 5142 2330 5212 quibus
2360 5143 2507 5195 Deus
2535 5148 2591 5195 et
2621 5160 2732 5196 suae
2750 5143 3173 5211 gubernationis
3195 5148 3412 5202 subtra-

1809 5235 1892 5288 hit
1927 5233 2214 5295 auxilium,
2250 5238 2306 5284 et
2339 5249 2431 5284 eos
2482 5233 2534 5284 in
2571 5233 2780 5302 proprii
2830 5237 3037 5287 erroris
3077 5237 3411 5308 prmcipitari

1808 5322 2085 5393 permittit
2113 5321 2437 5386 consilium;
2472 5320 2565 5372 ubi
2597 5337 2724 5372 vero
2753 5323 3015 5390 praglatus
3041 5341 3164 5376 cum
3189 5342 3413 5379 venera-

1807 5413 2256 5478 tione,ta.nquam
2289 5409 2564 5470 Christus,
2599 5409 2939 5479 suscipitur;
2974 5411 3054 5463 ita
3077 5419 3191 5465 tota
3215 5414 3414 5478 domus

1810 5499 2018 5555 Christi
2050 5499 2264 5566 regitur
2285 5498 2534 5563 consilio,
2562 5504 2619 5551 et
2639 5499 2952 5574 protegitur
2981 5506 3037 5566 et
3063 5507 3415 5566 sustentatur

1810 5587 2037 5651 auxilio,
2075 5608 2100 5638 »
2133 5593 2238 5639 etc.
