3892 6402
1795 328 2029 385 DOMNI
2069 325 2276 382 LUCAE
2315 328 2661 386 DACHERII
3712 348 3790 404 59.2

1069 470 1139 508 AD
1180 468 1486 510 EPISTOLAM
1524 468 1688 510 xvm.
2198 449 2252 510 A
2344 454 2703 518 Querz'mom'a
2721 457 2784 509 dc
2807 459 3018 510 clericis
3055 461 3264 512 abbatis
3305 464 3574 519 Batduini.
3603 469 3674 523 Ne
3693 472 3793 540 jura

660 545 895 599 Obserno
924 547 1091 612 digno
1120 546 1380 598 antistiti.
1417 542 1654 598 Obserni
1674 557 1878 595 nomen
1899 540 2176 594 ascribere
2266 541 2673 614 privilegiaque
2711 545 2960 599 coenobio
2992 546 3049 600 S.
3078 547 3352 603 Edmundi
3382 568 3415 604 a
3438 555 3652 610 summis
3683 575 3791 628 pon-

583 633 843 705 episcopo
874 633 956 687 illi
1000 633 1477 702 Exoniensemque
1526 631 1708 701 ipsum
1747 630 2027 682 affirmare
2064 645 2176 682 non
2261 629 2504 685 tilicibus
2530 650 2790 687 concessa
2819 635 3056 689 ulterius
3084 635 3354 708 infringat
3377 640 3664 710 IIerfastus,
3691 663 3796 716 pra-

581 722 937 789 dubitamus;
973 722 1177 793 quippe
1207 721 1410 774 idtum
1445 737 1509 773 ex
1530 717 2174 790 epistolaecontextumbi
2261 718 2398 788 cipit
2427 721 2530 774 hac
2573 721 2631 774 in
2677 723 2914 792 cpistola
2959 725 3024 778 B.
3064 725 3427 782 Lanfrancus.
3475 731 3568 784 Ille
3606 735 3791 801 etenim,

580 827 696 865 una
725 829 851 882 cum
884 813 944 865 B.
980 812 1289 864 Lanfranco
1320 809 1425 875 (cui
1455 808 1613 878 regni
1644 823 1885 873 summa,
1913 823 2044 876 rege
2073 806 2172 859 ab-
2258 824 2403 876 aegre
2445 810 2630 864 ferens
2672 811 2946 880 ejusmodi
2975 811 3378 883 immunitates,
3429 819 3658 888 qualibet
3693 823 3796 877 data

579 905 759 965 sente,
792 899 1127 953 demandata
1157 899 1301 967 erat)
1329 898 1396 950 ad
1436 896 1844 950 decernendum
1883 894 2170 964 negotium
2256 897 2544 952 occasione
2562 915 2837 969 usurpare
2857 900 3113 954 tentabat
3141 904 3269 957 :sed
3291 911 3512 960 ventum
3532 910 3795 978 ponderare

575 989 914 1053 admittitur,
946 995 1067 1042 tum
1097 1005 1162 1041 ex
1192 987 1261 1040 iis
1292 1003 1412 1057 qua;
1439 986 1508 1039 de
1535 985 1786 1040 Obserno
1828 983 1996 1037 habet
2025 983 2170 1035 Mal-
2254 984 2580 1052 videbatur;
2633 1004 2763 1041 nam
2797 989 3104 1044 Balduinus
3132 1007 3256 1045 sese
3283 993 3459 1048 eidem
3488 1001 3695 1052 strenue
3719 1015 3797 1069 0p-

575 1076 993 1141 mesburiensis,
1027 1075 1122 1128 lib.
1165 1089 1202 1128 11
1235 1076 1314 1128 De
1341 1073 1563 1144 pontif.,
1603 1072 1752 1126 haud
1799 1071 1967 1124 dubie
1995 1070 2168 1123 statui
2252 1073 2512 1142 ponebat,
2543 1075 2803 1146 illiusque
2823 1084 3057 1132 conatus
3083 1078 3232 1133 haud
3254 1080 3488 1152 impigre
3514 1087 3794 1156 metrOpoli-

569 1169 758 1234 potest
789 1182 799 1216 :
857 1183 884 1215 α
924 1164 1203 1218 Successit
1226 1162 1494 1226 Leofrico,
1527 1160 1713 1230 inquit
1739 1160 1852 1219 ille.
1883 1159 2167 1214 Obsernus
2250 1165 2416 1214 tanus
2448 1163 2810 1230 Lanfrancus,
2827 1167 2960 1235 quin
2983 1166 3153 1221 etiam
3177 1174 3235 1222 et
3253 1170 3550 1241 Gregorius
3575 1188 3642 1227 vn
3659 1192 3792 1246 papa,

567 1253 718 1322 regis
744 1253 1013 1306 Willelmi
1035 1259 1306 1323 tempore,
1332 1250 1559 1304 natione
1590 1249 2034 1312 Northmannus,
2057 1249 2166 1301 fra-
2248 1249 2559 1316 illidebant,
2579 1257 2641 1306 ut
2661 1259 2817 1322 patet
2844 1271 2910 1308 ex
2939 1256 3192 1325 ejusdem
3222 1259 3475 1330 Gregorii
3496 1261 3709 1331 epistola
3722 1280 3792 1317 se-

566 1341 972 1410 terVWillelmi
1021 1339 1391 1412 praecellentis
1439 1337 1676 1401 comitis,
1725 1337 1785 1390 in
1832 1336 2034 1406 Anglia
2061 1335 2163 1389 sub
2248 1339 2463 1408 quenti.

565 1429 827 1484 Eduardo
851 1447 981 1500 rege
1009 1429 1315 1483 liberaliter
1344 1433 1401 1481 et
1428 1427 1731 1480 domestice
1763 1430 2122 1490 conversatus
2145 1443 2158 1491 ;

565 1517 771 1589 quippe
801 1519 897 1588 qui
944 1518 1335 1588 cognationem
1377 1515 1592 1586 regiam
1630 1515 1813 1568 vicino
1859 1513 2164 1583 attingeret
2315 1518 2452 1571 Cum
2482 1519 2699 1572 nullius
2728 1526 2854 1572 esset
2886 1524 3118 1576 ordinis.
3166 1523 3563 1596 Receptissima
3587 1527 3684 1583 fuit
3705 1529 3793 1583 ista

560 1607 762 1675 gradu,
797 1625 823 1659 ι
854 1613 958 1661 διο,
1438 1633 1440 1635 μ
2239 1607 2584 1660 consuetudo
2614 1607 2672 1660 in
2704 1608 2964 1674 Ecclesia,
2990 1616 3053 1663 ut
3077 1611 3266 1666 nullus
3294 1615 3405 1668 nisi
3433 1633 3466 1669 a
3487 1617 3713 1671 minimis
3737 1618 3791 1670 ad

635 1697 877 1750 Carnobz'o
896 1694 951 1750 S.
987 1696 1295 1751 Edmundi.
1330 1693 1486 1748 Illius
1516 1692 1821 1745 meminere
1859 1691 2481 1776 scriptoreshmajores
2527 1696 2797 1750 evehatur
2837 1697 3082 1752 ordines.
3127 1700 3293 1754 Caius
3335 1720 3483 1774 papa
3524 1705 3680 1759 Felici
3704 1705 3793 1776 epi-

561 1784 978 1854 quamplurimi.
996 1781 1738 1838 Guillelm.Malmesbur.De
1762 1785 1904 1849 gest.
1927 1780 2152 1849 Anglo.,
2172 1761 2217 1819 Β
2237 1761 2403 1854 scopo
2438 1802 2485 1836 :«
2521 1785 2665 1838 Illud
2695 1798 2799 1838 nos
2828 1791 3141 1841 statuentes
3174 1761 3681 1848 vobis‘et‘omnibus
3700 1761 3792 1848 ser-

557 1871 683 1925 libr.
737 1887 797 1938 II,
851 1890 970 1944 cap.
1020 1873 1106 1937 ’l‘l,
1153 1877 1212 1926 et
1248 1872 1342 1925 lib.
1367 1886 1404 1924 Il
1446 1871 1527 1924 De
1565 1869 1753 1940 pontif
1793 1869 1849 1921 in
1881 1868 2151 1938 episcopis
2237 1888 2368 1925 vare
2400 1873 2823 1939 mandamus,ut
2852 1875 2920 1927 ad
2951 1875 3174 1931 ordines
3201 1879 3598 1935 ecclesiasticos
3628 1883 3698 1936 sic
3718 1900 3792 1936 as-

557 1960 852 2025 Oriental.;
885 1961 1220 2032 Harpsfeld.,
1244 1960 1442 2014 saeculo
1477 1974 1515 2011 n
1544 1974 1666 2027 cap.
1693 1957 1777 2022 l7,
1805 1956 1861 2008 in
1893 1957 2020 2020 fine,
2054 1957 2150 2026 qui
2239 1961 2482 2014 cendant
2516 1960 2572 2013 in
2611 1961 2856 2014 Ecclesia
2885 1962 2979 2031 qui
3019 1964 3265 2018 ordinari
3302 1974 3607 2033 merentur,
3634 1970 3684 2022 id
3707 1976 3790 2033 est,

553 2048 624 2103 de
653 2049 888 2103 ccenobii
939 2050 1128 2104 Sancti
1159 2049 1438 2103 Edmundi
1483 2045 1770 2118 privilegio
1825 2044 2050 2098 disserit
2091 2045 2148 2098 in
2235 2049 2281 2101 si
2313 2049 2437 2118 quis
2464 2049 2755 2119 episcopus
2803 2067 2925 2104 esse
2954 2059 3221 2120 meretur,
3262 2055 3346 2109 sit.
3374 2058 3615 2127 primum
3653 2059 3790 2112 ostia-

551 2138 702 2192 hunc
730 2139 956 2192 modum
995 2156 1040 2191 ε(
1061 2138 1388 2192 Edmundus
1408 2153 1503 2189 rex
1525 2133 1748 2203 Edgarii
1780 2139 1941 2203 pater
1969 2149 2150 2187 coeno«
2233 2137 2370 2200 rius,
2407 2136 2610 2190 deinde
2641 2137 2831 2202 lector,
2865 2144 3059 2208 postea
3085 2143 3378 2210 exorcista,
3413 2145 3544 2199 inde
3573 2153 3792 2200 sacretur

550 2225 704 2281 bium
735 2245 768 2281 a
796 2227 1031 2298 publicis
1059 2227 1318 2280 omnibus
1345 2223 1570 2278 tributis
1589 2228 1646 2276 et
1673 2221 1827 2275 omni
1851 2221 2148 2292 episcopo-
2230 2225 2542 2296 acolythus,
2578 2225 2804 2279 demum
2833 2243 2963 2280 vero
2993 2228 3391 2298 subdiaconus,
3419 2234 3617 2288 deinde
3638 2234 3789 2288 diaco-

549 2332 675 2368 rum
693 2316 1080 2385 jurisdictione
1101 2315 1318 2369 liberat.
1356 2333 1377 2364 ι
1409 2314 1478 2366 Et
1502 2316 1628 2382 post
1654 2311 1764 2363 alia
1797 2328 1845 2362 :a
1878 2309 2145 2364 Solebant
2229 2330 2354 2379 nus,
2385 2319 2441 2366 et
2469 2318 2664 2384 postea
2693 2313 3007 2386 presbyter,
3023 2323 3080 2370 et
3099 2319 3315 2384 exinde,
3347 2321 3398 2375 si
3427 2329 3685 2391 meretur,
3699 2323 3790 2394 epi-

547 2403 862 2474 antiquitus
892 2421 1053 2474 reges
1072 2404 1330 2456 diadema
1360 2417 1525 2455 suum
1551 2416 1616 2454 eo
1650 2399 1894 2465 mittere,
1926 2405 2142 2469 postea-
2224 2418 2425 2472 scopus
2449 2401 2760 2457 ordinetur.
2798 2425 2820 2453 »

543 2507 654 2563 que
679 2508 882 2563 magno
912 2491 1089 2563 pretio
1114 2491 1414 2548 redimere.
1456 2509 1483 2541 ν
2291 2492 2660 2544 Diaconatum
2700 2495 2751 2544 ei
2789 2495 3024 2560 auferte.
3072 2495 3356 2558 Quantum
3399 2499 3472 2553 ad
3493 2500 3786 2555 exercitium

612 2582 871 2635 Abbatem
902 2584 1243 2636 Baldm'num
1272 2581 1499 2632 detineo.
1521 2576 1663 2640 Quia
1689 2576 1942 2647 apprime
1962 2577 2133 2631 medi—
2213 2579 2489 2644 videlicet,
2525 2595 2637 2633 non
2677 2580 2860 2650 quoad
2887 2587 3116 2636 statum.
3150 2583 3240 2638 Ita
3269 2588 3481 2656 passim
3511 2590 3787 2660 loquuntur

535 2669 717 2724 cinam
749 2676 926 2724 artem
960 2670 1199 2724 callebat
1225 2669 1347 2722 iste.
1374 2668 1439 2722 In
1468 2667 1728 2735 Angliam
1750 2667 1912 2734 jussu
1951 2666 2128 2720 sancti
2213 2665 2408 2720 Patres
2450 2666 2506 2719 in
2553 2666 2804 2721 Decretis
2850 2668 3096 2723 distinct.
3129 2670 3196 2727 50
3227 2686 3239 2720 :
3273 2674 3542 2730 Accedens
3569 2680 3638 2732 ad
3679 2678 3787 2733 Gor-

535 2759 781 2812 Eduardi
828 2760 978 2829 regis
1025 2757 1424 2822 transfretavit,
1479 2761 1544 2808 ut
1600 2754 1893 2808 Leftanum
1938 2755 2128 2808 Sancti
2209 2771 2438 2821 gonum,
2466 2760 2524 2808 et
2549 2755 2736 2824 glossa
2757 2755 2813 2809 in
2833 2756 2984 2811 idem
3014 2776 3136 2830 cap.
3163 2761 3525 2820 Difficultatis
3552 2767 3693 2820 hunc
3709 2783 3788 2818 no-

533 2848 814 2901 Edmundi
855 2846 1371 2910 archimandritam,
1414 2844 1508 2914 qui
1557 2843 1879 2897 curiositate
1918 2849 2120 2907 motus,
2210 2842 2342 2896 dum
2374 2845 2536 2897 docte
2565 2844 2728 2898 solvit
2756 2845 2942 2899 Estius
2972 2846 3030 2900 in
3056 2847 3088 2903 4
3129 2850 3408 2923 Sentent.,
3435 2854 3676 2909 distinct.
3706 2853 3781 2916 ‘25,

529 2935 628 2990 ubi
662 2943 918 2990 sanctum
953 2935 1201 3005 ejusdem
1240 2950 1440 3004 corpus
1484 2938 1785 2986 attrectare
1816 2949 2127 3002 praesump-
2209 2929 2238 3001 ἕ
2267 2928 2319 2986 6.
2350 2933 2417 2985 Et
2446 2932 2516 2986 de
2538 2932 2623 2986 his
2656 2933 2749 3002 qui
2777 2936 3170 3004 prietennissis
3206 2938 3570 2996 inferioribus
3616 2944 3682 2997 ad
3713 2959 3788 2995 su-

527 3025 711 3092 sisset,
747 3025 1041 3079 ambarum
1072 3040 1340 3077 manuum
1364 3021 1527 3090 digiti
1552 3020 1749 3074 retorti
1779 3025 1910 3073 sunt
1967 3038 1992 3072 α
2025 3020 2124 3074 Ille
2147 3080 2182 3092 Α
2208 3020 2457 3088 perieres
2497 3020 2720 3074 ordines
2743 3023 3144 3090 provehuntur,
3172 3025 3426 3083 distinct.
3449 3032 3520 3086 '52
3551 3049 3564 3084 :
3601 3051 3624 3081 ι
3652 3028 3787 3085 Solli-

523 3080 866 3167 Balduinum
897 3113 954 3167 S.
988 3111 1237 3182 Dionysii
1268 3080 1602 3164 monachum
1623 3111 1744 3179 ejus
1774 3109 1912 3162 artis
1933 3080 2183 3173 (inedi-C
2207 3080 2395 3162 bitudo
2426 3080 2877 3164 dilectionis-tute
2917 3080 3784 3189 studuit'utrumportatorista-

523 3201 691 3272 cinte)
719 3202 958 3272 peritum
989 3200 1341 3268 dirigendum
1369 3199 1598 3253 curavit.
1635 3199 1742 3262 Qui
1771 3214 1897 3250 cum
1928 3197 1986 3250 in
2015 3214 2124 3250 cae-
2205 3213 2329 3250 rum
2353 3197 2668 3252 litterarum
2683 3199 3014 3254 diaconatus
3037 3207 3092 3255 et
3113 3204 3541 3276 presbyteratus
3561 3207 3784 3261 ofﬁcium

521 3290 660 3344 teris
691 3289 879 3360 probe,
921 3290 979 3342 in
1008 3289 1311 3358 digitorum
1342 3288 1630 3342 curatione
1659 3287 1801 3354 nihil
1829 3303 2120 3357 promove-
2203 3286 2437 3340 idoneus
2467 3287 2541 3340 sit
2587 3304 2872 3358 peragere,
2918 3306 3124 3358 necne;
3176 3309 3302 3347 cum
3350 3295 3410 3349 id
3463 3301 3784 3367 praepostero

519 3383 628 3444 ret,
663 3377 858 3431 mirari
887 3377 1052 3448 coepit
1075 3378 1270 3445 homo;
1297 3378 1394 3431 sed
1426 3394 1651 3431 causam
1677 3375 1854 3429 morbi
1885 3393 1917 3429 a
1946 3375 2120 3429 scieu-
2201 3391 2386 3433 cursu,
2420 3375 2854 3431 subdiaconatus
2884 3378 3079 3432 ordine
3107 3383 3438 3451 postposito,
3459 3384 3784 3454 negligentia

518 3467 672 3520 tibus
701 3468 948 3532 edoctus,
984 3467 1042 3519 in
1091 3467 1207 3520 loco
1246 3465 1539 3532 remansit,
1569 3482 1818 3519 amorem
1853 3465 2116 3535 martyris
2199 3465 2386 3534 potius
2415 3481 2583 3534 quam
2615 3465 2877 3534 superbia
2901 3475 3270 3536 cognoscatur
3289 3473 3784 3530 ascendisse.Unde

518 3555 655 3609 totis
691 3555 1008 3626 praecordiis
1038 3555 1347 3626 amplexus.
1365 3554 1597 3608 Leftano
1627 3569 1737 3605 non
1759 3557 1876 3605 tam
1903 3569 2116 3606 succes-
2198 3569 2308 3606 non
2330 3553 2671 3606 consulendo
2689 3553 2950 3608 charitati
2971 3561 3080 3610 tuae
3097 3558 3435 3614 mandamus
3461 3567 3528 3615 ut
3550 3561 3618 3615 ab
3646 3559 3783 3615 omni

516 3643 590 3698 sit
622 3661 789 3715 quam
817 3645 1052 3698 accessit
1079 3643 1270 3708 abbas,
1295 3643 1390 3695 illo
1421 3641 1716 3695 amittente
1737 3640 1832 3712 [f.,
1857 3657 2112 3695 aunuen-
2196 3642 2378 3695 ofﬁcio
2414 3642 2748 3695 sacerdotali
2795 3659 2922 3696 eum
2969 3644 3284 3713 prohibeas,
3331 3648 3517 3704 donec
3547 3650 3782 3722 proximo

513 3739 590 3799 te,
617 3735 717 3787 ΕΙ).
753 3734 864 3804 Ρ.],
898 3750 1029 3803 rege
1060 3733 1296 3786 volente.
1332 3730 1446 3785 Sub
1476 3747 1540 3783 eo
1575 3735 1632 3783 et
1660 3747 1760 3799 per
1787 3746 1915 3783 eum
1947 3729 2114 3783 liber—
2196 3730 2450 3793 Quatuor
2467 3731 2804 3801 Temporum
2822 3733 3040 3802 jejunio
3068 3733 3512 3793 subdiaconatus
3543 3739 3781 3792 ministe-

511 3828 598 3876 tas
652 3822 980 3876 monasterii
1018 3821 1088 3874 ab
1129 3820 1446 3874 Alexandro
1494 3835 1638 3889 papa
1685 3819 1924 3876 data.ut
1968 3819 2111 3873 nulli
2193 3820 2342 3872 rium
2369 3819 2473 3872 sibi
2505 3819 2609 3872 rite
2637 3818 2912 3889 imponas,
2962 3821 3042 3874 sic
3071 3827 3127 3874 et
3155 3823 3419 3896 deinceps
3459 3826 3534 3880 ad
3581 3828 3781 3896 majora

509 3910 768 3982 episcopo
800 3910 1068 3965 locusille
1096 3908 1370 3963 subdatur
1398 3908 1456 3961 in
1471 3909 1682 3978 aliquo,
1710 3907 2108 3977 archiepiscopi
2194 3908 2376 3962 officia
2422 3924 2550 3961 eum
2591 3907 2774 3962 redire
2816 3911 3106 3964 concedas.
3161 3931 3186 3960 ι
3233 3913 3379 3976 Quid
3417 3931 3590 3984 porro
3619 3931 3779 3986 pinnae

509 3999 902 4054 tantummodo
936 4005 1136 4052 nutum
1181 3997 1236 4050 in
1286 3996 1548 4067 legitimis
1598 4002 1781 4062 35%
1824 4001 2109 4066 spectatu-
2192 3997 2468 4068 prolapsis
2499 3997 2556 4050 in
2586 3997 2772 4050 carnis
2809 3997 3003 4052 vitium
3035 3999 3378 4069 imponatur,
3415 4003 3624 4058 docent
3646 4005 3780 4058 inter

505 4104 627 4144 rus.
669 4107 695 4140 ω
747 4088 832 4142 Ita
867 4086 1402 4149 Malmesburiensis,
1454 4086 1574 4139 loco
1615 4084 1865 4156 proxime
1895 4084 2099 4152 citato;
2192 4087 2330 4140 alios
2352 4102 2550 4139 canon.
2585 4086 2821 4156 apostol.
2846 4084 2913 4139 25
2950 4103 2961 4138 :
3000 4105 3025 4137 (ι
3055 4087 3112 4140 Si
3141 4087 3266 4158 quis
3295 4089 3616 4162 episcopus,
3663 4107 3778 4161 pre-

505 4177 752 4232 Florent.
784 4177 1017 4246 Vigorn.
1050 4178 1116 4230 A.
1158 4177 1226 4232 C.
1283 4173 1435 4231 1097.
1491 4175 1591 4229 Est
1627 4173 1697 4228 ad
1743 4173 2098 4240 Balduinum,
2187 4174 2396 4246 sbyter,
2421 4179 2520 4228 aut
2545 4173 2967 4245 diaconus,post
2982 4173 3486 4247 diaconiigradum
3501 4184 3779 4252 acceptum

505 4267 683 4320 sancti
712 4265 962 4319 Anselmi
989 4264 1084 4318 lib.
1118 4279 1175 4330 II,
1210 4265 1374 4335 epist.
1407 4263 1462 4318 4.
2187 4263 2357 4318 fuerit
2392 4263 2715 4326 fornicatus,
2739 4268 2838 4316 aut
2878 4265 3208 4326 moechatus,
3231 4266 3574 4338 deponatur,
3604 4274 3677 4334 et,
3715 4266 3777 4320 ab

1023 4369 1094 4407 AD
1133 4368 1432 4408 EPISTOLAM
1471 4369 1584 4407 xIx.
2117 4353 2167 4411 D
2186 4352 2415 4407 ecclesia
2439 4353 2744 4422 projectus,
2776 4351 2925 4405 inter
2963 4351 3133 4406 laicos
3157 4361 3290 4424 agat
3316 4357 3727 4426 poenitentiam.
3753 4376 3772 4406 ι

587 329 686 388 591

2750 1444 2824 1485 AD
2865 1445 3173 1488 EPISTOLAM
3201 1451 3315 1490 XXI.

577 4444 829 4511 Her/asto
876 4445 1130 4510 episcopo.
1189 4443 1352 4496 Hunc
1408 4441 1655 4512 primum
1700 4439 1866 4494 Becci
1905 4457 2102 4495 mona-

504 4533 693 4595 chum,
725 4539 895 4602 atque
926 4531 1062 4585 inibi
1090 4532 1308 4586 litteras
1339 4531 1597 4584 didicisse
1626 4546 1902 4595 asserens,
1926 4530 2102 4600 turpi-

503 4627 593 4676 ter
621 4622 960 4676 allucinatur
995 4621 1317 4681 Godwinus,
1353 4618 1446 4672 lib.
1493 4619 1574 4672 De
1603 4618 1930 4688 praesulibus
1977 4622 2096 4672 An-

500 4711 646 4782 glize.
678 4712 934 4781 Namque
963 4717 1020 4764 et
1047 4711 1101 4764 id
1131 4710 1301 4763 silent
1329 4707 1629 4777 scriptores
1649 4723 1862 4773 omnes,
1888 4712 1944 4760 et
1969 4724 2091 4778 per-

500 4799 656 4854 hibet
683 4801 805 4854 luce
835 4799 1148 4853 meridiana
1178 4795 1383 4850 clarius
1429 4794 1766 4848 Chronicum
1797 4796 2091 4861 Beccense,

498 4906 604 4944 nec
634 4906 744 4944 non
777 4894 834 4942 et
862 4889 932 4945 B.
968 4884 1264 4942 Lanfranci
1302 4883 1450 4945 Vita,
1499 4889 1630 4937 ante
1665 4883 1970 4953 ipsummet
1998 4900 2091 4936 ar-

495 4979 914 5050 chiepisc0pum
973 4975 1190 5030 scholas
1236 4972 1539 5043 aperuisse,
1593 4972 1677 5025 vel
1706 4972 1961 5026 docuisse
1989 4988 2092 5026 ne-

495 5069 727 5122 minem.
761 5067 863 5120 Ille
884 5069 970 5118 est
1016 5063 1330 5127 Herfastus,
1371 5061 1468 5131 qui
1505 5061 1736 5115 concilio
1765 5061 2089 5130 Londoniae,

493 5174 586 5212 an.
631 5157 780 5218 [075,
814 5151 1072 5208 interfuit
1101 5170 1112 5204 :
1148 5171 1170 5202 α
1205 5151 1274 5204 Et
1302 5168 1371 5204 ne
1403 5151 1541 5204 nihil
1579 5151 1774 5204 fecisse
1804 5150 2089 5203 videretur

492 5245 686 5317 (verba
715 5249 847 5299 sunt
878 5240 1164 5296 Guillelmi
1192 5239 1504 5304 Malmesb.,
1529 5239 1625 5296 lib.
1661 5252 1696 5293 ιι
1729 5239 1809 5292 De
1839 5239 2080 5308 pontif.),

490 5343 556 5389 ut
583 5340 717 5388 sunt
767 5330 1141 5388 Northmanni
1171 5329 1334 5383 famae
1363 5329 1421 5382 in
1450 5328 1702 5382 futurum
1745 5325 2084 5379 studiosissi-

488 5425 587 5489 mi,
619 5425 1003 5495 episcopatum
1032 5420 1100 5473 de
1129 5420 1463 5474 Halmaham
1494 5417 1786 5470 transtulit
1824 5417 1890 5468 ad
1933 5417 2078 5470 The-

487 5513 756 5569 tfordum.
789 5514 976 5566 Parca;
1024 5510 1106 5583 (ut
1147 5510 1322 5575 aiunt)
1369 5508 1576 5562 mentis
1605 5507 1792 5572 homo,
1843 5511 1900 5560 et
1935 5523 2074 5561 non-

484 5601 642 5658 nulla
668 5616 734 5656 ex
761 5606 921 5673 parte
947 5599 1150 5655 litteris
1179 5598 1451 5655 eruditus.
1486 5616 1513 5649 »

2184 4443 2251 4496 D.
2283 4441 2589 4509 Gregorius
2617 4441 2884 4494 Januario
2923 4441 3184 4512 episcopo
3218 4443 3571 4513 Calaritano,
3599 4447 3692 4500 lib.
3722 4459 3776 4498 Ill

2185 4530 2346 4600 epist.
2371 4527 2439 4584 ‘26
2483 4548 2495 4583 :
2546 4547 2571 4579 ε(
2605 4528 2712 4591 Qui
2756 4534 2882 4599 post
2926 4535 3214 4600 acceptum
3250 4549 3478 4588 sacrum
3530 4535 3773 4589 ordinem

2182 4619 2372 4689 lapsus
2411 4619 2471 4672 in
2514 4623 2803 4688 peccatum
2850 4619 3034 4672 carnis
3082 4619 3254 4674 fuerit
3280 4638 3444 4676 sacro
3476 4624 3676 4678 ordine
3704 4623 3775 4675 ita

2179 4714 2369 4762 careat
2395 4713 2460 4761 ut
2487 4707 2556 4760 ad
2587 4706 2783 4760 altaris
2809 4706 3178 4762 ministerium
3201 4709 3446 4766 ulterius
3479 4729 3596 4766 non
3627 4727 3772 4766 acce-

2175 4797 2292 4850 dat.
2334 4816 2359 4848 n
2397 4795 2657 4850 Distinet.
2692 4793 2780 4860 50,
2815 4812 2862 4848 c.
2903 4794 2970 4848 16
3000 4813 3011 4848 :
3050 4814 3076 4848 α
3114 4797 3172 4854 Si
3199 4799 3324 4868 quis
3344 4801 3560 4855 amodo
3579 4802 3775 4873 episco-

2175 4902 2281 4957 pus
2312 4885 2622 4956 presbyter,
2657 4885 2742 4937 vel
2770 4884 3038 4938 diaconus
3075 4885 3343 4942 feminam
3372 4891 3662 4962 acceperit
3695 4888 3773 4941 vel

2174 4980 2460 5045 acceptam
2489 4973 2805 5038 retinuerit,
2835 4973 3061 5044 proprio
3097 4975 3279 5044 gradu
3320 4976 3568 5045 decidat,
3605 4993 3773 5050 usque

2173 5065 2304 5118 dum
2335 5063 2406 5116 ad
2445 5060 2881 5116 satisfactionem
2906 5061 3108 5115 veniat.
3142 5081 3168 5115 υ

2251 5154 2333 5205 Vel
2362 5155 2425 5205 in
2454 5152 2685 5219 synodo.
2715 5149 2840 5203 Non
2867 5150 3033 5204 modo
3045 5149 3114 5204 ob
3133 5151 3586 5218 crimen,verum
3607 5155 3769 5210 etiam

2166 5241 2373 5310 injuste
2411 5238 2712 5309 depositos,
2737 5237 2925 5292 media
2952 5239 3012 5292 in
3043 5240 3278 5310 synodo,
3318 5247 3499 5312 atque
3537 5245 3647 5299 hac
3691 5260 3770 5296 ra-

2166 5330 2319 5383 tione
2349 5327 2722 5382 restituendos
2751 5326 3038 5398 episcopos
3069 5328 3452 5400 presbyteros,
3483 5332 3765 5397 diaconos,

2162 5423 2219 5471 et
2249 5417 2637 5481 subdiaconos,
2667 5414 2976 5486 praescribit
2989 5417 3284 5471 concilium
3299 5419 3566 5476 Toletan.
3601 5436 3654 5474 Iv
3670 5420 3766 5475 sub

2161 5506 2407 5561 Honorio
2436 5521 2474 5571 ι,
2506 5522 2627 5575 cap.
2651 5503 2756 5560 28:
2785 5524 2806 5554 ι
2833 5505 3156 5575 Episcopus,
3172 5505 3767 5577 presbyter,diaconus

2160 5600 2260 5650 aut
2280 5595 2673 5660 subdiaconus,
2705 5592 2752 5647 si
2780 5609 2815 5647 a
2840 5593 3022 5664 gradu
3051 5610 3153 5649 suo
3173 5593 3384 5666 injuste
3413 5596 3683 5670 dejectus
3709 5600 3763 5654 in
