3892 6356
113 344 209 405 593

1146 348 1225 402 IN
1265 348 1488 405 EPIST.
1530 351 1593 406 B.
1637 348 2050 405 LANFRANCI
2088 346 2322 402 NOTAE.

3268 333 3377 393 594

112 469 347 525 secunda
374 466 590 543 synodo
614 471 881 527 innocens
911 471 1207 543 reperitur,
1237 489 1349 527 non
1381 479 1565 546 potest
1578 491 1700 530 esse
1710 477 1763 535 A
1854 476 1921 529 1η
1942 474 2170 528 decretis
2200 473 2426 537 tegitur.
2457 467 2695 521 Decreta
2724 462 3009 533 intelligit.
3058 465 3124 544 ut
3160 476 3254 515 res
3280 460 3375 515 do-

113 560 252 629 quod
302 559 509 626 fuerat,
550 559 659 614 nisi
684 561 895 631 gradus
932 561 1169 616 amissos
1223 562 1460 634 recipiat
1508 580 1695 618 coram

111 647 317 713 altario,
370 647 442 702 de
500 664 667 703 manu
719 648 964 720 episc0pi
1017 650 1286 717 orarium,
1328 652 1602 706 annulum
1641 658 1699 707 et

111 737 378 791 baculum.
416 737 478 792 Si
525 736 837 810 presbyter,
870 738 1122 793 orarium
1174 746 1231 793 et
1286 740 1573 811 planetam
1607 742 1697 807 ;si

109 824 362 880 diaconus
392 825 645 881 orarium
674 831 732 882 et
758 825 976 895 albam;
1028 826 1078 881 si
1123 826 1496 884 subdiaconus
1542 836 1697 901 pate-

109 930 229 969 nam
256 918 312 969 et
334 913 590 970 calicem.
612 934 639 969 »
670 916 994 970 Notandum
1021 932 1152 971 vero
1181 922 1269 971 est
1294 918 1696 988 posterioribus

108 1003 330 1071 saculis,
360 1008 535 1075 atque
565 1004 896 1070 etiamnum,
945 1006 1129 1060 solum
1160 1023 1362 1077 papam
1395 1007 1693 1062 restituere

109 1092 374 1163 depositos
413 1091 471 1157 2,
524 1098 742 1164 quast.,
776 1093 828 1162 6,
860 1092 996 1149 Ideo
1021 1099 1079 1150 et
1103 1094 1291 1165 glossa
1352 1112 1523 1168 super
1567 1113 1689 1169 cap.

109 1181 262 1252 episc.
302 1180 382 1250 11,
408 1187 611 1253 quast.
639 1182 694 1236 3.

592 1289 662 1326 AD
688 1286 991 1328 EPISTOLAM
1029 1286 1188 1328 XXIII.

167 1360 449 1414 Hereberto
478 1359 752 1428 Episcopo.
785 1361 967 1432 Hujus
1018 1361 1267 1431 epistola
1301 1361 1469 1416 titulo
1513 1362 1690 1417 Here-

106 1445 237 1500 berti
283 1463 498 1502 nomen
538 1447 865 1514 indidimus,
914 1449 1355 1520 quantoquidem
1385 1455 1442 1503 et
1467 1454 1691 1522 tempus

105 1540 154 1588 et
170 1552 256 1590 res
267 1535 403 1607 ipsa
422 1537 788 1591 concordant.
829 1536 915 1591 Ea
953 1542 1289 1608 tempestate
1314 1539 1485 1592 vitam
1507 1539 1690 1609 egisse

1779 567 1884 616 cet.
1916 567 2039 616 tum
2071 574 2420 616 summorum
2451 556 2776 629 pontiﬁcum
2822 541 3101 623 epistolas
3128 551 3375 605 decreta-

1778 651 1880 716 les,
1901 656 2022 705 tum
2045 650 2216 704 etiam
2246 646 2517 718 synodica
2545 644 2910 699 conciliorum
2947 641 3172 695 decreta
3195 658 3208 707 ;
3252 656 3375 711 qua

1779 739 1996 812 Corpus
2022 755 2302 794 canonum
2329 735 2602 803 continet,
2647 733 2806 802 cujus
2827 728 3089 785 meminit
3112 728 3376 783 Nicolaus

1777 829 1822 895 Ι,
1846 829 1975 885 dist.
2015 828 2079 884 19
2110 845 2122 881 :
2162 828 2227 883 Si
2251 828 2648 882 Romanorum.

1847 918 1915 971 In
1950 919 2083 970 aliis
2109 915 2541 970 orthodoworum
2568 914 2805 966 Patrum
2833 907 3167 962 authenticis
3189 906 3373 960 libris.

1775 1005 1932 1061 Inter
1954 1005 2093 1060 alios
2119 1004 2453 1059 Hincmarus
2476 997 2768 1054 Remensis
2781 990 3231 1068 archiepiscopus
3252 995 3378 1065 plu-

1775 1092 1929 1148 ribus
1955 1094 2024 1147 de
2050 1092 2356 1165 primatum
2386 1095 2557 1161 atque
2573 1087 3122 1158 archiepiscoporum
3144 1084 3274 1154 jure
3292 1083 3375 1141 di-

1775 1187 1967 1253 sputat
1995 1181 2263 1253 opusculo
2293 1177 2383 1244 44,
2414 1178 2485 1232 ad
2519 1177 2807 1249 episcopos
2835 1175 2906 1229 de
2929 1175 3059 1244 jure
3087 1177 3371 1245 metropo-

1770 1270 2097 1336 litanorum,
2130 1285 2265 1341 pag.
2296 1267 2404 1324 719
2431 1272 2577 1325 tom.
2619 1263 2696 1320 ΙΙ.

2268 1373 2340 1411 AD
2377 1365 2676 1410 EPISTOLAM
2715 1367 2867 1407 XXIV.

1842 1448 2110 1501 Mauritio
2137 1449 2393 1500 salutem.
2425 1445 2492 1496 A.
2517 1443 2579 1497 C.
2603 1441 2826 1496 circiter
2875 1439 3031 1506 1089,
3090 1442 3364 1509 regnante

1774 1535 2076 1590 Guillelmo
2105 1535 2270 1599 Rufo,
2326 1533 2536 1589 electus
2594 1536 2680 1585 est
2714 1529 3017 1584 Mauritius
3065 1527 3369 1583 Londonia

106 1624 465 1679 Hcrebertum
483 1625 809 1697 episcOpum
826 1627 1248 1692 Norvicensem,
1279 1642 1383 1681 nec
1412 1643 1523 1681 non
1554 1632 1613 1681 et
1629 1628 1685 1683 S.
1773 1625 1941 1695 episc.
1971 1644 1993 1675 ι
2021 1623 2245 1694 Hugoni
2274 1621 2542 1677 successit
2564 1618 2868 1674 Mauritius
2907 1617 3116 1688 (inquit
3144 1615 3376 1670 Malme-

105 1711 366 1767 Edmundi
395 1712 642 1768 σαξηοῦἰὶ
687 1713 854 1786 (quod
889 1714 959 1768 ad
983 1714 1264 1769 dioecesim
1290 1716 1690 1773 Norvicensem
1771 1712 1923 1767 sbur.
1952 1712 2049 1766 lib.
2085 1726 2127 1766 II
2151 1712 2232 1767 De
2254 1710 2498 1783 pontif.),
2523 1708 2671 1779 regis
2699 1706 3088 1771 cancellarius,
3118 1704 3376 1776 quamvis

103 1801 347 1871 pertinet)
376 1802 518 1872 jura
557 1802 672 1856 sive
723 1802 1017 1873 privilegia
1069 1802 1375 1875 infringere
1427 1806 1687 1871 voluisse,
1713 1801 1828 1890 Bin
1863 1801 2198 1872 quibusdam
2211 1814 2491 1870 prospera
2505 1798 2687 1863 fama,
2704 1794 3075 1866 pradicabilis
3090 1792 3372 1860 efﬁcacia,

104 1894 281 1943 notum
300 1894 494 1956 353
518 1896 681 1944 estex
701 1890 962 1945 Eadmeri
993 1892 1137 1946 Hist.
1162 1892 1260 1946 lib.
1312 1909 1388 1948 ni.
1421 1894 1693 1948 I‘Iereber-
1717 1881 1756 1890 ”
1773 1889 2258 1960 magnanimitatis
2303 1893 2453 1942 certe
2501 1886 2680 1957 ipsius
2706 1891 2795 1939 est
2821 1883 3088 1939 indicium
3144 1881 3376 1937 basilica

105 1978 211 2031 tum
258 1984 474 2042 autem,
508 1978 888 2050 voluptatibus
918 1979 1157 2034 nimium
1205 1981 1593 2052 indulgentem
1627 1999 1691 2037 ac

109 2064 415 2121 Simoniaca
460 2067 694 2123 haresis
713 2067 839 2122 labe
869 2084 1179 2139 aspersum,
1233 2070 1331 2123 sed
1378 2070 1690 2140 juventutis

107 2155 271 2210 calore
296 2155 581 2228 tepefacta
602 2157 672 2211 ad
693 2157 1132 2212 emendatiorem
1158 2158 1329 2212 vitam
1366 2159 1689 2214 traductum

108 2242 290 2297 asserit
340 2243 574 2301 Guillel.
626 2243 1017 2310 Malmesbur.,
1049 2247 1130 2301 De
1156 2247 1361 2318 pontif.
1402 2247 1499 2300 lib.
1530 2261 1593 2313 II,
1627 2247 1685 2301 in

109 2329 358 2401 episcopis
373 2330 743 2386 orientalium
761 2333 1089 2402 Anglorum.
1107 2334 1388 2388 Luctuosa
1402 2334 1568 2405 plane
1596 2350 1688 2389 res

111 2421 184 2471 est
199 2418 480 2475 antistites
500 2419 710 2474 intueri
730 2422 1048 2487 nonnullos,
1075 2422 1188 2493 qui,
1215 2422 1417 2477 anima
1446 2439 1511 2476 ac
1540 2423 1688 2476 dia-

112 2520 279 2561 ceseos
299 2525 437 2563 cura
464 2511 867 2580 praetermissa,
910 2511 981 2565 ad
1030 2510 1382 2581 abrogandas
1412 2518 1691 2566 monaste-

109 2592 300 2650 riorum
328 2597 646 2665 libertates,
705 2615 741 2652 a
791 2600 997 2654 sanctis
1054 2600 1312 2655 Ecclesia
1356 2599 1689 2671 praesulibus

1773 1979 1834 2032 Β.
1869 1978 2029 2033 Pauli
2060 1994 2230 2049 quam
2262 1975 2543 2030 inchoavit
2584 1973 2923 2039 Londonia;
2976 1976 3139 2025 tanta
3166 1975 3254 2023 est
3281 1970 3376 2024 de-

1772 2067 1917 2122 coris
1948 2065 2367 2136 magniﬁcentia
2385 2069 2451 2119 ut
2477 2063 2680 2117 merito
2712 2063 2859 2116 inter
2887 2061 3158 2132 praclara
3176 2074 3375 2113 nume-
3468 2112 3472 2117 .

1771 2161 1929 2211 retur
1950 2155 2205 2210 aediﬁcia.
2228 2172 2255 2208 ιο
2306 2151 2649 2209 Considebat
2674 2151 2734 2205 in
2778 2149 3012 2204 concilio
3046 2148 3107 2202 in
3138 2147 3373 2203 ecclesia

1772 2245 1830 2300 S.
1864 2244 2015 2298 Petri
2028 2245 2190 2314 juxta
2209 2241 2557 2297 Londoniam
2581 2256 2715 2295 ann.
2751 2236 2906 2305 1102,
2939 2237 3278 2309 prasidente
3301 2238 3367 2295 Β.

1769 2333 2054 2387 Anselmo.
2104 2332 2399 2398 Edmerus,
2448 2330 2594 2385 Hist.
2630 2344 2903 2383 novorum
2931 2328 2969 2381 l.
2997 2342 3078 2392 In,
3111 2343 3240 2398 pag.
3273 2324 3365 2382 67.

1839 2423 1950 2477 Aut
1968 2424 2241 2489 formatas
2264 2423 2493 2474 litteras.
2527 2419 2589 2474 Id
2614 2434 2794 2489 genus
2822 2417 3142 2471 litterarum
3161 2414 3373 2469 formu-

1770 2511 1884 2564 lam
1906 2509 2081 2564 habes
2108 2515 2236 2581 post
2254 2508 2450 2563 concil.
2492 2492 2944 2562 Chalcedon‘ense
2975 2519 3014 2570 ι,
3046 2520 3151 2558 nec
3176 2519 3291 2558 non
3312 2503 3369 2557 in

1771 2599 2079 2670 appendice
2101 2599 2171 2653 ad
2194 2604 2329 2652 tom.
2354 2598 2408 2652 II
2430 2597 2807 2652 Conciliorum
2835 2594 3030 2649 Gallia
3059 2591 3369 2664 permultas

111 2682 190 2752 pia
205 2689 258 2738 et
271 2686 428 2755 justa
451 2686 526 2741 de
550 2702 721 2741 causa
739 2704 1052 2755 concessas,
1096 2689 1347 2743 animum
1378 2688 1684 2760 appellant,
1769 2703 1942 2757 opera
1966 2687 2159 2741 Jacobi
2190 2686 2474 2742 Sirmondi
2503 2685 2749 2756 primum
2779 2683 3087 2754 evulgatas.
3132 2679 3370 2735 Canoni-

109 2776 377 2844 totamque
403 2774 744 2829 industriam
796 2782 855 2831 et
893 2776 1081 2830 oleum
1117 2776 1466 2848 impendant,
1499 2776 1685 2831 verius
1767 2793 1863 2838 ca,
1898 2776 2303 2841 ecclesiastica,
2335 2773 2829 2838 commendatitia,
2852 2769 3366 2836 commendatoria,

105 2858 286 2925 dicam,
326 2863 660 2935 deperdant,
685 2865 770 2920 uti
800 2865 1270 2931 Herebertusille,
1298 2871 1355 2920 et
1371 2865 1611 2920 Richard
1622 2882 1685 2919 us
1768 2869 1826 2917 et
1847 2863 2174 2919 dimissoria
2202 2864 2579 2934 appellantur.
2610 2863 2680 2916 Et
2717 2877 2850 2915 vero
2898 2859 3213 2930 antiquitus
3249 2858 3370 2933 for-

110 2948 481 3008 Dunelmensis
521 2953 830 3025 episcOpus,
864 2956 1025 3024 cujus
1068 2955 1450 3009 miserandum
1476 2954 1683 3008 exitum
1768 2953 1935 3007 matis
1962 2953 2166 3007 litteris
2193 2953 2265 3007 ad
2291 2951 2565 3006 unitatem
2616 2949 2873 3004 Ecclesia
2927 2947 3259 3001 servandam
3281 2946 3367 3000 uti

108 3052 312 3095 cernere
336 3046 422 3096 est
449 3042 604 3113 apud
624 3041 827 3096 Matth.
844 3043 1125 3110 Paridem,
1148 3044 1379 3110 Histor.,
1403 3059 1533 3115 pag.
1557 3042 1682 3104 215,
1713 3104 1748 3115 η
1769 3040 2025 3095 solebant
2052 3041 2351 3105 antistites,
2383 3040 2529 3093 sicut
2546 3046 2744 3092 auctor
2780 3042 2866 3091 est
2894 3036 3133 3106 Optatus
3153 3033 3370 3088 Milevi-

109 3140 247 3182 num.
284 3127 333 3195 1,
366 3136 425 3186 et
447 3104 579 3198 2:29,
608 3147 762 3185 num.
798 3130 847 3198 1,
879 3132 1095 3186 ultima
1114 3104 1423 3187 editionis:
1476 3104 1511 3113 ν
1706 3104 1933 3185 Ctanus
1961 3135 2157 3184 contra
2181 3104 2395 3193 Parm.,
2429 3128 2533 3186 lib.
2571 3141 2634 3192 II,
2673 3126 2744 3181 de
2772 3104 3040 3180 Romanis
3082 3123 3366 3178 disserens

167 3216 383 3272 Divinas
442 3222 661 3277 litteras
702 3223 828 3287 lege,
881 3226 986 3274 etc.
1041 3221 1306 3291 Vestigiis
1359 3226 1685 3276 sanctorum
1767 3218 2124 3290 pontiﬁcibus
2150 3218 2238 3272 his
2267 3217 2488 3272 verbis:
2526 3236 2549 3268 ι
2575 3217 2714 3270 Cum
2758 3231 2869 3286 quo
2913 3212 3155 3283 (Siricio)
3205 3211 3367 3267 nobis

108 3301 318 3360 Patrum
347 3308 592 3363 ﬁrmiter
618 3309 991 3381 religioseque
1004 3310 1286 3365 inhaerens
1305 3312 1370 3365 B.
1402 3310 1684 3381 archiepi-
1766 3313 1919 3363 totus
1935 3307 2085 3362 orbis
2113 3306 2448 3362 commercio
2478 3304 2874 3367 formatarum,
2895 3302 2954 3357 in
2975 3317 3090 3357 una
3112 3317 3365 3356 commu-

110 3406 286 3464 scopus
314 3396 690 3452 Herebertum
719 3399 1005 3463 admonet,
1029 3400 1224 3454 concil.
1249 3400 1428 3454 Tolet.
1445 3415 1529 3465 m,
1557 3416 1676 3470 cap.
1764 3396 1950 3453 nionis
1963 3396 2231 3451 societate
2245 3395 2565 3458 concordat,
2589 3413 2611 3445 ι
2642 3406 2754 3450 etc.
2783 3393 2850 3447 D.
2873 3390 3175 3462 Augustin,
3198 3390 3365 3445 Eleu-

110 3477 167 3535 24
189 3500 200 3535 :
221 3505 243 3532 ι
265 3485 611 3555 Ignorantia,
641 3492 826 3541 mater
853 3494 1181 3542 cunctorum
1213 3505 1488 3555 errorum,
1514 3487 1685 3541 maxi-
1767 3487 1850 3541 sio
1878 3485 2317 3557 disputationem
2338 3500 2506 3556 quam
2531 3500 2660 3538 cum
2688 3481 2959 3537 Fortunio
2986 3479 3264 3535 habuerat
3281 3495 3368 3533 re-

111 3582 186 3623 me
207 3570 263 3626 in
287 3574 673 3630 sacerdotibus
702 3576 804 3631 Dei
833 3577 1061 3631 vitanda
1091 3582 1194 3641 est,
1218 3578 1313 3648 qui
1334 3578 1570 3633 docendi
1600 3579 1686 3632 of-
1766 3576 1970 3640 ferens,
1999 3575 2163 3645 epist.
2198 3570 2318 3639 163,
2344 3578 2469 3644 post
2496 3572 2741 3637 initium,
2769 3572 2850 3625 sic
2876 3569 3152 3641 loquitur:
3179 3568 3367 3633 uQua-

111 3656 275 3715 ﬁdum
317 3663 376 3718 in
413 3654 638 3736 populis
664 3672 1052 3736 susceperunt.
1081 3685 1106 3719 ›)
1170 3667 1239 3720 Et
1293 3673 1419 3737 post
1462 3685 1676 3739 pauca;
1764 3662 1957 3717 rebam
1981 3670 2171 3717 utrum
2204 3663 2471 3734 epistolas
2498 3660 3046 3725 communicatorias,
3078 3675 3218 3730 quas
3254 3659 3366 3714 for-

115 3762 136 3795 ι
158 3746 335 3805 Sciant
360 3752 540 3823 igitur
564 3754 881 3808 sacerdotes
912 3755 1232 3826 Scripturas
1260 3772 1468 3822 sacras,
1503 3765 1561 3813 et
1587 3777 1681 3814 ca-
1764 3758 1946 3805 matas
1967 3752 2225 3818 diCimus,
2250 3757 2441 3823 posset
2477 3767 2587 3822 quo
2617 3750 2816 3804 vellem
2848 3749 3002 3815 dare,
3030 3753 3089 3802 et
3110 3746 3364 3802 afﬁrma-

112 3847 264 3891 nones
298 3841 665 3907 meditentur,
696 3847 762 3896 ut
789 3859 955 3897 omne
981 3859 1122 3914 Opus
1164 3860 1359 3898 eorum
1387 3844 1447 3899 in
1476 3848 1682 3916 pradi-
1762 3839 1890 3894 bam
1911 3840 2060 3912 quod
2091 3841 2447 3895 manifestum
2476 3843 2601 3895 erat
2626 3837 2907 3903 omnibus,
2944 3856 2967 3888 ι
3001 3841 3106 3890 etc.

113 3922 303 3980 catione
324 3928 516 3983 divina
544 3933 602 3983 et
620 3929 877 3984 doctrina
895 3931 1184 3997 consistat,
1210 3937 1381 4002 atque
1405 3933 1682 3989 aediﬁcent
1833 3928 1990 3983 Sicut
2017 3946 2248 3984 canones
2277 3931 2493 3997 jubent.
2543 3927 2758 3981 Canon.
2813 3925 3199 3996 apostolorum
3238 3921 3307 3980 32
3340 3941 3354 3978 :

112 4018 312 4069 cunctos
338 4021 453 4072 tam
480 4017 608 4072 ﬁdei
633 4018 867 4073 scientia
895 4035 1067 4088 quam
1098 4036 1331 4091 operum
1361 4021 1676 4094 disciplina.

1776 4019 1973 4086 Μηδένα
1998 4024 2099 4071 τῶν
2130 4019 2263 4081 ξένον
2289 4015 2587 4079 ἐπισκόπων,
2616 4016 2645 4082 ἢ
2670 4015 3029 4086 πρεσϐυτέρων,
3063 4013 3092 4079 ἤ
3118 4011 3359 4065 διακόνων

113 4094 367 4169 Siquidem
396 4111 594 4177 pastor
651 4108 732 4175 (ut
755 4107 945 4163 aiebat
992 4109 1049 4163 S.
1093 4109 1422 4180 Antiochus,
1480 4111 1675 4166 homil.

1776 4105 1875 4160 ἕνευ
1931 4113 2232 4160 συστατικῶν
2289 4106 2685 4177 προσδέχεσθαι,
2742 4103 2823 4155 καὶ
2882 4099 3247 4172 ἐπιφερομένων
3303 4100 3358 4153 ’δὲ

116 4182 222 4257 111)
241 4195 385 4248 totus
407 4211 569 4250 mens
596 4201 652 4249 et
671 4197 867 4250 oculus
890 4213 1015 4251 esse
1042 4196 1227 4262 debet,
1251 4204 1315 4252 ut
1336 4215 1406 4253 ne
1426 4215 1541 4254 una
1561 4200 1681 4271 qui-

1776 4194 1943 4260 ιῦτῶν,
1997 4193 2438 4267 ἀνακρινέσθωσαν.
2494 4194 2575 4246 καὶ
2625 4190 2665 4245 εἰ
2715 4191 2801 4264 μὲν
2853 4182 2974 4243 ὦσιν
3020 4193 3223 4261 κήρυκες
3271 4195 3359 4257 τῆς

113 4271 220 4330 dem
242 4280 341 4335 sibi
369 4284 585 4338 credita
610 4284 887 4356 pecudum
924 4286 1161 4340 ridicula
1210 4288 1328 4354 ﬁat,
1361 4293 1416 4341 et
1444 4287 1680 4359 indigna

1776 4282 2046 4350 Εὖσεϐεζας,
2079 4286 2547 4357 προσδεχέσθωσαν.
2582 4281 2622 4335 εἰ
2651 4281 2704 4335 δὲ
2737 4284 2804 4354 μή
2832 4301 2909 4352 γε,
2940 4281 3003 4334 τὰ
3030 4277 3154 4352 πρὸς
3186 4280 3359 4352 χρείας

114 4376 216 4430 qua
237 4371 532 4443 recipiatur
587 4390 623 4428 a
658 4374 966 4440 Domino,»
1023 4381 1128 4429 etc.
1181 4375 1321 4429 Vide
1365 4377 1678 4432 Hormisda

1776 4370 1922 4435 ιύτοῖς
1971 4371 2440 4445 ἐπιχορηγήσαντες,
2491 4370 2556 4434 εἰς
2605 4372 2862 4425 κοινωνίαν
2905 4367 3077 4432 αὐτοὺς
3119 4368 3184 4440 μὴ
3229 4386 3358 4439 προ-

114 4453 252 4548 epist.
278 4458 329 4524 4,
349 4477 468 4534 cap.
510 4461 557 4525 1,
585 4463 656 4516 ad
685 4464 854 4534 episc.
886 4463 1154 4535 Hispan.;
1187 4464 1513 4520 Turonense
1536 4483 1671 4520 con-

1776 4463 2004 4528 ςδέξησοε.
2053 4460 2220 4514 πολλὰ
2259 4460 2355 4532 γὰρ
2393 4461 2519 4515 κατὰ
2553 4459 2868 4532 συναρπαγὴν
2905 4461 3109 4530 γίνεται,
3151 4457 3208 4511 id
3249 4461 3356 4523 est,

114 4540 187 4593 cil.
219 4558 297 4614 III,
325 4550 456 4619 0.4;
503 4551 726 4606 Nicena
765 4553 964 4622 synod.
1018 4566 1078 4621 It,
1129 4569 1184 4609 c.
1217 4552 1293 4620 '2;
1337 4555 1394 4625 S.
1439 4555 1676 4625 Gregor.
1765 4569 1791 4603 «
1823 4550 2024 4604 Nullus
2048 4549 2475 4621 peregrinorum
2521 4549 2910 4621 episcoporum
2947 4547 3034 4601 vel
3063 4544 3358 4617 presbyte-

114 4625 193 4686 lib.
220 4648 307 4702 vn,
336 4639 501 4709 epist.
530 4638 655 4696 110.
679 4640 843 4695 Solus
871 4640 1165 4696 Salvianus
1191 4623 1521 4698 Massiliens.
1548 4623 1648 4715 pre
1674 4654 1681 4699 ;
1760 4638 2066 4704 rorum,vel
2082 4637 2444 4692 diaconorum
2470 4638 2590 4691 sine
2615 4635 3091 4692 commendatitiis
3124 4633 3358 4705 recipia-

115 4715 280 4787 sbyter
302 4728 660 4795 producatur,
694 4745 983 4801 epzscopos
1012 4729 1093 4784 sic
1131 4730 1442 4802 alloquens,
1477 4732 1604 4788 libr.
1635 4747 1679 4787 II

115 4803 175 4859 δᾶ
216 4809 405 4870 Eccles.
455 4818 660 4872 cathol.
712 4826 839 4889 post
880 4819 1025 4873 med.
1065 4819 1396 4891 :Quidquid
1451 4821 1522 4875 de
1554 4821 1677 4877 aliis

118 4897 342 4957 omnibus
368 4905 580 4960 dictum
610 4911 713 4975 est,
746 4907 927 4977 magis
967 4907 1179 4979 absque
1233 4908 1402 4963 dubio
1451 4910 1522 4964 ad
1580 4927 1677 4965 eos

119 4985 329 5048 pertinet
353 4993 447 5063 qui
467 4995 722 5067 exemplo
751 4995 1011 5051 omnibus
1042 5013 1164 5051 esse
1192 4996 1414 5059 debent,
1445 5004 1503 5054 et
1536 5015 1676 5070 quos

119 5070 285 5143 utique
330 5088 488 5137 tanto
531 5089 817 5139 antestare
863 5086 1078 5140 cateris
1126 5091 1348 5158 oportet
1382 5087 1677 5143 devotione

120 5168 298 5224 (ιηειειιο
322 5175 605 5227 antestant
624 5172 885 5228 omnibus
920 5174 1214 5244 dignitate.
1238 5175 1392 5229 Nihil
1420 5176 1569 5230 enim
1591 5180 1678 5229 est

119 5247 308 5320 turpius
329 5273 493 5327 quam
518 5261 881 5316 excellentem
906 5279 1030 5317 esse
1060 5264 1370 5334 quemlibet
1406 5265 1673 5332 culmine,

122 5339 169 5432 et
189 5337 561 5412 despicabilem
582 5349 814 5405 vilitate.
847 5351 993 5416 Quid
1022 5356 1109 5406 est
1137 5352 1287 5406 enim
1329 5352 1482 5406 aliud
1522 5354 1680 5424 prin-

121 5433 308 5492 cipatus
334 5435 450 5490 sine
471 5439 799 5495 meritorum
831 5439 1197 5496 sublimitate.
1227 5442 1337 5495 nisi
1360 5442 1595 5496 honoris
1612 5441 1682 5496 ti-

123 5512 249 5612 tulus
272 5518 382 5577 sine
408 5525 635 5582 homine
650 5528 675 5582 ?
692 5530 808 5583 Aut
827 5529 962 5600 quid
985 5535 1071 5584 est
1085 5530 1330 5605 dignitas
1345 5530 1404 5605 ἱῃ
1427 5530 1677 5601 indigno,

125 5613 214 5657 ms:
228 5619 604 5689 ornamentum
631 5617 689 5673 in
718 5617 838 5677 luto
855 5617 885 5674 ?
908 5639 931 5669 ι
967 5623 1075 5699 etc.

1761 4734 1856 4783 tur
1882 4746 1894 4781 :
1928 4732 1986 4781 et
2014 4743 2109 4781 eas
2138 4727 2272 4780 dum
2303 4743 2494 4780 secum
2540 4727 2732 4781 ferunt
2771 4726 2880 4797 ipsi
2908 4724 3208 4795 diligenter
3234 4738 3360 4777 exa-

1758 4817 2064 4882 minentur,
2100 4814 2231 4869 etsi
2270 4815 2497 4886 quidem
2542 4815 2754 4869 fuerint
2780 4830 3063 4886 praecones
3107 4811 3356 4883 pietatis,

1757 4905 2138 4977 recipiantur;
2162 4903 2249 4958 sin
2286 4903 2493 4969 minus,
2533 4903 2647 4957 illis
2685 4903 2758 4957 ad
2789 4902 2991 4957 victum
3038 4899 3360 4955 necessaria

1757 5013 1884 5050 cum
1933 4993 2300 5066 prabueritis,
2332 4992 2571 5047 ulterius
2610 4992 2761 5063 ipsos
2804 4991 2865 5045 in
2908 4989 3255 5044 consortium
3284 5004 3358 5043 ne

1758 5084 2070 5156 recipiatis;
2121 5083 2301 5136 multa
2327 5081 2477 5136 enim
2534 5097 2636 5153 per
2681 5079 3104 5151 subreptionem
3131 5079 3296 5132 ﬁunt.
3327 5096 3352 5129 ι

1761 5174 2019 5245 Synodus
2076 5171 2435 5238 Chalcedon.,
2479 5186 2603 5225 can.
2652 5168 2742 5236 ‘13,
2774 5168 2927 5223 idem
2969 5166 3235 5239 pracipit.
3290 5166 3361 5220 Et

1762 5262 1958 5334 synod.
1995 5275 2051 5316 γι
2080 5261 2139 5315 in
2169 5260 2381 5324 Trullo,
2401 5276 2523 5314 can.
2549 5260 2617 5314 17
2655 5279 2668 5315 :
2702 5261 2895 5324 359
2932 5256 3198 5328 Ὁρίζομεν
3229 5255 3358 5307 ὥστε

1765 5353 1952 5424 μηδένα
1977 5356 2078 5404 τῶν
2105 5349 2336 5403 ἁπάντων
2365 5350 2630 5420 κληρικῶν,
2661 5348 2751 5417 itqu
2781 5345 2829 5401 ἐν
2859 5347 3137 5418 οἱῳδήποτε
3163 5343 3359 5417 τυγχά-

1763 5462 1820 5513 νῃ
1869 5443 2063 5511 βαθμῷ,
2112 5437 2278 5491 ἄδειαν
2324 5438 2475 5510 ἔχειν,
2522 5435 2656 5499 ἐκτὸς
2694 5443 2780 5505 τῆς
2815 5440 2904 5489 τοῦ
2944 5432 3120 5488 οἰκείου
3162 5430 3362 5487 ἐπισχό-

1763 5549 1858 5582 που
1926 5526 2169 5599 ἐγγράφου
2242 5522 2535 5593 ἀπολυτικῆς
2555 5568 2569 5591 ,
2650 5523 2698 5578 ἐν
2773 5526 2915 5596 ἑτέρᾳ
2976 5521 3360 5577 κατατάττεσθαι

1775 5618 2067 5686 Ἐκκλησίᾳ·
2119 5614 2222 5669 ἐπεὶ
2270 5614 2298 5668 ὁ
2347 5614 2413 5685 μὴ
2457 5619 2600 5669 τοῦτο
2648 5610 3150 5685 παραφυλαττόμενος
3188 5613 3362 5665 καθαι-
