3892 6350
489 323 594 383 595

1676 329 1911 386 DOMNI
1951 327 2157 385 LUC/E
2195 331 2541 389 DACHERII

3662 328 3770 389 596

490 456 656 524 ργςςοω
685 454 738 506 δὲ
770 453 930 517 αὐτὸς,
961 459 1041 508 καὶ
1083 457 1108 508 ὅ
1143 456 1440 526 παραλόγως
1483 455 1626 508 ἀύτὸν
1666 457 2072 526 προσδεξάμενος.

2240 462 2751 513 ('ommonHortum.
2781 453 2934 510 Alias
2953 455 3392 511 common‘itdriz’e
3408 457 3630 524 litterae;
3649 460 3772 528 qui-

493 561 519 592 «
552 542 866 596 Statuimus
893 547 1156 598 utnullus
1175 545 1400 597 omnino
1424 545 1655 596 clericus
1677 545 1731 595 in
1755 560 2085 613 quocunque

489 630 564 682 sit
586 633 785 699 gradu,
822 638 1152 701 potestatem
1195 632 1397 684 habent
1437 631 1555 683 sine
1593 632 1802 700 proprii
1843 633 2084 701 episcopi

489 721 698 788 scripta
755 721 1072 774 dimissoria
1116 722 1172 773 in
1205 722 1400 773 alienae
1458 720 1711 772 Ecclesiae
1767 722 2080 790 catalognm

488 809 684 861 referri
710 828 722 875 ;
766 811 913 878 quod
944 811 988 862 si
1016 810 1138 879 quis
1165 811 1265 862 hoc
1291 825 1400 861 non
1432 808 1747 871 servaverit,
1774 810 2086 878 deponatur

487 903 545 950 et
577 898 696 967 ipse
726 899 820 967 qui
861 915 988 951 eum
1021 904 1222 968 praeter
1275 898 1549 950 rationem
1602 898 1862 966 suscepit,
1899 917 1925 949 »
1977 905 2079 951 etc.

485 985 627 1039 Vide
653 987 1005 1040 Theodorum
1037 987 1360 1040 Balsamon.
1391 986 1448 1039 in‘
1482 987 1804 1039 earumdem
1837 989 2081 1054 synodo-

484 1087 607 1128 111m
639 1091 898 1129 canones.

557 1164 880 1216 Circstrum.
904 1164 966 1216 In
986 1180 1153 1232 quam
1185 1179 1214 1214 e
1244 1162 1534 1231 Selengeio
1555 1179 1651 1214 seu
1673 1161 1868 1215 Silesio
1891 1163 2077 1216 sedem

482 1236 774 1304 transtulit
803 1253 1105 1319 Stigandus
1136 1264 1416 1304 annuente
1447 1250 1803 1314 Guillelmol,
1825 1257 1879 1303 et
1895 1258 2081 1304 aucto-

481 1339 649 1393 ritate
678 1340 895 1392 concilii
917 1341 1219 1393 Londonire
1247 1357 1340 1393 an.
1380 1337 1534 1405 1075,
1565 1346 1628 1392 ut
1657 1346 1741 1392 est
1769 1340 1825 1393 in
1857 1341 1985 1394 Vita
2014 1343 2073 1394 B.

482 1428 674 1481 Lanfr.
707 1446 829 1499 cap.
867 1428 949 1494 12,
981 1447 1108 1499 pag.
1149 1429 1230 1482 13.

1008 1531 1078 1570 AD
1106 1532 1403 1569 EPISTOLAM
1431 1534 1552 1569 XXV.

555 1607 864 1674 Coepiscopo
896 1607 1213 1658 Walchcrz‘o.
1250 1606 1611 1658 Dunelmensi
1663 1623 1939 1676 episCOpo,
1983 1625 2078 1660 cu-

478 1696 574 1763 jus
617 1701 673 1747 et
705 1711 793 1747 res
821 1699 1009 1763 gestas
1057 1700 1113 1747 et
1166 1711 1357 1747 necem
1418 1687 1836 1748 acerbissimam
1887 1697 2078 1749 multis

2169 546 2270 599 bus
2293 548 2459 613 legati
2493 548 2624 615 quid
2656 564 2821 615 agere
2851 546 3119 599 deberent
3154 547 3490 616 persingula
3514 564 3773 601 commo-

2168 635 2464 690 nebantur.
2481 635 2979 688 Commonitorium
3008 635 3159 688 misit
3189 637 3258 688 ad
3298 637 3569 689 Faustum
3594 637 3774 706 magi-

2169 729 2345 776 strum
2373 724 2691 794 (legationis
2722 723 2902 776 ofﬁcio
2922 718 3775 794 Constantinopolifungentem)

2170 811 2425 864 Gelasius
2455 829 2617 882 papa,
2651 813 2812 881 epist.
2856 817 2908 876 4,
2951 825 3079 865 enm
3120 812 3408 866 instruens
3442 814 3576 883 quid
3609 815 3776 867 daret.

2169 902 2416 969 responsi
2452 901 2680 967 objectis
2712 901 3178 957 adversariorum.

2237 990 2309 1040 Dc
2344 992 2437 1039 illo
2467 992 2796 1054 7))'c.\'/);/tcl‘0.
2830 986 2934 1041 etc.
2973 987 3339 1058 Perspicuum
3365 990 3429 1042 ﬁt
3458 1006 3525 1042 ex
3555 991 3775 1059 regulae

2166 1076 2539 1129 Benedictinae
2568 1094 2686 1146 cap.
2721 1075 2809 1137 60,
2840 1077 3033 1130 solitos
3061 1077 3233 1130 fuisse
3253 1077 3632 1148 presbyteros,
3652 1080 3773 1132 dia-

2165 1181 2331 1216 conos
2355 1171 2408 1216 et
2438 1166 2659 1233 quosvis
2698 1165 2945 1228 clericos,
3004 1165 3097 1218 ubi
3143 1167 3440 1218 arctiorem
3466 1167 3772 1236 perfectio-

2164 1252 2250 1305 nis
2295 1258 2392 1304 aut
2423 1252 2763 1320 ptenitentiaa
2818 1254 2989 1304 vitam
3044 1259 3322 1322 optarent,
3368 1255 3516 1306 ultro
3557 1256 3770 1307 collum

2163 1340 2318 1391 suavi
2344 1339 2670 1393 obedientiae
2696 1341 2834 1409 jugo
2861 1357 3006 1409 saepe
3031 1342 3232 1411 smpius
3291 1344 3347 1394 in
3399 1343 3768 1395 monasteriis

2162 1429 2436 1496 subjicere
2464 1431 2628 1498 (quod
2672 1429 2977 1482 etiamnum
3032 1430 3403 1498 observatur).
3455 1431 3600 1483 Hinc
3639 1449 3766 1484 can.

2161 1518 2228 1570 49
2261 1518 2480 1570 concilii
2509 1518 2687 1570 Tolet.
2719 1536 2729 1569 :
2765 1537 2789 1568 «
2816 1518 3064 1582 Clericis,
3094 1519 3187 1588 qui
3211 1520 3618 1572 monachorum
3634 1538 3768 1589 pro-

2162 1603 2404 1672 positum
2422 1621 2490 1672 ap
2499 1605 2854 1673 petunt,quia
2871 1605 3157 1657 meliorem
3168 1606 3337 1658 vitam
3353 1607 3508 1675 sequi
3525 1607 3770 1677 cupiunt

2161 1692 2364 1745 liberos
2412 1692 2481 1744 ab
2535 1693 2792 1762 episcopo
2838 1693 2892 1744 in
2941 1695 3283 1746 monasterio
3315 1695 3506 1765 largiri
3541 1704 3772 1766 oportet

483 1787 618 1836 sunt
649 1784 929 1852 prosecuti
953 1800 1242 1853 compares
1273 1784 1545 1836 Valchero
1577 1785 1872 1853 scriptores
1902 1804 1910 1836 :
1951 1770 2140 1837 Flo—B
2161 1781 2463 1848 ingressus.
2505 1801 2524 1830 n
2570 1783 2722 1834 Idem
2755 1783 2810 1833 in
2842 1782 3034 1834 concil.
3071 1785 3400 1851 Augustano
3433 1786 3499 1838 A.
3544 1786 3603 1838 C.
3638 1784 3765 1849 9.32,

480 1871 700 1924 rentius
716 1871 945 1938 Vigorn.
967 1871 1032 1922 ad
1054 1888 1144 1922 an.
1176 1869 1340 1930 108οξ
1367 1878 1422 1924 et
1458 1872 1790 1925 Guillelmus
1826 1874 2080 1925 Malmes-

483 1958 633 2022 bur.,
667 1959 795 2011 libr.
830 1971 889 2011 III
920 1961 999 2012 De
1029 1960 1250 2029 pontiﬁ,
1275 1977 1307 2011 a
1329 1977 1436 2028 quo
1459 1961 1574 2012 haec
1599 1961 1912 2030 desumpsi'
1949 1963 2082 2014 «Su-

483 2048 804 2118 perpositus
829 2052 931 2113 est,
963 2065 990 2098 υ
1044 2049 1230 2115 inquit
1277 2069 1297 2097 α
1333 2049 1512 2102 adhuc
1543 2050 1744 2101 viventi
1792 2050 2078 2118 (Egelrico)

483 2136 777 2200 Valkerus,
814 2137 907 2205 qui
940 2142 1088 2190 esset
1116 2137 1225 2190 dux
1273 2137 1488 2206 pariter
1526 2138 1819 2207 provincia:
1867 2145 1924 2190 et
1961 2139 2081 2207 epi-

484 2240 704 2293 scopus,
736 2224 1107 2293 fraenaretque
1155 2224 1512 2276 rebellionem
1553 2226 1737 2293 gentis
1783 2227 1988 2293 gladio,
2027 2234 2082 2280 et

484 2313 817 2365 reformaret
841 2329 1025 2365 mores
1056 2314 1296 2382 eloquio.
1331 2313 1436 2375 Qui
1477 2314 1608 2366 dum
1646 2315 1698 2366 id
1745 2331 2081 2383 exsequere-

485 2407 584 2454 tur
612 2401 826 2458 sedulo,
891 2401 1120 2470 indigne
1173 2408 1498 2471 peremptus
1541 2403 1886 2455 occasionem
1929 2404 2085 2456 dedit

484 2489 607 2557 regi
637 2493 701 2540 ut
728 2489 1023 2557 provinciae
1043 2490 1192 2541 illius
1213 2490 1493 2559 reliquias.
1528 2507 1650 2558 qua:
1672 2491 2080 2559 aliquantulum

485 2577 852 2646 respirarant,
913 2578 1164 2630 funditus
1214 2579 1627 2630 exterminaret.
1672 2597 1691 2627 »
1751 2580 2082 2631 Valcherum

485 2666 639 2721 inter
663 2666 962 2718 missarum
995 2666 1269 2719 solemnia
1300 2667 1540 2719 occisum
1580 2677 1879 2732 asseverat,
1926 2685 2084 2720 eum-

489 2759 599 2824 que
619 2754 929 2824 azquiparat
958 2756 1018 2808 B.
1045 2768 1199 2825 papae
1222 2756 1504 2824 Stephano
1535 2757 1768 2811 Robert.
1809 2757 1877 2808 de
1900 2759 2086 2809 Monte

486 2843 548 2898 in
575 2841 846 2897 Chronico
875 2857 977 2897 ms.
1012 2845 1079 2897 A.
1113 2845 1174 2898 Ο.
1212 2843 1362 2898 1085.
1425 2846 1486 2898 Ei
1525 2845 1792 2898 successit
1849 2846 2084 2898 Guillel-

486 2938 614 2986 mu‘s
637 2949 702 2985 ex
732 2932 934 2985 abbate
982 2933 1036 2986 S.
1073 2933 1321 2997 Karileﬁ,
1359 2933 1454 3003 qui
1485 2935 1785 2986 monachos
1815 2935 1998 3003 posuit
2027 2935 2083 2987 in

489 3013 788 3075 Dunelmo.

568 3111 630 3163 Ut
658 3126 755 3163 rem
786 3112 938 3162 nobis
960 3113 1264 3162 mandavit.
1293 3111 1369 3163 Eo
1406 3111 1551 3180 quod
1585 3111 1843 3164 videlicet
1865 3113 1918 3164 S.
1949 3113 2090 3165 Lan-

493 3198 718 3251 francus
740 3199 818 3251 ita
839 3199 1161 3252 Universum
1186 3199 1376 3251 orbem
1407 3199 1777 3268 Anglicanam
1813 3217 1911 3270 per
1942 3203 2089 3271 regis

495 3286 811 3340 absentiam
836 3287 1080 3355 regebat,
1109 3287 1554 3350 administrabat,
1579 3290 1993 3352 moderabatur,
2030 3295 2091 3343 ut

496 3376 556 3428 in
583 3374 678 3427 illo
700 3377 817 3427 solo
845 3376 1018 3427 totius
1050 3375 1262 3441 insulae,
1321 3375 1458 3443 quin
1507 3378 1673 3430 etiam
1719 3383 1772 3430 et
1813 3379 2010 3432 Scotiae
2037 3386 2092 3432 et

498 3463 782 3516 Hiberniae
799 3481 1020 3515 summa
1044 3481 1162 3516 esse
1202 3465 1502 3526 videretur,
1531 3468 2001 3534 quemadmodum
2037 3469 2090 3521 in

500 3552 621 3620 ejus
649 3551 786 3603 actis
803 3551 975 3603 tradit
1011 3551 1134 3604 Milo
1161 3552 1471 3622 Crispinus.
1507 3571 1634 3622 pag.
1691 3553 1766 3616 15,
1812 3572 1931 3624 cap.
1975 3557 2042 3608 15
2077 3575 2088 3620 ;

498 3640 726 3693 Robert.
754 3639 822 3692 de
845 3641 1049 3700 Monte,
1075 3641 1171 3692 ubi
1192 3657 1360 3710 supra
1398 3659 1527 3694 ann.
1575 3641 1733 3697 1089.
1767 3646 1960 3714 Neque
1993 3646 2092 3697 hoc

499 3727 784 3782 sanctitati
816 3728 966 3782 illius
999 3729 1352 3795 adversatur;
1388 3731 1595 3784 etenim
1618 3733 1839 3801 cuijam
1874 3735 2092 3786 anima-

497 3835 626 3871 rum
655 3818 905 3885 regimen
935 3822 1037 3878 est,
1072 3818 1220 3870 haud
1250 3819 1455 3871 rationi
1479 3836 1543 3872 ac
1572 3820 1764 3888 pietati
1807 3821 2092 3874 dissonum

497 3905 670 3960 fuerit
699 3907 955 3959 eumdem
989 3913 1043 3959 et
1074 3920 1368 3976 corporum
1409 3909 1851 3979 facultatumque
1883 3917 2093 3980 tempo-

497 3995 703 4047 ralium
734 3994 837 4047 sibi
871 3994 1221 4048 subditorum
1245 4013 1437 4048 curam
1468 3998 1768 4067 suscipere,
1803 3999 2093 4069 illosipsos

498 4083 696 4146 tutari,
729 4084 1060 4154 efﬁcereque
1083 4084 1162 4136 eis
1185 4101 1254 4137 ne
1273 4085 1404 4154 quid
1427 4086 1645 4139 adversi
1661 4087 1899 4142 eveniat,
1925 4089 2093 4141 veluti

497 4171 648 4224 viros
668 4173 982 4241 complures
1027 4174 1322 4226 sanctitate
1356 4176 1704 4243 percelebres
1751 4177 1930 4245 egisse
1962 4195 2094 4229 nar-

498 4264 630 4312 rant
650 4259 924 4314 Historiae.
942 4261 1147 4314 Unicus
1178 4263 1359 4315 aderit
1388 4264 1545 4316 testis
1572 4266 1958 4319 sanctissimus
1979 4269 2093 4319 An-

2163 1886 2284 1921 can.
2321 1871 2370 1932 7,
2404 1870 2689 1921 statuitur.
2733 1871 2891 1923 Unde
2931 1876 2988 1922 et
3037 1871 3244 1923 factum
3271 1878 3356 1924 cst
3384 1877 3448 1925 ut
3476 1875 3771 1927 nonnullis

2165 1959 2351 2010 saeculi
2399 1958 2745 2011 amatoribus
2777 1959 2990 2011 clericis
3040 1959 3143 2012 sub
3190 1961 3536 2027 gravissimis
3586 1964 3771 2032 poenis

2165 2046 2509 2115 prohibitum
2535 2047 2702 2098 fuerit
2725 2063 2794 2099 ne
2826 2047 3048 2100 habitus
3079 2049 3434 2101 monachalcs
3459 2053 3624 2120 (quos
3645 2053 3772 2105 ideo

2164 2135 2519 2199 amiciebant,
2537 2135 2618 2186 uti
2640 2135 2852 2188 facilius
2875 2153 3070 2188 auram
3100 2144 3392 2205 captarent
3409 2140 3769 2208 popularem)

2165 2234 2321 2279 extra
2356 2227 2756 2278 monasterium
2784 2233 3090 2295 gestarent.
3138 2228 3373 2281 Constat
3410 2229 3465 2282 id
3508 2247 3575 2283 ex
3609 2235 3769 2302 capi-

2163 2315 2680 2384 tulariAquisgran.
2704 2317 2886 2368 Caroli
2917 2318 3120 2384 Magn,
3145 2334 3263 2386 cap.
3294 2316 3360 2370 77
3387 2336 3400 2369 :
3425 2337 3445 2367 ι
3473 2320 3548 2372 Ut
3566 2321 3766 2375 illicle-

2166 2404 2262 2456 riui
2294 2404 2387 2472 qui
2419 2422 2477 2456 se
2504 2406 2725 2472 ﬁngunt
2754 2405 2947 2456 habitu
2962 2406 3045 2457 vel
3075 2407 3302 2459 nomine
3323 2409 3768 2465 monachosesse

2168 2499 2224 2545 et
2259 2509 2364 2544 non
2398 2498 2546 2556 sunt,
2580 2493 2918 2544 omnimodis
2946 2493 3205 2546 videntur
3253 2511 3374 2548 esse
3426 2497 3769 2565 corrigendi,

2167 2587 2231 2633 ut
2260 2581 2344 2632 vel
2379 2581 2634 2633 monachi
2663 2582 2794 2644 sint,
2843 2582 2925 2634 vel
2973 2583 3246 2636 canonici.
3276 2607 3299 2635 ››
3347 2585 3558 2638 Concil.
3588 2588 3771 2657 Aqui-

2168 2686 2356 2739 sgran.
2389 2687 2535 2722 anno
2569 2669 2787 2739 imperii
2837 2671 3102 2723 Ludovici
3133 2672 3213 2724 Pii
3243 2674 3428 2736 tertio,
3462 2691 3585 2744 cap.
3617 2675 3723 2730 1'25
3758 2695 3767 2727 :

2173 2776 2197 2809 ς(
2223 2758 2741 2826 Reprehensibilem
2774 2766 2829 2812 et
2858 2761 3231 2814 ecclesiastica
3246 2764 3641 2817 emendatione
3657 2765 3776 2834 dig-

2168 2863 2302 2899 num
2335 2848 2478 2916 apud
2509 2849 2803 2917 plerosque
2832 2851 3128 2902 canonicos
3155 2850 3448 2904 inolevisse
3479 2867 3673 2918 usum,
3711 2869 3774 2907 eo

2169 2937 2313 3004 quod
2341 2942 2534 2988 contra
2565 2953 2777 2989 morem
2807 2939 3243 2991 ecclesiasticum
3269 2941 3533 3007 cucullus,
3567 2943 3775 3011 quibus

2170 3023 2300 3075 solis
2328 3025 2614 3076 monachis
2646 3026 2918 3078 utendum
2959 3031 3060 3089 est,
3104 3027 3370 3093 induant;
3405 3045 3533 3081 cum
3575 3032 3776 3100 utique

2171 3113 2394 3164 illorum
2430 3113 2679 3165 habitum
2709 3115 2932 3183 penitus
2983 3133 3253 3185 usurpare
3298 3134 3406 3170 non
3439 3119 3711 3186 debeant,
3748 3137 3778 3172 a

2174 3218 2280 3270 quo
2312 3203 2595 3271 proposito
2627 3204 3038 3272 quodammodo
3060 3205 3289 3270 distant,
3330 3223 3355 3258 »
3397 3212 3510 3262 etc.

2247 3293 2351 3355 Qm.‘
2375 3297 2566 3343 restem
2593 3296 2875 3358 religionis
2905 3297 3114 3360 aliqunt-
3163 3295 3367 3350 Iliclms.
3425 3301 3529 3348 etc.
3581 3294 3780 3361 3w

2178 3379 2390 3431 Nititur
2416 3380 2470 3430 id
2495 3379 2700 3431 decreti
2727 3380 2782 3431 in
2810 3380 3027 3432 concilii
3048 3382 3223 3433 Tolet.
3249 3396 3321 3444 Iv,
3356 3398 3401 3433 c.
3438 3381 3504 3436 48
3538 3405 3549 3438 :
3588 3399 3612 3433 ε
3655 3385 3778 3436 Μο-

2177 3467 2416 3519 nachum
2442 3473 2539 3519 aut
2571 3474 2797 3536 paterna
2829 3469 3066 3528 devotio,
3102 3475 3200 3522 aut
3228 3470 3453 3540 propria
3501 3471 3780 3540 professio

2175 3555 2333 3620 facit;
2378 3556 2649 3624 quidquid
2683 3558 2880 3609 horum
2926 3558 3112 3618 fuerit,
3151 3559 3441 3628 alligatam
3474 3557 3715 3614 tenebit.
3753 3577 3778 3613 ι

2177 3644 2262 3696 Ita
2283 3660 2503 3712 quoque
2533 3645 2726 3696 concil.
2756 3644 3132 3710 Triburiense,
3153 3663 3273 3714 cap.
3312 3647 3364 3698 ti.
3409 3647 3516 3700 Sed
3541 3648 3609 3700 ad
3643 3665 3778 3718 pro-

2175 3733 2419 3802 positum
2451 3733 2598 3784 idem
2629 3734 2826 3785 concil.
2857 3735 3210 3798 Toletanum,
3239 3752 3284 3786 c.
3321 3733 3386 3789 55
3421 3755 3432 3788 :
3472 3755 3497 3786 «
3531 3736 3778 3799 Quicun-

2177 3838 2284 3890 que
2315 3839 2378 3873 ex
2408 3821 2765 3874 saecularibus
2798 3823 3130 3893 accipientes
3153 3824 3545 3893 pcenitentiam
3583 3833 3778 3880 toton-

2177 3912 2381 3963 derunt
2409 3928 2484 3973 se,
2521 3916 2576 3962 et
2606 3927 2799 3964 rursus
2830 3912 3272 3980 praevaricantes,
3294 3913 3420 3966 laici
3447 3914 3624 3966 eliecti
3645 3922 3780 3968 sunt

2177 4000 2564 4069 comprehensi
2612 3999 2680 4051 ab
2732 4000 2988 4069 episcopo
3020 4017 3119 4053 suo
3149 4002 3220 4053 ad
3270 4001 3687 4070 ptenitentiam,
3717 4018 3776 4056 ex

2179 4105 2288 4158 qua
2316 4095 2686 4144 recesserunt.
2719 4094 3066 4141 revocentur.
3089 4109 3113 4140 υ
3138 4091 3204 4142 Et
3231 4096 3355 4158 post
3374 4107 3552 4160 pauca
3582 4110 3592 4142 :
3617 4093 3774 4145 «Non

2179 4177 2343 4229 aliter
2389 4177 2464 4240 hi,
2518 4177 2608 4245 qui
2651 4178 2868 4229 detonsi
2923 4195 2954 4230 a
3010 4178 3339 4247 parentibus
3391 4180 3620 4245 fuerint,
3684 4186 3777 4233 aut

2179 4271 2376 4334 sponte
2419 4283 2538 4328 sua,
2572 4267 2792 4318 amissis
2853 4266 3196 4335 parentibus.
3250 4267 3460 4337 seipsos
3518 4269 3775 4339 religioni

501 4349 731 4413 selmus,
764 4349 862 4403 lib.
896 4363 958 4402 III
992 4351 1155 4419 epist.
1182 4350 1266 4406 35.
1293 4353 1398 4414 Qui
1435 4354 1684 4407 Waltero
1731 4355 2000 4408 cardinali
2041 4356 2536 4413 ethevoverunt.
2571 4360 2626 4406 et
2655 4360 2850 4424 postea
2875 4355 3125 4407 habitum
3159 4356 3483 4409 saecularem
3514 4373 3773 4428 sumpse-

499 4437 716 4505 Angliaa
742 4438 925 4506 legato
956 4439 1219 4503 scribens,
1255 4456 1379 4493 cum
1413 4459 1476 4494 eo
1521 4459 1632 4495 non
1664 4459 1824 4512 posse
1856 4446 2097 4514 colloqui

500 4526 720 4590 asserit,
755 4527 861 4578 nisi
893 4528 1041 4580 haud
1072 4531 1265 4598 procul
1295 4547 1328 4582 a
1367 4531 1671 4583 Cantuaria
1703 4551 1714 4583 -.
1764 4551 1784 4581 α
1821 4534 2096 4596 Quoniam

499 4615 704 4683 inquit,
741 4616 989 4685 quotidie
1020 4626 1404 4688 eXSpectamus
1463 4626 1525 4671 ut
1579 4621 1769 4673 hostes
1824 4622 1893 4674 de
1949 4624 2097 4676 ultra

499 4715 655 4758 mare
680 4705 737 4758 in
769 4705 1028 4775 Angliam
1061 4709 1302 4777 perillos
1333 4715 1528 4777 portus
1561 4711 1655 4779 qui
1679 4710 2095 4767 Cantuarberiie

497 4794 666 4847 vicini
691 4802 823 4848 sunt
845 4795 1082 4849 irruant.
1115 4799 1349 4867 Propter
1381 4798 1525 4866 quod
1549 4799 1808 4852 dominus
1832 4817 2095 4854 meusrex

507 4894 604 4936 Ore
635 4900 735 4937 suo
766 4885 902 4936 mihi
935 4888 1195 4955 praecepit
1226 4892 1282 4938 et.
1304 4887 1587 4938 mandavit
1617 4904 1715 4956 per
1740 4889 1954 4941 litteras
1977 4907 2098 4958 pro-

496 4972 622 5042 prio
652 4973 834 5042 sigillo
861 4974 1129 5042 signatas,
1161 4981 1223 5026 ut
1253 4973 1716 5027 Cantuarberiam
1763 4979 2091 5043 custodiam,

499 5065 557 5112 et
576 5077 799 5130 semper
827 5066 1058 5131 paratus
1089 5061 1191 5114 sim
1224 5075 1286 5114 ut
1311 5078 1640 5132 quacunque
1668 5065 1805 5117 hora
1834 5067 2094 5119 nuntium

498 5165 693 5202 eorum
723 5150 976 5218 audiero,
1017 5151 1374 5220 undicunque
1399 5153 1690 5204 convocari
1702 5151 1930 5221 jubeam
1945 5156 2096 5224 equi-

497 5245 583 5290 tes
608 5244 665 5290 et
702 5238 937 5308 pedites,
984 5240 1080 5309 qui
1123 5246 1478 5293 accurrentes
1530 5241 1806 5294 violentiae
1846 5243 2092 5296 hostium

496 5324 791 5392 obsistant,
818 5347 842 5378 ι
878 5329 984 5381 etc.

1010 5432 1084 5471 AD
1112 5433 1418 5473 EPISTULA}!
1444 5433 1567 5472 XXVI
1576 5460 1587 5471 .

567 5501 923 5560 Dunclmansi
951 5511 1189 5576 episcopo
1251 5509 1566 5562 Walchcrio.
1623 5509 1703 5562 De
1751 5524 1860 5577 quo
1921 5509 2093 5579 priori

499 5589 753 5659 epistola.

2180 4448 2330 4507 runt,
2369 4449 2425 4494 et
2451 4443 2618 4495 iidem
2659 4460 2690 4495 a
2722 4444 3008 4496 sacerdote
3039 4445 3428 4513 comprehensi
3459 4446 3528 4498 ad
3558 4448 3776 4516 religio-

2181 4552 2327 4598 nem,
2361 4541 2482 4587 acta
2514 4536 2666 4603 prius
2700 4537 3046 4604 pmnitentia,
3082 4543 3428 4601 revocentur,
3471 4557 3495 4587 υ
3528 4545 3635 4592 etc.
3680 4539 3774 4591 Vi-

2180 4625 2327 4677 desis
2357 4624 2547 4676 concil.
2578 4625 2753 4676 Tolet.
2792 4639 2861 4679 v1.
2895 4642 2995 4694 cap
3050 4623 3097 4688 7,
3123 4625 3224 4677 sub
3252 4626 3499 4679 medium
3527 4646 3538 4691 ;
3574 4628 3768 4683 concil.

2179 4713 2600 4771 Barcinocense,
2629 4730 2758 4765 ann.
2796 4711 2914 4778 599,
2940 4731 2987 4766 c.
3022 4715 3081 4776 4;
3119 4723 3174 4766 et
3203 4715 3509 4767 Burchard.
3535 4716 3634 4768 lib.
3661 4731 3770 4779 vin,

2181 4818 2281 4870 cap
2335 4801 2424 4856 331.
2458 4802 2663 4854 Verum
2695 4803 2909 4871 priscus
2941 4803 3032 4854 ille
3066 4819 3199 4856 usus
3224 4803 3630 4872 posterioribus
3673 4823 3773 4858 sa:-

2180 4891 2317 4942 culis
2339 4890 2602 4943 obsovelit
2637 4892 2896 4945 «maxime
2935 4891 3199 4959 obligatio
3247 4899 3494 4961 paterna}
3537 4893 3772 4946 oblatio-

2179 4980 2290 5047 nis)
2311 4980 2661 5048 excppositis
2716 4980 3078 5032 conciliorum
3133 4981 3387 5033 decretis.
3449 4983 3571 5044 Qua
3617 4983 3685 5035 de
3717 4999 3773 5035 re

2177 5068 2437 5135 perdocte
2466 5069 2666 5137 ample,
2689 5068 2948 5126 dilucide.
2995 5070 3274 5122 Antonius
3305 5071 3502 5139 Yepes.
3543 5075 3680 5124 tom.
3723 5072 3770 5124 ΙΙ

2179 5156 2383 5208 Chron.
2409 5155 2527 5208 0rd.
2567 5157 2621 5209 S.
2669 5157 2872 5209 Bened.
2910 5157 2977 5209 ad
3009 5173 3097 5209 an.
3134 5156 3239 5211 (578
3271 5177 3281 5223 ;
3315 5159 3475 5227 Hugo
3518 5159 3765 5211 Menard.

2178 5244 2234 5296 in
2263 5261 2385 5314 cap.
2417 5238 2512 5298 'titi
2572 5246 2990 5299 Concordantize
3055 5247 3377 5314 regularum
3435 5247 3715 5301 Benedict.
3754 5267 3764 5311 ;

2179 5334 2491 5386 Haestenus
2523 5334 2612 5385 lib.
2649 5349 2720 5396 iv,
2754 5341 2913 5387 tract.
2949 5334 2992 5398 l,
3032 5335 3313 5405 disquisit.
3341 5337 3389 5388 5.

2677 5437 2748 5475 AD
2782 5438 3080 5476 EPISTULA.“
3103 5438 3267 5479 XXVII.

2250 5511 2428 5580 Hujus
2459 5511 2705 5581 epistolae
2722 5512 2977 5564 meminit
2995 5513 3302 5565 Eadmerus
3316 5511 3574 5567 Historiae
3595 5514 3766 5568 Novo-

2175 5616 2300 5652 rum
2331 5600 2428 5652 lib.
2461 5618 2479 5652 1
2506 5619 2516 5653 :
2547 5601 2775 5662 «Quam
2795 5618 2925 5654 vero
2947 5611 3142 5655 secura
3166 5602 3445 5668 libertate,
3478 5602 3680 5672 inquit,
3714 5608 3766 5655 et
