3892 6354
128 308 225 376 59⁸1

1162 330 1244 386 ΙΝ
1283 324 1509 389 EPIST.
1553 324 1617 388 Β.
1660 335 2075 393 LANFRANOI
2112 337 2345 395 ΝΟΤιιΕ.

3280 340 3388 402 598

121 444 290 498 libera
316 448 620 503 securitate
646 458 879 522 quaeque
908 452 978 506 ad
1009 455 1140 523 jura
1170 455 1429 511 Ecclesiae
1458 459 1707 514 Cantuao
1730 466 1775 520 Α
1797 478 1897 531 per
1927 478 1986 516 se
2016 464 2300 525 clauserit,
2331 462 2516 517 minor
2537 463 2705 518 clavis
2752 464 2971 535 aperire
3000 468 3109 520 non
3140 462 3382 530 valebit;

120 532 306 587 riensis
328 536 669 605 pertinentia
697 541 885 609 potiri,
933 558 1078 612 saepe
1097 543 1246 597 tatus
1269 545 1709 601 PaterLanfran-

120 639 215 676 cus
237 624 561 695 intenderit,
592 630 649 683 et
676 644 746 684 ex
799 630 869 685 iis
898 647 1021 701 quae
1079 632 1515 703 designavimus,
1549 643 1607 690 et
1643 654 1708 691 ex

120 710 339 782 epistola
361 722 535 784 quam
553 730 678 771 ecce
697 717 1133 787 subscribemus,
1151 722 1323 776 cuivis
1341 723 1482 777 scire
1503 723 1707 779 volenti

116 805 295 869 patere
321 802 458 857 satis
489 803 616 871 erit,
647 824 673 858 »
713 810 819 860 etc.

177 915 439 986 Stigando
475 921 819 979 Cz'cestrensi.
872 943 894 974 ι
962 924 1265 995 Stigandus
1322 945 1433 981 non
1486 929 1579 982 ille
1612 929 1710 1000 (ait

116 1003 641 1077 Malmesburiensis,
706 1011 802 1067 lib.
844 1028 886 1066 Π
938 1011 1019 1068 De
1071 1015 1268 1085 pontif.
1309 1016 1366 1071 in
1404 1019 1570 1087 calce)
1613 1019 1707 1088 qui

114 1100 289 1165 postea
325 1095 437 1151 fuit
489 1099 782 1171 episcopus
823 1101 1225 1172 Vintoniensis,
1259 1111 1315 1158 et
1343 1106 1707 1178 archiepisco-

114 1200 204 1253 pus
233 1185 675 1242 Cantuariensis.
708 1189 812 1243 Hic
859 1189 1163 1260 Stigandus
1189 1209 1222 1245 a
1259 1192 1543 1248 Willelmo
1572 1212 1703 1265 rege

112 1269 177 1323 ibi
206 1271 380 1325 factus
421 1275 736 1349 episcopus,
798 1279 1035 1332 mutavit
1063 1280 1251 1334 sedem
1299 1282 1357 1334 in
1398 1282 1700 1336 Cicestram

111 1359 347 1413 dioecesis
377 1379 499 1416 suae
534 1363 813 1418 civitatem
846 1384 1020 1438 prope
1055 1386 1230 1435 mare,
1266 1370 1360 1423 ubi
1392 1372 1701 1443 antiquitus

114 1452 161 1501 et
188 1448 240 1501 S.
275 1448 429 1503 Petri
462 1455 873 1508 monasterium
907 1463 963 1508 et
1010 1458 1368 1529 congregatio
1410 1460 1707 1514 sanctimo-

111 1535 330 1620 nialium
362 1538 572 1608 fuerat,
612 1561 634 1592 ι
679 1546 788 1600 etc.
827 1544 908 1597 De
959 1545 1227 1616 Stigando
1283 1548 1353 1601 ad
1404 1547 1698 1620 epistolam

104 1616 179 1691 25,
211 1625 265 1679 d.

165 1734 586 1793 Archz'diacom‘.
620 1737 766 1802 Quid
797 1756 983 1810 agere,
1018 1741 1152 1812 quid
1189 1758 1383 1797 cavere
1434 1744 1692 1815 debeant,

109 1820 254 1876 docet
284 1824 650 1895 Hincmarus,
683 1836 819 1885 tom.
853 1833 895 1889 Ι,
921 1848 1050 1901 pag.
1087 1832 1208 1897 738,
1240 1833 1300 1886 in
1325 1834 1583 1905 capitulis
1611 1854 1698 1891 ar-

102 1911 509 1971 chidiaconibus
534 1919 781 1991 presbyt.
841 1921 1026 1987 datis;
1084 1920 1344 1985 maxime,
1378 1939 1502 1993 cap.
1539 1925 1588 1991 5,
1622 1943 1694 1981 ne

102 2003 347 2068 pecunias
379 2022 416 2059 a
477 2007 825 2078 presbyteris
882 2009 1111 2079 exigant
1156 2010 1456 2067 interdicit.
1485 2014 1552 2067 Et
1594 2015 1687 2068 Ivo

105 2088 447 2147 Carnotensis
469 2096 765 2166 episc0pus
788 2102 851 2150 ut
862 2098 1164 2151 monachos
1186 2099 1242 2153 S.
1262 2100 1416 2155 Petri
1432 2102 1686 2171 ejusdem

101 2178 317 2235 civitatis
360 2183 432 2237 ab
474 2186 1001 2240 archidiaconorum
1035 2187 1322 2242 vexatione
1354 2190 1681 2258 vindicaret,

100 2267 303 2324 illorum
332 2278 391 2325 et
419 2274 603 2344 quieti
632 2276 692 2328 in
730 2282 1018 2346 posterum
1066 2277 1398 2344 consuleret,
1433 2281 1685 2334 Paschali

99 2372 236 2427 papae
266 2360 363 2414 dat
391 2362 616 2417 litteras
641 2364 700 2418 in
728 2365 877 2418 hunc
906 2366 1134 2419 modum
1166 2384 1178 2418 :

159 2473 425 2531 PASCHALI
446 2492 673 2533 summo
705 2481 957 2551 pontifici
1004 2480 1099 2534 Ivo
1156 2482 1386 2535 humilis
1429 2485 1683 2540 Ecclesiae

106 2560 445 2620 Carnotensis
476 2567 755 2633 minister,
797 2587 922 2624 cum
948 2570 1134 2624 debita
1186 2571 1499 2626 obedientia
1529 2576 1685 2644 quid-

105 2649 220 2716 quid
246 2652 303 2704 in
333 2656 582 2709 terrenis
612 2662 667 2709 et
690 2658 1008 2711 coelestibus
1036 2659 1356 2713 desiderare
1386 2665 1441 2713 et
1456 2678 1683 2731 sperare

101 2741 263 2803 potest
286 2755 446 2795 mens
472 2744 741 2798 humana.

160 2844 290 2899 Cum
321 2848 661 2905 auctoritate
690 2854 997 2924 apostolica
1026 2854 1223 2908 moniti
1255 2859 1309 2909 et
1340 2856 1565 2925 muniti,
1586 2874 1679 2928 pa-

100 2931 542 2993 ciecclesiasticze
589 2948 645 2994 et
691 2943 865 3012 quieti
916 2946 1239 2999 monasticae
1278 2960 1503 3016 operam
1543 2947 1678 3001 dare

104 3020 364 3092 debemus,
396 3029 455 3080 in
490 3028 693 3098 quibus
722 3031 791 3085 ad
823 3032 926 3085 hoc
944 3032 1289 3103 implendum
1313 3035 1677 3099 nisibus,nos-

1794 557 1848 604 et
1881 553 2027 622 quod
2079 553 2382 623 aperuerit,
2417 552 2676 606 claudere
2722 569 2834 607 non
2873 552 3096 608 valebit.
3129 554 3387 612 Misimus

1791 655 1922 710 ergo
1944 643 2241 711 quemdam
2263 641 2511 712 przedicti
2533 642 2861 696 monasterii
2888 643 3119 697 fratrem
3149 654 3389 714 praesen-

1788 723 1927 777 tium
1960 722 2226 791 laborem,
2262 726 2357 795 qui
2387 725 2607 795 plenius
2639 729 2697 778 et
2732 726 3030 796 specialius
3059 740 3127 781 ea
3168 741 3291 797 qua;
3315 728 3387 782 ii-

1788 811 1973 866 berari
2006 823 2064 867 et
2093 813 2328 867 defendi
2362 812 2671 883 apostolica
2727 814 3061 870 auctoritate
3106 817 3381 883 convenit,

1788 902 2121 955 nominatim
2152 903 2525 968 determinet;
2560 908 2618 955 et
2646 903 3024 958 instrumenta
3052 906 3385 961 conﬁrmare

1791 990 1880 1059 [/‘.,
1908 992 2270 1062 confirmatae]
2301 989 2575 1044 libertatis
2602 991 2763 1046 nobis
2791 997 3059 1061 reportet.

1860 1078 2141 1133 Hactenus
2175 1078 2361 1133 Ivonis
2388 1079 2625 1150 epistola
2662 1097 2692 1132 e
2728 1079 2948 1135 scriniis
2990 1082 3053 1135 B.
3079 1080 3272 1138 Mariae
3312 1072 3381 1140 de

1788 1166 2054 1229 Ebronio,
2089 1169 2340 1222 dioecesis
2361 1169 2820 1235 Cenomanensis,
2840 1171 3046 1224 nostrae
3072 1178 3380 1245 Congrega-

1782 1257 1953 1310 tionis
1977 1258 2319 1311 monasterii.

1857 1347 1981 1412 θυῖε
1993 1349 2326 1414 antiquitus,
2343 1347 2634 1409 etc.Quam
2655 1345 2891 1400 viriliter
2911 1342 3087 1414 33'
3127 1362 3262 1405 sane
3284 1357 3373 1408 at-

1790 1450 1897 1503 que
1914 1434 1981 1487 ad
2004 1435 2200 1488 horam
2223 1452 2257 1488 a
2279 1436 2341 1489 B.
2364 1435 2674 1489 Lanfranco
2698 1435 2952 1492 Ecclesia:
2983 1438 3378 1497 Cantuariensi

1788 1524 2104 1577 consultum
2139 1526 2253 1578 est!
2284 1525 2489 1595 quippe
2518 1526 2676 1593 cujus
2702 1526 3081 1595 possessiones
3110 1527 3178 1581 ab
3198 1531 3377 1584 omni-

1779 1610 1883 1664 bus
1942 1613 2290 1682 (praasertim-
2324 1612 2709 1684 optimatibusi
2754 1613 3210 1671 distrahebantur
3245 1610 3404 1673 ante.

1779 1702 1899 1770 ejus
1930 1702 1988 1754 in
2016 1703 2274 1771 Angliam
2304 1702 2625 1765 adventum,
2645 1706 2701 1756 et
2728 1698 3018 1758 libertates
3047 1717 3147 1759 seu
3175 1694 3379 1761 immu-

1711 1810 1757 1870 Β
1777 1790 1983 1843 nitates
2019 1792 2137 1860 jam
2176 1791 2370 1844 multis
2389 1796 2539 1844 retro
2570 1790 2733 1844 annis
2757 1798 2964 1862 susque
2996 1793 3177 1864 deque
3209 1792 3378 1850 habe-

1780 1877 2012 1945 bantur;
2046 1894 2146 1949 pro
2174 1880 2375 1949 quibus
2404 1878 2751 1950 inquirendis
2777 1886 2945 1951 atque
2975 1882 3047 1935 ad
3095 1896 3262 1937 usum
3292 1894 3377 1938 re-

1773 1969 2055 2032 vocandis,
2088 1968 2393 2022 immensos
2437 1967 2655 2022 labores
2696 1973 2752 2021 et
2802 1970 3034 2024 sudores
3059 1973 3373 2028 exantlasse

1773 2057 2058 2109 memoriae
2080 2054 2426 2125 consignavit
2445 2055 2772 2121 Eadmerus,
2796 2057 2914 2110 loco
2945 2056 3134 2124 citato,
3167 2076 3296 2130 pag.
3314 2056 3368 2129 9,

1766 2143 1861 2197 ubi
1885 2144 2133 2198 Odonem
2158 2144 2304 2213 regis
2332 2145 2585 2209 fratrem,
2629 2144 2949 2215 episcopum
2982 2146 3365 2216 Bajocensem,

1767 2238 1822 2285 et
1853 2233 2065 2287 Cantiae
2096 2234 2380 2295 comitem,
2413 2232 2482 2286 ad
2513 2230 2906 2304 disceptandas
2946 2235 3368 2293 Cantuariensis

1766 2322 2023 2375 Ecclesiae
2046 2339 2242 2376 causas
2272 2338 2457 2375 coram
2489 2322 2647 2391 regni
2693 2321 3053 2393 primoribus,
3080 2316 3244 2395 jussu
3275 2342 3367 2381 re-

1762 2410 1867 2479 gis,
1897 2415 2225 2481 provocarat
2246 2428 2483 2481 magnus
2504 2408 2879 2465 Lanfrancus:
2910 2430 2935 2463 «
2957 2411 3207 2467 Tandem
3227 2414 3369 2469 vali-

1765 2498 1838 2551 da
1860 2500 2074 2553 ratione
2096 2499 2381 2562 subnixus,
2409 2514 2475 2553 ex
2505 2501 2786 2555 communi
2818 2502 3070 2555 omnium
3104 2504 3370 2575 astipula-

1764 2587 1917 2642 tione
1939 2594 1993 2641 et
2019 2589 2249 2658 judicio,
2284 2589 2359 2642 ibi
2389 2594 2590 2643 cuncta
2609 2590 2961 2660 recuperavit
2989 2606 3111 2661 quae
3142 2597 3368 2648 ostensa

1764 2682 1897 2729 sunt
1918 2677 2231 2747 antiquitus
2249 2677 2320 2731 ad
2334 2679 2467 2747 jura
2484 2676 2738 2731 Ecclesiae
2763 2676 2966 2732 Christi
2988 2680 3363 2736 Cantuarien-

1762 2762 1837 2816 sis
1855 2765 2212 2833 pertinuisse,
2237 2766 2429 2819 tamin
2473 2766 2659 2829 terris,
2687 2783 2855 2837 quam
2881 2767 2939 2820 in
2961 2767 3196 2823 diversis
3226 2786 3361 2824 con-

1761 2854 2172 2921 suetudinibus,
2195 2877 2219 2902 ν
2245 2860 2351 2907 etc.
2386 2854 2477 2907 Ad
2499 2853 2788 2924 privilegia
2810 2856 3231 2911 Cantuariensls
3255 2858 3364 2912 Ec-

1759 2941 1938 2995 clesiae
1969 2944 2116 3013 quod
2140 2945 2360 3003 attinet,
2390 2941 2607 2995 solebat
2633 2943 3358 3015 archiepiscopus,quacun-

1759 3047 1866 3100 que
1887 3031 1945 3084 in
1971 3033 2195 3086 dimcesi
2250 3032 2391 3085 villze
2436 3032 2585 3085 illius
2632 3040 2688 3085 et
2745 3032 2989 3087 ecclesiae
3030 3034 3353 3103 existerent,

97 3109 179 3162 tris
210 3129 315 3166 non
350 3117 687 3181 sufficimus,
721 3120 1081 3191 apostolicam
1136 3123 1325 3176 sedem
1384 3124 1671 3177 consulere
1760 3119 2095 3191 episcopalia
2109 3122 2238 3191 jura
2253 3127 2521 3191 tanquam
2534 3121 2590 3174 in
2621 3123 2849 3193 propria
2878 3130 3169 3191 exercere;
3201 3125 3356 3180 velut

97 3202 344 3269 cogimur,
368 3206 435 3259 ut
458 3223 588 3260 eam
614 3209 925 3263 sentiamus
963 3211 1342 3280 adjuvantem,
1378 3226 1545 3282 quam
1571 3214 1675 3266 ha-
1755 3208 1902 3261 inter
1921 3226 2088 3279 quam
2118 3208 2390 3279 plurimos
2408 3210 2837 3265 auctoresdocet
2857 3211 3221 3267 S.Anse1mus
3250 3214 3350 3269 lib.

98 3283 297 3373 buimus
326 3293 723 3366 imperantem,
758 3305 1034 3370 quatenus
1079 3298 1417 3355 excellentiae
1449 3309 1673 3373 aposto-
1754 3311 1834 3361 In,
1868 3299 2029 3368 epist.
2058 3297 2122 3354 19
2155 3318 2166 3352 :
2207 3319 2228 3348 ι
2261 3300 2496 3369 Semper
2535 3298 2987 3371 archiepiscopus
3032 3298 3350 3358 Cantuariae

96 3372 195 3429 litae
221 3396 329 3435 non
358 3383 670 3455 incongrue
717 3386 967 3442 dicamus
1001 3408 1012 3441 :
1052 3408 1073 3439 ι
1109 3389 1193 3443 Da
1222 3390 1368 3459 quod
1388 3372 1574 3460 jubes,
1616 3395 1670 3443 et
1754 3387 1897 3442 hanc
1920 3388 2119 3443 habuit
2147 3395 2484 3460 potestatem
2521 3394 2577 3443 et
2602 3392 3086 3460 consuetudinem,
3112 3399 3176 3447 ut
3199 3392 3353 3449 intra

93 3463 212 3531 jUbe
242 3473 385 3541 quod
417 3474 522 3527 vis.
561 3494 581 3525 ο
618 3475 777 3538 Quod
808 3477 933 3530 ideo
959 3477 1273 3531 celsitudini
1302 3487 1500 3531 vestrae
1526 3496 1669 3548 prae-
1751 3479 2131 3547 cujuscunque
2148 3477 2389 3548 episcopi
2407 3477 2687 3530 dioecesim
2708 3478 2942 3532 haberet
2957 3479 3349 3537 EcclesiaCan-

95 3550 382 3626 libavimus,
417 3563 554 3633 quia
582 3562 839 3618 volumus
885 3571 1081 3620 notum
1142 3584 1263 3621 esse
1305 3567 1667 3621 sollicitudini
1750 3568 1947 3620 tuarize
1976 3568 2160 3620 villam
2195 3573 2292 3621 aut
2322 3568 2632 3627 ecclesiam,
2654 3584 2776 3638 quae
2808 3569 3061 3639 ejusdem
3079 3570 3351 3643 archiepi-

92 3650 263 3702 vestrte
289 3651 346 3705 in
375 3654 646 3708 suburbio
666 3656 996 3709 Carnotensi
1025 3658 1195 3711 situm
1226 3675 1346 3711 esse
1381 3666 1665 3711 monaste-
1748 3657 1899 3725 scopi
1918 3657 2129 3726 proprii
2145 3656 2291 3726 juris
2309 3657 2792 3728 essent,quidquid
2813 3657 2883 3710 de
2904 3650 3099 3711 eadem
3125 3654 3349 3714 villavel

95 3731 220 3788 rium
248 3738 304 3792 in
357 3742 574 3796 honore
603 3744 665 3797 B.
700 3744 871 3810 Petri,
924 3744 993 3798 ab
1050 3747 1495 3800 antecessoribus
1522 3747 1663 3800 meis
1747 3745 1979 3798 ec’clesia
2009 3745 2319 3815 pertineret
2375 3745 2445 3797 ad
2493 3743 2807 3815 episcopale
2851 3746 3115 3799 officium.
3146 3744 3347 3803 Adhuc

94 3818 382 3895 fundatum,
417 3836 473 3884 et
522 3832 590 3885 de
628 3831 783 3886 bonis
815 3832 1175 3888 Carnotensis
1206 3836 1467 3900 ecclesiae,
1500 3841 1667 3905 prout
1747 3833 1939 3886 vivunt
1967 3834 2402 3887 innumerabiles
2450 3834 2705 3887 homines
2751 3833 2845 3903 qui
2892 3834 3153 3887 viderunt
3181 3844 3346 3890 ante-

92 3908 299 3969 facultas
328 3918 476 3974 ferre
508 3922 709 3991 potuit,
742 3923 1092 3994 ampliatum,
1126 3924 1183 3976 in
1224 3941 1334 3993 quo
1364 3925 1663 3995 aliquando
1748 3939 2025 3975 cessorem
2056 3939 2265 3987 meum,
2308 3919 2935 3976 venerabilismemoriaa
2964 3920 3343 3978 Lanfrancum

90 3999 259 4070 religio
273 4007 465 4076 viguit,
487 4010 790 4080 aliquando
806 4013 1008 4082 tepuit,
1044 4029 1192 4079 cum,
1227 4014 1369 4067 sicut
1400 4031 1519 4067 mos
1551 4020 1653 4078 est,
1742 4011 2003 4065 dedicare
2026 4012 2285 4065 ecclesias
2315 4011 2574 4063 villarum
2614 4026 2841 4063 suarum
2886 4008 3038 4063 intra
3074 4010 3339 4065 dioeceses

90 4084 351 4149 deﬁciente
414 4096 743 4169 integritate
805 4103 1184 4171 praelatorum,
1227 4100 1491 4173 subsequi
1544 4118 1657 4156 non
1740 4099 1979 4153 aliorum
1999 4099 2547 4171 episcoporum,ipsis
2564 4096 2868 4168 scientibus
2888 4096 3010 4153 sine
3031 4096 3332 4154 calumnia.

90 4179 250 4242 putuit
276 4186 485 4240 sanitas
540 4187 909 4242 subditorum.
944 4189 1052 4243 Sed
1100 4191 1249 4260 quia,
1299 4192 1414 4244 Deo
1453 4207 1656 4261 praeve-
1690 4208 1691 4211 η
1739 4187 1899 4251 Quod
1928 4188 2099 4242 etiam
2121 4189 2176 4242 S.
2200 4189 2543 4251 Dunstanus,
2589 4205 2613 4237 ι
2648 4193 2752 4241 etc.

91 4262 270 4334 niente,
304 4279 355 4327 et
403 4274 676 4330 nonnullo
729 4278 914 4331 studio
963 4284 1154 4332 nostro
1211 4285 1562 4350 coeperante,
1594 4279 1654 4332 in

90 4358 321 4419 praedicto
351 4365 696 4419 monasterio
729 4366 1013 4437 religionis
1057 4369 1211 4435 vigor
1238 4368 1510 4434 reﬂoruit,
1551 4385 1653 4421 ne-

89 4449 354 4505 cessariam
381 4453 737 4508 monasteriis
764 4454 1010 4525 quietem
1042 4458 1307 4511 vellemus
1329 4458 1508 4511 eidem
1531 4473 1653 4511 mo-

90 4540 303 4594 nasterio
332 4541 626 4614 providere
651 4561 663 4608 ;
694 4549 749 4596 et
778 4544 847 4598 ab
873 4545 1120 4615 angariis
1142 4552 1199 4600 et
1210 4547 1647 4618 gravaminibus,

89 4636 191 4688 quae
214 4644 309 4683 sua
338 4634 653 4702 quaerentes
686 4630 1062 4688 archidiaconi
1092 4630 1169 4689 ibi
1196 4638 1375 4690 facere
1406 4636 1650 4689 moliun-

87 4716 180 4778 tur,
204 4720 418 4786 penitus
447 4719 719 4789 liberare;
768 4724 918 4793 quod
947 4724 1115 4777 etiam
1150 4726 1374 4795 quidam
1406 4729 1650 4779 anteces-

87 4812 216 4856 sores
244 4809 413 4862 nostri
446 4826 506 4863 se
533 4809 729 4863 fecisse
750 4812 1107 4881 putaverunt,
1152 4815 1247 4867 sed
1294 4810 1522 4868 libertas
1551 4810 1648 4867 illa

89 4886 303 4962 integras
323 4898 469 4952 vires
499 4915 612 4952 non
654 4899 871 4961 habuit.
905 4901 1038 4971 quia
1067 4903 1369 4972 apostolica
1410 4903 1650 4958 auctori-

85 4984 181 5032 tate
207 4987 413 5040 munita
442 5003 556 5041 non
584 4987 711 5041 fuit.
747 4989 1003 5043 Postulat
1025 4992 1214 5062 itaque
1252 4992 1501 5063 praedicti
1526 5010 1647 5047 mo-

86 5072 283 5125 nasterii
302 5081 417 5130 tota
438 5078 797 5147 congregatio
824 5085 906 5142 ut,
936 5097 1036 5150 per
1063 5081 1417 5135 mediationis
1442 5088 1645 5137 nostrae

85 5157 674 5233 mediocritatem,idem
707 5167 1111 5222 monasterium
1131 5186 1256 5223 cum
1287 5172 1401 5224 suis
1430 5188 1644 5242 appen-

85 5242 214 5301 diciis
236 5252 331 5305 sub
358 5256 591 5309 tutelam
623 5260 827 5311 sanctae
875 5258 1142 5312 Romanae
1172 5258 1435 5315 Ecclesiae
1465 5264 1641 5317 susci-

84 5333 273 5405 piatur;
302 5348 355 5395 et
382 5344 628 5409 libertas,
669 5361 836 5415 quam
868 5347 1303 5417 przedecessores
1334 5353 1637 5407 nostrimo-

88 5428 298 5482 nasterio
363 5438 417 5485 et
477 5434 924 5504 possessionibus
987 5439 1312 5492 monasterii
1350 5457 1634 5495 concesse-
1718 5444 1868 5509 dere,
1902 5465 1923 5495 ι
1954 5450 2065 5501 etc.

86 5519 209 5579 runt,
266 5520 407 5574 salvo
457 5522 585 5591 jure
631 5524 989 5578 Carnotensis
1034 5527 1293 5598 episcopi.
1336 5531 1637 5599 apostolica
1791 5533 2424 5587 Ca'nobioConvenlreio.
2463 5532 2571 5585 Seu
2593 5531 2995 5599 Conventreim;
3028 5532 3187 5604 cujus
3203 5532 3318 5588 ori-
3363 5596 3370 5614 ί

88 5604 379 5663 auctoritate
393 5602 707 5666 roboretur.
729 5608 889 5676 Quod
916 5614 1082 5668 enim
1112 5616 1438 5687 principalis
1467 5618 1635 5673 clavis
1688 5621 1909 5690 ‘gihem
1934 5621 2175 5691 explicat
2220 5621 2369 5675 idem
2410 5625 2643 5674 *auctor‘
2675 5619 2871 5675 eodem
2915 5620 3040 5676 loco
3074 5602 3153 5676 :Vc
3181 5612 3321 5678 Erat
3359 5608 3369 5640 ⁵

2221 4320 2291 4355 AD
2320 4318 2617 4357 EPISTOLAM
2638 4316 2829 4357 XXVIII.

1670 4435 1722 4494 D
1807 4412 2095 4479 Stz'gando.
2122 4411 2203 4467 De
2232 4426 2341 4481 quo
2369 4409 2580 4465 dictum
2610 4417 2696 4465 est
2724 4408 2977 4481 proxima
3004 4409 3259 4481 epistola.

2246 4544 2316 4581 AD
2341 4541 2642 4581 EPISTOLAM
2660 4540 2809 4580 XXIX.

1803 4636 2025 4691 Roberto
2057 4634 2342 4688 Cestriensi.
2379 4634 2562 4703 Hujus
2591 4634 2841 4704 epistolae
2897 4632 3063 4689 titulo
3115 4626 3326 4689 nomen

1731 4724 2143 4778 restituendum
2174 4723 2325 4784 duxi,
2363 4722 2639 4793 siquidem
2663 4723 2907 4776 litteram
2935 4722 2998 4776 P.
3022 4724 3325 4794 praaﬂxam,

1731 4814 1946 4868 librarii
1966 4814 2187 4867 inscitia
2205 4813 2469 4883 scriptam
2487 4813 2651 4865 facile
2682 4812 2829 4882 apud
2852 4828 3046 4866 omnes
3088 4813 3327 4883 scripto-

1732 4920 1822 4957 res
1838 4902 2179 4972 deprehendi
2202 4921 2213 4965 ;
2249 4901 2344 4972 qui
2374 4901 2442 4953 de.
2471 4901 2561 4954 hic
2589 4902 2830 4954 exaratis
2853 4898 2965 4955 aB.
2991 4901 3322 4969 Lanfranco,

1729 5009 1800 5046 ne
1821 4992 2112 5045 verbulum
2143 4990 2365 5060 quidem
2411 4989 2698 5042 ascribunt
2753 4990 2920 5043 Petro
2956 4992 3138 5060 (quem
3172 4988 3321 5043 indi-

1727 5097 1854 5134 care
1883 5081 2104 5134 videtur
2126 5081 2209 5148 P.)
2236 5078 2330 5133 sed
2358 5078 2601 5132 Roberto
2632 5077 2784 5131 illius
2814 5079 3138 5144 successori,
3172 5080 3323 5149 quod

1725 5186 1759 5222 a
1779 5168 1938 5222 nobis
1961 5168 2339 5223 declarabitur
2364 5166 2511 5221 infra
2543 5190 2553 5224 :
2595 5187 2617 5216 ι
2659 5167 2761 5221 Illa
2790 5172 2975 5222 autem
3010 5168 3323 5223 Cestrensis

1725 5257 1936 5321 civitas,
1984 5257 2084 5323 (ait
2127 5254 2484 5311 Malmesbur.
2516 5255 2618 5312 lib.
2658 5269 2730 5319 1v,
2764 5254 2844 5310 De
2873 5252 3092 5327 pontif.)
3125 5257 3323 5311 Cestra

1722 5346 2006 5415 legionum
2038 5346 2261 5411 dicitur,
2309 5344 2456 5415 quod
2485 5344 2564 5398 ibi
2613 5345 2832 5399 emeriti
2862 5345 3147 5415 legionum
3175 5358 3321 5401 rese-
