3892 6376
485 300 594 356 599
1639 306 1873 362 DOMNI
1913 308 2121 364 LUCIE
2160 308 2503 364 DACHERII
3665 295 3762 353 600

486 421 543 477 in
564 421 789 479 dioecesi
809 422 1094 495 Cestrensi
1119 424 1500 481 Conventreise
1530 426 1865 491 coenobium,
1906 445 1941 482 a
1970 445 2087 483 ma-
2103 430 2326 491 Afuere
2356 427 2655 483 Hilduinus
2685 431 2755 481 de
2774 421 3772 491 Rameru,GuillelmuscomesSues-

489 512 958 582 gniﬁcentissimo
1014 515 1217 569 comite
1268 515 1518 570 Leofrico
1575 521 1633 570 et
1670 534 1842 571 uxore
1873 518 2091 572 Godiva
2172 518 2465 582 sionensis,
2485 517 2581 587 qui
2608 514 2807 587 genuit
2832 515 3170 581 Renaldum,
3198 518 3257 568 et
3281 511 3772 578 Joannem,etMao

492 607 900 669 constructum,
933 608 1089 658 tanto
1118 603 1240 658 auri
1293 611 1350 658 et
1402 605 1626 674 argenti
1669 608 1988 676 spectaculo
2027 612 2093 661 ut
2174 623 2396 662 nassem
2428 605 2524 676 qui
2560 604 2667 659 fuit
2696 605 2988 676 episcopus
3017 600 3464 668 Suessionensis,
3500 619 3531 653 υ
3555 603 3664 655 etc.
3696 599 3771 655 Ob

488 689 717 757 angusti
749 689 1187 762 viderenturipsi
1218 692 1460 761 parietes
1480 692 1846 747 Ecclesiarum
1869 695 2092 749 thesau-
2174 712 2374 767 pravos
2405 710 2588 748 mores
2609 693 2791 748 verbis
2815 691 3322 747 vehementioribus
3343 691 3708 761 increpatum
3725 687 3774 749 (a

490 791 683 829 rorum
717 778 1099 848 receptaculis,
1135 778 1406 833 miraculo
1433 793 1599 850 porro
1640 779 1935 837 visentium
1964 799 2093 837 ocu-
2176 785 2232 839 S.
2266 783 2534 838 Brunone
2579 783 3080 838 Carthasianorum
3136 781 3468 836 institutore
3512 777 3769 843 maxime,

490 862 579 921 lis.
611 884 635 915 ι
881 868 885 872 ’
2173 871 2263 926 cui
2306 878 2362 926 et
2409 887 2604 925 ansam
2642 870 2950 942 praebuere,
2973 874 3039 924 ut
3067 868 3277 924 mundo
3305 872 3633 922 extremum
3660 866 3774 920 vale

563 955 735 1008 Arcas
762 969 954 1007 eorum
983 956 1218 1022 fregisti,
1276 960 1381 1010 etc.
1417 955 1768 1027 Dilapidasse
1796 958 2091 1014 facultates
2173 961 2404 1028 diceret)
2427 976 2761 1030 suspensum
2789 959 3088 1013 actandem
3111 957 3438 1028 depositum
3459 955 3773 1010 Manassem

493 1041 728 1096 cmnobii
757 1042 1137 1097 Conventreiae
1156 1043 1458 1099 Robertum
1497 1046 1745 1116 sugillat,
1779 1046 1876 1101 ubi
1919 1065 2091 1119 supra
2175 1066 2285 1104 non
2315 1049 2490 1103 semel
2517 1047 2654 1102 dicit
2673 1048 2835 1118 Hugo
2863 1046 3315 1111 Flaviniacensis,
3336 1043 3506 1098 testis
3533 1043 3776 1114 locuples

491 1128 1011 1185 Malmesburiensis
1047 1148 1058 1184 :
1105 1156 1130 1184 α
1170 1133 1249 1187 Ex
1298 1150 1412 1187 una
1461 1134 1641 1199 trabe,
1686 1135 1890 1206 inquit,
1932 1136 2091 1207 quin-
2171 1139 2231 1192 in
2258 1138 2507 1193 Historia
2526 1153 2631 1190 ms.
2669 1155 2693 1187 ι
2725 1138 3034 1190 Accusatus
3070 1134 3151 1189 ait
3174 1133 3287 1199 ille,
3330 1133 3392 1187 in
3414 1131 3620 1187 eodem
3650 1148 3775 1185 con-

490 1225 690 1289 gentas
720 1237 936 1275 marcas
965 1223 1187 1292 argenti
1222 1224 1460 1278 corrasit
1487 1242 1613 1295 quae
1641 1226 1845 1281 scrinia
1874 1232 2092 1282 susten-
2171 1226 2298 1280 cilio
2347 1225 2753 1295 (Lugdunensi)
2810 1223 3103 1278 Remensis
3148 1221 3408 1277 Ecclesiae
3454 1221 3684 1275 invasor
3703 1220 3778 1274 Si-

492 1307 707 1363 tabant.
742 1309 940 1364 Plures
968 1310 1046 1364 ibi
1075 1317 1328 1366 moratus
1383 1328 1581 1379 annos,
1615 1314 1755 1368 nihil
1794 1315 2091 1386 probitatis
2172 1316 2462 1371 moniacus
2491 1315 2779 1369 Manasses
2815 1330 2848 1366 a
2902 1312 3120 1366 clericis
3146 1309 3552 1374 Remensibus,
3595 1314 3653 1364 et
3685 1326 3775 1363 su-

495 1397 748 1451 exhibuit
775 1399 896 1453 loco
930 1401 952 1422 ’
976 1399 1116 1453 adeo
1151 1416 1339 1455 sacras
1366 1419 1501 1472 opes
1529 1402 1843 1475 dilapidans
1875 1405 2093 1476 pecula-
2174 1421 2409 1477 sponsus
2440 1403 2510 1457 ab
2534 1402 2716 1457 ofﬁcio
2741 1421 2753 1470 ;
2784 1402 2878 1473 qui
2910 1401 3210 1455 advocatus
3240 1400 3312 1453 ad
3363 1398 3692 1464 concilium,
3721 1402 3778 1453 ut

492 1490 586 1539 tus
611 1487 824 1541 crimen
876 1488 1134 1553 incurrit,
1188 1491 1629 1561 repetundarum
1681 1509 1813 1547 reus
1869 1494 2094 1548 futurus
2176 1511 2237 1549 se
2266 1497 2552 1565 purgaret,
2586 1508 2700 1546 non
2728 1491 2898 1545 venit.
2931 1490 3061 1554 Qui,
3084 1506 3210 1544 cum
3241 1487 3534 1543 canonicis
3550 1488 3779 1542 Remen-

494 1574 808 1645 episcopus,
831 1577 879 1630 si
900 1582 1045 1631 esset
1065 1584 1356 1632 accusator
1372 1585 1625 1650 paratus.
1667 1581 1965 1636 Monachos
1997 1581 2098 1636 mi-
2179 1583 2256 1637 sis
2276 1581 2531 1636 Ecclesiae
2560 1578 2977 1634 accusatoribus
3008 1577 3142 1641 suis,
3175 1595 3207 1633 a
3230 1576 3475 1632 concilio
3508 1575 3779 1630 redeunti-

497 1661 729 1717 serabili
757 1664 902 1735 stipe
932 1665 1125 1720 cibans
1154 1683 1255 1721 nec
1288 1669 1566 1739 regularis
1608 1670 1818 1724 ordinis
1847 1687 2097 1725 amorem
2178 1671 2303 1737 bus,
2337 1670 2608 1740 plurimas
2634 1673 2886 1740 parasset
2913 1666 3167 1731 insidias,
3195 1666 3430 1720 demum
3460 1664 3661 1718 domos
3690 1680 3778 1718 eo-

495 1751 712 1805 curavit
729 1754 1049 1821 accendere,
1082 1771 1185 1810 nec
1203 1756 1311 1810 nisi
1342 1757 1414 1811 ad
1443 1758 1769 1828 popularem
1817 1744 2158 1814 litteratu-B
2179 1776 2305 1814 rum
2335 1758 2523 1829 fregit,
2555 1756 2882 1828 praebendas
2903 1771 3099 1809 eorum
3125 1754 3399 1813 vendidit,
3442 1759 3505 1807 et
3531 1752 3679 1807 bona
3699 1768 3780 1806 eo-

499 1857 621 1896 ram
646 1857 846 1912 passus
875 1848 963 1898 est
989 1844 1262 1914 aspirare,
1297 1862 1368 1900 ne
1404 1847 1611 1917 regula:
1636 1847 1806 1917 rigor,
1841 1854 1898 1902 et
1922 1848 2098 1903 scien-
2179 1864 2307 1902 rum
2333 1845 2586 1917 diripuit.
2621 1844 2759 1899 Inde
2776 1860 2902 1897 cum
2929 1860 2963 1897 ιι
2984 1843 3165 1897 Roma
3192 1842 3417 1896 litteras
3458 1841 3776 1912 accepisset,

495 1930 591 1985 tiae
619 1930 777 2000 vigor
803 1932 1067 1987 redderet
1095 1934 1272 1988 elatos
1301 1940 1496 1988 contra
1525 1952 1604 2002 se,
1634 1955 1656 1986 ι
1691 1944 1804 1992 etc.
2180 1941 2239 1991 et
2264 1940 2329 1991 ut
2353 1936 2410 1988 in
2438 1933 2671 1988 concilio
2702 1949 2830 1987 cum
2862 1948 2957 1986 sex
2985 1947 3046 1986 se
3074 1934 3344 2002 purgaret
3375 1929 3779 2001 epismpis,Ro-

571 2019 708 2074 Cum
734 2022 963 2087 familia
993 2025 1089 2075 tua
1140 2039 1464 2077 consumens
1504 2025 1642 2078 bona
1676 2025 2094 2079 monachorum.
2181 2041 2331 2078 mam
2353 2023 2470 2077 ivit.
2510 2041 2538 2076 ››
2568 2022 2635 2076 Et
2663 2027 2790 2092 post
2816 2022 3013 2079 multa,
3043 2019 3113 2073 de
3154 2018 3393 2073 concilio
3423 2021 3775 2088 congregato,

499 2107 876 2171 Quamobrem
909 2110 1207 2165 concilium
1238 2111 1799 2183 Herdensepontiﬁce
1814 2113 2028 2167 Joanne
2046 2112 2093 2178 I,
2181 2112 2271 2165 cui
2303 2109 2634 2183 praesidebat
2683 2110 2845 2178 Hugo
2890 2107 3109 2162 Dicnsis
3157 2107 3480 2178 episcopus,
3531 2106 3774 2177 loquens,

497 2215 553 2251 Α.
574 2209 628 2249 c.
659 2195 767 2252 2'24
798 2215 809 2250 :
850 2215 876 2249 α
898 2198 977 2252 Ea
1004 2216 1127 2269 quae
1156 2200 1212 2253 in
1245 2201 1375 2270 jure
1404 2201 1728 2256 monasterii
1761 2201 1830 2254 de
1860 2202 2097 2257 facultaa
2181 2199 2294 2253 ait:
2324 2198 2629 2270 «Synodali
2645 2197 2857 2267 judicio
2889 2202 2975 2251 est
3001 2195 3288 2266 depositus
3305 2194 3641 2263 (Manasses)
3657 2194 3776 2264 quia

499 2285 653 2340 tibus
673 2285 1070 2351 oll'eruntur,in
1094 2288 1248 2342 nullo
1262 2288 1574 2343 diceeesana
1594 2290 1717 2360 lege
1735 2289 1805 2343 ab
1827 2290 2100 2362 episcopis
2182 2304 2242 2341 se
2276 2304 2519 2359 purgare
2544 2286 2761 2354 noluit;
2794 2290 2915 2340 tum
2946 2285 3079 2356 quia
3104 2283 3458 2338 audientiam
3491 2282 3772 2346 Eduensis,

498 2373 916 2443 contingantur.
951 2394 979 2427 κ
1012 2376 1223 2430 Concil.
1259 2378 1736 2445 Herudfordense,
1792 2378 1880 2432 cui
1912 2379 2105 2449 praesi-
2184 2376 2547 2441 Pictavensis,
2581 2382 2638 2430 et
2658 2376 2833 2447 ipsius
2865 2373 3255 2444 Lugdunensis
3283 2372 3654 2443 subterfugit.
3682 2391 3709 2424 ι»

502 2459 674 2514 debat
698 2462 1024 2516 Theodorus
1053 2462 1494 2531 Cantuariensis,
1526 2466 1694 2532 Hist.,
1725 2482 1847 2537 cap.
1881 2466 1935 2534 ὃ,
1968 2484 2101 2537 prze-
2252 2469 2447 2534 Regius
2474 2483 2541 2520 ac
2565 2471 2747 2519 noster
2770 2465 2947 2530 homo,
2989 2470 3094 2517 etc.
3127 2462 3190 2517 Β.
3216 2462 3525 2517 Anselmus
3552 2467 3672 2516 tum
3687 2460 3774 2514 ab-

504 2547 772 2620 cipitcap.
794 2547 889 2606 3:1
913 2551 983 2604 Ut
997 2568 1230 2623 quaeque
1253 2553 1593 2608 monasteria
1638 2555 1738 2609 Dei
1780 2562 2103 2610 consecrata
2182 2555 2282 2610 bas
2306 2554 2618 2619 Beccensis,
2644 2553 2740 2607 lib.
2770 2569 2808 2617 1,
2841 2552 3004 2624 epist.
3054 2550 3143 2620 46,
3191 2552 3409 2606 furtum
3431 2551 3589 2606 istud
3611 2548 3778 2622 aperit

505 2637 651 2691 nulli
679 2637 1068 2710 episcoporum
1095 2641 1261 2695 liceat
1279 2658 1346 2696 ea
1368 2642 1424 2696 in
1447 2642 1633 2713 aliquo
1650 2644 1962 2715 inquietare
1981 2661 2102 2699 mo-
2191 2645 2269 2710 (ni
2301 2644 2491 2715 fallor)
2519 2643 2607 2697 his
2630 2641 2813 2697 verbis
2838 2660 2849 2695 :
2881 2660 2903 2692 ι
2935 2641 3075 2695 Tam
3104 2640 3346 2696 crudelis
3363 2644 3607 2712 tamque
3634 2638 3776 2693 etfre-

506 2727 737 2794 nachos,
764 2744 868 2782 nec
893 2728 1199 2800 quidquam
1226 2731 1296 2785 de
1320 2747 1513 2785 eorum
1538 2732 1704 2786 rebus
1730 2733 1998 2788 violenter
2016 2732 2109 2788 ab-
2189 2740 2326 2788 nata
2351 2732 2761 2787 malitiosorum
2793 2730 3083 2785 hominum
3114 2729 3174 2784 in
3199 2729 3441 2784 Francia
3482 2727 3776 2783 debaccha-

414 2860 418 2863 Α
508 2815 782 2870 strahere.
818 2834 844 2868 ι
880 2816 935 2871 S.
973 2815 1147 2878 Beda,
1173 2818 1299 2873 libr.
1327 2837 1397 2883 ιν,
1423 2819 1588 2886 Hist.,
1616 2837 1736 2891 cap.
1769 2822 1853 2876 5η
1878 2821 2108 2876 Discant
2185 2829 2283 2877 tur
2312 2822 2551 2888 saevitas,
2573 2826 2639 2875 ut
2662 2837 2766 2874 nec
2792 2836 2901 2885 me,
2927 2836 3030 2873 nec
3046 2818 3291 2889 aliquem
3325 2818 3776 2881 monachum,aut

508 2920 642 2975 ergo
662 2905 747 2958 vel
766 2905 873 2960 hoc
899 2905 1049 2961 illius
1095 2907 1340 2979 episcopi
1379 2909 1630 2979 exemplo
1680 2910 1775 2981 qui
1819 2910 1876 2965 in
1910 2926 2106 2965 mona-
2189 2911 2510 2982 quempiam
2538 2910 2785 2982 equitem
2812 2908 3049 2963 audeam
3067 2912 3226 2962 tanto
3257 2907 3616 2962 committere
3644 2903 3775 2976 peri-

511 2993 742 3047 chorum
766 2994 1060 3065 privilegia
1111 2995 1414 3061 oblatrant,
1466 2997 1866 3069 ludiﬁcantque
1903 2999 2008 3052 hac
2048 2999 2106 3052 in
2124 3056 2161 3069 Α
2189 3001 2334 3055 culo.
2358 3000 2440 3055 Re
2469 2999 2618 3054 enim
2651 3015 2784 3053 vera
2808 2997 3070 3052 dominus
3090 2996 3366 3051 Rodulfus
3395 3001 3608 3065 cumte
3631 2993 3777 3048 redu-

509 3098 573 3137 re
593 3082 826 3138 Patrum
852 3084 1184 3151 sententias,
1206 3101 1343 3140 num
1369 3085 1652 3140 immerito
1685 3088 1893 3141 summi
1922 3056 2163 3142 Ponti-C
2191 3096 2280 3144 cto
2307 3089 2538 3149 rediret,
2569 3089 2628 3142 in
2658 3086 3137 3157 archiepiscopatu
3166 3085 3436 3140 Remensi
3465 3101 3595 3138 cum
3614 3083 3777 3137 famu-

458 3190 467 3193 ν
510 3173 644 3226 ﬁces
671 3172 979 3226 identidem
1004 3172 1253 3227 eximant
1281 3174 1653 3242 monasteria;
1687 3175 1968 3231 enimvero
1992 3180 2112 3246 pri-
2189 3178 2280 3239 lis,
2305 3177 2464 3249 equis
2485 3176 2686 3231 ablatis
2709 3175 2984 3237 omnibus,
3016 3178 3212 3246 captus
3236 3178 3340 3239 est,
3377 3186 3697 3245 quanquam
3725 3184 3776 3222 se

512 3263 719 3328 vilegia
745 3261 1087 3327 (Gallicanos
1116 3262 1404 3332 episcopos
1429 3263 1561 3317 olim
1593 3264 1985 3336 alloquebatur
2007 3265 2109 3320 Ni-
2192 3266 2298 3322 sub
2326 3265 2730 3337 archiepiscopi
2774 3263 3066 3318 Remensis
3119 3261 3362 3317 tuitione
3391 3262 3477 3316 ire
3502 3261 3771 3316 clamaret.

514 3348 707 3403 colaus
740 3349 785 3413 Ι,
816 3349 978 3419 epist.
1011 3347 1079 3404 3?.
1108 3351 1180 3403 ad
1209 3351 1497 3422 episcopos
1544 3353 1755 3424 Synodi
1797 3355 2104 3426 Sylvanect.
2194 3355 2302 3421 Qui
2331 3353 2658 3426 aliquandiu
2683 3352 2916 3417 detenti,
2956 3351 3042 3406 vix
3071 3351 3300 3406 tandem
3319 3367 3434 3405 uno
3455 3365 3601 3422 equo
3614 3351 3779 3402 reten-

514 3436 620 3490 sub
646 3437 835 3506 ﬁnem)
886 3438 1035 3492 sedis
1080 3440 1397 3509 apostolicae
1442 3442 1685 3497 termina
1739 3449 1891 3507 sunt,
1921 3446 2005 3510 (ut
2032 3444 2113 3497 ita
2191 3450 2272 3510 to,
2305 3442 2536 3497 relaxati
2556 3446 2706 3496 sunt.
2745 3461 2768 3493 ι

517 3526 788 3596 dicamus)
823 3526 997 3581 totius
1035 3528 1289 3583 Ecclesise
1329 3531 1650 3598 catholicae;
1684 3532 1994 3603 privilegia,
2023 3531 2110 3586 in-
2264 3531 2845 3602 Rosnacum.Ronnay
2865 3546 3043 3602 pagus
3059 3533 3142 3591 (ut
3158 3527 3372 3600 opinor)
3394 3528 3508 3583 duo
3526 3522 3773 3581 milliaria

519 3631 711 3686 quam,
743 3615 910 3686 hujus
936 3616 1194 3671 Ecclesiae
1218 3619 1530 3674 munimina
1568 3626 1702 3675 sunt
1747 3621 1896 3675 circa
1923 3637 2117 3675 omnes
2199 3621 2415 3676 distans
2441 3636 2476 3674 a
2506 3620 2716 3677 Remis.

519 3703 763 3775 impetus
794 3705 1187 3776 pravitatum.»
1222 3708 1291 3761 Et
1318 3708 1519 3763 Petrus
1542 3709 1823 3764 Blesensis
1852 3711 1921 3764 de
1950 3710 2117 3780 privi-
2694 3726 2766 3763 AD
2796 3723 3100 3763 EPISTOLAM
3131 3722 3275 3762 XXXI.

516 3792 682 3863 legiis
701 3793 1011 3849 edisserens
1033 3795 1683 3869 monachorum,ep.68:«
1703 3799 1922 3852 Scimus
1957 3798 2116 3870 equi-
2267 3800 2535 3855 Mauritio
2554 3801 2811 3867 episcopo.
2836 3798 2916 3852 De
2937 3814 3046 3869 quo
3058 3797 3272 3852 dictum
3295 3801 3383 3852 est
3409 3795 3483 3851 ad
3502 3789 3774 3867 epistolam

521 3883 651 3937 dem
683 3883 829 3954 quod
852 3882 922 3937 ob
943 3884 1187 3955 quietem
1231 3886 1720 3953 monasteriorum,
1754 3893 1810 3942 et
1830 3888 2119 3959 episcopov
2196 3886 2287 3955 25,
2317 3904 2439 3959 quae
2462 3874 2641 3941 eidem
2662 3885 3005 3941 inscribitur.

520 3989 647 4027 rum
676 3972 1056 4044 tyrannidem,
1088 3974 1189 4028 has
1228 3975 1608 4047 exemptiones
1647 3976 1978 4048 plerumque
2014 3977 2057 4031 R

1750 3992 1978 4048 rumque
2014 3977 2120 4031 Ro-
2696 3993 2766 4030 AD
2796 3988 3101 4031 EPISTOLAH
3120 3980 3287 4030 xxxii.

523 4061 678 4116 mani
706 4062 997 4133 pontiﬁces
1017 4063 1395 4118 indulserunt.
1429 4082 1451 4114 ι
1488 4064 1607 4119 Nec
1635 4065 1861 4136 quidem
1886 4072 2120 4137 praeter-
2273 4065 2569 4132 Goisfredo,
2594 4065 2708 4119 sive
2720 4065 2967 4119 Gotfrido
2988 4064 3329 4119 Constantia
3361 4064 3421 4119 in
3450 4060 3774 4118 Northman-

524 4149 744 4205 eundus
773 4156 860 4205 est
887 4151 1041 4204 locus
1069 4151 1305 4223 insignis
1333 4169 1399 4207 ex
1419 4153 1653 4208 concilio
1677 4155 1859 4212 Tolet.
1889 4154 2116 4222 Iv,c.51,
2201 4153 2297 4207 nia
2310 4153 2588 4225 episcopo.
2611 4153 2807 4208 Adfuit
2846 4153 2996 4208 inter
3019 4158 3250 4208 caeteros
3281 4152 3499 4223 Anglia;
3532 4143 3772 4221 praesules

527 4241 660 4311 quia
679 4239 972 4311 epistolam
1002 4240 1147 4294 hanc
1166 4247 1341 4295 totam
1370 4242 1653 4297 illustrare
1680 4243 2121 4299 videtur.¢Nun-
2202 4242 2437 4297 concilio
2457 4242 2777 4309 Londoniae,
2794 4243 2860 4297 A.
2880 4243 2943 4298 Ο.
2968 4240 3122 4298 1075.
3163 4241 3300 4296 Milo
3318 4241 3379 4296 in
3402 4240 3535 4296 Vita
3557 4238 3616 4292 B.
3644 4233 3772 4288 Lan-

521 4328 731 4382 tiatum
761 4332 848 4382 est
875 4330 1134 4398 praesenti
1164 4330 1397 4385 concilio
1427 4332 1578 4402 quod
1617 4333 1874 4387 monachi
1904 4331 2183 4405 episco-D
2201 4332 2397 4396 franci,
2427 4348 2548 4402 cap.
2576 4330 2659 4393 12,
2683 4348 2809 4402 pag.
2841 4329 2906 4387 13
2938 4351 2951 4395 ;
2987 4330 3302 4385 Goﬁ‘ridum
3333 4330 3412 4384 sic
3442 4318 3772 4384 commendat

525 4416 642 4489 pali
662 4416 899 4488 imperio
929 4417 1114 4471 servili
1142 4419 1299 4489 operi
1319 4420 1728 4491 mancipentur,
1758 4427 1815 4475 et
1837 4423 1968 4492 jura
1997 4439 2121 4476 mo-
2203 4420 2503 4476 Ordericus
2521 4425 2732 4485 noster,
2751 4419 2846 4474 lib.
2871 4437 2921 4474 ιν
2944 4419 3095 4474 Hist.
3114 4437 3243 4491 pag.
3262 4418 3394 4476 523:
3423 4438 3448 4472 ι
3483 4408 3771 4472 Gaufredus

528 4506 927 4573 nasteriorum,
946 4512 1142 4561 contra
1160 4507 1422 4568 instituta
1443 4525 1741 4573 canonum,
1764 4510 1960 4564 illicita
1986 4528 2123 4582 prae-
2202 4509 2649 4565 Constantiensis
2674 4510 2966 4581 episcopus
2986 4510 3056 4564 de
3084 4509 3258 4563 nobili
3273 4509 3771 4564 Northmannorum

528 4596 849 4667 sumptione
870 4604 1237 4667 usurpantur,
1268 4597 1350 4651 ita
1378 4603 1443 4653 ut
1461 4614 1605 4669 pene
1636 4615 1703 4651 ex
1729 4599 1981 4654 coenobio
1999 4617 2122 4671 pos-
2206 4597 2474 4668 progenie
2503 4602 2682 4660 ortus,
2716 4597 2812 4668 qui
2843 4597 3140 4652 certamini
3162 4597 3421 4652 Senlacio
3456 4595 3638 4649 fautor
3662 4595 3771 4640 acer

526 4685 700 4742 sessio
723 4686 837 4752 ﬁat,
880 4690 1067 4740 autem
1090 4686 1324 4741 illustris
1353 4686 1535 4757 portio
1558 4686 1764 4741 Christi
1790 4688 1860 4743 ad
1880 4688 2123 4759 ignomi-
2206 4693 2264 4741 et
2289 4687 2608 4742 consolator
2631 4686 2909 4753 interfuit,
2961 4692 3018 4742 et
3063 4686 3192 4741 aliis
3229 4684 3595 4747 conﬂictibus,
3620 4696 3646 4729 ι
3677 4677 3766 4728 etc-

527 4775 680 4830 niam
722 4775 1160 4846 servitutemque
1223 4775 1501 4829 deveniat.
1532 4776 1882 4847 Quapropter
1933 4783 2122 4842 362
2205 4777 2368 4841 Item,
2396 4774 2493 4829 lib.
2527 4789 2607 4841 lu,
2641 4791 2769 4845 pag.
2802 4772 2907 4830 493
2939 4792 2951 4827 :
2992 4792 3023 4828 α
3052 4774 3261 4829 Eodem
3304 4780 3556 4845 tempore
3582 4760 3767 4822 North'

527 4881 823 4920 monemus
851 4881 948 4919 eos
979 4864 1075 4935 qui
1106 4863 1366 4919 Ecclesiis
1400 4870 1667 4936 praesunt,
1698 4870 1763 4920 ut
1818 4865 1968 4920 ultra
1985 4866 2123 4920 talia
2205 4865 2432 4919 mannia
2459 4865 2722 4936 praeclare
2779 4862 3001 4934 vigebat
3046 4862 3392 4935 sapientibus
3437 4855 3769 4916 ecclesiarum

528 4970 642 5009 ηοη
666 4959 1030 5025 praesumant.
1061 4972 1088 5007 ι
1123 4958 1236 5010 etc-
2202 4953 2448 5025 praelatis
2485 4959 2544 5007 et
2571 4951 2976 5024 optimatibus;
3025 4968 3158 5007 nam
3211 4968 3371 5006 sacer
3421 4942 3695 5006 Maurilius
3713 4949 3769 4989 ex

1042 5059 1113 5096 AD
1151 5056 1450 5097 EPISTOLAM
1480 5058 1611 5096 xxx.
2205 5043 2480 5097 monacho
2513 5041 2980 5112 metropolitanus
3023 5040 3360 5113 praesidebat
3387 5034 3654 5095 cathedra:
3680 5027 3770 5113 κς)-

595 5132 1256 5199 Rcmcnsz'archiepiscopo
1274 5132 1661 5185 Manassiﬂoc
1673 5131 1899 5186 nomine
1917 5131 2121 5205 primo;
2205 5130 2577 5201 thomagensi,
2612 5136 2715 5185 etc.
2751 5130 3065 5185 Goisfridus
3096 5127 3527 5193 Constantiensi,
3560 5141 3585 5177 ι
3611 5111 3769 5173 etc.Et

525 5239 694 5294 quem
707 5221 890 5277 obiter
905 5220 985 5275 sic
1003 5219 1333 5292 perstringit
1354 5219 1643 5275 Albericus
1664 5220 2040 5274 Cistertiensis
2064 5220 2122 5274 in
2206 5219 2455 5284 tandem,
2478 5218 2574 5272 lib.
2609 5234 2683 5281 Iv,
2707 5236 2832 5290 pag.
2868 5218 2992 5274 514.
3114 5284 3119 5287 _
3682 5291 3701 5299 Δ
3731 5287 3741 5299 ⁸

525 5290 803 5366 ἀὶιτοηίοο
819 5290 1069 5366 nondum
1107 5311 1278 5376 edito,
1301 5310 1371 5364 ad
1405 5326 1537 5364 ann.
1573 5306 1738 5366 [070:
1780 5329 1802 5361 ι
1837 5310 2123 5364 Manasses
2278 5310 2540 5376 Quamvis
2553 5309 3264 5376 adhucpro/essznonsint.
3297 5307 3516 5361 Priscus
3535 5313 3647 5355 mos
3674 5290 3764 5345 fuit

524 5400 590 5454 ﬁt
608 5401 903 5471 episcopus
917 5399 1230 5468 Remensis,
1254 5406 1312 5454 et
1329 5400 1488 5454 sedet
1508 5414 1686 5453 annos
1720 5396 1816 5465 16;
1848 5397 1996 5452 ﬁlius
2015 5398 2125 5452 fuit
2203 5397 2466 5468 religiose
2503 5396 2846 5460 observatus,
2901 5401 2968 5451 ut
3011 5397 3096 5449 vir
3124 5394 3391 5450 nimirum
3422 5396 3519 5448 aut
3559 5382 3761 5471 femina,

524 5461 819 5543 Manassis‘
830 5490 1000 5544 Calva
1012 5490 1185 5544 Asina
1220 5461 1407 5545 dictus
1439 5505 1505 5542 ex
1528 5488 1777 5542 Beatrice
1797 5461 1866 5541 de
1895 5486 2117 5542 Roceio.
2202 5461 2585 5556 cujuscunque
2606 5489 2788 5540 status
2814 5485 2900 5539 vel
2921 5484 3257 5540 conditionis
3274 5482 3586 5543 existerent,
3617 5461 3760 5562 εξηιυξ

522 5576 606 5640 De
635 5592 748 5663 qua
773 5593 905 5651 ann.
967 5576 1123 5657 1031,
1154 5578 1358 5636 fratres
1407 5577 1576 5648 hujus
1623 5574 1899 5643 Manassis
1941 5576 2119 5663 patris
2202 5592 2268 5630 ac
2294 5580 2506 5633 vestem
2532 5574 2919 5633 monachalem
2973 5573 3306 5643 induissent,
3347 5588 3446 5631 seu
3488 5582 3586 5650 pro
3614 5559 3756 5620 altari
