3892 6354
97 323 184 381 601

1122 325 1197 380 IN
1236 323 1460 380 EPIST.
1499 323 1562 378 Β.
1603 321 2019 379 LANFRANCI
2057 321 2296 378 NOTJE.

3247 319 3352 380 602

98 449 219 504 stati
259 448 494 504 fuissent
521 465 741 506 summo
767 451 1160 507 universorum
1186 452 1448 518 Domino,
1479 451 1665 506 nulla-
1681 449 1894 511 Ahanc
1917 449 2172 504 chartam
2201 447 2323 502 ﬁeri
2346 450 2404 502 et
2433 446 2649 502 ﬁrmari
2677 446 2912 517 rogavit.
2953 447 3107 518 Sign.
3145 445 3346 503 Becto-

98 547 246 593 tenus
279 540 333 592 in
366 544 652 610 posterum
683 539 766 594 fas
795 547 943 595 esset
979 543 1180 612 jugum
1207 547 1483 607 excutere,
1517 540 1670 593 velut

97 628 436 682 conciliorum
467 629 802 684 auctoritate
827 631 898 684 ad
928 631 1090 701 epist.
1116 629 1206 692 26,
1228 631 1287 697 d,
1313 629 1670 684 observatum

99 723 202 783 est;
251 733 380 771 nam
430 717 703 788 quidquid
743 717 881 772 inibi
910 719 979 773 de
1008 719 1140 774 viris
1171 719 1474 790 profertur,
1505 720 1669 789 plane

98 805 158 858 de
206 804 422 858 feminis
463 805 631 860 debet
670 807 928 877 intelligi.
972 809 1136 862 Patet
1157 808 1215 861 id
1245 824 1308 862 ex
1338 807 1534 862 concil.
1565 809 1670 862 To-

97 894 180 947 let.
224 907 294 958 Vl,
341 909 466 962 cap.
500 893 533 949 6
564 913 575 948 :
617 913 640 944 ι
673 895 939 966 Quisquis
975 896 1223 951 virorum
1253 897 1338 950 vel
1366 897 1668 951 mulierum

100 980 331 1034 habitum
358 982 537 1036 semel
564 982 814 1038 induerit
838 990 1145 1054 spontanee
1169 985 1494 1056 religiosum
1523 1004 1536 1052 ;
1568 990 1670 1040 aut

97 1069 138 1122 si
165 1069 242 1122 vir
278 1069 504 1125 deditus
535 1071 781 1126 ecclesiae
808 1073 999 1140 choro,
1030 1075 1115 1127 vel
1145 1073 1354 1127 femina
1379 1073 1568 1138 fuerit,
1602 1091 1668 1128 ac

95 1157 187 1212 fuit
231 1159 488 1228 delegata
544 1160 858 1231 puellarum
900 1163 1272 1230 monasterio;
1327 1164 1387 1216 in
1427 1169 1668 1234 utroque

95 1263 214 1301 sexu
241 1248 635 1318 praevaricator
661 1249 731 1302 ad
753 1250 1101 1321 propositum
1123 1251 1329 1306 invitus
1357 1251 1562 1306 reverti
1581 1267 1670 1305 co-

92 1341 258 1404 gatur.
277 1342 340 1390 ut
354 1336 440 1391 vir
457 1336 851 1405 detondeatur,
875 1344 932 1394 et
945 1340 1132 1410 puella
1160 1339 1500 1394 monasterio
1521 1339 1669 1394 rein-

95 1429 339 1494 tegretur,
375 1444 399 1476 ι
451 1431 560 1480 etc.
614 1427 702 1481 Ita
747 1444 869 1498 cap.
903 1429 934 1482 4
965 1428 1182 1482 concilii
1219 1428 1665 1495 Barcinonensis,

93 1531 290 1568 summo
317 1515 590 1585 pontiﬁce
615 1515 886 1587 Gregorio
909 1516 1113 1588 Magno
1138 1537 1150 1586 ;
1174 1518 1471 1572 concilium
1493 1519 1666 1572 Aure-

93 1601 316 1657 lianense
343 1621 396 1673 v,
426 1620 478 1657 c.
517 1604 600 1659 ‘19.

147 1710 328 1762 Altare
346 1715 537 1764 tamen
565 1713 754 1766 oblata»
789 1713 1043 1780 fuerunt.
1077 1714 1158 1768 De
1200 1713 1476 1783 ejusmodi
1508 1713 1664 1768 obla-

1751 540 1858 605 nis,
1893 558 1918 592 ›)
1952 544 2058 594 etc.

1821 631 1964 684 Item
1989 627 2097 682 alia
2120 627 2300 682 forma
2328 627 2555 681 nomine
2581 627 2760 699 patris
2791 631 2848 682 et
2876 625 3092 681 matris.

1825 721 1967 773 Dum
1999 719 2246 785 legalitcr
2264 719 2566 782 sancitum,
2584 722 2692 770 etc.
2727 734 2755 770 α
2788 715 3002 770 Idcirco
3022 731 3125 786 ego
3153 715 3347 771 Laudo

1751 806 1901 861 hunc
1928 806 2104 860 ﬁlium
2125 821 2332 868 meum,
2358 805 2583 859 nomine
2598 804 3043 869 Conimbertum,
3071 809 3176 859 etc.
3215 803 3342 874 Sig-

1748 911 1884 948 num
1925 893 2221 960 Leudonis,
2269 897 2417 960 etc.;
2465 894 2568 963 sig.
2611 893 2890 947 Rothildis
2928 892 3125 947 matris
3177 893 3344 964 ejus;

1749 983 1971 1054 signutn
2003 983 2136 1036 item
2169 982 2470 1046 Leudonis,
2507 1000 2532 1033 ››
2557 988 2664 1036 etc.

1819 1053 2132 1126 Oblationis
2167 1087 2468 1141 puerorum
2491 1071 2674 1124 forma
2701 1070 2813 1125 illis
2834 1071 3012 1124 multo
3042 1069 3340 1142 posterior,

1747 1166 2002 1231 tempore
2047 1159 2301 1214 videlicet
2329 1158 2572 1230 Philippi
2602 1159 2769 1229 primi
2799 1159 2948 1229 regis
2975 1159 3341 1226 Francorum,

1749 1249 1950 1303 iisdem
1978 1264 2120 1320 pene.
2147 1246 2329 1301 verbis
2373 1263 2658 1318 expressa,
2708 1264 2774 1302 ex
2798 1246 3140 1302 monasterio
3172 1246 3344 1302 Belli-

1749 1337 1883 1395 loci.

1825 1428 1968 1481 Dum
1997 1428 2245 1491 Icgaliter
2263 1427 2562 1490 sancitum,
2595 1430 2698 1478 etc.
2739 1444 2761 1475 ι
2796 1423 3030 1489 Idcirco,
3063 1440 3167 1494 ego
3188 1424 3259 1478 N.
3287 1428 3346 1480 et

1749 1530 1891 1568 uxor
1918 1530 2045 1567 mea
2072 1513 2142 1566 N.
2185 1513 2334 1566 hunc
2362 1511 2538 1566 ﬁlium
2568 1517 2844 1576 nostrum,
2875 1529 2990 1566 una
3017 1529 3145 1566 cum
3167 1513 3346 1567 consi-

1749 1601 1824 1656 lio
1869 1606 2166 1673 parentum
2219 1617 2450 1654 suorum
2479 1605 2734 1655 nostrum
2765 1601 2834 1655 N.
2875 1617 3004 1654 cum
3037 1599 3340 1668 oblatione,

1749 1695 1856 1744 etc.
1890 1689 2125 1759 Signum
2156 1690 2225 1743 N.
2258 1687 2328 1743 N.
2369 1690 2574 1743 Actum
2617 1695 2889 1760 regnante
2922 1689 3183 1761 Philippo
3212 1705 3346 1760 rege

90 1795 222 1850 tione
244 1797 455 1852 dictum
479 1803 570 1853 est
595 1799 666 1852 ad
695 1777 859 1870 epist.
893 1799 982 1864 26,
1005 1800 1060 1866 d,
1091 1807 1148 1854 et
1175 1777 1247 1854 ad
1274 1801 1419 1855 hanc
1445 1800 1500 1858 b.
1529 1795 1730 1856 For-B
1749 1777 2118 1870 Frf“99_rum-
2155 1797 2179 1829 ’

91 1884 251 1938 mulas
281 1885 586 1941 oblationis
637 1886 686 1941 si
732 1888 834 1941 hoc
875 1888 996 1942 loco
1035 1889 1344 1952 intexuero,
1378 1891 1662 1957 lectorem,

93 1988 253 2042 spero.
278 1991 388 2029 non
420 1974 674 2046 pigebit;
707 1977 841 2031 facit
867 1977 1016 2031 enim
1046 1977 1117 2032 ad
1140 1978 1402 2049 antiquas
1423 1995 1513 2033 res
1544 1995 1668 2033 mo-

95 2062 312 2116 nasticas
354 2063 722 2118 elucidandas
769 2082 883 2140 non
926 2083 1164 2136 parum;
1211 2067 1292 2121 sic
1320 2084 1452 2137 ergo
1484 2084 1544 2122 se
1571 2068 1667 2121 ha-

92 2148 206 2203 bent
223 2167 284 2204 ex
309 2153 708 2208 vetustissimis
748 2155 1090 2210 membranis
1129 2156 1458 2210 monasterii
1489 2156 1668 2211 nostri

96 2238 142 2291 S.
170 2239 398 2311 Remigii
428 2242 748 2296 Remensis.

95 2346 259 2411 868
284 2349 447 2402 Anno
487 2351 907 2403 lncarnatz'onis
931 2352 1158 2405 Domini
1177 2349 1284 2405 868
1311 2365 1408 2406 vm
1431 2353 1663 2406 Kalend.

638 2421 795 2484 Maii,
827 2423 971 2488 feria
1000 2436 1096 2476 vn.

157 2543 177 2570 ι
199 2522 334 2578 Dum
378 2525 640 2596 legaliter
675 2528 952 2582 sancitum
983 2529 1297 2599 antiquitus
1319 2533 1582 2582 teneatur
1609 2536 1667 2584 et

93 2616 293 2666 cautum
333 2629 462 2669 cum
517 2616 892 2672 oblationibus
939 2617 1177 2671 Domino
1224 2621 1485 2688 parentes
1531 2633 1664 2671 suos

91 2700 286 2755 tradere
313 2704 458 2758 ﬁlios
489 2705 551 2760 in
581 2708 789 2778 templo
818 2706 1042 2761 Domini
1073 2706 1312 2759 feliciter
1331 2706 1654 2772 servituros,

94 2791 261 2858 procul
288 2792 457 2848 dubio
489 2795 597 2850 hoc
609 2795 678 2850 de
696 2797 903 2852 nostris
922 2796 1052 2850 ﬁliis
1080 2795 1398 2850 faciendum
1418 2795 1662 2849 salubri-

92 2883 166 2930 ter
205 2882 482 2950 przebetur
533 2887 870 2957 exemplum.
920 2886 1164 2956 {Equum
1213 2884 1421 2938 etenim
1478 2884 1664 2948 iudico

95 2966 319 3024 Creatori
339 2978 538 3027 nostro
555 2974 624 3029 de
642 2974 798 3028 vobis
823 2976 886 3045 [f.
899 3015 913 3029 .
937 2973 1121 3044 nobis]
1139 2973 1373 3027 reddere
1394 2973 1660 3028 fructum.

95 3055 279 3114 Idcirco
299 3077 400 3131 ego
434 3063 825 3134 Hildegrimus
855 3065 1002 3118 hunc
1031 3068 1292 3134 nepotem
1323 3079 1531 3128 meum,
1562 3066 1725 3126 no-C

94 3144 222 3200 mine
246 3147 558 3218 Rifuinum,
592 3169 718 3207 cum
748 3153 1030 3208 oblatione
1051 3153 1109 3207 in
1132 3168 1301 3206 manu
1329 3158 1499 3222 atque
1529 3151 1668 3223 peti-

92 3232 239 3301 tione,
270 3238 462 3294 altaris
496 3241 647 3311 palla
693 3259 866 3296 manu
905 3259 1033 3297 mea
1057 3242 1327 3306 involuta,
1360 3242 1429 3296 ad
1460 3258 1666 3296 nomen

94 3326 247 3379 sancti
271 3327 534 3399 Remigii,
557 3331 646 3384 vel
673 3331 744 3384 ad
767 3336 1088 3386 sanctorum
1113 3347 1352 3402 quorum
1383 3331 1554 3384 etiam
1575 3330 1666 3384 hic

92 3413 313 3484 reliquiae
361 3418 740 3484 continentur,
776 3427 832 3474 et
866 3421 1054 3476 abbati
1079 3421 1342 3492 praesenti
1370 3421 1532 3474 trado
1571 3437 1666 3475 co-

92 3515 194 3554 ram
217 3505 447 3561 testibus
479 3523 932 3577 permansurum,
966 3511 1047 3564 ita
1075 3516 1139 3564 ut
1166 3509 1236 3563 ab
1278 3511 1382 3564 hac
1430 3509 1521 3563 die
1550 3525 1666 3564 non

93 3586 234 3644 liceat
259 3592 336 3647 illi
375 3595 583 3650 collum
609 3597 679 3650 de
708 3598 813 3651 sub
837 3600 980 3668 jugo
1010 3599 1216 3670 regulae
1246 3604 1526 3665 excutere,
1563 3599 1662 3652 sed

95 3679 250 3747 magis
284 3683 536 3751 ejusdem
583 3686 790 3756 regulae
816 3687 1058 3742 ﬁdeliter
1086 3694 1355 3756 agnoscat
1404 3686 1665 3740 instituta

95 3780 312 3835 servare,
351 3777 408 3827 et
437 3773 680 3828 Domino
716 3776 965 3846 gratanti
994 3776 1183 3830 animo
1213 3776 1472 3829 militare.
1507 3776 1576 3829 Et
1602 3781 1666 3830 ut

95 3851 192 3909 haec
217 3874 340 3914 mea
386 3861 620 3916 traditio
659 3863 985 3919 inconvulsa
1015 3869 1362 3936 permaneat,
1396 3865 1663 3936 promitto

90 3941 432 4014 jurejurando
457 3966 648 4005 coram
666 3952 781 4006 Deo
797 3959 854 4007 et
879 3954 1094 4024 angelis
1116 3955 1234 4024 ejus
1255 3969 1543 4024 nunquam
1565 3970 1665 4024 per

1820 1867 1890 1922 Et
1918 1867 2028 1920 illa:
2060 1883 2255 1921 omnes
2283 1866 2538 1921 formulae
2567 1883 2634 1921 ex
2659 1866 2982 1938 praescripto
3011 1865 3223 1922 ﬁebant
3251 1883 3342 1922 re-

1745 1956 1893 2027 gulae
1918 1955 2312 2020 Benedictinze,
2347 1972 2468 2026 cap.
2500 1953 2567 2011 58
2598 1962 2656 2010 et
2676 1955 2764 2011 59.

1821 2046 1912 2099 Διὶ
1927 2046 2255 2097 servandam
2278 2047 2552 2111 regulam.
2577 2043 2665 2098 Ita
2683 2043 2814 2098 olim
2829 2045 3063 2099 concilia
3075 2050 3133 2099 et
3150 2046 3346 2099 Patres

1752 2149 1853 2204 per
1898 2132 2368 2196 antonomasiam,
2399 2132 2496 2186 ubi
2525 2132 2594 2186 de
2626 2133 3029 2203 regulavsancti
3054 2133 3346 2188 Benedicti

1749 2221 1999 2275 facerent
2027 2220 2213 2285 verba,
2266 2237 2392 2275 eam
2430 2238 2456 2272 α
2481 2221 2755 2290 regulam,
2781 2227 3033 2276 sanctam
3061 2222 3338 2292 regulam,

1750 2310 2018 2364 Ordinem
2085 2314 2360 2374 sanctum,
2409 2327 2436 2361 ι)
2482 2309 2750 2379 insignire
2805 2310 3076 2366 solebant.
3129 2310 3340 2366 Concil.

1750 2397 2152 2452 Suessionense
2180 2414 2310 2451 ann.
2341 2395 2463 2461 744,
2493 2414 2614 2468 cap.
2649 2397 2701 2462 3,
2732 2403 2884 2452 tomo
2916 2399 2939 2453 Ι
2967 2399 3342 2453 Conciliorum

1749 2485 1946 2540 Galliae
1993 2485 2286 2556 prescribit
2329 2506 2350 2535 ι
2385 2491 2448 2540 ut
2470 2486 2606 2540 ordo
2636 2487 3035 2540 monachorum
3062 2487 3146 2540 vel
3177 2487 3346 2540 ancil-

1744 2573 1930 2628 larum
1963 2573 2055 2628 Dei
2077 2573 2382 2628 secundum
2414 2575 2665 2644 regulam
2694 2581 2948 2629 sanctam
2977 2575 3192 2629 stabilis
3219 2592 3344 2648 per-

1744 2667 1988 2716 maneat.
2021 2681 2044 2713 ι
2070 2664 2236 2716 Conc.
2273 2663 2330 2716 in
2353 2662 2558 2734 palatio
2588 2664 2880 2728 Vernensi,
2906 2681 3038 2719 ann.
3067 2663 3190 2725 755.
3215 2681 3261 2722 c.
3289 2665 3344 2729 5,

1746 2769 1776 2803 ι
1805 2756 1868 2806 ut
1898 2751 2240 2806 monasteria
2267 2757 2383 2805 tam
2427 2751 2672 2807 virorum
2705 2770 2875 2824 quam
2913 2753 3229 2825 puellarum
3253 2770 3343 2807 se-

1745 2840 1989 2894 cundum
2042 2840 2295 2894 ordinem
2341 2841 2679 2910 regulariter
2719 2841 2922 2896 vivant.
2961 2861 2987 2894 ι)
3044 2842 3112 2895 Et
3144 2842 3293 2896 infra
3325 2860 3337 2896 :

1751 2947 1776 2980 ((
1825 2928 1883 2984 Si
1926 2928 2100 2982 abbas
2148 2929 2426 2998 ejusmodi
2451 2930 2675 2984 decreto
2705 2931 3071 2996 contradicat,
3117 2936 3346 2985 vocetur

1747 3017 1818 3071 ad
1847 3017 2161 3075 concilium.
2192 3022 2249 3070 et
2267 3017 2396 3071 huic
2409 3017 2723 3072 sufﬁciatur
2745 3019 2840 3090 qui
2861 3019 3168 3073 secundum
3199 3019 3346 3072 ordi-

1747 3121 1876 3160 nem
1897 3111 2147 3160 sanctam
2175 3112 2350 3176 regat.
2389 3124 2413 3158 »
2446 3106 2555 3160 Sed
2587 3123 2657 3160 ne
2686 3107 2917 3162 dubium
2939 3108 3175 3178 alicujus
3188 3124 3342 3162 men-

1747 3200 1862 3249 tem
1893 3195 2098 3266 pulset,
2130 3211 2264 3249 num
2296 3196 2352 3249 in
2384 3194 2496 3249 illis
2525 3195 2763 3250 decretis
2792 3196 3345 3267 subintelligaturre-

1747 3285 1882 3355 gula
1909 3283 2288 3350 Benedictina,
2323 3285 2718 3355 proferendum
2754 3290 2840 3340 est
2883 3302 3005 3357 cap.
3051 3285 3110 3343 l‘l
3143 3285 3342 3340 concil.

1748 3372 2028 3442 Mogunt.,
2062 3372 2166 3427 sub
2216 3374 2399 3427 Leone
2438 3390 2584 3445 papa
2610 3374 2778 3428 tertio
2810 3393 2822 3428 :
2858 3394 2883 3426 «
2915 3377 2996 3428 Ac
3020 3374 3223 3429 deinde
3243 3375 3342 3429 de-

1747 3462 2041 3527 crevimus,
2057 3462 2202 3516 sicut
2219 3468 2415 3516 sancta
2433 3463 2628 3533 regula
2646 3463 2799 3526 dicit,
2824 3469 2889 3518 ut
2913 3464 3342 3529 monasterium,

1749 3551 1844 3605 ubi
1873 3551 1992 3604 ﬁeri
2015 3551 2210 3621 possit,
2242 3567 2342 3622 per
2370 3551 2612 3606 decanos
2637 3552 2945 3618 ordinetur,
2976 3553 3107 3625 quia
3127 3570 3344 3626 praepo-

1747 3640 1842 3694 siti
1863 3656 2008 3710 saepe
2033 3639 2091 3693 in
2122 3639 2712 3705 elationemincidunt,
2745 3661 2768 3692 ι
2799 3647 2904 3696 etc.
2939 3643 3237 3713 Sumptum
3259 3646 3346 3696 est

1747 3727 1852 3781 hoc
1879 3728 2164 3782 decretum
2196 3745 2261 3782 ex
2287 3729 2496 3798 regulae
2543 3729 2720 3784 sancti
2751 3730 3056 3798 Benedicti,
3091 3747 3212 3803 cap.
3247 3727 3338 3797 65,

1746 3817 1904 3887 cujus
1956 3833 2080 3871 ecce
2121 3817 2328 3871 verba:
2367 3837 2392 3870 ι
2423 3819 2638 3889 Saepius
2679 3819 2906 3888 quidem
2957 3819 3340 3888 contingitut,

1747 3922 1850 3976 per
1867 3905 2280 3960 ordinationem
2310 3907 2600 3977 propositi,
2628 3907 2892 3962 scandala
2909 3907 3102 3978 gravia
3133 3907 3190 3962 in
3221 3923 3345 3961 mo-

1746 3995 2007 4049 nasteriis
2028 3996 2302 4060 oriantur,
2337 3995 2471 4049 dum
2502 3995 2616 4050 sint
2641 3996 2813 4066 aliqui
2843 3996 3046 4067 spiritu
3067 3995 3342 4067 superbiae

1745 4083 1899 4151 elati,
1920 4103 1944 4138 n
1979 4089 2088 4139 etc.
2110 4083 2178 4139 Et
2196 4083 2364 4156 paulo
2390 4090 2516 4154 post
2544 4103 2554 4137 :
2585 4103 2610 4135 α
2643 4084 2704 4139 Si
2738 4085 2858 4139 ﬁeri
2887 4090 3090 4156 potest,
3124 4101 3225 4156 per
3243 4085 3343 4139 de-

1745 4189 1913 4226 canos
1942 4173 2254 4240 ordinetur,
2285 4179 2349 4227 ut
2377 4178 2548 4227 antea
2581 4172 2979 4244 disposuimus,
3013 4174 3196 4228 omnis
3225 4175 3342 4229 uti-

1745 4261 1874 4315 litas
1911 4262 2262 4322 monasterii,
2300 4281 2322 4313 ι
2349 4267 2456 4315 etc.

1814 4350 1960 4414 Quia
1988 4367 2116 4404 vero
2140 4351 2198 4405 in
2222 4352 2428 4422 regula:
2459 4351 2831 4408 Benedictina:
2857 4369 3174 4408 sermonem
3202 4353 3346 4409 inci-

1743 4438 1947 4507 dimus,
1975 4439 2402 4512 audivimusque
2430 4441 2623 4512 paucis
2653 4441 2858 4496 abhinc
2897 4443 3063 4498 annis
3082 4443 3348 4498 subdubi-

1744 4533 1926 4582 tatum
1957 4528 2126 4582 fuisse
2147 4545 2180 4583 a
2203 4529 2322 4582 viro
2339 4530 2588 4601 alioquin
2617 4531 2960 4600 doctissimo,
2982 4537 3176 4587 utrum
3207 4532 3342 4588 olim

95 4045 186 4098 me,
214 4051 501 4110 nunquam
528 4058 629 4112 per
655 4049 971 4114 suspectam
996 4060 1314 4115 personam,
1347 4059 1448 4096 nec
1479 4042 1664 4114 quoli-

95 4115 174 4174 bet
200 4125 356 4180 modo
380 4144 484 4199 per
508 4145 696 4184 rerum
724 4147 978 4187 mearum
1007 4132 1322 4191 facultates.
1358 4131 1661 4202 aliquando

96 4211 389 4276 egrediendi
421 4217 493 4271 de
542 4220 883 4274 monasterio
923 4222 1270 4276 occasionem
1297 4219 1542 4275 tribuam
1569 4237 1580 4284 ;
1607 4227 1664 4274 et

96 4302 151 4350 ut
172 4298 279 4357 hac
305 4321 430 4361 mea
456 4307 689 4362 traditio
719 4311 882 4363 ﬁrma
909 4315 966 4364 et
1011 4311 1276 4365 inviolata
1311 4315 1660 4381 permaneat.

95 4399 244 4444 manu
270 4409 392 4448 mea
413 4396 641 4467 propria
665 4397 1098 4453 subterﬁrmavi.
1122 4398 1165 4471 -1-
1194 4399 1546 4470 Hildegrimi,
1565 4398 1660 4468 qui
1677 4386 1726 4444 D

94 4471 218 4532 hanc
243 4480 551 4538 chartulam
593 4486 716 4540 ﬁeri
745 4491 803 4540 et
829 4487 1042 4542 ﬁrmari
1075 4488 1308 4559 rogavit.
1341 4487 1384 4560 -ί-
1415 4489 1658 4542 Bovonis

97 4561 259 4622 fratris
288 4572 425 4640 ejus.
447 4573 490 4645 1-
517 4573 811 4630 Walberti.
850 4595 873 4626 ι

154 4673 267 4730 Alia
291 4677 470 4734 forma
495 4681 669 4736 solius
689 4681 866 4753 patris
885 4683 1114 4737 nomine
1138 4683 1305 4738 facta.

97 4777 233 4834 Anno
245 4785 656 4842 [neat-nationis
670 4791 968 4927 Dominjca:
981 4787 1106 4857 880,
1125 4805 1196 4844 xv
1216 4792 1445 4845 Kalend.
1458 4791 1656 4856 0c!ob.,

794 4877 914 4914 erza
941 4877 980 4916 ι.

794 4877 914 4914 ενια
941 4877 980 4916 ι.

1746 4617 2137 4671 universaliter
2155 4634 2255 4688 per
2271 4618 2512 4672 Galliam
2531 4621 2687 4689 (ante
2709 4627 2965 4693 tempora
2984 4621 3339 4692 potissimum

1744 4706 2010 4761 Ludovici
2031 4706 2131 4773 Pii)
2149 4707 2346 4776 regula
2365 4709 2543 4762 sancti
2559 4710 2842 4764 Benedicti
2867 4716 3187 4766 servaretur
3211 4729 3224 4775 ;
3252 4710 3342 4766 cui

1744 4812 1879 4850 sane
1899 4811 2119 4866 possem
2139 4800 2326 4862 364
2345 4795 2530 4850 facere
2545 4797 2684 4851 satis
2704 4798 2871 4853 unica
2902 4801 3005 4854 hac
3032 4799 3344 4870 interroga-

1743 4884 1896 4938 tione
1927 4883 2112 4938 Caroli
2138 4884 2710 4955 Magni,imperatoris
2728 4887 2798 4940 ad
2817 4887 3104 4958 episcopos
3120 4887 3334 4954 Galliae,

157 4956 288 5014 Dum
318 4965 561 5031 lcgalz’tcr
584 4968 884 5032 sancitum,
915 4972 1020 5021 etc.
1055 4973 1117 5022 ut
1141 4984 1327 5039 supra.
1367 4986 1395 5018 ο(
1425 4967 1656 5032 Idcirco.
1743 4973 2039 5044 capitulari
2068 4973 2574 5044 interrogationum
2603 4990 2724 5046 cap.
2754 4956 3026 5040 12,7tomo
3060 4975 3114 5030 II
3146 4976 3340 5030 Conci-

101 5039 198 5131 ξξεο
221 5048 504 5107 Achadeus
544 5069 732 5108 comes
784 5056 934 5110 hunc
975 5057 1157 5111 ﬁlium
1189 5073 1399 5122 meum,
1432 5057 1662 5112 nomine
1743 5062 1951 5115 liorum
1981 5062 2177 5116 Galliae
2209 5079 2221 5115 :
2269 5081 2291 5112 ι
2335 5063 2414 5116 De
2442 5063 2864 5117 conversatione
2912 5065 3336 5131 monachorum,

103 5128 420 5225 Hilduinum,
449 5157 577 5196 cum
606 5142 906 5208 oblatione,
936 5153 1065 5212 etc.,
1100 5146 1330 5200 Rofrido
1360 5146 1658 5217 preposito
1745 5151 1944 5222 inquit,
1965 5156 2022 5205 et
2035 5157 2222 5205 utrum
2241 5152 2415 5221 aliqui
2455 5153 2714 5206 monachi
2739 5169 2861 5206 esse
2879 5159 3108 5224 possent
3136 5128 3340 5225 praeter

103 5218 322 5312 fliusdem
368 5229 473 5284 loci
513 5231 572 5284 in
601 5231 720 5286 vice
747 5232 966 5287 abbatis
997 5236 1256 5305 praesenti
1279 5235 1441 5289 trado
1469 5251 1656 5289 coram
1741 5218 1842 5292 eos
1858 5238 1953 5309 qui
1984 5239 2236 5308 regulam
2266 5218 2443 5294 sancti
2474 5240 2756 5294 Benedicti
2800 5218 3114 5295 observant.
3136 5218 3338 5312 Inqui-

103 5309 308 5402 testibus
334 5320 636 5389 supradicti
659 5321 765 5375 loci
789 5323 1077 5378 monachis
1095 5325 1403 5380 Teutboldo
1433 5325 1660 5396 presby-
1743 5327 1978 5382 rendum
2013 5327 2185 5381 etiam
2216 5327 2260 5382 si
2292 5328 2350 5382 in
2373 5329 2554 5383 Gallia
2583 5330 2840 5384 monachi
2863 5329 3118 5394 fuissent,
3151 5309 3337 5402 prius-

101 5399 219 5494 ιξῐὌ.
251 5402 532 5494 Hardrado
562 5409 906 5482 presbytero,
967 5412 1242 5468 Guntario
1294 5419 1350 5468 et
1383 5413 1658 5469 Bernario
1747 5433 1915 5486 quam
1945 5417 2171 5470 traditio
2197 5418 2405 5487 regulae
2435 5419 2612 5472 sancti
2639 5418 2921 5473 Benedicti
2953 5419 3010 5473 in
3040 5399 3340 5491 hasvparo-

105 5481 738 5582 diaconibus;Stephano
760 5505 818 5554 et
837 5501 1128 5572 Sigloardo
1157 5503 1611 5570 subdiaconibus,
1635 5523 1658 5555 ι
1745 5481 1898 5560 chias
1935 5481 2300 5577 pervenisset.
2362 5527 2386 5554 ι
2428 5505 2502 5560 Et
2549 5506 2755 5561 ibidem
2801 5508 2860 5562 in
2911 5508 3064 5562 brevi
3103 5481 3332 5582 capitul.

106 5578 214 5644 etc.,
265 5587 324 5640 ut
379 5601 565 5661 supra.
613 5606 641 5640 α
681 5587 921 5664 Signum
979 5591 1229 5650 Achadei
1279 5592 1520 5662 comitis,
1564 5593 1660 5668 qui
1745 5609 1865 5670 cap.
1895 5593 1980 5651 12.
2017 5615 2039 5648 ι
2077 5595 2200 5666 Qua
2236 5595 2431 5672 regula
2460 5595 2720 5652 monachi
2751 5596 3016 5654 vixissent
3036 5598 3096 5654 in
3125 5578 3328 5669 Gallia,
