3892 6352
539 297 663 371 69.3

1737 310 1973 385 mm
2008 310 2217 385 meai
2254 310 2604 384 monenti

3696 318 3789 382 604

542 434 875 516 priuSquam
922 432 1120 517 regula
1170 445 1361 505 sancti”
1394 434 1679 509 Benedicti
1724 456 1780 511 in
1830 473 1897 511 ea
1922 454 2131 511 tradita
2150 458 2201 516 Α
2219 455 2403 526 operis
2430 453 2683 518 haberet,
2710 460 2834 523 quae
2863 452 2995 517 vita,
3020 456 3118 507 aut
3135 455 3296 523 cujus
3324 452 3612 524 religionis
3641 456 3786 505 esset.

541 533 760 598 fuisset,
792 552 919 589 cum
953 536 1204 606 legamus
1233 552 1486 595 sanctum
1513 543 1820 599 Martinum
1853 552 1910 599 et
1939 560 2136 600 mona-

544 624 711 677 chum
740 625 917 679 fuisse
941 628 997 679 et
1015 625 1119 681 sub
1150 644 1207 681 se
1226 630 1529 686 monachos
1559 630 1820 688 habuisse
1843 636 1936 706 qui
1959 637 2135 689 multo

545 714 678 765 ante
724 719 977 768 sanctum
1024 715 1387 772 Benedictum
1434 718 1609 774 fuit.»
1648 722 1876 792 Ecquid,
1912 723 2131 790 amabo,

542 800 632 853 his
659 800 843 855 verbis
872 804 1231 873 expressius?
1257 804 1454 861 Nonne
1474 808 1783 880 imperator
1809 811 1902 865 ille
1937 812 2136 879 (multa

545 888 863 944 eruditione
879 893 1169 962 praeditus)
1191 882 1352 949 decet
1374 896 1548 950 solam
1575 898 1990 953 Benedictinani
2015 909 2132 954 tum

526 982 763 1032 'exstare
784 981 1055 1049 regulam,
1089 988 1259 1055 atque
1289 984 1346 1037 in
1377 1001 1501 1039 eam
1530 990 1865 1042 sententiam
1896 989 1978 1043 ire
2008 991 2131 1043 uni-

540 1066 765 1120 versos?
792 1067 889 1122 illa
933 1069 1144 1125 scilicet
1178 1077 1513 1143 tempestate
1561 1074 1706 1129 solos
1744 1077 2133 1133 Benedictinos

543 1156 843 1210 asceticam
892 1159 1059 1212 vitam
1100 1178 1286 1231 agere,
1329 1180 1454 1217 cum
1488 1169 1541 1218 et
1571 1173 1785 1235 quaerat
1813 1174 2004 1221 utrum
2036 1169 2136 1222 ali-

542 1244 639 1312 qui
677 1246 933 1300 monachi
982 1265 1101 1303 esse
1144 1257 1372 1321 possent
1410 1258 1613 1323 praeter
1634 1271 1728 1307 eos
1755 1256 1849 1325 qui
1878 1256 2132 1326 regulam

539 1334 719 1385 sancti
750 1335 1035 1390 Benedicti
1054 1337 1368 1406 observant,
1386 1347 1442 1394 et
1469 1343 1709 1395 ullorum
1733 1346 2134 1399 monachorum

540 1419 692 1474 haud
724 1424 1063 1491 meminerit,
1094 1426 1199 1479 nisi
1228 1426 1691 1485 Martinianorum
1722 1431 1939 1486 duobus
1967 1450 2137 1488 saecu-

539 1508 607 1562 lis
636 1510 762 1563 divo
791 1510 1085 1568 Benedicto
1107 1516 1506 1586 antiquiorum.

612 1598 843 1665 Verum,
876 1600 1098 1655 utnihil
1134 1604 1405 1659 intactum
1440 1615 1748 1673 remaneat,
1779 1615 1836 1663 et
1862 1611 2132 1666 habemus

542 1686 863 1757 impositam
885 1688 1091 1744 nubem
1118 1694 1348 1747 testium
1381 1694 1561 1763 (Hebr.
1585 1712 1685 1763 ΧΠ,
1719 1698 1860 1769 l)(si
1881 1700 2131 1770 Apostoli

2218 544 2321 597 Cui
2351 542 2445 596 ille
2474 542 2795 596 dulcissimo
2824 542 3069 612 alloquio
3098 544 3389 612 respondit
3406 559 3464 596 se
3483 542 3591 596 sub
3618 558 3791 595 mona-

2218 632 2356 685 stico
2397 631 2594 685 ordine
2620 631 2787 683 vitam
2818 632 3041 701 degere,
3075 637 3133 684 et
3169 632 3455 685 monachis
3487 632 3787 702 praelatum,

2217 720 2525 774 beatissimi
2570 720 2857 773 Benedicti
2904 721 3163 773 instituta
3206 721 3433 783 servari,
3490 720 3790 789 regularem

2217 810 2336 879 ejus
2366 809 2535 862 vitam
2567 810 2625 861 in
2656 808 2914 861 omnibtis
2940 808 3242 869 observari,
3268 808 3377 862 nisi
3406 809 3555 878 quod
3583 814 3797 879 propter

2216 898 2537 967 angustiam
2578 898 2681 951 loci
2712 914 2823 951 non
2866 914 2987 951 eam
3018 897 3343 968 plenissime
3373 897 3658 951 custodire
3683 911 3795 950 cum

2217 986 2334 1039 suis
2372 987 2600 1047 valeret,
2648 1002 2752 1040 nec
2801 1000 2859 1039 se
2906 987 3116 1040 habere
3146 986 3242 1040 ubi
3273 986 3601 1040 exercitium
3629 986 3797 1056 operis

2214 1078 2377 1127 ﬁeret
2400 1075 2707 1129 secundum
2748 1077 3000 1145 regulam
3030 1077 3152 1145 jam
3186 1075 3495 1145 supradicti
3527 1075 3795 1128 Benedicti

2216 1164 2417 1225 Patris,
2456 1183 2480 1215 υ
2516 1168 2627 1221 etc.
2678 1164 2977 1217 Habentur
3023 1169 3080 1217 et
3126 1164 3406 1234 ipsissima
3442 1163 3612 1216 verba
3663 1163 3795 1233 apud

2215 1252 2495 1305 Andream
2540 1253 2615 1306 du
2654 1253 2888 1316 Chesne,
2944 1260 3097 1306 tomo
3139 1254 3323 1323 primo
3359 1253 3571 1306 Hister.
3612 1253 3793 1306 Franc.

2217 1341 2434 1411 script.,
2485 1358 2610 1411 pag.
2663 1340 2785 1405 543,
2836 1342 2932 1406 0.,
2982 1358 3047 1396 ex
3090 1342 3408 1412 fragmento
3454 1342 3603 1395 Vitae
3628 1341 3795 1394 sancti

2216 1429 2462 1485 Juniani.
2510 1432 2574 1484 In
2623 1436 2961 1485 testamento
3011 1429 3328 1485 Leodebodi
3375 1424 3598 1483 abbatis
3634 1428 3794 1483 sancti

2216 1518 2421 1571 Aniani
2442 1519 2884 1585 Aurelianensis,
2912 1536 3011 1573 seu
3027 1519 3232 1573 tabulis
3252 1519 3601 1573 fundationis
3625 1526 3800 1571 mona-

2216 1607 2371 1659 sterii
2394 1608 2780 1673 Floriacensis,
2804 1607 2873 1661 ab
2893 1609 3134 1678 ipsemet
3154 1608 3354 1661 abbate
3382 1607 3643 1671 conditae,
3664 1621 3815 1660 anno

2215 1694 2521 1749 Dominicm
2570 1697 2977 1750 Incarnationis
3007 1696 3131 1762 6‘23,
3168 1697 3287 1751 haec
3329 1697 3399 1750 de
3446 1695 3795 1749 Benedictina

541 1774 710 1827 verba
722 1777 889 1831 liceat
901 1786 1190 1851 usurpare)
1214 1783 1414 1852 quibus
1432 1785 1843 1841 evidentissime
1864 1798 2134 1860 appareat
2152 1775 2200 1835 Β
2216 1784 2413 1853 regula
2457 1784 2828 1854 perhibentur
2850 1804 2864 1838 :
2898 1783 2965 1838 In
2996 1800 3106 1855 quo
3136 1784 3519 1853 (monasterio)
3556 1784 3797 1837 monachi

540 1864 793 1932 regulam
820 1866 963 1920 hanc
987 1885 1087 1938 per
1108 1871 1423 1926 universam
1442 1870 1679 1927 Galliam
1703 1875 1872 1929 fuisse
1892 1893 1926 1930 a
1949 1892 2136 1931 mona-

540 1951 660 2005 chis
675 1961 990 2026 susceptam
1014 1958 1192 2012 tribus
1209 1960 1384 2015 ferme
1405 1962 1619 2017 saeculis
1642 1970 1771 2018 ante
1792 1966 2133 2020 Ludovicum‘

540 2040 704 2097 Pium
730 2046 815 2113 (de
856 2053 1047 2103 sancto
1090 2046 1303 2117 Mauro,
1339 2053 1431 2123 qui
1463 2055 1676 2124 primus
1708 2056 1859 2109 illam
1891 2058 2128 2123 advexit,

540 2147 607 2185 ex
643 2131 939 2201 industria,
967 2139 1171 2210 quippe
1194 2141 1288 2210 qui
1312 2142 1386 2194 sit
1415 2144 1599 2195 notior
1628 2160 1794 2214 quam
1829 2136 1897 2199 de
1927 2162 1991 2199 eo
2023 2148 2132 2201 dici

539 2221 717 2275 multa
748 2222 1005 2291 debeant,
1033 2229 1228 2297 silebo)
1257 2249 1268 2295 ;
1294 2229 1428 2284 libet
1447 2232 1615 2285 altius
1646 2248 1898 2303 repetere
1918 2252 1980 2288 ac
2010 2252 2135 2306 pro-

538 2311 763 2365 trahere
815 2330 1151 2381 sermonem,
1198 2318 1436 2388 ideoque
1494 2321 1676 2374 fontes
1738 2323 1888 2393 ipsos
1953 2325 2126 2379 adire.

539 2398 842 2454 Concilium
872 2402 1216 2465 Turonense,
1259 2423 1388 2459 ann.
1440 2408 1571 2461 Chr.
1617 2406 1720 2463 813
1765 2411 2127 2479 celebratum,

541 2502 661 2557 cap.
690 2482 760 2541 25
782 2505 792 2537 :
812 2509 833 2539 ‹‹
854 2482 1193 2546 Monasteria
1215 2496 1699 2561 monachorum,in
1716 2499 1915 2568 quibus
1938 2502 2130 2569 regula

538 2573 690 2628 beati
724 2578 1004 2633 Benedicti
1025 2576 1208 2634 Patris
1236 2585 1799 2649 conservabatur,sed
1821 2605 1969 2641 nunc
1988 2588 2129 2643 forte

539 2664 913 2737 qualicunque
969 2670 1309 2739 negligentia
1360 2672 1696 2744 subrepente
1729 2677 2019 2729 remissius
2065 2693 2129 2729 ac

535 2750 864 2810 dissolutius
879 2758 1212 2823 custoditur,
1242 2761 1321 2813 vel
1343 2766 1491 2815 certe
1511 2762 1736 2833 penitus
1756 2763 1929 2817 oblita
1956 2764 2129 2835 negli-

534 2839 711 2910 gitur,
746 2840 949 2900 bon‘um
980 2847 1201 2901 videtur
1222 2854 1283 2903 ut
1303 2850 1371 2903 ad
1394 2852 1689 2920 pristinum
1718 2857 1925 2906 statum
1951 2870 2129 2908 rever-
2154 2858 2159 2863 ’

533 2934 706 2998 tatur,
745 2954 767 2982 ι
805 2941 908 2988 etc.
943 2930 1324 3007 Explicatione
1354 2940 1466 2993 ista
1508 2932 1618 2993 non
1654 2941 1925 3011 indigent,
1963 2942 2130 2997 verba

532 3030 813 3091 namque:
853 3043 875 3073 α
900 3023 1047 3077 Olim
1080 3026 1275 3095 regula
1305 3028 1481 3081 sancti
1516 3029 1800 3083 Benedicti
1841 3047 2129 3085 conserva-

532 3107 720 3173 b‘atur,
760 3133 778 3158 οι
815 3127 887 3179 et,
941 3133 963 3165 ι
1008 3114 1077 3167 ad
1131 3115 1432 3185 pristinum
1474 3123 1682 3171 statum
1733 3125 2063 3181 revertatur,
2098 3089 2186 3173 »Ο

531 3196 671 3251 nihil
719 3199 870 3254 aliud
927 3201 1198 3257 denotant
1236 3221 1425 3274 quam,
1478 3206 1654 3261 multo
1694 3214 1824 3261 ante
1871 3214 2127 3278 tempora

532 3285 736 3354 quibus
781 3288 920 3343 illud
958 3291 1246 3345 decretum
1277 3294 1550 3347 sancitum
1581 3300 1683 3359 est,
1714 3297 1923 3365 regulae
1954 3297 2127 3351 Bene-

529 3374 754 3429 dictinze
783 3393 946 3431 usum
980 3380 1417 3451 exercitiumque
1441 3384 1717 3437 exstitisse.
1757 3386 1905 3455 apud
1936 3403 2126 3440 mona-

529 3460 869 3519 chos.Etilla
896 3468 1014 3537 ipsa
1041 3470 1337 3523 conﬁrmat
1351 3472 1641 3525 concilium
1662 3473 2046 3529 Cabillonense
2062 3491 2122 3541 11,

528 3551 599 3605 ab
644 3552 916 3625 episcopis
962 3558 1257 3627 provincia:
1300 3557 1692 3629 Lugdunensis
1740 3579 1870 3617 ann.
1903 3564 2124 3634 imperii

528 3640 715 3695 Caroli
747 3640 933 3713 Magni
959 3657 1070 3708 xm,
1094 3660 1215 3715 cap.
1241 3645 1311 3702 22
1336 3665 1347 3699 :
1379 3668 1397 3693 ι
1418 3647 1499 3701 De
1528 3648 1822 3704 abbatibus
1852 3656 1908 3704 et
1935 3668 2125 3705 mona-

442 3740 449 3749 ‘
527 3729 645 3784 chis
690 3728 894 3786 idcirco
934 3731 1025 3786 hic
1053 3750 1227 3804 pauca
1273 3735 1583 3803 scribimus,
1618 3738 1747 3808 quia
1775 3756 1914 3809 pene
1935 3741 2121 3794 omnia

526 3821 869 3874 monasteria
898 3823 1179 3891 regularia
1215 3823 1273 3876 in
1322 3822 1409 3877 his
1447 3826 1767 3895 regionibus
1793 3829 2115 3885 constituta.

525 3904 831 3963 secundum
863 3913 1112 3981 regulam
1136 3913 1313 3966 sancti
1346 3909 1632 3968 Benedicti
1656 3932 1714 3969 se
1739 3917 1919 3970 vivere
1944 3918 2121 3971 faten-

525 4001 636 4050 tur.
671 3996 998 4069 Inquiratur
1026 4018 1160 4069 ergo
1181 4001 1581 4072 diligenterubi
1606 4004 1913 4058 secundum
1935 4007 2119 4075 ipsum

525 4085 777 4140 ordinem
809 4088 1028 4154 vivitur,
1063 4090 1118 4143 et
1168 4088 1262 4143 ubi
1311 4084 1381 4144 ab
1414 4092 1533 4162 ipso
1566 4092 1762 4146 ordine
1806 4094 2121 4163 digressum

526 4178 630 4239 est,
652 4180 718 4228 ut
736 4176 898 4245 juxta
929 4178 1179 4247 ejusdem
1206 4177 1356 4233 beati
1387 4180 1489 4232 viri
1512 4178 1922 4234 institutionem
1937 4182 2121 4237 vivere

525 4267 817 4329 certent,»
862 4270 963 4318 etc.
1002 4267 1116 4320 Nec
1162 4269 1370 4321 morari
1398 4266 1603 4322 debent
1653 4271 1974 4340 quempiam
2024 4270 2122 4325 illa

525 4350 713 4417 verba,
743 4370 767 4403 α
794 4368 939 4422 pene
962 4356 1150 4409 omnia
1170 4359 1513 4410 monasteria
1536 4358 1835 4427 regularia,
1866 4378 1890 4411 ι)
1916 4360 2122 4431 quippe

524 4444 730 4510 praeter
758 4440 1159 4497 monachorum
1189 4444 1458 4509 coenobia,
1493 4454 1654 4500 erant
1703 4452 1759 4500 et
1801 4450 2121 4503 mansiones

525 4527 857 4584 clericorum
895 4534 1179 4599 canonice,
1215 4533 1319 4588 hoc
1349 4540 1434 4588 est
1462 4534 1565 4589 sub
1592 4537 1790 4605 regula
1816 4538 2119 4592 viventium

525 4616 676 4682 (inde
718 4622 1029 4693 canonicus)
1072 4638 1195 4695 quae
1235 4626 1577 4679 monasteria
1620 4643 1839 4697 quoque
1870 4628 2152 4698 appella;

523 4708 761 4777 bantur;
787 4712 1141 4782 potissimum
1172 4728 1302 4766 vero
1330 4713 1427 4766 ubi
1459 4714 1858 4785 Codegrandus
1901 4717 2117 4770 Meten-

521 4799 598 4852 sls
629 4797 920 4872 episcopus
965 4802 1362 4855 canonicorum
1407 4805 1661 4872 regulaon
1709 4804 1884 4858 edidit
1932 4807 2115 4875 (quam

520 4892 624 4942 ms.
660 4890 950 4944 asservant
970 4890 1337 4944 eruditissimi
1369 4891 1472 4944 viri
1502 4891 1739 4946 Jacobus
1762 4888 2110 4960 Sirmondus,

521 4983 578 5031 et
622 4977 866 5031 Joannes
907 4979 957 5031 le
989 4976 1215 5044 Prevbt)
1243 4995 1563 5049 quanquam
1595 4987 1652 5034 et
1685 4988 1863 5035 exstet
1890 4982 2000 5035 alia
2028 4999 2117 5036 re-

518 5064 654 5136 gula
697 5084 795 5121 seu
843 5066 1024 5120 forma
1065 5067 1433 5122 institutionis
1462 5070 1855 5124 canonicorum
1887 5078 2022 5124 tom.
2065 5064 2116 5125 ῙΙ

520 5154 727 5210 Concil.
758 5152 901 5209 Gall.
916 5199 928 5218 ,
961 5172 1091 5226 pag.
1117 5155 1241 5210 329.

589 5241 772 5315 Atque
799 5240 866 5298 ad
902 5245 1248 5315 propositum
1279 5252 1343 5300 ut
1374 5247 1623 5312 redeam,
1666 5264 1735 5301 en
1781 5254 2116 5317 argumenta

517 5332 631 5385 illis
653 5333 819 5404 longe
834 5333 1140 5388 vetustiora
1164 5354 1175 5388 :
1193 5351 1257 5387 ex
1279 5336 1670 5407 antiquissima
1690 5336 1820 5390 Vita
1841 5354 1945 5393 ms.
1964 5337 2112 5391 beati

518 5420 745 5475 Juniani
785 5418 1021 5489 abbatis,
1061 5421 1307 5478 Clotario
1344 5425 1526 5495 primo
1560 5443 1692 5494 rege
1744 5421 2107 5491 Francorum,

522 5524 683 5581 anno
715 5510 951 5575 circiter,
1004 5506 1068 5566 64
1116 5533 1127 5566 :
1171 5533 1188 5563 ο
1229 5512 1364 5567 Post
1408 5515 1641 5568 multam
1686 5514 2109 5569 collocutionem

516 5594 955 5666 gloriosissimus
970 5616 1066 5655 rex
1081 5598 1449 5672 interrogavit
1464 5618 1594 5657 eum
1616 5598 1957 5676 (Junianum)
1979 5594 2113 5676 quid

2211 1872 2372 1941 juxta
2402 1874 2653 1942 regulam
2703 1873 3042 1927 sanctissimi
3080 1873 3367 1927 Benedicti
3397 1880 3453 1926 et
3486 1872 3679 1926 domui
3704 1873 3799 1926 Co-

2216 1959 2467 2014 lumbani
2491 1962 2796 2015 consistere
2822 1961 3451 2032 debeant,singulariter
3470 1961 3544 2015 de
3554 1961 3798 2014 facultate

2218 2049 2583 2119 proprietatis
2611 2067 2750 2104 meae
2775 2052 2997 2105 Christo
3017 2052 3252 2123 praesule
3276 2052 3532 2104 conferre
3552 2050 3800 2109 delibero,

2214 2142 2319 2191 etc.
2349 2136 2425 2190 lis
2448 2154 2514 2191 ex
2541 2138 2722 2191 verbis
2751 2139 2808 2192 in
2834 2139 3084 2193 coenobio
3112 2134 3300 2194 Sancti
3329 2139 3540 2193 Aniani
3557 2139 3795 2192 eamdem

2213 2227 2464 2295 regulam
2499 2234 2629 2280 ante
2660 2228 2754 2280 illa
2783 2234 3039 2298 tempora
3068 2229 3241 2282 fuisse
3276 2235 3568 2298 receptam
3597 2227 3797 2298 perspi-

2214 2330 2339 2368 cere
2396 2320 2498 2368 est.
2543 2317 2658 2370 Nec
2684 2317 2832 2370 ullus
2871 2317 3070 2371 exinde
3100 2317 3207 2371 sibi
3234 2317 3474 2371 facessat
3504 2315 3794 2387 negotium;

2214 2403 2361 2472 quod
2406 2403 2495 2456 hic
2542 2405 2754 2457 mentio
2799 2406 2899 2459 ﬁat
2943 2407 3151 2475 regulae
3202 2392 3380 2459 sancti
3435 2403 3789 2466 Columbam;

2211 2490 2364 2544 illam
2414 2492 2693 2563 siquidem
2745 2494 3029 2548 nonnullis
3083 2495 3142 2548 in
3195 2494 3388 2549 Galliae
3446 2492 3792 2552 monasteriis

2211 2583 2402 2645 865
2427 2597 2541 2634 una
2568 2598 2694 2635 cum
2724 2582 3083 2637 Benedictina
3123 2583 3381 2638 colebant
3423 2582 3709 2637 caenobitze
3737 2596 3817 2639 ea.

2210 2673 2565 2737 tempestate,
2598 2670 2746 2740 quod
2782 2670 2930 2724 inter
2957 2671 3096 2725 alios
3129 2672 3318 2742 prodit.
3347 2670 3601 2727 Orderic.
3635 2669 3819 2736 Vital.;

2210 2756 2446 2826 Histor.,
2485 2757 2610 2812 libr.
2641 2773 2754 2824 vm,
2786 2759 2889 2813 sub
2920 2761 3089 2813 tinem
3112 2778 3125 2827 ;
3149 2760 3428 2831 siquidem
3454 2760 3671 2830 regula,
3704 2774 3792 2811 seu

2209 2845 2394 2899 verius
2417 2847 2647 2916 regulze,
2677 2864 2806 2901 cum
2825 2848 3103 2902 trifariam
3129 2850 3462 2922 reperiatur,
3486 2849 3629 2903 nihil
3653 2844 3790 2900 aliud

2211 2950 2332 2988 esse
2379 2935 2599 2990 videtur
2637 2954 2804 3006 quam
2846 2939 3290 3000 constitutiones,
3313 2938 3451 3003 sive,
3484 2943 3553 2992 ut
3588 2938 3790 2997 vocant,

2210 3021 2617 3078 declarationes
2673 3025 2731 3079 in
2772 3026 3025 3097 regulam
3079 3026 3256 3099 sancti
3293 3023 3619 3087 Benedicti;
3665 3021 3792 3076 binze

2209 3112 2380 3167 etiam
2410 3116 2749 3185 paraenetica
2777 3123 3058 3187 praecepta
3095 3115 3486 3171 tantummodo
3528 3110 3788 3168 submini-

2209 3206 2393 3255 strant
2415 3221 2427 3268 ;
2452 3203 2563 3256 alia
2580 3221 2707 3258 vero
2727 3205 3043 3275 inﬂigendze
3065 3222 3241 3276 pcenae
3258 3204 3487 3258 modum
3515 3217 3616 3273 pro
3631 3199 3790 3271 culpae

2208 3290 2485 3358 gravitate
2500 3293 2793 3362 specialius
2822 3310 2991 3364 quam
3022 3294 3087 3348 D.
3114 3287 3788 3362 Benedictus,przescribit,

2209 3380 2682 3447 quemadmodum
2715 3398 2784 3435 ex
2814 3389 2999 3436 vetere
3013 3382 3335 3454 praefatione
3360 3398 3463 3433 ms.
3493 3378 3789 3433 adColum-

2206 3465 2339 3520 bani
2393 3470 2647 3539 regulam
2679 3471 2841 3524 docet
2870 3471 3187 3541 Stengelius
3237 3470 3295 3524 in
3346 3470 3569 3523 Corona
3597 3465 3784 3529 lucida,

2206 3557 2413 3626 pagina
2448 3556 2567 3613 1‘28.
2608 3560 2876 3635 Atqueid
2907 3560 3136 3630 quidem
3184 3559 3480 3614 obscurum
3524 3558 3688 3610 hasce
3715 3571 3787 3609 re-

2204 3645 2365 3713 gulas
2418 3645 2736 3715 inspicienti
2802 3647 3261 3721 haudquaquam.
3306 3663 3430 3719 mea
3494 3644 3783 3707 sententia,

2204 3733 2437 3802 patebit.
2494 3736 2594 3790 His
2626 3734 2927 3791 ﬁnitimum
2964 3742 3049 3791 est
3072 3737 3208 3790 illud
3237 3736 3375 3790 Vitae
3404 3735 3588 3793 sancti
3618 3734 3782 3803 Mom-

2204 3823 2338 3876 moli
2383 3823 2550 3895 primi
2579 3825 2947 3880 Floriacensis
2982 3823 3218 3880 emnobii
3247 3823 3485 3889 abbatis,
3530 3840 3595 3878 ac
3634 3820 3784 3877 disci-

2202 3912 2318 3981 puli
2376 3911 2524 3966 beati
2576 3912 2841 3979 Leobodi,
2900 3931 2966 3968 ex
3021 3914 3193 3968 veteri
3243 3914 3430 3968 codice
3469 3907 3783 3967 monasterii

2205 4001 2422 4055 Sanctae
2452 4003 2645 4056 Crucis
2686 4003 2971 4073 Burdigal.
3018 4023 3040 4053 ι
3071 4004 3340 4057 Normam
3368 4001 3645 4072 regularis
3670 3994 3783 4053 vitae

2203 4090 2516 4160 concupivit
2549 4092 2925 4159 (Mommolus)
2964 4092 3423 4162 contemplationi
3467 4090 3668 4145 divinae
3704 4102 3783 4139 cu-

2204 4178 2363 4247 piens
2395 4178 2700 4246 adhaerere,
2734 4180 3062 4250 religionem
3093 4180 3282 4234 eximii
3310 4179 3491 4235 Patris
3513 4173 3782 4234 Benedicti

2206 4265 2475 4335 quaesivit,
2527 4267 2631 4319 soli
2673 4268 2926 4322 omnium
2974 4269 3112 4340 Regi
3154 4269 3351 4323 intimo
3394 4268 3563 4323 corde
3591 4266 3781 4322 servire

2205 4353 2548 4421 desiderans,
2612 4355 2714 4410 sub
2771 4358 2938 4413 Patre
3004 4357 3261 4414 Leobodo
3314 4357 3537 4411 Christo
3591 4353 3780 4410 meruit

2204 4442 2485 4498 famulari.
2518 4461 2543 4496 ι
2573 4445 2823 4499 Judicael
2850 4447 3154 4501 Britanniae
3185 4464 3302 4511 rex,
3338 4447 3519 4500 factus
3544 4451 3778 4520 postmo-

2203 4531 2337 4584 dum
2380 4534 2704 4599 monachus,
2725 4535 2783 4587 in
2815 4536 3156 4611 monasterio
3188 4552 3222 4589 a
3250 4553 3310 4591 se
3349 4535 3573 4590 condito
3602 4530 3778 4588 Sancti

2200 4619 2431 4673 Joannis
2450 4621 2519 4674 de
2535 4622 2881 4688 Gaelo,nunc
2894 4625 3081 4678 Sancti
3100 4624 3613 4694 Menevenni,vulgo
3631 4623 3776 4677 Saint

2201 4708 2714 4774 Mecn,fundalione
2738 4728 2841 4764 ms.
2864 4710 3077 4781 profert
3098 4712 3212 4766 haec
3230 4710 3394 4766 verba
3424 4731 3435 4765 :
3474 4732 3499 4765 ς(
3526 4714 3712 4765 Honor
3729 4712 3777 4760 et

2198 4798 2379 4867 gloria
2410 4799 2523 4853 Deo
2562 4802 2952 4871 omnipotenti,
2987 4808 3043 4856 et
3078 4802 3289 4856 famulo
3330 4804 3452 4872 ejus
3492 4799 3775 4855 Benedicto

2202 4887 2605 4941 monachorum
2631 4890 2870 4959 parenti,
2902 4891 2959 4944 in
2991 4892 3157 4944 terris
3177 4893 3294 4961 jam
3325 4891 3584 4944 defuncto
3614 4889 3703 4942 sed
3726 4886 3776 4937 in

2200 4974 2353 5028 caelis
2380 4974 2703 5046 perenniter
2721 4979 2947 5033 viventi.
2984 5000 3005 5029 ι
3032 4978 3245 5034 Deinde
3276 4985 3401 5051 post
3428 4981 3539 5033 alia
3571 4994 3583 5029 :
3617 4994 3637 5027 ι
3672 4976 3775 5029 Hos

2200 5068 2387 5119 autem
2419 5067 2673 5121 redditus
2693 5068 2749 5122 in
2773 5066 3103 5139 perpetuum
3121 5070 3396 5123 donamus
3419 5068 3548 5123 huic
3565 5080 3773 5120 monas-

2201 5155 2342 5207 terio
2368 5156 2555 5209 Sancti
2569 5150 2798 5211 Joannis
2812 5158 2880 5212 de
2902 5159 3202 5230 Gaelo,pro
3220 5158 3435 5211 alendis
3456 5156 3646 5228 viginti
3664 5158 3773 5207 octo

2198 5242 2486 5299 monachis
2538 5239 2651 5300 Deo
2698 5239 3068 5301 servientibus
3097 5248 3199 5301 sub
3228 5246 3421 5318 regula
3452 5247 3513 5302 S.
3552 5239 3774 5298 Benedi-

2196 5332 2289 5397 cti,
2315 5355 2339 5380 υ
2358 5339 2463 5386 etc.
2492 5334 2619 5387 Haec
2640 5342 2827 5389 autem
2848 5336 2993 5389 circa
3017 5353 3226 5389 annum
3246 5334 3353 5392 630
3382 5344 3505 5389 acta
3530 5337 3770 5387 constare

2193 5419 2430 5475 videtur.
2454 5421 2796 5493 Praeceptum
2828 5418 3054 5478 Cl'otarii
3080 5415 3162 5479 ΙΙΙ
3192 5425 3339 5494 regis
3369 5423 3436 5477 de
3457 5418 3767 5477 fundatione

2194 5512 2521 5565 monasterii
2551 5507 2901 5567 Corbeiensis
2928 5514 3072 5570 tom.
3106 5506 3132 5567 Ι
3164 5508 3369 5568 Concil.
3415 5510 3621 5569 Galliae.
3646 5522 3758 5579 pag.

2194 5596 2319 5669 500,
2361 5596 2465 5655 sub
2494 5596 2720 5655 initium
2754 5617 2766 5654 :
2813 5618 2841 5656 α
2884 5580 3065 5672 igitur
3105 5598 3240 5657 dum
3288 5612 3407 5671 nos,
3433 5608 3489 5655 et
3515 5597 3763 5671 praecelsa
