3892 6352
72 350 170 411 ϐω

1101 355 1181 409 IN
1218 338 1441 414 mea:
1483 342 1546 412 Β.
1591 336 2012 415 ΕΑΝἘΗᾹΝὍΙ
2049 344 2284 414 Nom.

67 478 294 549 genitrix
305 483 497 532 nostra
513 479 720 532 dom'n'a
740 469 1111 536 Balde‘childis
1132 468 1345 553 regina,
1366 486 1644 541 mona'ste—
1660 489 1711 547 Α
1726 494 1938 552 omnes,
1992 488 2119 541 cum
2162 490 2277 541 una
2324 470 2633 555 eademque
2682 480 2848 555 esset,
2900 484 3107 556 duplex
3130 468 3335 561 tamen

68 570 204 622 rium
228 566 285 620 in
316 568 525 620 honore
553 573 874 623 sanctorum
913 571 1063 624 Petri
1094 579 1150 626 et
1179 572 1338 626 Pauli
1368 576 1648 644 apostolo-

69 671 208 725 rum,
239 656 415 709 sancti
445 656 710 724 Stephani
742 662 1190 731 protomartyris,
1225 668 1393 733 super
1418 663 1648 717 ﬂuvium

70 746 337 801 Somnum.
374 745 432 797 in
483 744 602 797 loco
650 745 746 815 qui
795 740 1001 800 dicitur
1031 749 1284 814 Corbeia,
1321 751 1416 804 ubi
1447 752 1650 827 praeest

71 831 385 886 venerabilis
410 832 497 885 vir
516 833 849 888 Theofridus
874 835 1018 890 abba
1043 844 1144 907 pro
1174 839 1368 892 aeterni
1393 840 1648 894 Numinis

68 920 259 974 intuitu
277 918 541 973 aedificari
562 922 945 991 prmeepimus,
970 929 1034 977 ut
1056 926 1313 979 monachi
1332 927 1435 980 sub
1458 932 1651 981 sancta

69 1009 246 1077 regula
274 1009 663 1073 (Benedictina
688 1010 974 1077 nimirum,
1026 1018 1091 1067 ut
1136 1020 1309 1084 supra
1349 1016 1649 1086 probatum

70 1104 155 1155 est}
185 1096 387 1151 ibidem
413 1098 658 1151 debeant
685 1102 1019 1154 conversari.
1057 1122 1079 1151 ι
1112 1104 1179 1157 Et
1208 1105 1266 1157 in
1292 1105 1581 1175 privilegio
1616 1123 1650 1159 a

68 1187 361 1239 Bertefrido
408 1186 773 1241 Ambianensi
805 1190 1063 1260 episcopo
1096 1192 1273 1245 eidem
1308 1195 1648 1249 monasterio

68 1290 326 1338 concesso,
358 1274 458 1329 ubi
507 1282 674 1346 supra
704 1284 831 1347 post
860 1279 1104 1332 medium
1140 1298 1152 1333 :
1189 1298 1211 1331 ε
1240 1282 1315 1335 Ut
1343 1282 1518 1352 quieti
1546 1283 1648 1337 sub

66 1364 242 1433 regula
268 1362 467 1417 sancta
493 1364 599 1435 ipsi
626 1367 884 1420 monachi
905 1368 1088 1421 vivere
1110 1368 1350 1423 debeant
1370 1372 1439 1424 ad
1463 1371 1647 1442 ipsum

68 1451 457 1507 monasterium
489 1454 887 1513 deservientes.
925 1474 949 1508 ι)
984 1458 1057 1509 At
1087 1462 1215 1510 vero
1248 1458 1442 1529 objicis
1462 1478 1472 1512 :
1496 1459 1649 1515 Infra

67 1559 277 1595 cernere
300 1548 437 1611 sunt
466 1542 594 1596 ista.
624 1558 647 1594 α
676 1544 813 1597 Illud
835 1545 1008 1598 etiam
1030 1547 1159 1599 addi
1180 1548 1421 1618 placuit:
1450 1552 1515 1602 ut
1540 1550 1648 1619 ipsi

69 1630 302 1684 monachi
327 1631 435 1684 sub
467 1633 662 1700 regula
692 1634 869 1686 sancti
898 1635 1203 1695 Benedicti,
1236 1638 1319 1689 ‘Vel
1347 1637 1649 1691 Columba-

68 1721 137 1783 ni,
168 1719 507 1784 conversari,
537 1728 599 1773 et
623 1720 805 1774 vivere
834 1722 1093 1776 debeant.
1117 1738 1142 1773 η
1178 1724 1322 1787 Quid
1354 1726 1518 1779 tum?
1548 1727 1647 1779 His

1731 576 1931 630 sortita
1955 591 2160 629 nomen
2189 594 2200 641 ;
2236 574 2384 645 quod
2406 578 2464 627 et
2486 573 2607 646 pari
2635 575 2854 628 ratione
2872 568 3153 645 hodieque
3182 572 3340 627 iden-

1728 664 1905 717 tidem
1917 663 2159 718 occurrit
2175 663 2324 715 inter
2342 662 2663 731 legendum,
2675 657 2868 726 366
2879 660 3137 716 videlicet
3145 650 3342 732 regula

1731 752 2144 813 Clunianensis,
2195 750 2391 819 regula
2421 748 2821 813 Cistertiensis,
2859 751 3057 821 regula
3085 744 3340 805 Caelesti;

1733 850 1956 905 norum,
1991 839 2528 904 Camaldulensium,
2562 843 2671 892 etc.
2709 837 2859 893 O'rdo
2907 838 3076 893 etiam
3108 828 3342 895 Clunia-

1732 930 1929 989 censis‘,
1965 927 2369 988 Cistertiensis,
2405 927 2717 992 Beccensis,
2752 927 3204 994 Caelestinorum,
3237 922 3343 982 Sil-

1733 1019 2124 1080 vestrinorum,
2176 1022 2306 1079 etc.,
2350 1015 2605 1086 quamvis
2660 1016 2913 1085 regulam
2964 1016 3341 1087 proﬁteantur

1731 1108 2171 1176 nullam,praeter
2183 1103 3126 1167 Benedictinam,constitutionibus
3144 1111 3335 1159 tamen

1732 1194 2287 1264 institutionibusque
2312 1192 2565 1256 diversis,
2592 1191 2794 1262 quibus
2828 1193 2899 1246 ab
2930 1188 3054 1246 aliis
3083 1194 3338 1264 ejusdem

1730 1284 1938 1353 regulae
1984 1281 2291 1337 cultoribus
2348 1288 2733 1343 secernuntur,
2797 1281 3151 1336 adornatam.
3194 1278 3339 1337 Huic

1730 1373 1951 1426 veritati
2019 1366 2362 1441 suffragatur
2426 1370 2781 1439 privilegium
2835 1387 2933 1424 seu
2986 1364 3338 1425 confirmatio

1730 1459 2073 1513 fundationis
2113 1456 2440 1511 monial'ium
2494 1452 2554 1510 Β.
2608 1454 2798 1512 Mariae
2849 1454 3265 1513 Suessionensis
3305 1475 3340 1513 a

1731 1542 1968 1603 D‘rausio
2006 1548 2156 1601 illius
2202 1546 2443 1599 civitatis
2487 1536 2765 1615 epiiscopo,
2796 1546 2955 1616 regni
2994 1546 3227 1602 Clotarii
3255 1540 3338 1602 ῙῙῘ

1730 1653 1877 1690 anno
1909 1637 1960 1697 ‘i,
1992 1636 2087 1689 ubi
2132 1637 2189 1689 in
2220 1632 2329 1688 ﬁne
2372 1634 2491 1688 haec
2533 1632 2801 1703 leguntur
2831 1653 2841 1687 ε
2880 1653 2905 1686 ((
2937 1634 3013 1689 Ut
3041 1634 3186 1690 infra
3213 1653 3338 1691 m0-

1730 1724 2037 1781 nasterium
2070 1724 2311 1793 virgines
2354 1728 2409 1776 et
2439 1726 2604 1777 castae
2632 1722 2873 1777 debeant
2915 1716 3155 1778 Domino
3186 1720 3338 1777 mili-

68 1807 300 1861 u’delicet
338 1824 404 1862 ex
435 1808 621 1862 verbis
660 1810 924 1880 indigitat
954 1811 1302 1867 Bertefridus
1330 1815 1497 1868 aliam
1530 1790 1715 1868 esseB
1734 1821 1872 1879 tare,
1906 1790 2212 1867 secundum
2242 1818 2429 1865 votum
2454 1827 2600 1882 saepe
2628 1810 2905 1865 dictorum
2934 1810 3112 1867 Deum
3136 1806 3344 1867 timeu-é

70 1896 226 1949 sancti
270 1897 563 1950 Benedicti
593 1912 627 1951 a
655 1899 833 1951 sancti
881 1900 1215 1955 Columbani
1262 1902 1474 1972 regula,
1523 1912 1652 1957 cum
1734 1903 1896 1964 tium,
1930 1901 2026 1971 qui
2062 1905 2496 1955 construXeruut
2523 1899 2777 1969 regulam
2810 1900 2864 1953 S.
2909 1899 3218 1965 Benedicti,
3252 1896 3338 1969 ut,

69 1985 380 2054 disjunctive
400 1985 496 2038 hic
520 1987 798 2056 loquatur.
826 1989 983 2042 Itane
1006 1990 1170 2043 vero?
1203 1992 1349 2044 Num
1378 1992 1654 2062 particula
1734 1997 2028 2062 postquam
2076 1990 2133 2043 in
2181 1990 2302 2060 ipso
2352 1988 2693 2042 monasterio
2738 1988 3060 2043 introierint
3098 1982 3337 2044 Domino

72 2075 137 2123 rel
157 2088 372 2143 semper
389 2072 729 2143 disjunctiva
753 2080 856 2139 est,
895 2081 951 2129 et
975 2090 1086 2129 non
1114 2076 1414 2148 aliquando
1444 2096 1544 2149 pro
1567 2096 1654 2134 co-

72 2158 315 2228 pulativa,
359 2177 463 2215 seu
500 2163 699 2231 majori
731 2163 1097 2233 explicatione
1128 2168 1477 2235 usurpatur?
1516 2168 1655 2222 Rem

73 2248 348 2316 probemus
396 2251 670 2320 eXemplis
710 2269 722 2304 :
772 2250 1003 2307 Terent.
1058 2253 1308 2307 Eunuch.
1356 2255 1407 2319 ‘2,
1459 2255 1512 2315 3.
1561 2254 1651 2312 23.

77 2353 97 2384 (ι
135 2337 360 2391 Maxime
399 2356 495 2392 me
535 2338 635 2391 tibi
675 2340 918 2393 amicum
959 2340 1089 2394 facit
1120 2343 1200 2394 vel
1235 2344 1411 2397 virtus
1439 2344 1524 2397 vel
1553 2344 1654 2397 do-

76 2423 245 2478 ctrina.
275 2446 296 2475 ι
330 2424 514 2480 Cicer.
544 2426 626 2481 De
656 2427 822 2480 claris
852 2436 991 2481 orat.
1028 2427 1151 2483 131.
1190 2438 1215 2479 (ἐ
1249 2431 1547 2484 Multorum
1570 2433 1653 2485 vel

77 2512 247 2567 honori
277 2516 360 2568 vel
407 2516 658 2585 periculo
687 2521 914 2570 servire.
951 2528 977 2568 >5
1006 2518 1067 2569 In
1100 2524 1338 2588 utroque
1373 2522 1448 2572 rel
1479 2537 1578 2590 pro
1604 2525 1654 2574 et

77 2602 200 2653 sumi
228 2610 436 2657 norunt
474 2605 849 2673 grammatici.
887 2606 993 2658 Sed
1023 2606 1093 2659 ad
1122 2622 1241 2659 rem
1276 2625 1287 2658 :
1325 2610 1379 2660 S.
1416 2608 1653 2661 Benedi-

77 2696 180 2743 ctus
204 2691 257 2743 in
287 2693 525 2762 prologo
554 2693 780 2763 Regulae
808 2712 821 2746 :
854 2704 879 2745 (ἰ
915 2695 1222 2748 Succinctis
1248 2702 1380 2765 ergo
1411 2697 1538 2761 fide,
1570 2698 1655 2751 vel

78 2776 404 2834 observantia
424 2781 701 2836 bonorum
735 2788 962 2836 actuum
995 2783 1199 2836 lumbis
1231 2786 1456 2851 nostris,
1491 2792 1513 2836 ἡ
1545 2790 1650 2839 etc.

80 2866 192 2929 Quae
219 2866 296 2923 sic
321 2864 571 2924 elucidat
599 2871 955 2925 doctissimus
974 2872 1174 2925 Petrus
1205 2874 1438 2928 Boerius
1466 2876 1655 2929 Sancti

80 2957 256 3011 Aniani
284 2956 480 3024 abbas,
515 2966 639 3029 post
682 2961 991 3032 episc0pus,
1023 2961 1082 3013 in
1113 2964 1517 3016 commentario
1548 2978 1650 3016 ms.

1737 2081 1998 2145 militare,
2048 2076 2197 2133 foras
2231 2076 2299 2131 de
2330 2077 2450 2148 ipso
2499 2077 2837 2131 monasterio
2876 2077 3023 2131 exire
3052 2075 3339 2132 licentiam

1737 2186 1849 2223 non
1874 2168 2145 2234 habeant;
2178 2172 2235 2221 et
2254 2165 2322 2219 ad
2351 2166 2578 2219 modum
2597 2165 2962 2220 LuXoviensis
2983 2160 3332 2234 monasterii,

1738 2254 1883 2326 quod
1911 2254 1973 2309 B.
2001 2250 2383 2309 Columbanus
2413 2253 2613 2308 tenuit.
2642 2255 2893 2325 regulam
2921 2272 3122 2326 nempe
3145 2273 3339 2327 supra-

1737 2343 1963 2409 dictam,
1989 2340 2058 2395 ad
2082 2342 2390 2412 profectum
2420 2344 2736 2396 animarum
2765 2358 2959 2396 earum
2987 2342 3252 2396 studeant
3279 2340 3338 2393 in

1737 2426 1996 2486 omnibus
2026 2430 2323 2484 custodire.
2372 2450 2391 2480 ι
2427 2432 2603 2485 Notos
2634 2432 2724 2484 hic
2754 2430 2937 2493 velim,
2981 2431 3171 2494 lector,
3212 2446 3239 2481 α
3268 2429 3342 2483 ad

1738 2520 1965 2574 modum
2013 2520 2371 2573 Luxoviensis
2420 2520 2767 2586 monasterii,
2802 2525 2827 2570 ὑ
2864 2518 3065 2590 quibus
3094 2512 3341 2589 profecto

1737 2609 1918 2662 verbis
1966 2608 2128 2662 docet
2173 2607 2311 2661 illud
2375 2608 2731 2679 privilegium
2785 2606 3228 2679 adhortaturque
3280 2602 3344 2662 ut

1737 2697 1947 2766 regula:
1973 2697 2028 2751 S.
2057 2697 2345 2750 Benedicti
2372 2700 2651 2767 praecepta
2681 2694 2750 2749 ad
2783 2695 3010 2750 modum
3036 2692 3345 2749 Luxovien-

1742 2784 1817 2839 sis
1846 2785 2191 2849 monasterii,
2223 2786 2328 2838 hoc
2350 2790 2453 2848 est,
2479 2786 2648 2855 prout
2685 2783 2823 2837 inibi
2849 2784 3196 2851 observatur,
3229 2801 3345 2837 una

1737 2889 1861 2927 cum
1892 2872 2119 2926 statutis
2152 2888 2185 2925 a
2214 2873 2275 2926 B.
2307 2871 2651 2925 Columbano
2677 2870 2930 2941 digestis,
2962 2866 3226 2925 studeant
3250 2870 3347 2925 ad-

1738 2961 1988 3032 implere.
2030 2960 2388 3015 Proferamus
2416 2960 2665 3023 tandem,
2691 2960 2852 3030 quasi
2882 2956 3053 3013 robur
3073 2966 3129 3013 et
3155 2959 3345 3014 ﬁrma-

82 3043 129 3097 in
157 3045 416 3115 Regulam
446 3048 629 3101 sancti
658 3048 979 3102 Benedicti:
1019 3068 1042 3099 α
1079 3051 1301 3120 Expone
1332 3050 1435 3104 hoc
1454 3054 1533 3105 vel
1556 3068 1655 3122 pro
1684 3054 1994 3122 "mentum
2058 3066 2251 3104 eorum
2313 3066 2435 3120 quae
2486 3049 2553 3102 de
2615 3049 2815 3118 regula
2871 3042 3232 3103 Benediciina
3288 3042 3346 3103 et

82 3138 136 3193 et,
158 3112 280 3204 quia
306 3137 354 3189 si
382 3135 519 3190 boni
552 3142 708 3190 actus
736 3138 941 3191 desunt
967 3138 1116 3200 fidei,
1140 3112 1252 3193 non
1281 3139 1453 3193 habes
1482 3112 1655 3194 meri-
1678 3112 1722 3170 G
1740 3138 2186 3212 Colurpbaniana
2236 3138 2295 3192 in
2329 3112 2599 3191 -medium
2654 3112 3039 3208 produximus,
3082 3153 3112 3190 e
3150 3135 3344 3191 tabula

82 3225 201 3287 tum,
228 3228 368 3279 teste
398 3226 630 3291 Jacobo,
649 3227 788 3280 ﬁdes
810 3227 930 3280 sine
951 3226 1211 3297 operibus
1240 3233 1461 3282 mortua
1486 3235 1588 3288 est.
1627 3252 1652 3277 »
1737 3228 2079 3282 fundationis
2111 3227 2353 3282 cmnobii
2380 3225 2848 3281 Solemniacensis
2875 3226 3060 3296 (cujus
3086 3224 3341 3279 condito-

84 3309 215 3364 Idem
252 3312 310 3366 in
355 3328 482 3385 cap.
514 3311 583 3369 46
628 3310 881 3384 ejusdem
934 3317 1159 3385 regulze,
1210 3317 1494 3386 explicans
1538 3318 1656 3371 haec
1736 3334 1856 3371 rem
1883 3317 1944 3372 S.
1976 3316 2217 3386 Eligium
2267 3316 2589 3385 episcopum
2620 3313 3109 3369 Noviodunensem
3143 3312 3348 3369 asserit

83 3398 301 3452 verbata
327 3403 474 3455 Ante
496 3402 758 3455 abbatem
796 3405 879 3456 vel
906 3405 1415 3473 congregationem,
1440 3418 1653 3477 expone
1738 3408 1852 3459 haec
1879 3405 2092 3470 tabula)
2125 3421 2248 3475 qum
2278 3404 2337 3457 in
2369 3418 2485 3457 rem
2517 3400 2767 3457 nostram
2798 3404 3008 3456 faciunt
3043 3403 3339 3468 nonnulla,

86 3489 149 3537 vel
176 3504 267 3556 pro
292 3496 358 3549 et,
382 3491 519 3561 quia
550 3492 687 3544 tales
717 3493 1056 3563 proditiones
1095 3501 1502 3548 consueverunt
1533 3494 1653 3548 ﬁeri
1736 3494 2113 3548 Benedictinis
2167 3494 2320 3546 omni
2375 3492 2730 3547 veneratione
2802 3491 3193 3546 exosculanda.
3258 3480 3340 3545 Iis

86 3572 132 3626 in
156 3578 407 3646 capitulo,
434 3600 459 3631 »
495 3586 607 3637 etc.
634 3580 701 3633 Et
726 3582 888 3650 Hugo
919 3582 1219 3635 Menardus
1248 3583 1306 3635 in
1336 3583 1431 3635 illa
1462 3584 1653 3649 verba,
1741 3583 1949 3637 etenim
1984 3582 2319 3653 praedicatur
2348 3586 2403 3635 et
2447 3582 2567 3652 ipse
2612 3580 2829 3651 Eligius
2860 3580 3235 3635 Benedictinis
3260 3572 3343 3634 fa-

87 3666 188 3731 cap.
237 3664 267 3720 3
320 3667 648 3721 Cuncordiaa
699 3669 1064 3738 regularum:
1102 3682 1126 3721 «
1165 3662 1280 3723 Sub
1334 3672 1533 3740 regula
1573 3671 1659 3725 vel
1741 3672 1910 3726 miliae
1946 3672 2210 3725 alumnus
2245 3670 2419 3740 (quod
2463 3670 2683 3723 favente
2730 3668 2973 3733 Christo,
3024 3670 3158 3722 dimi
3188 3662 3347 3726 Vitas

88 3749 261 3806 abbate
306 3772 430 3825 pag;
488 3754 602 3811 102.
643 3751 771 3811 Haec
812 3759 1152 3827 conjunctim
1200 3760 1473 3813 sumenda
1503 3766 1656 3829 sunt,
1742 3760 2063 3815 sanctorum
2092 3759 2268 3813 nostri
2310 3758 2522 3812 ordinis
2552 3756 2958 3827 evulgabimus,
2990 3756 3113 3811 luce
3141 3756 3347 3812 clarius

89 3836 155 3892 ita
197 3842 256 3896 ut
296 3845 576 3914 particula
620 3850 702 3899 vel
751 3852 994 3916 ponatur
1038 3858 1139 3917 pro
1186 3848 1519 3919 copulativa.
1571 3849 1662 3903 Sic
1741 3862 1936 3903 sumus
1966 3848 2286 3912 ostensuri),
2321 3846 2384 3901 Β.
2432 3850 2654 3917 quoque
2699 3845 3099 3911 Columbanus,
3133 3849 3190 3898 e't
3224 3845 3346 3915 ejus

1743 3938 2072 3992 monasterii
2103 3934 2463 3992 Luxoviensis
2485 3933 2792 3990 coenobitae.
2825 3930 2889 3988 In
2920 3935 3023 3986 hac
3054 3940 3185 4004 ergo
3215 3934 3346 3989 fun-

1744 4028 1970 4080 datione
1996 4028 2119 4097 post
2147 4026 2370 4079 initium
2394 4025 2475 4078 ita
2505 4022 2763 4077 abbatem
2795 4026 2851 4076 et
2876 4023 3183 4076 monachos
3213 4028 3346 4078 subs

1745 4117 2053 4186 alloquitur
2091 4117 2152 4171 B.
2198 4115 2408 4185 Eligius
2440 4130 2452 4166 :
2494 4131 2519 4164 «
2556 4111 2632 4166 Ea
2681 4112 2871 4165 tamen
2903 4108 3221 4165 conditione
3258 4111 3347 4164 in-

1747 4203 2017 4274 terposita
2046 4208 2110 4257 ut
2162 4220 2257 4257 vos
2308 4203 2392 4257 vel
2442 4208 2789 4255 Suecessores
2837 4199 3009 4253 vestri
3059 4198 3347 4254 tramitem

1746 4292 2033 4362 religionis
2058 4292 2541 4345 sanctissimorum
2563 4290 2809 4343 virorum
2833 4286 3195 4342 Luxoviensis
3223 4303 3343 4342 mo-

1704 4400 1709 4405 '
1746 4382 1978 4435 nasterii
2023 4380 2466 4452 consequamini,
2509 4376 2566 4433 et
2592 4378 2845 4448 regulam
2892 4376 3345 4431 beatissimorum

95 4462 266 4530 capitis
292 4466 359 4521 46
384 4468 464 4521 De
496 4467 742 4531 senibus,
786 4470 871 4521 vel
911 4468 1237 4522 infantibus.
1277 4487 1303 4521 ι
1333 4470 1449 4522 Hoc
1475 4470 1659 4534 titulo,
1681 4460 1729 4522 D
1749 4469 1979 4523 Patrum
2002 4469 2285 4524 Benedicti
2316 4474 2371 4521 et
2397 4467 2729 4521 Columbani
2758 4465 2997 4519 firmiter
3023 4462 3284 4520 teneatis.
3317 4476 3339 4516 ι

96 4546 271 4619 inquit,
313 4557 588 4626 particula
634 4561 715 4610 vel
758 4558 1001 4611 sumitur
1042 4558 1372 4627 copulative,
1405 4575 1517 4611 non
1549 4560 1663 4611 dis-
1747 4559 1813 4612 Et
1846 4557 2036 4611 multis
2064 4557 2409 4625 interjectis:
2446 4576 2470 4607 ι
2506 4555 2687 4609 Simili
2721 4546 2887 4607 modo
2915 4568 2991 4619 te,
3028 4553 3347 4608 beatissime

93 4636 329 4709 iunctive,
371 4646 505 4715 quia
556 4654 725 4716 caput
755 4644 873 4715 agit
917 4646 985 4700 de
1030 4648 1300 4716 utrisque.
1325 4658 1346 4697 ’l
1382 4647 1662 4709 Quorsum
1745 4650 1913 4703 Pater
1942 4648 2203 4700 Remacle
2233 4646 2395 4710 abba,
2437 4650 2675 4713 tuosque
2718 4649 3066 4698 successores
3092 4636 3178 4697 vel
3207 4636 3344 4697 sub-

98 4729 261 4783 autem
282 4732 1667 4805 inccenobiorumiundationibusgestisvesancto-
1742 4738 1919 4807 jectos
1962 4737 2204 4806 postulo,
2256 4748 2356 4805 per
2397 4733 2694 4787 individua:
2743 4732 3035 4787 Trinitatis
3079 4733 3349 4803 majesta-

99 4829 206 4870 I'llm
247 4821 435 4891 regula
484 4822 588 4879 SS.
644 4820 926 4877 Benedicti
979 4830 1035 4878 et
1081 4824 1415 4879 Columbani
1456 4825 1664 4895 passim
1747 4832 1862 4879 tem
1894 4824 2160 4890 obtestor,
2191 4824 2256 4876 ut
2295 4810 2548 4891 regulam
2596 4820 3043 4892 supradictorum
3094 4819 3346 4883 Patrum,

101 4901 413 4964 observanda
449 4919 796 4983 proponatur
823 4914 1289 4984 praecipiaturque
1332 4914 1521 4983 paucis
1549 4915 1667 4967 haec
1749 4924 1918 4984 quam
1961 4912 2017 4965 in
2070 4926 2216 4981 saepe
2263 4917 2574 4963 memorato
2622 4907 2963 4963 monasterio
3018 4897 3348 4961 Luxoviensi

102 4988 296 5052 habeto.
342 4997 651 5070 Eapropter
677 5003 974 5071 utriusque
1005 5004 1069 5056 iit
1116 5004 1347 5068 mentio,
1381 5003 1529 5071 quod
1563 5002 1664 5067 (uti
1748 5006 1961 5067 tenent,
1996 5001 2144 5054 omni
2177 5000 2431 5053 custodia
2466 4999 2725 5052 teneatis.
2763 5017 2788 5051 »
2832 4997 3189 5052 Evidentiora
3217 4998 3351 5050 sunt

104 5094 250 5150 supra
268 5090 711 5155 memoravimus)
738 5092 1010 5161 quasdam
1037 5092 1189 5161 leges
1210 5099 1379 5161 atque
1408 5091 1668 5145 instituta
1750 5090 1857 5143 ista
1889 5098 2056 5160 quam
2100 5093 2165 5143 ut
2209 5095 2432 5157 tempus
2475 5087 2534 5140 in
2561 5087 2673 5141 illis
2703 5086 3042 5157 ex[)lieandis
3090 5089 3349 5139 conteraa

104 5173 388 5230 considerat
419 5180 477 5232 Β.
508 5180 904 5247 Columbanus,
936 5198 1046 5250 quo
1077 5182 1275 5235 melius
1308 5182 1667 5252 strictiuSque
1752 5193 1876 5231 mus
1911 5197 1922 5231 :
1954 5184 2065 5231 stet
2094 5193 2227 5247 ergo
2261 5188 2326 5229 ex
2367 5174 2646 5245 praedictis
2675 5177 2929 5244 regulam
2958 5174 3138 5228 sancti
3167 5170 3348 5229 Bene-

106 5262 283 5328 fegulae
307 5266 673 5323 Benedictime
691 5269 1035 5323 inhaererent
1061 5270 1368 5325 ccenobitaa.
1392 5274 1669 5326 Praeterea
1751 5268 1882 5321 dicti
1912 5267 2165 5336 regulam
2198 5274 2317 5318 esse
2357 5263 2534 5317 suncti
2566 5262 2916 5326 Columbani,
2945 5263 3189 5317 maxime
3218 5272 3350 5317 vero

106 5346 224 5402 adeo
248 5354 473 5409 celebris
521 5354 853 5411 Columbani
903 5364 959 5411 et
987 5359 1387 5429 disclpulorum
1419 5361 1538 5429 ejus
1567 5360 1667 5413 do-
1750 5370 1877 5410 cum
1926 5370 2149 5427 semper
2196 5354 2416 5424 regulae,
2467 5368 2579 5405 non
2617 5352 2942 5421 regularum
2988 5346 3351 5409 meminerint

108 5435 278 5504 milia,
307 5442 504 5512 pietas,
554 5445 821 5499 sanctitas
864 5444 1104 5500 Galliam
1148 5448 1465 5502 universam
1507 5447 1668 5501 illus-
1750 5451 2043 5507 auctores;
2078 5432 2223 5514 quod
2255 5447 2312 5496 et
2341 5441 2485 5495 intra
2513 5438 2745 5511 patebit.
2777 5430 2862 5493 Ad
2903 5440 3015 5492 alia
3044 5439 3212 5507 nunc,
3246 5456 3347 5496 seu

1750 5536 1937 5605 potius
1958 5534 2152 5587 eadem
2174 5544 2395 5602 semper
2414 5529 2720 5601 probanda,
2744 5529 3348 5599 procedamusAuctot‘

1750 5623 1875 5677 vitae
1921 5620 1978 5676 8;
2010 5618 2241 5677 Tillouls
2283 5619 2543 5691 discipuli
2587 5606 2650 5673 Β.
2698 5617 2947 5673 Remacli
2985 5610 3204 5673 abbatis
3242 5616 3347 5674 So-

91 3928 236 3985 etiam
264 3932 519 4005 loquitur
539 3935 595 3989 Β.
635 3936 903 4005 Eulogius
932 3936 1058 3990 libr.
1094 3951 1137 3990 ιι
1164 3938 1508 3991 Memorialis
1537 3952 1662 3991 san-

90 4022 278 4073 ctorum
308 4030 408 4094 cap
431 4024 490 4075 4.
524 4023 632 4087 Qui
657 4024 869 4077 dudum
902 4025 1005 4078 sub
1031 4026 1227 4095 regula
1255 4027 1341 4079 vel
1371 4026 1571 4080 abbate
1601 4040 1661 4081 se

91 4105 394 4165 dediderint.
430 4111 503 4166 Et
528 4112 609 4166 ita
629 4114 835 4183 passim
860 4114 1109 4184 loquitur
1138 4116 1191 4168 S.
1229 4108 1584 4179 Benedictus,
1606 4121 1664 4169 et

92 4202 320 4253 auctores
364 4201 423 4254 in
475 4198 581 4254 hac
620 4202 930 4255 Concordia
970 4202 1151 4259 citati.
1209 4204 1325 4256 Nec
1371 4204 1664 4258 coenobitte

93 4287 289 4352 regulis,
324 4291 408 4343 vel
448 4289 639 4345 abbati
683 4292 937 4353 seorsim,
983 4291 1080 4345 sed
1128 4293 1337 4361 regulae
1380 4298 1437 4346 et
1477 4293 1664 4347 abbati

94 4370 239 4428 simul
282 4378 674 4449 subjiciuntur.
710 4396 737 4433 ι
770 4381 871 4434 ille
916 4380 1036 4450 ipse
1070 4380 1296 4444 iterum,
1334 4382 1403 4434 ad
1433 4382 1660 4435 titulum

108 5526 341 5593 traverat,
375 5534 437 5585 ut
464 5536 713 5603 regulam
758 5535 934 5589 sancti
965 5535 1269 5601 Benedicti,
1305 5537 1530 5589 nomine
1561 5538 1669 5591 Co-‘

107 5607 346 5686 lumbani,
376 5624 567 5693 utpote
614 5622 765 5681 illius
794 5624 1275 5679 observantissimi
1321 5620 1672 5696 appellarent
