  <div class='ocr_page' id='page_1' title='image "/cluster/home/n/w/nwhite01/storage/ocr_20150623/150/umn.31951002477443u/361.png"; bbox 0 0 3892 6382; ppageno 0'>
   <div class='ocr_carea' id='block_1_1' title="bbox 501 323 3777 384">
    <p class='ocr_par' dir='ltr' id='par_1_1' title="bbox 501 323 3777 384">
     <span class='ocr_line' id='line_1_1' title="bbox 501 323 3777 384; baseline 0.001 -3"><span class='ocrx_word' id='word_1_1' title='bbox 501 323 606 381; x_wconf 84' lang='grc'><strong>607</strong></span> <span class='ocrx_word' id='word_1_2' title='bbox 1703 327 1934 383; x_wconf 84' lang='lat' dir='ltr'><strong>DOMNI</strong></span> <span class='ocrx_word' id='word_1_3' title='bbox 1978 325 2184 382; x_wconf 67' lang='lat' dir='ltr'><strong>LUCIE</strong></span> <span class='ocrx_word' id='word_1_4' title='bbox 2223 326 2569 384; x_wconf 82' lang='lat' dir='ltr'><strong>DACHERII</strong></span> <span class='ocrx_word' id='word_1_5' title='bbox 3683 323 3777 384; x_wconf 78' lang='lat'><strong>608</strong></span> 
     </span>
    </p>
   </div>
   <div class='ocr_carea' id='block_1_2' title="bbox 502 445 3782 525">
    <p class='ocr_par' dir='ltr' id='par_1_2' title="bbox 502 445 3782 525">
     <span class='ocr_line' id='line_1_2' title="bbox 502 445 3782 525; baseline 0.001 -24"><span class='ocrx_word' id='word_1_6' title='bbox 502 445 921 514; x_wconf 87' lang='lat' dir='ltr'><strong>lemniacensis,</strong></span> <span class='ocrx_word' id='word_1_7' title='bbox 977 449 1296 506; x_wconf 85' lang='lat' dir='ltr'><strong>tirocinium</strong></span> <span class='ocrx_word' id='word_1_8' title='bbox 1350 467 1692 524; x_wconf 86' lang='lat' dir='ltr'><strong>persequens</strong></span> <span class='ocrx_word' id='word_1_9' title='bbox 1755 453 2396 525; x_wconf 79' lang='lat' dir='ltr'><strong>sanctissimiAregum,</strong></span> <span class='ocrx_word' id='word_1_10' title='bbox 2457 452 2717 508; x_wconf 90' lang='lat' dir='ltr'><strong>Clodovei</strong></span> <span class='ocrx_word' id='word_1_11' title='bbox 2763 452 3020 507; x_wconf 85' lang='lat' dir='ltr'><strong>videlicet</strong></span> <span class='ocrx_word' id='word_1_12' title='bbox 3070 457 3126 507; x_wconf 91' lang='lat' dir='ltr'><strong>et</strong></span> <span class='ocrx_word' id='word_1_13' title='bbox 3177 450 3470 520; x_wconf 87' lang='lat' dir='ltr'><strong>Clotharii,</strong></span> <span class='ocrx_word' id='word_1_14' title='bbox 3503 450 3782 520; x_wconf 79' lang='lat' dir='ltr'><strong>simulque</strong></span> 
     </span>
    </p>
   </div>
   <div class='ocr_carea' id='block_1_3' title="bbox 503 537 3782 612">
    <p class='ocr_par' dir='ltr' id='par_1_3' title="bbox 503 537 3782 612">
     <span class='ocr_line' id='line_1_3' title="bbox 503 537 3782 612; baseline 0.001 -22"><span class='ocrx_word' id='word_1_15' title='bbox 503 537 656 593; x_wconf 92' lang='lat' dir='ltr'><strong>illius</strong></span> <span class='ocrx_word' id='word_1_16' title='bbox 687 540 789 593; x_wconf 89' lang='lat' dir='ltr'><strong>viri</strong></span> <span class='ocrx_word' id='word_1_17' title='bbox 820 558 831 593; x_wconf 93' lang='lat'><strong>:</strong></span> <span class='ocrx_word' id='word_1_18' title='bbox 870 559 895 591; x_wconf 82' lang='lat'><strong>«</strong></span> <span class='ocrx_word' id='word_1_19' title='bbox 929 540 1068 594; x_wconf 88' lang='lat' dir='ltr'><strong>Cum</strong></span> <span class='ocrx_word' id='word_1_20' title='bbox 1115 541 1306 611; x_wconf 84' lang='lat' dir='ltr'><strong>igitur,</strong></span> <span class='ocrx_word' id='word_1_21' title='bbox 1357 542 1558 612; x_wconf 85' lang='lat' dir='ltr'><strong>inquit,</strong></span> <span class='ocrx_word' id='word_1_22' title='bbox 1593 543 1660 596; x_wconf 90' lang='lat' dir='ltr'><strong>ad</strong></span> <span class='ocrx_word' id='word_1_23' title='bbox 1707 543 1857 596; x_wconf 85' lang='lat' dir='ltr'><strong>istud</strong></span> <span class='ocrx_word' id='word_1_24' title='bbox 1905 559 2101 596; x_wconf 88' lang='lat' dir='ltr'><strong>mona-</strong></span> <span class='ocrx_word' id='word_1_25' title='bbox 2185 543 2481 598; x_wconf 90' lang='lat' dir='ltr'><strong>Childerici</strong></span> <span class='ocrx_word' id='word_1_26' title='bbox 2513 549 2570 596; x_wconf 91' lang='lat' dir='ltr'><strong>et</strong></span> <span class='ocrx_word' id='word_1_27' title='bbox 2605 543 2933 597; x_wconf 90' lang='lat' dir='ltr'><strong>Theodorici</strong></span> <span class='ocrx_word' id='word_1_28' title='bbox 2963 542 3378 612; x_wconf 88' lang='lat' dir='ltr'><strong>privilegiorum</strong></span> <span class='ocrx_word' id='word_1_29' title='bbox 3416 540 3782 594; x_wconf 81' lang='lat' dir='ltr'><strong>auctoritates</strong></span> 
     </span>
    </p>
   </div>
   <div class='ocr_carea' id='block_1_4' title="bbox 502 628 3784 702">
    <p class='ocr_par' dir='ltr' id='par_1_4' title="bbox 502 628 3784 702">
     <span class='ocr_line' id='line_1_4' title="bbox 502 628 3784 702; baseline 0 -21"><span class='ocrx_word' id='word_1_30' title='bbox 502 629 740 684; x_wconf 82' lang='lat' dir='ltr'><strong>sterium</strong></span> <span class='ocrx_word' id='word_1_31' title='bbox 802 630 1287 699; x_wconf 84' lang='lat' dir='ltr'><strong>(Solemniacense)</strong></span> <span class='ocrx_word' id='word_1_32' title='bbox 1349 632 1492 685; x_wconf 91' lang='lat' dir='ltr'><strong>Tillo</strong></span> <span class='ocrx_word' id='word_1_33' title='bbox 1531 631 1864 696; x_wconf 87' lang='lat' dir='ltr'><strong>devenisset,</strong></span> <span class='ocrx_word' id='word_1_34' title='bbox 1921 638 1977 686; x_wconf 92' lang='lat' dir='ltr'><strong>et</strong></span> <span class='ocrx_word' id='word_1_35' title='bbox 2032 631 2102 685; x_wconf 89' lang='lat' dir='ltr'><strong>ab</strong></span> <span class='ocrx_word' id='word_1_36' title='bbox 2184 633 2402 697; x_wconf 82' lang='lat' dir='ltr'><strong>docent,</strong></span> <span class='ocrx_word' id='word_1_37' title='bbox 2439 650 2503 686; x_wconf 86' lang='lat' dir='ltr'><strong>ex</strong></span> <span class='ocrx_word' id='word_1_38' title='bbox 2550 631 2865 702; x_wconf 86' lang='lat' dir='ltr'><strong>semetipsis</strong></span> <span class='ocrx_word' id='word_1_39' title='bbox 2912 630 3017 684; x_wconf 87' lang='lat' dir='ltr'><strong>sibi</strong></span> <span class='ocrx_word' id='word_1_40' title='bbox 3059 630 3397 701; x_wconf 80' lang='lat' dir='ltr'><strong>perennibus</strong></span> <span class='ocrx_word' id='word_1_41' title='bbox 3435 628 3784 699; x_wconf 84' lang='lat' dir='ltr'><strong>temporibus</strong></span> 
     </span>
    </p>
   </div>
   <div class='ocr_carea' id='block_1_5' title="bbox 506 715 3786 792">
    <p class='ocr_par' dir='ltr' id='par_1_5' title="bbox 506 715 3786 792">
     <span class='ocr_line' id='line_1_5' title="bbox 506 715 3786 792; baseline -0.001 -20"><span class='ocrx_word' id='word_1_42' title='bbox 506 715 709 772; x_wconf 85' lang='lat' dir='ltr'><strong>abbate</strong></span> <span class='ocrx_word' id='word_1_43' title='bbox 736 733 959 772; x_wconf 89' lang='lat' dir='ltr'><strong>summa</strong></span> <span class='ocrx_word' id='word_1_44' title='bbox 987 735 1114 772; x_wconf 90' lang='lat' dir='ltr'><strong>cum</strong></span> <span class='ocrx_word' id='word_1_45' title='bbox 1157 719 1535 788; x_wconf 85' lang='lat' dir='ltr'><strong>gratulatione</strong></span> <span class='ocrx_word' id='word_1_46' title='bbox 1563 724 1855 790; x_wconf 90' lang='lat' dir='ltr'><strong>susceptus</strong></span> <span class='ocrx_word' id='word_1_47' title='bbox 1885 719 2096 785; x_wconf 82' lang='lat' dir='ltr'><strong>fuisset,</strong></span> <span class='ocrx_word' id='word_1_48' title='bbox 2184 721 2441 776; x_wconf 83' lang='lat' dir='ltr'><strong>abbatem</strong></span> <span class='ocrx_word' id='word_1_49' title='bbox 2473 722 2746 792; x_wconf 86' lang='lat' dir='ltr'><strong>eligerent</strong></span> <span class='ocrx_word' id='word_1_50' title='bbox 2772 720 3057 792; x_wconf 86' lang='lat' dir='ltr'><strong>(monachi</strong></span> <span class='ocrx_word' id='word_1_51' title='bbox 3083 719 3554 783; x_wconf 90' lang='lat' dir='ltr'><strong>Fontinellenses)</strong></span> <span class='ocrx_word' id='word_1_52' title='bbox 3593 717 3652 770; x_wconf 89' lang='lat' dir='ltr'><strong>in</strong></span> <span class='ocrx_word' id='word_1_53' title='bbox 3687 733 3786 787; x_wconf 91' lang='lat' dir='ltr'><strong>quo</strong></span> 
     </span>
    </p>
   </div>
   <div class='ocr_carea' id='block_1_6' title="bbox 507 803 3788 881">
    <p class='ocr_par' dir='ltr' id='par_1_6' title="bbox 507 803 3788 881">
     <span class='ocr_line' id='line_1_6' title="bbox 507 803 3788 881; baseline 0.001 -24"><span class='ocrx_word' id='word_1_54' title='bbox 507 803 767 858; x_wconf 87' lang='lat' dir='ltr'><strong>tirocinio</strong></span> <span class='ocrx_word' id='word_1_55' title='bbox 821 806 1027 860; x_wconf 89' lang='lat' dir='ltr'><strong>Christi</strong></span> <span class='ocrx_word' id='word_1_56' title='bbox 1083 806 1400 876; x_wconf 87' lang='lat' dir='ltr'><strong>insignitus,</strong></span> <span class='ocrx_word' id='word_1_57' title='bbox 1460 807 1857 861; x_wconf 88' lang='lat' dir='ltr'><strong>ardentissimo</strong></span> <span class='ocrx_word' id='word_1_58' title='bbox 1911 823 2102 860; x_wconf 88' lang='lat' dir='ltr'><strong>amore</strong></span> <span class='ocrx_word' id='word_1_59' title='bbox 2184 811 2354 866; x_wconf 82' lang='lat' dir='ltr'><strong>etiam</strong></span> <span class='ocrx_word' id='word_1_60' title='bbox 2394 812 2560 881; x_wconf 67' lang='lat' dir='ltr'><strong>justas</strong></span> <span class='ocrx_word' id='word_1_61' title='bbox 2605 809 2945 879; x_wconf 86' lang='lat' dir='ltr'><strong>alligationis</strong></span> <span class='ocrx_word' id='word_1_62' title='bbox 2982 807 3148 862; x_wconf 89' lang='lat' dir='ltr'><strong>verbo</strong></span> <span class='ocrx_word' id='word_1_63' title='bbox 3180 811 3490 879; x_wconf 63' lang='lat' dir='ltr'><strong>praesentes</strong></span> <span class='ocrx_word' id='word_1_64' title='bbox 3541 806 3788 860; x_wconf 87' lang='lat' dir='ltr'><strong>futuros-</strong></span> 
     </span>
    </p>
   </div>
   <div class='ocr_carea' id='block_1_7' title="bbox 506 893 3786 970">
    <p class='ocr_par' dir='ltr' id='par_1_7' title="bbox 506 893 3786 970">
     <span class='ocr_line' id='line_1_7' title="bbox 506 893 3786 970; baseline 0 -24"><span class='ocrx_word' id='word_1_65' title='bbox 506 893 688 947; x_wconf 90' lang='lat' dir='ltr'><strong>solum</strong></span> <span class='ocrx_word' id='word_1_66' title='bbox 719 895 908 948; x_wconf 91' lang='lat' dir='ltr'><strong>Jesum</strong></span> <span class='ocrx_word' id='word_1_67' title='bbox 937 895 1281 960; x_wconf 91' lang='lat' dir='ltr'><strong>desiderans,</strong></span> <span class='ocrx_word' id='word_1_68' title='bbox 1314 895 1418 949; x_wconf 87' lang='lat' dir='ltr'><strong>sub</strong></span> <span class='ocrx_word' id='word_1_69' title='bbox 1461 894 1558 950; x_wconf 89' lang='lat' dir='ltr'><strong>SS.</strong></span> <span class='ocrx_word' id='word_1_70' title='bbox 1610 897 1840 950; x_wconf 81' lang='lat' dir='ltr'><strong>Patrum</strong></span> <span class='ocrx_word' id='word_1_71' title='bbox 1871 896 2100 950; x_wconf 91' lang='lat' dir='ltr'><strong>Colum-</strong></span> <span class='ocrx_word' id='word_1_72' title='bbox 2185 916 2294 970; x_wconf 90' lang='lat' dir='ltr'><strong>que</strong></span> <span class='ocrx_word' id='word_1_73' title='bbox 2341 899 2437 969; x_wconf 90' lang='lat' dir='ltr'><strong>qui</strong></span> <span class='ocrx_word' id='word_1_74' title='bbox 2476 898 2684 952; x_wconf 89' lang='lat' dir='ltr'><strong>ibidem</strong></span> <span class='ocrx_word' id='word_1_75' title='bbox 2732 896 3028 951; x_wconf 80' lang='lat' dir='ltr'><strong>militaturi</strong></span> <span class='ocrx_word' id='word_1_76' title='bbox 3079 902 3243 949; x_wconf 89' lang='lat' dir='ltr'><strong>erant</strong></span> <span class='ocrx_word' id='word_1_77' title='bbox 3293 894 3662 963; x_wconf 83' lang='lat' dir='ltr'><strong>constringit,</strong></span> <span class='ocrx_word' id='word_1_78' title='bbox 3711 900 3786 958; x_wconf 92' lang='lat' dir='ltr'><strong>ut,</strong></span> 
     </span>
    </p>
   </div>
   <div class='ocr_carea' id='block_1_8' title="bbox 507 979 3791 1057">
    <p class='ocr_par' dir='ltr' id='par_1_8' title="bbox 507 979 3791 1057">
     <span class='ocr_line' id='line_1_8' title="bbox 507 979 3791 1057; baseline 0 -23"><span class='ocrx_word' id='word_1_79' title='bbox 507 979 638 1035; x_wconf 83' lang='lat' dir='ltr'><strong>bani</strong></span> <span class='ocrx_word' id='word_1_80' title='bbox 699 987 755 1036; x_wconf 91' lang='lat' dir='ltr'><strong>et</strong></span> <span class='ocrx_word' id='word_1_81' title='bbox 800 981 1084 1036; x_wconf 90' lang='lat' dir='ltr'><strong>Benedicti</strong></span> <span class='ocrx_word' id='word_1_82' title='bbox 1135 984 1332 1053; x_wconf 87' lang='lat' dir='ltr'><strong>regula</strong></span> <span class='ocrx_word' id='word_1_83' title='bbox 1380 985 1530 1038; x_wconf 92' lang='lat' dir='ltr'><strong>inter</strong></span> <span class='ocrx_word' id='word_1_84' title='bbox 1579 985 1782 1039; x_wconf 87' lang='lat' dir='ltr'><strong>fratres</strong></span> <span class='ocrx_word' id='word_1_85' title='bbox 1849 984 2101 1040; x_wconf 88' lang='lat' dir='ltr'><strong>habitare</strong></span> <span class='ocrx_word' id='word_1_86' title='bbox 2184 989 2348 1042; x_wconf 89' lang='lat' dir='ltr'><strong>sicuti</strong></span> <span class='ocrx_word' id='word_1_87' title='bbox 2386 987 2489 1042; x_wconf 90' lang='lat' dir='ltr'><strong>sub</strong></span> <span class='ocrx_word' id='word_1_88' title='bbox 2518 989 2640 1057; x_wconf 89' lang='lat' dir='ltr'><strong>ejus</strong></span> <span class='ocrx_word' id='word_1_89' title='bbox 2667 985 2958 1056; x_wconf 87' lang='lat' dir='ltr'><strong>regimine,</strong></span> <span class='ocrx_word' id='word_1_90' title='bbox 2991 985 3072 1039; x_wconf 89' lang='lat' dir='ltr'><strong>ita</strong></span> <span class='ocrx_word' id='word_1_91' title='bbox 3108 990 3165 1039; x_wconf 92' lang='lat' dir='ltr'><strong>et</strong></span> <span class='ocrx_word' id='word_1_92' title='bbox 3201 983 3464 1054; x_wconf 86' lang='lat' dir='ltr'><strong>deinceps</strong></span> <span class='ocrx_word' id='word_1_93' title='bbox 3497 988 3561 1036; x_wconf 90' lang='lat' dir='ltr'><strong>et</strong></span> <span class='ocrx_word' id='word_1_94' title='bbox 3599 982 3707 1052; x_wconf 90' lang='lat' dir='ltr'><strong>ipsi</strong></span> <span class='ocrx_word' id='word_1_95' title='bbox 3740 988 3791 1036; x_wconf 88' lang='lat' dir='ltr'><strong>et</strong></span> 
     </span>
    </p>
   </div>
   <div class='ocr_carea' id='block_1_9' title="bbox 508 1069 3789 1147">
    <p class='ocr_par' dir='ltr' id='par_1_9' title="bbox 508 1069 3789 1147">
     <span class='ocr_line' id='line_1_9' title="bbox 508 1069 3789 1147; baseline -0.001 -24"><span class='ocrx_word' id='word_1_96' title='bbox 508 1070 693 1141; x_wconf 70' lang='lat' dir='ltr'><strong>coepit.</strong></span> <span class='ocrx_word' id='word_1_97' title='bbox 728 1091 750 1122; x_wconf 75' lang='grc' dir='ltr'>ι</span> <span class='ocrx_word' id='word_1_98' title='bbox 788 1071 879 1125; x_wconf 89' lang='lat' dir='ltr'><strong>Sic</strong></span> <span class='ocrx_word' id='word_1_99' title='bbox 909 1089 1010 1125; x_wconf 91' lang='lat' dir='ltr'><strong>ms.</strong></span> <span class='ocrx_word' id='word_1_100' title='bbox 1046 1071 1186 1126; x_wconf 87' lang='lat' dir='ltr'><strong>liber</strong></span> <span class='ocrx_word' id='word_1_101' title='bbox 1214 1073 1463 1142; x_wconf 81' lang='lat' dir='ltr'><strong>ejusdem</strong></span> <span class='ocrx_word' id='word_1_102' title='bbox 1488 1074 1832 1128; x_wconf 83' lang='lat' dir='ltr'><strong>monasterii.</strong></span> <span class='ocrx_word' id='word_1_103' title='bbox 2184 1077 2394 1147; x_wconf 86' lang='lat' dir='ltr'><strong>posteri</strong></span> <span class='ocrx_word' id='word_1_104' title='bbox 2425 1092 2617 1129; x_wconf 92' lang='lat' dir='ltr'><strong>eorum</strong></span> <span class='ocrx_word' id='word_1_105' title='bbox 2641 1074 2948 1129; x_wconf 87' lang='lat' dir='ltr'><strong>secundum</strong></span> <span class='ocrx_word' id='word_1_106' title='bbox 2972 1073 3226 1142; x_wconf 88' lang='lat' dir='ltr'><strong>regulam</strong></span> <span class='ocrx_word' id='word_1_107' title='bbox 3249 1072 3306 1127; x_wconf 92' lang='lat' dir='ltr'><strong>S.</strong></span> <span class='ocrx_word' id='word_1_108' title='bbox 3333 1069 3631 1126; x_wconf 84' lang='lat' dir='ltr'><strong>Benedicti</strong></span> <span class='ocrx_word' id='word_1_109' title='bbox 3659 1069 3789 1122; x_wconf 90' lang='lat' dir='ltr'><strong>ﬁde-</strong></span> 
     </span>
    </p>
   </div>
   <div class='ocr_carea' id='block_1_10' title="bbox 577 1158 3786 1233">
    <p class='ocr_par' dir='ltr' id='par_1_10' title="bbox 577 1158 3786 1233">
     <span class='ocr_line' id='line_1_10' title="bbox 577 1158 3786 1233; baseline -0.001 -21"><span class='ocrx_word' id='word_1_110' title='bbox 577 1158 660 1212; x_wconf 78' lang='lat' dir='ltr'><strong>Ex</strong></span> <span class='ocrx_word' id='word_1_111' title='bbox 708 1159 980 1214; x_wconf 88' lang='lat' dir='ltr'><strong>Desiderii</strong></span> <span class='ocrx_word' id='word_1_112' title='bbox 1024 1162 1392 1216; x_wconf 89' lang='lat' dir='ltr'><strong>Cadurcensis</strong></span> <span class='ocrx_word' id='word_1_113' title='bbox 1439 1163 1682 1233; x_wconf 90' lang='lat' dir='ltr'><strong>episcopi</strong></span> <span class='ocrx_word' id='word_1_114' title='bbox 1731 1163 1840 1216; x_wconf 89' lang='lat' dir='ltr'><strong>vita</strong></span> <span class='ocrx_word' id='word_1_115' title='bbox 1870 1180 1953 1216; x_wconf 88' lang='lat' dir='ltr'><strong>ms</strong></span> <span class='ocrx_word' id='word_1_116' title='bbox 1983 1163 2103 1226; x_wconf 80' lang='lat' dir='ltr'><strong>(ﬂo-</strong></span> <span class='ocrx_word' id='word_1_117' title='bbox 2184 1166 2313 1220; x_wconf 90' lang='lat' dir='ltr'><strong>liter</strong></span> <span class='ocrx_word' id='word_1_118' title='bbox 2341 1166 2561 1220; x_wconf 86' lang='lat' dir='ltr'><strong>Christo</strong></span> <span class='ocrx_word' id='word_1_119' title='bbox 2583 1163 2944 1227; x_wconf 89' lang='lat' dir='ltr'><strong>deservirent,</strong></span> <span class='ocrx_word' id='word_1_120' title='bbox 2984 1181 3010 1214; x_wconf 65' lang='grc' dir='ltr'><strong>ι</strong></span> <span class='ocrx_word' id='word_1_121' title='bbox 3053 1166 3158 1215; x_wconf 89' lang='lat' dir='ltr'><strong>etc.</strong></span> <span class='ocrx_word' id='word_1_122' title='bbox 3186 1161 3419 1215; x_wconf 87' lang='lat' dir='ltr'><strong>Exstant</strong></span> <span class='ocrx_word' id='word_1_123' title='bbox 3461 1159 3645 1212; x_wconf 90' lang='lat' dir='ltr'><strong>etiam</strong></span> <span class='ocrx_word' id='word_1_124' title='bbox 3677 1158 3786 1211; x_wconf 65' lang='lat' dir='ltr'><strong>haec</strong></span> 
     </span>
    </p>
   </div>
   <div class='ocr_carea' id='block_1_11' title="bbox 506 1246 3791 1322">
    <p class='ocr_par' dir='ltr' id='par_1_11' title="bbox 506 1246 3791 1322">
     <span class='ocr_line' id='line_1_11' title="bbox 506 1246 3791 1322; baseline -0.005 -5"><span class='ocrx_word' id='word_1_125' title='bbox 506 1247 670 1302; x_wconf 51' lang='lat' dir='ltr'><strong>febat</strong></span> <span class='ocrx_word' id='word_1_126' title='bbox 696 1247 843 1302; x_wconf 61' lang='lat' dir='ltr'><strong>Circa</strong></span> <span class='ocrx_word' id='word_1_127' title='bbox 871 1265 1080 1304; x_wconf 68' lang='lat' dir='ltr'><strong>annum</strong></span> <span class='ocrx_word' id='word_1_128' title='bbox 1109 1247 1256 1317; x_wconf 52' lang='lat'><strong>63(3)-</strong></span> <span class='ocrx_word' id='word_1_129' title='bbox 1295 1272 1317 1302; x_wconf 74' lang='grc' dir='ltr'><strong>ε</strong></span> <span class='ocrx_word' id='word_1_130' title='bbox 1350 1251 1578 1307; x_wconf 76' lang='grc' dir='ltr'><strong>Νυιιυῐη</strong></span> <span class='ocrx_word' id='word_1_131' title='bbox 1616 1252 1842 1322; x_wconf 88' lang='lat' dir='ltr'><strong>quidem</strong></span> <span class='ocrx_word' id='word_1_132' title='bbox 1873 1267 1938 1304; x_wconf 83' lang='lat' dir='ltr'><strong>eo</strong></span> <span class='ocrx_word' id='word_1_133' title='bbox 1967 1255 2106 1303; x_wconf 81' lang='lat' dir='ltr'><strong>tem-</strong></span> <span class='ocrx_word' id='word_1_134' title='bbox 2186 1257 2336 1310; x_wconf 91' lang='lat' dir='ltr'><strong>inter</strong></span> <span class='ocrx_word' id='word_1_135' title='bbox 2362 1253 2598 1308; x_wconf 88' lang='lat' dir='ltr'><strong>concilia</strong></span> <span class='ocrx_word' id='word_1_136' title='bbox 2623 1252 2936 1321; x_wconf 87' lang='lat' dir='ltr'><strong>Gallicana,</strong></span> <span class='ocrx_word' id='word_1_137' title='bbox 2966 1267 3068 1304; x_wconf 88' lang='lat' dir='ltr'><strong>nec</strong></span> <span class='ocrx_word' id='word_1_138' title='bbox 3099 1265 3209 1303; x_wconf 92' lang='lat' dir='ltr'><strong>non</strong></span> <span class='ocrx_word' id='word_1_139' title='bbox 3240 1254 3298 1303; x_wconf 90' lang='lat' dir='ltr'><strong>et</strong></span> <span class='ocrx_word' id='word_1_140' title='bbox 3325 1248 3477 1302; x_wconf 90' lang='lat' dir='ltr'><strong>inter</strong></span> <span class='ocrx_word' id='word_1_141' title='bbox 3504 1246 3791 1316; x_wconf 84' lang='lat' dir='ltr'><strong>generalia</strong></span> 
     </span>
    </p>
   </div>
   <div class='ocr_carea' id='block_1_12' title="bbox 505 1335 3791 1410">
    <p class='ocr_par' dir='ltr' id='par_1_12' title="bbox 505 1335 3791 1410">
     <span class='ocr_line' id='line_1_12' title="bbox 505 1335 3791 1410; baseline -0.001 -21"><span class='ocrx_word' id='word_1_142' title='bbox 505 1353 639 1407; x_wconf 91' lang='lat' dir='ltr'><strong>pore</strong></span> <span class='ocrx_word' id='word_1_143' title='bbox 669 1337 727 1390; x_wconf 92' lang='lat' dir='ltr'><strong>in</strong></span> <span class='ocrx_word' id='word_1_144' title='bbox 759 1335 903 1391; x_wconf 82' lang='lat' dir='ltr'><strong>urbe</strong></span> <span class='ocrx_word' id='word_1_145' title='bbox 933 1339 1198 1394; x_wconf 62' lang='lat' dir='ltr'><strong>Cadurcus</strong></span> <span class='ocrx_word' id='word_1_146' title='bbox 1229 1341 1578 1410; x_wconf 89' lang='lat' dir='ltr'><strong>propositum</strong></span> <span class='ocrx_word' id='word_1_147' title='bbox 1611 1340 1889 1405; x_wconf 86' lang='lat' dir='ltr'><strong>monachi,</strong></span> <span class='ocrx_word' id='word_1_148' title='bbox 1923 1355 2106 1409; x_wconf 87' lang='lat' dir='ltr'><strong>neque</strong></span> <span class='ocrx_word' id='word_1_149' title='bbox 2188 1343 2401 1399; x_wconf 57' lang='lat' dir='ltr'><strong>ultimae</strong></span> <span class='ocrx_word' id='word_1_150' title='bbox 2431 1341 2692 1397; x_wconf 87' lang='lat' dir='ltr'><strong>editionis</strong></span> <span class='ocrx_word' id='word_1_151' title='bbox 2721 1358 2784 1394; x_wconf 88' lang='lat' dir='ltr'><strong>ex</strong></span> <span class='ocrx_word' id='word_1_152' title='bbox 2805 1339 3198 1410; x_wconf 85' lang='lat' dir='ltr'><strong>Typographia</strong></span> <span class='ocrx_word' id='word_1_153' title='bbox 3217 1337 3410 1407; x_wconf 87' lang='lat' dir='ltr'><strong>Regia.</strong></span> <span class='ocrx_word' id='word_1_154' title='bbox 3443 1336 3715 1390; x_wconf 87' lang='lat' dir='ltr'><strong>Refertur</strong></span> <span class='ocrx_word' id='word_1_155' title='bbox 3739 1335 3791 1388; x_wconf 91' lang='lat' dir='ltr'><strong>in</strong></span> 
     </span>
    </p>
   </div>
   <div class='ocr_carea' id='block_1_13' title="bbox 508 1424 3790 1500">
    <p class='ocr_par' dir='ltr' id='par_1_13' title="bbox 508 1424 3790 1500">
     <span class='ocr_line' id='line_1_13' title="bbox 508 1424 3790 1500; baseline 0.001 -22"><span class='ocrx_word' id='word_1_156' title='bbox 508 1424 763 1480; x_wconf 89' lang='lat' dir='ltr'><strong>habitum</strong></span> <span class='ocrx_word' id='word_1_157' title='bbox 783 1426 1197 1496; x_wconf 86' lang='lat' dir='ltr'><strong>religionis,aut</strong></span> <span class='ocrx_word' id='word_1_158' title='bbox 1215 1429 1421 1497; x_wconf 71' lang='lat' dir='ltr'><strong>regulae</strong></span> <span class='ocrx_word' id='word_1_159' title='bbox 1441 1428 2103 1482; x_wconf 57' lang='lat' dir='ltr'><strong>coenobialisintraverat.</strong></span> <span class='ocrx_word' id='word_1_160' title='bbox 2189 1432 2318 1486; x_wconf 84' lang='lat' dir='ltr'><strong>Vita</strong></span> <span class='ocrx_word' id='word_1_161' title='bbox 2356 1432 2420 1485; x_wconf 88' lang='lat' dir='ltr'><strong>B.</strong></span> <span class='ocrx_word' id='word_1_162' title='bbox 2454 1431 2717 1484; x_wconf 86' lang='lat' dir='ltr'><strong>Aichadri</strong></span> <span class='ocrx_word' id='word_1_163' title='bbox 2759 1429 2908 1500; x_wconf 88' lang='lat' dir='ltr'><strong>apud</strong></span> <span class='ocrx_word' id='word_1_164' title='bbox 2957 1429 3207 1492; x_wconf 91' lang='lat' dir='ltr'><strong>Surium,</strong></span> <span class='ocrx_word' id='word_1_165' title='bbox 3259 1426 3350 1479; x_wconf 91' lang='lat' dir='ltr'><strong>die</strong></span> <span class='ocrx_word' id='word_1_166' title='bbox 3402 1424 3469 1482; x_wconf 84' lang='lat'><strong>15</strong></span> <span class='ocrx_word' id='word_1_167' title='bbox 3519 1424 3790 1486; x_wconf 87' lang='lat' dir='ltr'><strong>Octobris.</strong></span> 
     </span>
    </p>
   </div>
   <div class='ocr_carea' id='block_1_14' title="bbox 507 1513 3786 1588">
    <p class='ocr_par' dir='ltr' id='par_1_14' title="bbox 507 1513 3786 1588">
     <span class='ocr_line' id='line_1_14' title="bbox 507 1513 3786 1588; baseline -0 -20"><span class='ocrx_word' id='word_1_168' title='bbox 507 1513 776 1569; x_wconf 87' lang='lat' dir='ltr'><strong>Instituta</strong></span> <span class='ocrx_word' id='word_1_169' title='bbox 815 1515 1101 1569; x_wconf 87' lang='lat' dir='ltr'><strong>Benedicti</strong></span> <span class='ocrx_word' id='word_1_170' title='bbox 1147 1533 1258 1570; x_wconf 92' lang='lat' dir='ltr'><strong>non</strong></span> <span class='ocrx_word' id='word_1_171' title='bbox 1291 1517 1453 1588; x_wconf 90' lang='lat' dir='ltr'><strong>longe</strong></span> <span class='ocrx_word' id='word_1_172' title='bbox 1484 1517 1793 1583; x_wconf 87' lang='lat' dir='ltr'><strong>distabant;</strong></span> <span class='ocrx_word' id='word_1_173' title='bbox 1833 1515 2108 1572; x_wconf 90' lang='lat' dir='ltr'><strong>Desiderii</strong></span> <span class='ocrx_word' id='word_1_174' title='bbox 2192 1521 2255 1578; x_wconf 61' lang='lat' dir='ltr'><strong>S.</strong></span> <span class='ocrx_word' id='word_1_175' title='bbox 2298 1519 2668 1574; x_wconf 84' lang='lat' dir='ltr'><strong>Philibertum</strong></span> <span class='ocrx_word' id='word_1_176' title='bbox 2701 1517 3108 1573; x_wconf 87' lang='lat' dir='ltr'><strong>Gemeticensis</strong></span> <span class='ocrx_word' id='word_1_177' title='bbox 3149 1514 3480 1569; x_wconf 87' lang='lat' dir='ltr'><strong>monasterii</strong></span> <span class='ocrx_word' id='word_1_178' title='bbox 3512 1513 3786 1578; x_wconf 87' lang='lat' dir='ltr'><strong>abbatem,</strong></span> 
     </span>
    </p>
   </div>
   <div class='ocr_carea' id='block_1_15' title="bbox 509 1601 3792 1679">
    <p class='ocr_par' dir='ltr' id='par_1_15' title="bbox 509 1601 3792 1679">
     <span class='ocr_line' id='line_1_15' title="bbox 509 1601 3792 1679; baseline -0 -23"><span class='ocrx_word' id='word_1_179' title='bbox 509 1608 700 1657; x_wconf 87' lang='lat' dir='ltr'><strong>autem</strong></span> <span class='ocrx_word' id='word_1_180' title='bbox 752 1608 1006 1674; x_wconf 85' lang='lat' dir='ltr'><strong>tempore</strong></span> <span class='ocrx_word' id='word_1_181' title='bbox 1052 1604 1170 1658; x_wconf 82' lang='lat' dir='ltr'><strong>haec</strong></span> <span class='ocrx_word' id='word_1_182' title='bbox 1215 1610 1367 1659; x_wconf 87' lang='lat' dir='ltr'><strong>secta</strong></span> <span class='ocrx_word' id='word_1_183' title='bbox 1407 1607 1737 1678; x_wconf 89' lang='lat' dir='ltr'><strong>(Benedicti)</strong></span> <span class='ocrx_word' id='word_1_184' title='bbox 1799 1607 2108 1660; x_wconf 89' lang='lat' dir='ltr'><strong>Cadurcam</strong></span> <span class='ocrx_word' id='word_1_185' title='bbox 2191 1627 2319 1666; x_wconf 91' lang='lat' dir='ltr'><strong>cum</strong></span> <span class='ocrx_word' id='word_1_186' title='bbox 2342 1609 2568 1664; x_wconf 89' lang='lat' dir='ltr'><strong>Ebroini</strong></span> <span class='ocrx_word' id='word_1_187' title='bbox 2589 1607 3034 1679; x_wconf 89' lang='lat' dir='ltr'><strong>persecutionem</strong></span> <span class='ocrx_word' id='word_1_188' title='bbox 3055 1605 3411 1669; x_wconf 90' lang='lat' dir='ltr'><strong>declinasset,</strong></span> <span class='ocrx_word' id='word_1_189' title='bbox 3431 1601 3792 1672; x_wconf 85' lang='lat' dir='ltr'><strong>confugisset-</strong></span> 
     </span>
    </p>
   </div>
   <div class='ocr_carea' id='block_1_16' title="bbox 510 1691 3791 1769">
    <p class='ocr_par' dir='ltr' id='par_1_16' title="bbox 510 1691 3791 1769">
     <span class='ocr_line' id='line_1_16' title="bbox 510 1691 3791 1769; baseline -0.001 -23"><span class='ocrx_word' id='word_1_190' title='bbox 510 1691 772 1759; x_wconf 88' lang='lat' dir='ltr'><strong>intravit;</strong></span> <span class='ocrx_word' id='word_1_191' title='bbox 800 1693 966 1762; x_wconf 88' lang='lat' dir='ltr'><strong>hujus</strong></span> <span class='ocrx_word' id='word_1_192' title='bbox 993 1693 1096 1747; x_wconf 89' lang='lat' dir='ltr'><strong>sub</strong></span> <span class='ocrx_word' id='word_1_193' title='bbox 1121 1693 1212 1748; x_wconf 90' lang='lat' dir='ltr'><strong>die</strong></span> <span class='ocrx_word' id='word_1_194' title='bbox 1235 1695 1350 1749; x_wconf 69' lang='lat' dir='ltr'><strong>haec</strong></span> <span class='ocrx_word' id='word_1_195' title='bbox 1369 1696 1565 1766; x_wconf 91' lang='lat' dir='ltr'><strong>religio</strong></span> <span class='ocrx_word' id='word_1_196' title='bbox 1586 1695 1902 1750; x_wconf 88' lang='lat' dir='ltr'><strong>adolescere</strong></span> <span class='ocrx_word' id='word_1_197' title='bbox 1922 1695 2106 1766; x_wconf 84' lang='lat' dir='ltr'><strong>coepit,</strong></span> <span class='ocrx_word' id='word_1_198' title='bbox 2194 1715 2301 1769; x_wconf 91' lang='lat' dir='ltr'><strong>que</strong></span> <span class='ocrx_word' id='word_1_199' title='bbox 2317 1699 2387 1752; x_wconf 89' lang='lat' dir='ltr'><strong>ad</strong></span> <span class='ocrx_word' id='word_1_200' title='bbox 2408 1697 2752 1752; x_wconf 86' lang='lat' dir='ltr'><strong>Ansoaldum</strong></span> <span class='ocrx_word' id='word_1_201' title='bbox 2773 1695 3159 1749; x_wconf 89' lang='lat' dir='ltr'><strong>Pictavensem</strong></span> <span class='ocrx_word' id='word_1_202' title='bbox 3177 1693 3525 1764; x_wconf 88' lang='lat' dir='ltr'><strong>episcopum,</strong></span> <span class='ocrx_word' id='word_1_203' title='bbox 3542 1699 3791 1760; x_wconf 89' lang='lat' dir='ltr'><strong>rogatum</strong></span> 
     </span>
    </p>
   </div>
   <div class='ocr_carea' id='block_1_17' title="bbox 510 1770 3792 1856">
    <p class='ocr_par' dir='ltr' id='par_1_17' title="bbox 510 1770 3792 1856">
     <span class='ocr_line' id='line_1_17' title="bbox 510 1770 3792 1856; baseline -0 -25"><span class='ocrx_word' id='word_1_204' title='bbox 510 1793 644 1832; x_wconf 89' lang='lat' dir='ltr'><strong>nam</strong></span> <span class='ocrx_word' id='word_1_205' title='bbox 676 1785 732 1833; x_wconf 91' lang='lat' dir='ltr'><strong>et</strong></span> <span class='ocrx_word' id='word_1_206' title='bbox 778 1781 1158 1852; x_wconf 82' lang='lat' dir='ltr'><strong>Moysiacense</strong></span> <span class='ocrx_word' id='word_1_207' title='bbox 1201 1783 1512 1838; x_wconf 71' lang='lat' dir='ltr'><strong>coenobium</strong></span> <span class='ocrx_word' id='word_1_208' title='bbox 1567 1786 1734 1855; x_wconf 89' lang='lat' dir='ltr'><strong>hujus</strong></span> <span class='ocrx_word' id='word_1_209' title='bbox 1775 1791 2029 1854; x_wconf 90' lang='lat' dir='ltr'><strong>tempore</strong></span> <span class='ocrx_word' id='word_1_210' title='bbox 2074 1770 2263 1841; x_wconf 82' lang='lat' dir='ltr'><strong>aBab</strong></span> <span class='ocrx_word' id='word_1_211' title='bbox 2293 1787 2489 1842; x_wconf 90' lang='lat' dir='ltr'><strong>eodem</strong></span> <span class='ocrx_word' id='word_1_212' title='bbox 2525 1786 2783 1856; x_wconf 90' lang='lat' dir='ltr'><strong>episcopo</strong></span> <span class='ocrx_word' id='word_1_213' title='bbox 2815 1790 3093 1855; x_wconf 88' lang='lat' dir='ltr'><strong>quatenus</strong></span> <span class='ocrx_word' id='word_1_214' title='bbox 3136 1781 3464 1836; x_wconf 90' lang='lat' dir='ltr'><strong>monasterii</strong></span> <span class='ocrx_word' id='word_1_215' title='bbox 3496 1779 3652 1851; x_wconf 90' lang='lat' dir='ltr'><strong>quod</strong></span> <span class='ocrx_word' id='word_1_216' title='bbox 3686 1779 3792 1848; x_wconf 88' lang='lat' dir='ltr'><strong>ipse</strong></span> 
     </span>
    </p>
   </div>
   <div class='ocr_carea' id='block_1_18' title="bbox 513 1866 3791 1943">
    <p class='ocr_par' dir='ltr' id='par_1_18' title="bbox 513 1866 3791 1943">
     <span class='ocr_line' id='line_1_18' title="bbox 513 1866 3791 1943; baseline 0 -23"><span class='ocrx_word' id='word_1_217' title='bbox 513 1867 648 1922; x_wconf 89' lang='lat' dir='ltr'><strong>viris</strong></span> <span class='ocrx_word' id='word_1_218' title='bbox 667 1869 1040 1924; x_wconf 89' lang='lat' dir='ltr'><strong>laudabilibus</strong></span> <span class='ocrx_word' id='word_1_219' title='bbox 1059 1871 1334 1926; x_wconf 85' lang='lat' dir='ltr'><strong>Ansberto</strong></span> <span class='ocrx_word' id='word_1_220' title='bbox 1359 1879 1418 1926; x_wconf 90' lang='lat' dir='ltr'><strong>et</strong></span> <span class='ocrx_word' id='word_1_221' title='bbox 1437 1872 1746 1927; x_wconf 90' lang='lat' dir='ltr'><strong>Leothadio</strong></span> <span class='ocrx_word' id='word_1_222' title='bbox 1770 1873 2106 1943; x_wconf 88' lang='lat' dir='ltr'><strong>completum</strong></span> <span class='ocrx_word' id='word_1_223' title='bbox 2193 1893 2385 1930; x_wconf 83' lang='lat' dir='ltr'><strong>recens</strong></span> <span class='ocrx_word' id='word_1_224' title='bbox 2412 1880 2768 1929; x_wconf 79' lang='lat' dir='ltr'><strong>exstruxerat</strong></span> <span class='ocrx_word' id='word_1_225' title='bbox 2806 1873 3058 1943; x_wconf 87' lang='lat' dir='ltr'><strong>regimen</strong></span> <span class='ocrx_word' id='word_1_226' title='bbox 3087 1871 3396 1941; x_wconf 89' lang='lat' dir='ltr'><strong>susciperet</strong></span> <span class='ocrx_word' id='word_1_227' title='bbox 3419 1889 3432 1936; x_wconf 92' lang='lat'><strong>;</strong></span> <span class='ocrx_word' id='word_1_228' title='bbox 3484 1869 3578 1923; x_wconf 88' lang='lat' dir='ltr'><strong>cui</strong></span> <span class='ocrx_word' id='word_1_229' title='bbox 3605 1866 3791 1921; x_wconf 85' lang='lat' dir='ltr'><strong>annuit</strong></span> 
     </span>
    </p>
   </div>
   <div class='ocr_carea' id='block_1_19' title="bbox 513 1957 3791 2032">
    <p class='ocr_par' dir='ltr' id='par_1_19' title="bbox 513 1957 3791 2032">
     <span class='ocr_line' id='line_1_19' title="bbox 513 1957 3791 2032; baseline -0.001 -22"><span class='ocrx_word' id='word_1_230' title='bbox 513 1962 617 2022; x_wconf 90' lang='lat' dir='ltr'><strong>est,</strong></span> <span class='ocrx_word' id='word_1_231' title='bbox 646 1963 703 2011; x_wconf 90' lang='lat' dir='ltr'><strong>et</strong></span> <span class='ocrx_word' id='word_1_232' title='bbox 748 1959 806 2012; x_wconf 88' lang='lat' dir='ltr'><strong>in</strong></span> <span class='ocrx_word' id='word_1_233' title='bbox 848 1959 968 2030; x_wconf 89' lang='lat' dir='ltr'><strong>ipso</strong></span> <span class='ocrx_word' id='word_1_234' title='bbox 997 1961 1202 2031; x_wconf 91' lang='lat' dir='ltr'><strong>oppido</strong></span> <span class='ocrx_word' id='word_1_235' title='bbox 1231 1978 1266 2014; x_wconf 91' lang='lat' dir='ltr'><strong>a</strong></span> <span class='ocrx_word' id='word_1_236' title='bbox 1293 1963 1502 2016; x_wconf 89' lang='lat' dir='ltr'><strong>sanctis</strong></span> <span class='ocrx_word' id='word_1_237' title='bbox 1531 1963 1665 2017; x_wconf 91' lang='lat' dir='ltr'><strong>viris</strong></span> <span class='ocrx_word' id='word_1_238' title='bbox 1703 1961 2108 2016; x_wconf 82' lang='lat' dir='ltr'><strong>monasterium</strong></span> <span class='ocrx_word' id='word_1_239' title='bbox 2194 1966 2252 2020; x_wconf 90' lang='lat' dir='ltr'><strong>S.</strong></span> <span class='ocrx_word' id='word_1_240' title='bbox 2283 1964 2623 2018; x_wconf 89' lang='lat' dir='ltr'><strong>Philibertus</strong></span> <span class='ocrx_word' id='word_1_241' title='bbox 2669 1979 2735 2017; x_wconf 89' lang='lat' dir='ltr'><strong>ea</strong></span> <span class='ocrx_word' id='word_1_242' title='bbox 2786 1963 2909 2032; x_wconf 88' lang='lat' dir='ltr'><strong>lege</strong></span> <span class='ocrx_word' id='word_1_243' title='bbox 2961 1961 3011 2015; x_wconf 92' lang='lat' dir='ltr'><strong>si</strong></span> <span class='ocrx_word' id='word_1_244' title='bbox 3063 1962 3133 2017; x_wconf 92' lang='lat' dir='ltr'><strong>B.</strong></span> <span class='ocrx_word' id='word_1_245' title='bbox 3166 1959 3506 2023; x_wconf 82' lang='lat' dir='ltr'><strong>Aichadrus,</strong></span> <span class='ocrx_word' id='word_1_246' title='bbox 3541 1957 3639 2028; x_wconf 90' lang='lat' dir='ltr'><strong>qui</strong></span> <span class='ocrx_word' id='word_1_247' title='bbox 3670 1961 3791 2008; x_wconf 89' lang='lat' dir='ltr'><strong>tunc</strong></span> 
     </span>
    </p>
   </div>
   <div class='ocr_carea' id='block_1_20' title="bbox 511 2042 3789 2124">
    <p class='ocr_par' dir='ltr' id='par_1_20' title="bbox 511 2042 3789 2124">
     <span class='ocr_line' id='line_1_20' title="bbox 511 2042 3789 2124; baseline -0.001 -26"><span class='ocrx_word' id='word_1_248' title='bbox 511 2043 600 2098; x_wconf 89' lang='lat' dir='ltr'><strong>his</strong></span> <span class='ocrx_word' id='word_1_249' title='bbox 640 2044 836 2100; x_wconf 88' lang='lat' dir='ltr'><strong>diebus</strong></span> <span class='ocrx_word' id='word_1_250' title='bbox 885 2048 1217 2102; x_wconf 87' lang='lat' dir='ltr'><strong>exorditum.</strong></span> <span class='ocrx_word' id='word_1_251' title='bbox 1262 2050 1389 2103; x_wconf 81' lang='lat' dir='ltr'><strong>Alia</strong></span> <span class='ocrx_word' id='word_1_252' title='bbox 1430 2051 1720 2121; x_wconf 83' lang='lat' dir='ltr'><strong>complura</strong></span> <span class='ocrx_word' id='word_1_253' title='bbox 1767 2048 2110 2103; x_wconf 82' lang='lat' dir='ltr'><strong>monasteria</strong></span> <span class='ocrx_word' id='word_1_254' title='bbox 2192 2054 2462 2124; x_wconf 88' lang='lat' dir='ltr'><strong>temporis</strong></span> <span class='ocrx_word' id='word_1_255' title='bbox 2494 2051 2833 2106; x_wconf 89' lang='lat' dir='ltr'><strong>monasterio</strong></span> <span class='ocrx_word' id='word_1_256' title='bbox 2855 2049 3238 2115; x_wconf 87' lang='lat' dir='ltr'><strong>Quintiacensi</strong></span> <span class='ocrx_word' id='word_1_257' title='bbox 3263 2051 3526 2118; x_wconf 67' lang='lat' dir='ltr'><strong>praeerat,</strong></span> <span class='ocrx_word' id='word_1_258' title='bbox 3551 2042 3789 2099; x_wconf 65' lang='lat' dir='ltr'><strong>coenobio</strong></span> 
     </span>
    </p>
   </div>
   <div class='ocr_carea' id='block_1_21' title="bbox 509 2132 3788 2210">
    <p class='ocr_par' dir='ltr' id='par_1_21' title="bbox 509 2132 3788 2210">
     <span class='ocr_line' id='line_1_21' title="bbox 509 2132 3788 2210; baseline -0.001 -23"><span class='ocrx_word' id='word_1_259' title='bbox 509 2133 635 2202; x_wconf 87' lang='lat' dir='ltr'><strong>ejus</strong></span> <span class='ocrx_word' id='word_1_260' title='bbox 661 2132 764 2188; x_wconf 89' lang='lat' dir='ltr'><strong>sub</strong></span> <span class='ocrx_word' id='word_1_261' title='bbox 787 2139 1040 2206; x_wconf 86' lang='lat' dir='ltr'><strong>tempore</strong></span> <span class='ocrx_word' id='word_1_262' title='bbox 1067 2142 1190 2190; x_wconf 86' lang='lat' dir='ltr'><strong>sata</strong></span> <span class='ocrx_word' id='word_1_263' title='bbox 1209 2144 1523 2192; x_wconf 85' lang='lat' dir='ltr'><strong>creverunt.</strong></span> <span class='ocrx_word' id='word_1_264' title='bbox 1557 2155 1583 2190; x_wconf 71' lang='grc' dir='ltr'><strong>ι)</strong></span> <span class='ocrx_word' id='word_1_265' title='bbox 1615 2138 1690 2191; x_wconf 84' lang='lat' dir='ltr'><strong>Ex</strong></span> <span class='ocrx_word' id='word_1_266' title='bbox 1717 2137 1846 2190; x_wconf 83' lang='lat' dir='ltr'><strong>Vita</strong></span> <span class='ocrx_word' id='word_1_267' title='bbox 1872 2137 1931 2191; x_wconf 93' lang='lat' dir='ltr'><strong>S.</strong></span> <span class='ocrx_word' id='word_1_268' title='bbox 1962 2136 2110 2205; x_wconf 75' lang='lat' dir='ltr'><strong>Agili</strong></span> <span class='ocrx_word' id='word_1_269' title='bbox 2194 2141 2571 2196; x_wconf 90' lang='lat' dir='ltr'><strong>Gemeticensi</strong></span> <span class='ocrx_word' id='word_1_270' title='bbox 2596 2140 2786 2210; x_wconf 91' lang='lat' dir='ltr'><strong>perﬁci</strong></span> <span class='ocrx_word' id='word_1_271' title='bbox 2814 2155 2924 2193; x_wconf 92' lang='lat' dir='ltr'><strong>non</strong></span> <span class='ocrx_word' id='word_1_272' title='bbox 2950 2142 3254 2192; x_wconf 88' lang='lat' dir='ltr'><strong>recusaret.</strong></span> <span class='ocrx_word' id='word_1_273' title='bbox 3284 2156 3307 2187; x_wconf 79' lang='grc' dir='ltr'>ι</span> <span class='ocrx_word' id='word_1_274' title='bbox 3334 2134 3716 2199; x_wconf 89' lang='lat' dir='ltr'><strong>Quamobrem</strong></span> <span class='ocrx_word' id='word_1_275' title='bbox 3741 2132 3788 2184; x_wconf 92' lang='lat' dir='ltr'><strong>in</strong></span> 
     </span>
    </p>
   </div>
   <div class='ocr_carea' id='block_1_22' title="bbox 510 2221 3790 2297">
    <p class='ocr_par' dir='ltr' id='par_1_22' title="bbox 510 2221 3790 2297">
     <span class='ocr_line' id='line_1_22' title="bbox 510 2221 3790 2297; baseline 0.001 -23"><span class='ocrx_word' id='word_1_276' title='bbox 510 2221 678 2292; x_wconf 90' lang='lat' dir='ltr'><strong>primi</strong></span> <span class='ocrx_word' id='word_1_277' title='bbox 695 2222 913 2277; x_wconf 89' lang='lat' dir='ltr'><strong>abbatis</strong></span> <span class='ocrx_word' id='word_1_278' title='bbox 927 2224 1296 2280; x_wconf 85' lang='lat' dir='ltr'><strong>Resbacensis</strong></span> <span class='ocrx_word' id='word_1_279' title='bbox 1318 2226 1740 2297; x_wconf 87' lang='lat' dir='ltr'><strong>monasterii(S.</strong></span> <span class='ocrx_word' id='word_1_280' title='bbox 1761 2224 2110 2279; x_wconf 88' lang='lat' dir='ltr'><strong>Columbano</strong></span> <span class='ocrx_word' id='word_1_281' title='bbox 2195 2230 2406 2283; x_wconf 86' lang='lat' dir='ltr'><strong>somnis</strong></span> <span class='ocrx_word' id='word_1_282' title='bbox 2438 2230 2537 2297; x_wconf 84' lang='lat' dir='ltr'><strong>(ait</strong></span> <span class='ocrx_word' id='word_1_283' title='bbox 2569 2228 2867 2282; x_wconf 86' lang='lat' dir='ltr'><strong>Fulbertus</strong></span> <span class='ocrx_word' id='word_1_284' title='bbox 2895 2226 3037 2280; x_wconf 63' lang='lat' dir='ltr'><strong>Vitae</strong></span> <span class='ocrx_word' id='word_1_285' title='bbox 3062 2230 3273 2287; x_wconf 79' lang='lat' dir='ltr'><strong>auctor)</strong></span> <span class='ocrx_word' id='word_1_286' title='bbox 3307 2225 3369 2278; x_wconf 83' lang='lat' dir='ltr'><strong>B.</strong></span> <span class='ocrx_word' id='word_1_287' title='bbox 3405 2221 3690 2278; x_wconf 84' lang='lat' dir='ltr'><strong>Aichadro</strong></span> <span class='ocrx_word' id='word_1_288' title='bbox 3709 2236 3790 2289; x_wconf 83' lang='lat' dir='ltr'><strong>ap-</strong></span> 
     </span>
    </p>
   </div>
   <div class='ocr_carea' id='block_1_23' title="bbox 511 2311 3786 2390">
    <p class='ocr_par' dir='ltr' id='par_1_23' title="bbox 511 2311 3786 2390">
     <span class='ocr_line' id='line_1_23' title="bbox 511 2311 3786 2390; baseline -0.001 -28"><span class='ocrx_word' id='word_1_289' title='bbox 511 2311 760 2380; x_wconf 71' lang='lat' dir='ltr'><strong>aequalis)</strong></span> <span class='ocrx_word' id='word_1_290' title='bbox 773 2313 1003 2383; x_wconf 88' lang='lat' dir='ltr'><strong>antiqua</strong></span> <span class='ocrx_word' id='word_1_291' title='bbox 1020 2323 1188 2385; x_wconf 86' lang='lat' dir='ltr'><strong>atque</strong></span> <span class='ocrx_word' id='word_1_292' title='bbox 1205 2315 1419 2386; x_wconf 90' lang='lat' dir='ltr'><strong>optima</strong></span> <span class='ocrx_word' id='word_1_293' title='bbox 1433 2331 1601 2369; x_wconf 89' lang='lat' dir='ltr'><strong>manu</strong></span> <span class='ocrx_word' id='word_1_294' title='bbox 1617 2320 1847 2368; x_wconf 84' lang='lat' dir='ltr'><strong>exarata</strong></span> <span class='ocrx_word' id='word_1_295' title='bbox 1865 2332 1876 2368; x_wconf 86' lang='lat'><strong>:</strong></span> <span class='ocrx_word' id='word_1_296' title='bbox 1904 2332 1930 2366; x_wconf 73' lang='grc' dir='ltr'><strong>ε</strong></span> <span class='ocrx_word' id='word_1_297' title='bbox 1951 2313 2113 2384; x_wconf 87' lang='lat' dir='ltr'><strong>Apud</strong></span> <span class='ocrx_word' id='word_1_298' title='bbox 2195 2323 2534 2390; x_wconf 79' lang='lat' dir='ltr'><strong>paruerunt;</strong></span> <span class='ocrx_word' id='word_1_299' title='bbox 2555 2317 2847 2388; x_wconf 88' lang='lat' dir='ltr'><strong>episcopus</strong></span> <span class='ocrx_word' id='word_1_300' title='bbox 2860 2316 3070 2385; x_wconf 87' lang='lat' dir='ltr'><strong>virgam</strong></span> <span class='ocrx_word' id='word_1_301' title='bbox 3085 2313 3422 2386; x_wconf 86' lang='lat' dir='ltr'><strong>pastoralem</strong></span> <span class='ocrx_word' id='word_1_302' title='bbox 3435 2311 3658 2375; x_wconf 88' lang='lat' dir='ltr'><strong>,beatus</strong></span> <span class='ocrx_word' id='word_1_303' title='bbox 3671 2324 3786 2361; x_wconf 83' lang='lat' dir='ltr'><strong>vero</strong></span> 
     </span>
    </p>
   </div>
   <div class='ocr_carea' id='block_1_24' title="bbox 513 2396 3788 2476">
    <p class='ocr_par' dir='ltr' id='par_1_24' title="bbox 513 2396 3788 2476">
     <span class='ocr_line' id='line_1_24' title="bbox 513 2396 3788 2476; baseline -0.001 -25"><span class='ocrx_word' id='word_1_304' title='bbox 513 2413 574 2451; x_wconf 88' lang='lat' dir='ltr'><strong>se</strong></span> <span class='ocrx_word' id='word_1_305' title='bbox 601 2399 921 2468; x_wconf 89' lang='lat' dir='ltr'><strong>Agnoaldus</strong></span> <span class='ocrx_word' id='word_1_306' title='bbox 955 2403 1140 2466; x_wconf 84' lang='lat' dir='ltr'><strong>(Pater</strong></span> <span class='ocrx_word' id='word_1_307' title='bbox 1160 2404 1216 2457; x_wconf 92' lang='lat' dir='ltr'><strong>S.</strong></span> <span class='ocrx_word' id='word_1_308' title='bbox 1241 2404 1403 2474; x_wconf 82' lang='lat' dir='ltr'><strong>Agili)</strong></span> <span class='ocrx_word' id='word_1_309' title='bbox 1429 2402 1838 2458; x_wconf 87' lang='lat' dir='ltr'><strong>Columbanum</strong></span> <span class='ocrx_word' id='word_1_310' title='bbox 1863 2403 2115 2472; x_wconf 87' lang='lat' dir='ltr'><strong>aliquan-</strong></span> <span class='ocrx_word' id='word_1_311' title='bbox 2194 2407 2536 2461; x_wconf 84' lang='lat' dir='ltr'><strong>Philibcrtus</strong></span> <span class='ocrx_word' id='word_1_312' title='bbox 2566 2405 2817 2476; x_wconf 87' lang='lat' dir='ltr'><strong>regulam</strong></span> <span class='ocrx_word' id='word_1_313' title='bbox 2851 2406 2906 2458; x_wconf 92' lang='lat' dir='ltr'><strong>S.</strong></span> <span class='ocrx_word' id='word_1_314' title='bbox 2942 2403 3226 2458; x_wconf 87' lang='lat' dir='ltr'><strong>Benedicti</strong></span> <span class='ocrx_word' id='word_1_315' title='bbox 3255 2401 3607 2472; x_wconf 86' lang='lat' dir='ltr'><strong>porrigebat,</strong></span> <span class='ocrx_word' id='word_1_316' title='bbox 3639 2396 3788 2452; x_wconf 90' lang='lat' dir='ltr'><strong>ambo</strong></span> 
     </span>
    </p>
   </div>
   <div class='ocr_carea' id='block_1_25' title="bbox 515 2486 3786 2567">
    <p class='ocr_par' dir='ltr' id='par_1_25' title="bbox 515 2486 3786 2567">
     <span class='ocr_line' id='line_1_25' title="bbox 515 2486 3786 2567; baseline -0.001 -27"><span class='ocrx_word' id='word_1_317' title='bbox 515 2486 692 2557; x_wconf 91' lang='lat' dir='ltr'><strong>tisper</strong></span> <span class='ocrx_word' id='word_1_318' title='bbox 718 2492 1147 2545; x_wconf 88' lang='lat' dir='ltr'><strong>commemorari</strong></span> <span class='ocrx_word' id='word_1_319' title='bbox 1178 2492 1309 2546; x_wconf 87' lang='lat' dir='ltr'><strong>fecit</strong></span> <span class='ocrx_word' id='word_1_320' title='bbox 1338 2493 1396 2546; x_wconf 91' lang='lat' dir='ltr'><strong>in</strong></span> <span class='ocrx_word' id='word_1_321' title='bbox 1422 2493 1553 2546; x_wconf 89' lang='lat' dir='ltr'><strong>villa</strong></span> <span class='ocrx_word' id='word_1_322' title='bbox 1581 2509 1703 2562; x_wconf 66' lang='lat' dir='ltr'><strong>qua:</strong></span> <span class='ocrx_word' id='word_1_323' title='bbox 1726 2493 2114 2545; x_wconf 86' lang='lat' dir='ltr'><strong>Honoriﬁacus</strong></span> <span class='ocrx_word' id='word_1_324' title='bbox 2197 2496 2358 2567; x_wconf 88' lang='lat' dir='ltr'><strong>quasi</strong></span> <span class='ocrx_word' id='word_1_325' title='bbox 2398 2511 2510 2548; x_wconf 87' lang='lat' dir='ltr'><strong>uno</strong></span> <span class='ocrx_word' id='word_1_326' title='bbox 2545 2510 2640 2548; x_wconf 89' lang='lat' dir='ltr'><strong>ore</strong></span> <span class='ocrx_word' id='word_1_327' title='bbox 2673 2493 2923 2547; x_wconf 89' lang='lat' dir='ltr'><strong>dicentes</strong></span> <span class='ocrx_word' id='word_1_328' title='bbox 2957 2509 2967 2544; x_wconf 93' lang='lat'>:</span> <span class='ocrx_word' id='word_1_329' title='bbox 3004 2492 3203 2561; x_wconf 88' lang='lat' dir='ltr'><strong>Surge,</strong></span> <span class='ocrx_word' id='word_1_330' title='bbox 3241 2491 3432 2552; x_wconf 85' lang='lat' dir='ltr'><strong>frater,</strong></span> <span class='ocrx_word' id='word_1_331' title='bbox 3469 2495 3532 2542; x_wconf 92' lang='lat' dir='ltr'><strong>et</strong></span> <span class='ocrx_word' id='word_1_332' title='bbox 3561 2486 3786 2541; x_wconf 83' lang='lat' dir='ltr'><strong>ofﬁcium</strong></span> 
     </span>
    </p>
   </div>
   <div class='ocr_carea' id='block_1_26' title="bbox 515 2573 3789 2656">
    <p class='ocr_par' dir='ltr' id='par_1_26' title="bbox 515 2573 3789 2656">
     <span class='ocr_line' id='line_1_26' title="bbox 515 2573 3789 2656; baseline -0.001 -29"><span class='ocrx_word' id='word_1_333' title='bbox 515 2573 915 2648; x_wconf 89' lang='lat' dir='ltr'><strong>dicitur,aquo</strong></span> <span class='ocrx_word' id='word_1_334' title='bbox 929 2579 1337 2649; x_wconf 87' lang='lat' dir='ltr'><strong>voluitAgilum</strong></span> <span class='ocrx_word' id='word_1_335' title='bbox 1355 2582 1476 2650; x_wconf 89' lang='lat' dir='ltr'><strong>jam</strong></span> <span class='ocrx_word' id='word_1_336' title='bbox 1497 2586 1822 2652; x_wconf 88' lang='lat' dir='ltr'><strong>septennem</strong></span> <span class='ocrx_word' id='word_1_337' title='bbox 1837 2579 2108 2646; x_wconf 86' lang='lat' dir='ltr'><strong>benedici;</strong></span> <span class='ocrx_word' id='word_1_338' title='bbox 2197 2585 2344 2656; x_wconf 82' lang='lat' dir='ltr'><strong>quod</strong></span> <span class='ocrx_word' id='word_1_339' title='bbox 2369 2583 2471 2638; x_wconf 88' lang='lat' dir='ltr'><strong>tibi</strong></span> <span class='ocrx_word' id='word_1_340' title='bbox 2507 2599 2542 2636; x_wconf 88' lang='lat' dir='ltr'><strong>a</strong></span> <span class='ocrx_word' id='word_1_341' title='bbox 2573 2583 2687 2636; x_wconf 89' lang='lat' dir='ltr'><strong>Deo</strong></span> <span class='ocrx_word' id='word_1_342' title='bbox 2724 2580 3035 2651; x_wconf 89' lang='lat' dir='ltr'><strong>imponitur</strong></span> <span class='ocrx_word' id='word_1_343' title='bbox 3064 2578 3387 2632; x_wconf 87' lang='lat' dir='ltr'><strong>obedienter</strong></span> <span class='ocrx_word' id='word_1_344' title='bbox 3415 2575 3662 2646; x_wconf 89' lang='lat' dir='ltr'><strong>suscipe.</strong></span> <span class='ocrx_word' id='word_1_345' title='bbox 3695 2575 3789 2626; x_wconf 85' lang='lat' dir='ltr'><strong>Ac-</strong></span> 
     </span>
    </p>
   </div>
   <div class='ocr_carea' id='block_1_27' title="bbox 515 2661 3786 2745">
    <p class='ocr_par' dir='ltr' id='par_1_27' title="bbox 515 2661 3786 2745">
     <span class='ocr_line' id='line_1_27' title="bbox 515 2661 3786 2745; baseline -0 -30"><span class='ocrx_word' id='word_1_346' title='bbox 515 2661 616 2716; x_wconf 90' lang='lat' dir='ltr'><strong>sed</strong></span> <span class='ocrx_word' id='word_1_347' title='bbox 643 2666 924 2735; x_wconf 87' lang='lat' dir='ltr'><strong>persuasit</strong></span> <span class='ocrx_word' id='word_1_348' title='bbox 964 2668 1290 2738; x_wconf 88' lang='lat' dir='ltr'><strong>parentibus</strong></span> <span class='ocrx_word' id='word_1_349' title='bbox 1319 2676 1384 2723; x_wconf 92' lang='lat' dir='ltr'><strong>ut</strong></span> <span class='ocrx_word' id='word_1_350' title='bbox 1413 2686 1648 2740; x_wconf 90' lang='lat' dir='ltr'><strong>puerum</strong></span> <span class='ocrx_word' id='word_1_351' title='bbox 1681 2670 1796 2723; x_wconf 92' lang='lat' dir='ltr'><strong>Deo</strong></span> <span class='ocrx_word' id='word_1_352' title='bbox 1826 2669 2110 2723; x_wconf 81' lang='lat' dir='ltr'><strong>offerrent.</strong></span> <span class='ocrx_word' id='word_1_353' title='bbox 2195 2675 2316 2745; x_wconf 87' lang='lat' dir='ltr'><strong>cipe</strong></span> <span class='ocrx_word' id='word_1_354' title='bbox 2360 2672 2594 2742; x_wconf 86' lang='lat' dir='ltr'><strong>virgam,</strong></span> <span class='ocrx_word' id='word_1_355' title='bbox 2624 2687 2724 2742; x_wconf 87' lang='lat' dir='ltr'><strong>per</strong></span> <span class='ocrx_word' id='word_1_356' title='bbox 2747 2687 2916 2740; x_wconf 91' lang='lat' dir='ltr'><strong>quam</strong></span> <span class='ocrx_word' id='word_1_357' title='bbox 2958 2668 3308 2723; x_wconf 88' lang='lat' dir='ltr'><strong>subditorum</strong></span> <span class='ocrx_word' id='word_1_358' title='bbox 3339 2671 3530 2720; x_wconf 88' lang='lat' dir='ltr'><strong>errata</strong></span> <span class='ocrx_word' id='word_1_359' title='bbox 3557 2662 3786 2731; x_wconf 87' lang='lat' dir='ltr'><strong>corrigas</strong></span> 
     </span>
    </p>
   </div>
   <div class='ocr_carea' id='block_1_28' title="bbox 517 2750 3788 2828">
    <p class='ocr_par' dir='ltr' id='par_1_28' title="bbox 517 2750 3788 2828">
     <span class='ocr_line' id='line_1_28' title="bbox 517 2750 3788 2828; baseline -0.002 -21"><span class='ocrx_word' id='word_1_360' title='bbox 517 2750 626 2807; x_wconf 90' lang='lat' dir='ltr'><strong>Die</strong></span> <span class='ocrx_word' id='word_1_361' title='bbox 684 2769 816 2824; x_wconf 87' lang='lat' dir='ltr'><strong>ergo</strong></span> <span class='ocrx_word' id='word_1_362' title='bbox 855 2754 1148 2826; x_wconf 89' lang='lat' dir='ltr'><strong>designata</strong></span> <span class='ocrx_word' id='word_1_363' title='bbox 1184 2758 1350 2811; x_wconf 90' lang='lat' dir='ltr'><strong>Pater</strong></span> <span class='ocrx_word' id='word_1_364' title='bbox 1398 2758 1547 2828; x_wconf 84' lang='lat' dir='ltr'><strong>Agili</strong></span> <span class='ocrx_word' id='word_1_365' title='bbox 1602 2757 1886 2828; x_wconf 86' lang='lat' dir='ltr'><strong>applicans</strong></span> <span class='ocrx_word' id='word_1_366' title='bbox 1941 2755 2115 2810; x_wconf 87' lang='lat' dir='ltr'><strong>sacris</strong></span> <span class='ocrx_word' id='word_1_367' title='bbox 2197 2767 2254 2814; x_wconf 92' lang='lat' dir='ltr'><strong>et</strong></span> <span class='ocrx_word' id='word_1_368' title='bbox 2274 2761 2344 2814; x_wconf 90' lang='lat' dir='ltr'><strong>ad</strong></span> <span class='ocrx_word' id='word_1_369' title='bbox 2362 2767 2576 2814; x_wconf 88' lang='lat' dir='ltr'><strong>rectum</strong></span> <span class='ocrx_word' id='word_1_370' title='bbox 2597 2757 2904 2828; x_wconf 80' lang='lat' dir='ltr'><strong>disciplinae</strong></span> <span class='ocrx_word' id='word_1_371' title='bbox 2929 2757 3192 2823; x_wconf 89' lang='lat' dir='ltr'><strong>reducas;</strong></span> <span class='ocrx_word' id='word_1_372' title='bbox 3216 2754 3422 2808; x_wconf 90' lang='lat' dir='ltr'><strong>librum</strong></span> <span class='ocrx_word' id='word_1_373' title='bbox 3447 2753 3788 2813; x_wconf 88' lang='lat' dir='ltr'><strong>etiam,uttu</strong></span> 
     </span>
    </p>
   </div>
   <div class='ocr_carea' id='block_1_29' title="bbox 517 2837 3786 2921">
    <p class='ocr_par' dir='ltr' id='par_1_29' title="bbox 517 2837 3786 2921">
     <span class='ocr_line' id='line_1_29' title="bbox 517 2837 3786 2921; baseline -0.001 -27"><span class='ocrx_word' id='word_1_374' title='bbox 517 2841 789 2896; x_wconf 86' lang='lat' dir='ltr'><strong>altaribus</strong></span> <span class='ocrx_word' id='word_1_375' title='bbox 809 2843 1040 2898; x_wconf 89' lang='lat' dir='ltr'><strong>charam</strong></span> <span class='ocrx_word' id='word_1_376' title='bbox 1065 2845 1334 2910; x_wconf 88' lang='lat' dir='ltr'><strong>sobolem,</strong></span> <span class='ocrx_word' id='word_1_377' title='bbox 1361 2846 1565 2901; x_wconf 91' lang='lat' dir='ltr'><strong>obtulit</strong></span> <span class='ocrx_word' id='word_1_378' title='bbox 1589 2847 1646 2900; x_wconf 92' lang='lat' dir='ltr'><strong>in</strong></span> <span class='ocrx_word' id='word_1_379' title='bbox 1667 2847 1813 2900; x_wconf 91' lang='lat' dir='ltr'><strong>dicto</strong></span> <span class='ocrx_word' id='word_1_380' title='bbox 1840 2853 2116 2900; x_wconf 92' lang='lat' dir='ltr'><strong>monaste-</strong></span> <span class='ocrx_word' id='word_1_381' title='bbox 2196 2851 2377 2921; x_wconf 83' lang='lat' dir='ltr'><strong>primo</strong></span> <span class='ocrx_word' id='word_1_382' title='bbox 2409 2865 2533 2920; x_wconf 68' lang='lat' dir='ltr'><strong>quae</strong></span> <span class='ocrx_word' id='word_1_383' title='bbox 2581 2848 2641 2902; x_wconf 93' lang='lat' dir='ltr'><strong>in</strong></span> <span class='ocrx_word' id='word_1_384' title='bbox 2682 2863 2747 2900; x_wconf 91' lang='lat' dir='ltr'><strong>eo</strong></span> <span class='ocrx_word' id='word_1_385' title='bbox 2779 2851 3005 2899; x_wconf 87' lang='lat' dir='ltr'><strong>exarata</strong></span> <span class='ocrx_word' id='word_1_386' title='bbox 3044 2850 3178 2898; x_wconf 90' lang='lat' dir='ltr'><strong>sunt</strong></span> <span class='ocrx_word' id='word_1_387' title='bbox 3203 2843 3510 2908; x_wconf 88' lang='lat' dir='ltr'><strong>custodias,</strong></span> <span class='ocrx_word' id='word_1_388' title='bbox 3544 2847 3603 2895; x_wconf 90' lang='lat' dir='ltr'><strong>et</strong></span> <span class='ocrx_word' id='word_1_389' title='bbox 3631 2840 3685 2893; x_wconf 93' lang='lat' dir='ltr'><strong>in</strong></span> <span class='ocrx_word' id='word_1_390' title='bbox 3714 2837 3786 2890; x_wconf 89' lang='lat' dir='ltr'><strong>his</strong></span> 
     </span>
    </p>
   </div>
   <div class='ocr_carea' id='block_1_30' title="bbox 516 2927 3787 3008">
    <p class='ocr_par' dir='ltr' id='par_1_30' title="bbox 516 2927 3787 3008">
     <span class='ocr_line' id='line_1_30' title="bbox 516 2927 3787 3008; baseline 0 -26"><span class='ocrx_word' id='word_1_391' title='bbox 516 2930 622 2996; x_wconf 89' lang='lat' dir='ltr'><strong>rio,</strong></span> <span class='ocrx_word' id='word_1_392' title='bbox 655 2931 900 3001; x_wconf 87' lang='lat' dir='ltr'><strong>largiens</strong></span> <span class='ocrx_word' id='word_1_393' title='bbox 931 2950 1032 3005; x_wconf 90' lang='lat' dir='ltr'><strong>per</strong></span> <span class='ocrx_word' id='word_1_394' title='bbox 1067 2936 1295 2990; x_wconf 89' lang='lat' dir='ltr'><strong>titulum</strong></span> <span class='ocrx_word' id='word_1_395' title='bbox 1339 2935 1665 2990; x_wconf 86' lang='lat' dir='ltr'><strong>testamenti</strong></span> <span class='ocrx_word' id='word_1_396' title='bbox 1713 2935 1930 3006; x_wconf 89' lang='lat' dir='ltr'><strong>copiam</strong></span> <span class='ocrx_word' id='word_1_397' title='bbox 1961 2934 2116 2988; x_wconf 87' lang='lat' dir='ltr'><strong>fundi</strong></span> <span class='ocrx_word' id='word_1_398' title='bbox 2197 2938 2300 2992; x_wconf 90' lang='lat' dir='ltr'><strong>tibi</strong></span> <span class='ocrx_word' id='word_1_399' title='bbox 2344 2938 2624 3008; x_wconf 88' lang='lat' dir='ltr'><strong>subjectos</strong></span> <span class='ocrx_word' id='word_1_400' title='bbox 2671 2936 2974 2990; x_wconf 86' lang='lat' dir='ltr'><strong>informare</strong></span> <span class='ocrx_word' id='word_1_401' title='bbox 3007 2951 3077 2988; x_wconf 92' lang='lat' dir='ltr'><strong>ne</strong></span> <span class='ocrx_word' id='word_1_402' title='bbox 3119 2933 3379 2987; x_wconf 88' lang='lat' dir='ltr'><strong>desistas.</strong></span> <span class='ocrx_word' id='word_1_403' title='bbox 3418 2951 3439 2982; x_wconf 75' lang='grc' dir='ltr'><strong>ι</strong></span> <span class='ocrx_word' id='word_1_404' title='bbox 3493 2933 3571 2985; x_wconf 86' lang='lat' dir='ltr'><strong>Ex</strong></span> <span class='ocrx_word' id='word_1_405' title='bbox 3603 2927 3787 2999; x_wconf 87' lang='lat' dir='ltr'><strong>quibus</strong></span> 
     </span>
    </p>
   </div>
   <div class='ocr_carea' id='block_1_31' title="bbox 517 3019 3787 3097">
    <p class='ocr_par' dir='ltr' id='par_1_31' title="bbox 517 3019 3787 3097">
     <span class='ocr_line' id='line_1_31' title="bbox 517 3019 3787 3097; baseline -0.002 -25"><span class='ocrx_word' id='word_1_406' title='bbox 517 3023 576 3073; x_wconf 90' lang='lat' dir='ltr'><strong>et</strong></span> <span class='ocrx_word' id='word_1_407' title='bbox 621 3021 866 3076; x_wconf 71' lang='lat' dir='ltr'><strong>tamiliae.</strong></span> <span class='ocrx_word' id='word_1_408' title='bbox 904 3042 926 3073; x_wconf 70' lang='grc' dir='ltr'><strong><em>ι</em></strong></span> <span class='ocrx_word' id='word_1_409' title='bbox 960 3022 1098 3079; x_wconf 91' lang='lat' dir='ltr'><strong>Inde</strong></span> <span class='ocrx_word' id='word_1_410' title='bbox 1146 3042 1275 3079; x_wconf 85' lang='lat' dir='ltr'><strong>vero</strong></span> <span class='ocrx_word' id='word_1_411' title='bbox 1321 3026 1454 3097; x_wconf 90' lang='lat' dir='ltr'><strong>quid</strong></span> <span class='ocrx_word' id='word_1_412' title='bbox 1505 3025 1768 3095; x_wconf 89' lang='lat' dir='ltr'><strong>colligere</strong></span> <span class='ocrx_word' id='word_1_413' title='bbox 1796 3025 1918 3078; x_wconf 79' lang='lat' dir='ltr'><strong>est?</strong></span> <span class='ocrx_word' id='word_1_414' title='bbox 1959 3024 2114 3078; x_wconf 90' lang='lat' dir='ltr'><strong>illam</strong></span> <span class='ocrx_word' id='word_1_415' title='bbox 2143 3086 2178 3097; x_wconf 48' lang='grc' dir='ltr'><strong>Α</strong></span> <span class='ocrx_word' id='word_1_416' title='bbox 2199 3028 2488 3097; x_wconf 87' lang='lat' dir='ltr'><strong>antiquam</strong></span> <span class='ocrx_word' id='word_1_417' title='bbox 2521 3026 2673 3078; x_wconf 88' lang='lat' dir='ltr'><strong>illam</strong></span> <span class='ocrx_word' id='word_1_418' title='bbox 2716 3023 3037 3077; x_wconf 87' lang='lat' dir='ltr'><strong>traditionis</strong></span> <span class='ocrx_word' id='word_1_419' title='bbox 3086 3023 3290 3091; x_wconf 65' lang='lat' dir='ltr'><strong>regulae</strong></span> <span class='ocrx_word' id='word_1_420' title='bbox 3319 3027 3376 3075; x_wconf 90' lang='lat' dir='ltr'><strong>et</strong></span> <span class='ocrx_word' id='word_1_421' title='bbox 3403 3019 3593 3074; x_wconf 89' lang='lat' dir='ltr'><strong>baculi</strong></span> <span class='ocrx_word' id='word_1_422' title='bbox 3625 3021 3787 3087; x_wconf 88' lang='lat' dir='ltr'><strong>pasto-</strong></span> 
     </span>
    </p>
   </div>
   <div class='ocr_carea' id='block_1_32' title="bbox 517 3086 3788 3185">
    <p class='ocr_par' dir='ltr' id='par_1_32' title="bbox 517 3086 3788 3185">
     <span class='ocr_line' id='line_1_32' title="bbox 517 3086 3788 3185; baseline 0 -25"><span class='ocrx_word' id='word_1_423' title='bbox 517 3108 771 3164; x_wconf 91' lang='lat' dir='ltr'><strong>videlicet</strong></span> <span class='ocrx_word' id='word_1_424' title='bbox 803 3111 1098 3167; x_wconf 87' lang='lat' dir='ltr'><strong>formulam</strong></span> <span class='ocrx_word' id='word_1_425' title='bbox 1131 3115 1245 3168; x_wconf 91' lang='lat' dir='ltr'><strong>Deo</strong></span> <span class='ocrx_word' id='word_1_426' title='bbox 1277 3115 1687 3169; x_wconf 81' lang='lat' dir='ltr'><strong>offerendorum</strong></span> <span class='ocrx_word' id='word_1_427' title='bbox 1715 3131 1814 3185; x_wconf 90' lang='lat' dir='ltr'><strong>pro</strong></span> <span class='ocrx_word' id='word_1_428' title='bbox 1845 3113 1956 3167; x_wconf 89' lang='lat' dir='ltr'><strong>aris</strong></span> <span class='ocrx_word' id='word_1_429' title='bbox 1985 3130 2116 3184; x_wconf 91' lang='lat' dir='ltr'><strong>pue-</strong></span> <span class='ocrx_word' id='word_1_430' title='bbox 2137 3086 2180 3145; x_wconf 69' lang='grc' dir='ltr'>Ο</span> <span class='ocrx_word' id='word_1_431' title='bbox 2201 3117 2332 3170; x_wconf 87' lang='lat' dir='ltr'><strong>ralis</strong></span> <span class='ocrx_word' id='word_1_432' title='bbox 2362 3116 2418 3169; x_wconf 90' lang='lat' dir='ltr'><strong>in</strong></span> <span class='ocrx_word' id='word_1_433' title='bbox 2471 3113 2687 3168; x_wconf 88' lang='lat' dir='ltr'><strong>abbatis</strong></span> <span class='ocrx_word' id='word_1_434' title='bbox 2729 3111 3116 3167; x_wconf 89' lang='lat' dir='ltr'><strong>benedictione</strong></span> <span class='ocrx_word' id='word_1_435' title='bbox 3160 3109 3650 3171; x_wconf 78' lang='lat' dir='ltr'><strong>consuetudinem,</strong></span> <span class='ocrx_word' id='word_1_436' title='bbox 3683 3119 3788 3173; x_wconf 56' lang='lat' dir='ltr'><strong>quw</strong></span> 
     </span>
    </p>
   </div>
   <div class='ocr_carea' id='block_1_33' title="bbox 518 3191 3788 3274">
    <p class='ocr_par' dir='ltr' id='par_1_33' title="bbox 518 3191 3788 3274">
     <span class='ocr_line' id='line_1_33' title="bbox 518 3191 3788 3274; baseline -0.002 -24"><span class='ocrx_word' id='word_1_437' title='bbox 518 3213 710 3252; x_wconf 88' lang='lat' dir='ltr'><strong>rorum</strong></span> <span class='ocrx_word' id='word_1_438' title='bbox 757 3200 989 3270; x_wconf 88' lang='lat' dir='ltr'><strong>petitam</strong></span> <span class='ocrx_word' id='word_1_439' title='bbox 1031 3218 1063 3256; x_wconf 89' lang='lat' dir='ltr'><strong>a</strong></span> <span class='ocrx_word' id='word_1_440' title='bbox 1096 3203 1291 3271; x_wconf 90' lang='lat' dir='ltr'><strong>regula</strong></span> <span class='ocrx_word' id='word_1_441' title='bbox 1320 3205 1499 3258; x_wconf 86' lang='lat' dir='ltr'><strong>sancti</strong></span> <span class='ocrx_word' id='word_1_442' title='bbox 1527 3203 1832 3268; x_wconf 89' lang='lat' dir='ltr'><strong>Benedicti,</strong></span> <span class='ocrx_word' id='word_1_443' title='bbox 1864 3219 1985 3273; x_wconf 88' lang='lat' dir='ltr'><strong>cap.</strong></span> <span class='ocrx_word' id='word_1_444' title='bbox 2026 3199 2112 3266; x_wconf 79' lang='lat'><strong>59,</strong></span> <span class='ocrx_word' id='word_1_445' title='bbox 2199 3206 2471 3259; x_wconf 81' lang='lat' dir='ltr'><strong>hactenus</strong></span> <span class='ocrx_word' id='word_1_446' title='bbox 2502 3202 2895 3274; x_wconf 86' lang='lat' dir='ltr'><strong>perseveravit,</strong></span> <span class='ocrx_word' id='word_1_447' title='bbox 2945 3207 3140 3254; x_wconf 87' lang='lat' dir='ltr'><strong>notare</strong></span> <span class='ocrx_word' id='word_1_448' title='bbox 3184 3206 3268 3254; x_wconf 92' lang='lat' dir='ltr'><strong>est</strong></span> <span class='ocrx_word' id='word_1_449' title='bbox 3297 3199 3446 3271; x_wconf 85' lang='lat' dir='ltr'><strong>(vide</strong></span> <span class='ocrx_word' id='word_1_450' title='bbox 3479 3191 3788 3252; x_wconf 90' lang='lat' dir='ltr'><strong>Pontiﬁcale</strong></span> 
     </span>
    </p>
   </div>
   <div class='ocr_carea' id='block_1_34' title="bbox 518 3285 2118 3363">
    <p class='ocr_par' dir='ltr' id='par_1_34' title="bbox 518 3285 2118 3363">
     <span class='ocr_line' id='line_1_34' title="bbox 518 3285 2118 3363; baseline 0.003 -25"><span class='ocrx_word' id='word_1_451' title='bbox 518 3285 578 3339; x_wconf 90' lang='lat' dir='ltr'><strong>in</strong></span> <span class='ocrx_word' id='word_1_452' title='bbox 606 3302 714 3356; x_wconf 92' lang='lat' dir='ltr'><strong>quo</strong></span> <span class='ocrx_word' id='word_1_453' title='bbox 745 3288 863 3342; x_wconf 77' lang='lat' dir='ltr'><strong>haec</strong></span> <span class='ocrx_word' id='word_1_454' title='bbox 897 3289 1213 3345; x_wconf 89' lang='lat' dir='ltr'><strong>habentur:</strong></span> <span class='ocrx_word' id='word_1_455' title='bbox 1259 3313 1281 3343; x_wconf 70' lang='grc' dir='ltr'><strong>ε</strong></span> <span class='ocrx_word' id='word_1_456' title='bbox 1318 3292 1378 3346; x_wconf 88' lang='lat' dir='ltr'><strong>Si</strong></span> <span class='ocrx_word' id='word_1_457' title='bbox 1408 3293 1532 3363; x_wconf 87' lang='lat' dir='ltr'><strong>quis</strong></span> <span class='ocrx_word' id='word_1_458' title='bbox 1559 3293 1703 3346; x_wconf 90' lang='lat' dir='ltr'><strong>forte</strong></span> <span class='ocrx_word' id='word_1_459' title='bbox 1735 3293 1805 3346; x_wconf 91' lang='lat' dir='ltr'><strong>de</strong></span> <span class='ocrx_word' id='word_1_460' title='bbox 1837 3291 2118 3346; x_wconf 86' lang='lat' dir='ltr'><strong>nobilibus</strong></span> 
     </span>
    </p>
   </div>
   <div class='ocr_carea' id='block_1_35' title="bbox 521 3373 2118 3451">
    <p class='ocr_par' dir='ltr' id='par_1_35' title="bbox 521 3373 2118 3451">
     <span class='ocr_line' id='line_1_35' title="bbox 521 3373 2118 3451; baseline 0.003 -23"><span class='ocrx_word' id='word_1_461' title='bbox 521 3373 684 3428; x_wconf 75' lang='lat' dir='ltr'><strong>offert</strong></span> <span class='ocrx_word' id='word_1_462' title='bbox 709 3377 887 3430; x_wconf 89' lang='lat' dir='ltr'><strong>ﬁlium</strong></span> <span class='ocrx_word' id='word_1_463' title='bbox 913 3395 1078 3432; x_wconf 90' lang='lat' dir='ltr'><strong>suum</strong></span> <span class='ocrx_word' id='word_1_464' title='bbox 1117 3381 1232 3434; x_wconf 91' lang='lat' dir='ltr'><strong>Deo</strong></span> <span class='ocrx_word' id='word_1_465' title='bbox 1261 3381 1321 3434; x_wconf 91' lang='lat' dir='ltr'><strong>in</strong></span> <span class='ocrx_word' id='word_1_466' title='bbox 1361 3381 1724 3448; x_wconf 90' lang='lat' dir='ltr'><strong>monasterio,</strong></span> <span class='ocrx_word' id='word_1_467' title='bbox 1756 3381 1803 3434; x_wconf 92' lang='lat' dir='ltr'><strong>si</strong></span> <span class='ocrx_word' id='word_1_468' title='bbox 1833 3381 1952 3451; x_wconf 91' lang='lat' dir='ltr'><strong>ipse</strong></span> <span class='ocrx_word' id='word_1_469' title='bbox 1979 3397 2118 3451; x_wconf 88' lang='lat' dir='ltr'><strong>puer</strong></span> 
     </span>
    </p>
   </div>
   <div class='ocr_carea' id='block_1_36' title="bbox 521 3463 2116 3540">
    <p class='ocr_par' dir='ltr' id='par_1_36' title="bbox 521 3463 2116 3540">
     <span class='ocr_line' id='line_1_36' title="bbox 521 3463 2116 3540; baseline 0.004 -24"><span class='ocrx_word' id='word_1_470' title='bbox 521 3463 726 3517; x_wconf 88' lang='lat' dir='ltr'><strong>minori</strong></span> <span class='ocrx_word' id='word_1_471' title='bbox 755 3472 919 3520; x_wconf 74' lang='lat' dir='ltr'><strong>aetate</strong></span> <span class='ocrx_word' id='word_1_472' title='bbox 950 3474 1052 3534; x_wconf 91' lang='lat' dir='ltr'><strong>est,</strong></span> <span class='ocrx_word' id='word_1_473' title='bbox 1097 3476 1358 3539; x_wconf 86' lang='lat' dir='ltr'><strong>parentes</strong></span> <span class='ocrx_word' id='word_1_474' title='bbox 1403 3472 1526 3540; x_wconf 91' lang='lat' dir='ltr'><strong>ejus</strong></span> <span class='ocrx_word' id='word_1_475' title='bbox 1555 3471 1765 3524; x_wconf 89' lang='lat' dir='ltr'><strong>faciant</strong></span> <span class='ocrx_word' id='word_1_476' title='bbox 1793 3469 2116 3538; x_wconf 84' lang='lat' dir='ltr'><strong>petitionem</strong></span> 
     </span>
    </p>
   </div>
   <div class='ocr_carea' id='block_1_37' title="bbox 523 3556 2120 3630">
    <p class='ocr_par' dir='ltr' id='par_1_37' title="bbox 523 3556 2120 3630">
     <span class='ocr_line' id='line_1_37' title="bbox 523 3556 2120 3630; baseline 0.004 -24"><span class='ocrx_word' id='word_1_477' title='bbox 523 3567 693 3622; x_wconf 90' lang='lat' dir='ltr'><strong>quam</strong></span> <span class='ocrx_word' id='word_1_478' title='bbox 722 3570 892 3624; x_wconf 88' lang='lat' dir='ltr'><strong>supra</strong></span> <span class='ocrx_word' id='word_1_479' title='bbox 927 3556 1186 3624; x_wconf 85' lang='lat' dir='ltr'><strong>diximus,</strong></span> <span class='ocrx_word' id='word_1_480' title='bbox 1220 3566 1276 3612; x_wconf 92' lang='lat' dir='ltr'><strong>et</strong></span> <span class='ocrx_word' id='word_1_481' title='bbox 1303 3575 1430 3613; x_wconf 92' lang='lat' dir='ltr'><strong>eum</strong></span> <span class='ocrx_word' id='word_1_482' title='bbox 1469 3558 1747 3613; x_wconf 84' lang='lat' dir='ltr'><strong>oblatione</strong></span> <span class='ocrx_word' id='word_1_483' title='bbox 1773 3558 1952 3630; x_wconf 82' lang='lat' dir='ltr'><strong>ipsam</strong></span> <span class='ocrx_word' id='word_1_484' title='bbox 1983 3558 2120 3629; x_wconf 88' lang='lat' dir='ltr'><strong>peti-</strong></span> 
     </span>
    </p>
   </div>
   <div class='ocr_carea' id='block_1_38' title="bbox 521 3640 2116 3719">
    <p class='ocr_par' dir='ltr' id='par_1_38' title="bbox 521 3640 2116 3719">
     <span class='ocr_line' id='line_1_38' title="bbox 521 3640 2116 3719; baseline 0.004 -25"><span class='ocrx_word' id='word_1_485' title='bbox 521 3640 752 3707; x_wconf 90' lang='lat' dir='ltr'><strong>tionem,</strong></span> <span class='ocrx_word' id='word_1_486' title='bbox 788 3649 845 3697; x_wconf 87' lang='lat' dir='ltr'><strong>et</strong></span> <span class='ocrx_word' id='word_1_487' title='bbox 871 3661 1102 3700; x_wconf 88' lang='lat' dir='ltr'><strong>manum</strong></span> <span class='ocrx_word' id='word_1_488' title='bbox 1137 3648 1296 3718; x_wconf 91' lang='lat' dir='ltr'><strong>pueri</strong></span> <span class='ocrx_word' id='word_1_489' title='bbox 1324 3648 1607 3702; x_wconf 89' lang='lat' dir='ltr'><strong>involvant</strong></span> <span class='ocrx_word' id='word_1_490' title='bbox 1634 3648 1692 3702; x_wconf 90' lang='lat' dir='ltr'><strong>in</strong></span> <span class='ocrx_word' id='word_1_491' title='bbox 1723 3649 1873 3719; x_wconf 91' lang='lat' dir='ltr'><strong>palla</strong></span> <span class='ocrx_word' id='word_1_492' title='bbox 1903 3647 2116 3709; x_wconf 87' lang='lat' dir='ltr'><strong>altaris,</strong></span> 
     </span>
    </p>
   </div>
   <div class='ocr_carea' id='block_1_39' title="bbox 521 3730 2120 3814">
    <p class='ocr_par' dir='ltr' id='par_1_39' title="bbox 521 3730 2120 3814">
     <span class='ocr_line' id='line_1_39' title="bbox 521 3730 2120 3814; baseline 0.004 -30"><span class='ocrx_word' id='word_1_493' title='bbox 521 3730 603 3784; x_wconf 91' lang='lat' dir='ltr'><strong>sic</strong></span> <span class='ocrx_word' id='word_1_494' title='bbox 646 3747 771 3814; x_wconf 77' lang='lat' dir='ltr'><strong>eum</strong></span> <span class='ocrx_word' id='word_1_495' title='bbox 819 3735 1074 3789; x_wconf 78' lang='lat' dir='ltr'><strong>offerant.</strong></span> <span class='ocrx_word' id='word_1_496' title='bbox 1129 3755 1150 3787; x_wconf 73' lang='grc' dir='ltr'><strong>ι</strong></span> <span class='ocrx_word' id='word_1_497' title='bbox 1203 3737 1272 3790; x_wconf 86' lang='lat' dir='ltr'><strong>Et</strong></span> <span class='ocrx_word' id='word_1_498' title='bbox 1316 3737 1463 3790; x_wconf 90' lang='lat' dir='ltr'><strong>infra</strong></span> <span class='ocrx_word' id='word_1_499' title='bbox 1507 3756 1518 3791; x_wconf 90' lang='lat'><strong>:</strong></span> <span class='ocrx_word' id='word_1_500' title='bbox 1558 3757 1580 3788; x_wconf 74' lang='grc' dir='ltr'>ι</span> <span class='ocrx_word' id='word_1_501' title='bbox 1625 3737 1683 3792; x_wconf 92' lang='lat' dir='ltr'><strong>Si</strong></span> <span class='ocrx_word' id='word_1_502' title='bbox 1724 3736 1938 3807; x_wconf 90' lang='lat' dir='ltr'><strong>aliquid</strong></span> <span class='ocrx_word' id='word_1_503' title='bbox 1984 3736 2120 3790; x_wconf 89' lang='lat' dir='ltr'><strong>dare</strong></span> 
     </span>
    </p>
   </div>
   <div class='ocr_carea' id='block_1_40' title="bbox 519 3819 2120 3896">
    <p class='ocr_par' dir='ltr' id='par_1_40' title="bbox 519 3819 2120 3896">
     <span class='ocr_line' id='line_1_40' title="bbox 519 3819 2120 3896; baseline 0.004 -24"><span class='ocrx_word' id='word_1_504' title='bbox 519 3819 799 3875; x_wconf 90' lang='lat' dir='ltr'><strong>voluerint</strong></span> <span class='ocrx_word' id='word_1_505' title='bbox 845 3826 1144 3894; x_wconf 85' lang='lat' dir='ltr'><strong>(parentes)</strong></span> <span class='ocrx_word' id='word_1_506' title='bbox 1193 3826 1250 3879; x_wconf 92' lang='lat' dir='ltr'><strong>in</strong></span> <span class='ocrx_word' id='word_1_507' title='bbox 1309 3827 1722 3896; x_wconf 85' lang='lat' dir='ltr'><strong>eleemosynam</strong></span> <span class='ocrx_word' id='word_1_508' title='bbox 1778 3825 2120 3879; x_wconf 87' lang='lat' dir='ltr'><strong>monasterio</strong></span> 
     </span>
    </p>
   </div>
   <div class='ocr_carea' id='block_1_41' title="bbox 523 3913 2122 3985">
    <p class='ocr_par' dir='ltr' id='par_1_41' title="bbox 523 3913 2122 3985">
     <span class='ocr_line' id='line_1_41' title="bbox 523 3913 2122 3985; baseline 0.003 -24"><span class='ocrx_word' id='word_1_509' title='bbox 523 3925 626 3979; x_wconf 91' lang='lat' dir='ltr'><strong>pro</strong></span> <span class='ocrx_word' id='word_1_510' title='bbox 692 3913 951 3967; x_wconf 90' lang='lat' dir='ltr'><strong>mercede</strong></span> <span class='ocrx_word' id='word_1_511' title='bbox 1004 3931 1126 3982; x_wconf 91' lang='lat' dir='ltr'><strong>sua,</strong></span> <span class='ocrx_word' id='word_1_512' title='bbox 1184 3915 1392 3970; x_wconf 85' lang='lat' dir='ltr'><strong>faciant</strong></span> <span class='ocrx_word' id='word_1_513' title='bbox 1442 3933 1508 3970; x_wconf 80' lang='lat' dir='ltr'><strong>ex</strong></span> <span class='ocrx_word' id='word_1_514' title='bbox 1564 3915 1732 3969; x_wconf 88' lang='lat' dir='ltr'><strong>rebus</strong></span> <span class='ocrx_word' id='word_1_515' title='bbox 1787 3931 1927 3985; x_wconf 90' lang='lat' dir='ltr'><strong>quas</strong></span> <span class='ocrx_word' id='word_1_516' title='bbox 1988 3915 2122 3968; x_wconf 90' lang='lat' dir='ltr'><strong>dare</strong></span> 
     </span>
    </p>
   </div>
   <div class='ocr_carea' id='block_1_42' title="bbox 522 3999 2124 4073">
    <p class='ocr_par' dir='ltr' id='par_1_42' title="bbox 522 3999 2124 4073">
     <span class='ocr_line' id='line_1_42' title="bbox 522 3999 2124 4073; baseline 0.002 -23"><span class='ocrx_word' id='word_1_517' title='bbox 522 3999 737 4061; x_wconf 83' lang='lat' dir='ltr'><strong>volunt,</strong></span> <span class='ocrx_word' id='word_1_518' title='bbox 796 4001 1178 4070; x_wconf 85' lang='lat' dir='ltr'><strong>donationem,</strong></span> <span class='ocrx_word' id='word_1_519' title='bbox 1223 4023 1247 4056; x_wconf 68' lang='lat' dir='ltr'><strong>no</strong></span> <span class='ocrx_word' id='word_1_520' title='bbox 1290 4010 1395 4058; x_wconf 88' lang='lat' dir='ltr'><strong>etc.</strong></span> <span class='ocrx_word' id='word_1_521' title='bbox 1431 4005 1561 4059; x_wconf 86' lang='lat' dir='ltr'><strong>Vita</strong></span> <span class='ocrx_word' id='word_1_522' title='bbox 1613 4003 1790 4058; x_wconf 89' lang='lat' dir='ltr'><strong>sancti</strong></span> <span class='ocrx_word' id='word_1_523' title='bbox 1839 4002 2124 4073; x_wconf 87' lang='lat' dir='ltr'><strong>Rigomeri</strong></span> 
     </span>
    </p>
   </div>
   <div class='ocr_carea' id='block_1_43' title="bbox 523 4085 2125 4161">
    <p class='ocr_par' dir='ltr' id='par_1_43' title="bbox 523 4085 2125 4161">
     <span class='ocr_line' id='line_1_43' title="bbox 523 4085 2125 4161; baseline 0.002 -22"><span class='ocrx_word' id='word_1_524' title='bbox 523 4085 760 4155; x_wconf 88' lang='lat' dir='ltr'><strong>abbatis,</strong></span> <span class='ocrx_word' id='word_1_525' title='bbox 815 4106 880 4144; x_wconf 84' lang='lat' dir='ltr'><strong>ex</strong></span> <span class='ocrx_word' id='word_1_526' title='bbox 937 4107 1041 4146; x_wconf 89' lang='lat' dir='ltr'><strong>ms.</strong></span> <span class='ocrx_word' id='word_1_527' title='bbox 1097 4093 1464 4146; x_wconf 88' lang='lat' dir='ltr'><strong>Floriacensis</strong></span> <span class='ocrx_word' id='word_1_528' title='bbox 1528 4091 1764 4146; x_wconf 85' lang='lat' dir='ltr'><strong>coenobii</strong></span> <span class='ocrx_word' id='word_1_529' title='bbox 1829 4092 1944 4144; x_wconf 64' lang='lat' dir='ltr'><strong>haec</strong></span> <span class='ocrx_word' id='word_1_530' title='bbox 1997 4107 2125 4161; x_wconf 86' lang='lat' dir='ltr'><strong>sup-</strong></span> 
     </span>
    </p>
   </div>
   <div class='ocr_carea' id='block_1_44' title="bbox 522 4179 2125 4254">
    <p class='ocr_par' dir='ltr' id='par_1_44' title="bbox 522 4179 2125 4254">
     <span class='ocr_line' id='line_1_44' title="bbox 522 4179 2125 4254; baseline 0.003 -23"><span class='ocrx_word' id='word_1_531' title='bbox 522 4179 755 4250; x_wconf 85' lang='lat' dir='ltr'><strong>peditat.</strong></span> <span class='ocrx_word' id='word_1_532' title='bbox 816 4183 1012 4236; x_wconf 81' lang='lat' dir='ltr'><strong>Eodem</strong></span> <span class='ocrx_word' id='word_1_533' title='bbox 1070 4190 1304 4254; x_wconf 78' lang='lat' dir='ltr'><strong>tempore</strong></span> <span class='ocrx_word' id='word_1_534' title='bbox 1346 4185 1705 4250; x_wconf 83' lang='lat' dir='ltr'><strong>(Childeberti</strong></span> <span class='ocrx_word' id='word_1_535' title='bbox 1752 4183 1900 4253; x_wconf 89' lang='lat' dir='ltr'><strong>regis</strong></span> <span class='ocrx_word' id='word_1_536' title='bbox 1953 4183 2125 4236; x_wconf 90' lang='lat' dir='ltr'><strong>Fran-</strong></span> 
     </span>
    </p>
   </div>
   <div class='ocr_carea' id='block_1_45' title="bbox 523 4269 2123 4340">
    <p class='ocr_par' dir='ltr' id='par_1_45' title="bbox 523 4269 2123 4340">
     <span class='ocr_line' id='line_1_45' title="bbox 523 4269 2123 4340; baseline 0.001 -18"><span class='ocrx_word' id='word_1_537' title='bbox 523 4269 745 4340; x_wconf 90' lang='lat' dir='ltr'><strong>corum)</strong></span> <span class='ocrx_word' id='word_1_538' title='bbox 802 4293 828 4320; x_wconf 74' lang='grc' dir='ltr'><strong>ε</strong></span> <span class='ocrx_word' id='word_1_539' title='bbox 898 4273 1135 4328; x_wconf 90' lang='lat' dir='ltr'><strong>Sanctus</strong></span> <span class='ocrx_word' id='word_1_540' title='bbox 1185 4275 1382 4328; x_wconf 84' lang='lat' dir='ltr'><strong>Avitus</strong></span> <span class='ocrx_word' id='word_1_541' title='bbox 1438 4281 1496 4328; x_wconf 88' lang='lat' dir='ltr'><strong>et</strong></span> <span class='ocrx_word' id='word_1_542' title='bbox 1552 4275 1790 4329; x_wconf 88' lang='lat' dir='ltr'><strong>Sanctus</strong></span> <span class='ocrx_word' id='word_1_543' title='bbox 1850 4271 2123 4326; x_wconf 90' lang='lat' dir='ltr'><strong>Carilefus</strong></span> 
     </span>
    </p>
   </div>
   <div class='ocr_carea' id='block_1_46' title="bbox 2200 3280 3787 3356">
    <p class='ocr_par' dir='ltr' id='par_1_46' title="bbox 2200 3280 3787 3356">
     <span class='ocr_line' id='line_1_46' title="bbox 2200 3280 3787 3356; baseline -0.009 -8"><span class='ocrx_word' id='word_1_544' title='bbox 2200 3295 2515 3348; x_wconf 87' lang='lat' dir='ltr'><strong>Romanum</strong></span> <span class='ocrx_word' id='word_1_545' title='bbox 2549 3293 2608 3345; x_wconf 94' lang='lat' dir='ltr'><strong>in</strong></span> <span class='ocrx_word' id='word_1_546' title='bbox 2633 3290 3018 3345; x_wconf 84' lang='lat' dir='ltr'><strong>benedictione</strong></span> <span class='ocrx_word' id='word_1_547' title='bbox 3039 3288 3297 3356; x_wconf 87' lang='lat' dir='ltr'><strong>abbatis);</strong></span> <span class='ocrx_word' id='word_1_548' title='bbox 3323 3287 3541 3342; x_wconf 90' lang='lat' dir='ltr'><strong>Deinde</strong></span> <span class='ocrx_word' id='word_1_549' title='bbox 3569 3284 3714 3339; x_wconf 90' lang='lat' dir='ltr'><strong>hisce</strong></span> <span class='ocrx_word' id='word_1_550' title='bbox 3740 3280 3787 3332; x_wconf 90' lang='lat' dir='ltr'><strong>in</strong></span> 
     </span>
    </p>
   </div>
   <div class='ocr_carea' id='block_1_47' title="bbox 2200 3368 3789 3448">
    <p class='ocr_par' dir='ltr' id='par_1_47' title="bbox 2200 3368 3789 3448">
     <span class='ocr_line' id='line_1_47' title="bbox 2200 3368 3789 3448; baseline -0.012 -12"><span class='ocrx_word' id='word_1_551' title='bbox 2200 3379 2579 3448; x_wconf 85' lang='lat' dir='ltr'><strong>monasteriis,</strong></span> <span class='ocrx_word' id='word_1_552' title='bbox 2624 3378 3008 3442; x_wconf 88' lang='lat' dir='ltr'><strong>Quintiacensi</strong></span> <span class='ocrx_word' id='word_1_553' title='bbox 3035 3377 3328 3438; x_wconf 85' lang='lat' dir='ltr'><strong>nimirum,</strong></span> <span class='ocrx_word' id='word_1_554' title='bbox 3367 3375 3573 3428; x_wconf 67' lang='lat' dir='ltr'><strong>Ilieriaa</strong></span> <span class='ocrx_word' id='word_1_555' title='bbox 3613 3368 3789 3425; x_wconf 68' lang='lat' dir='ltr'><strong>insulae</strong></span> 
     </span>
    </p>
   </div>
   <div class='ocr_carea' id='block_1_48' title="bbox 2200 3465 3788 3531">
    <p class='ocr_par' dir='ltr' id='par_1_48' title="bbox 2200 3465 3788 3531">
     <span class='ocr_line' id='line_1_48' title="bbox 2200 3465 3788 3531; baseline -0.008 -8"><span class='ocrx_word' id='word_1_556' title='bbox 2200 3471 2426 3524; x_wconf 91' lang='lat' dir='ltr'><strong>condito</strong></span> <span class='ocrx_word' id='word_1_557' title='bbox 2448 3469 2516 3522; x_wconf 91' lang='lat' dir='ltr'><strong>ab</strong></span> <span class='ocrx_word' id='word_1_558' title='bbox 2547 3468 2848 3531; x_wconf 81' lang='lat' dir='ltr'><strong>Ansoaldo,</strong></span> <span class='ocrx_word' id='word_1_559' title='bbox 2873 3473 2928 3520; x_wconf 88' lang='lat' dir='ltr'><strong>et</strong></span> <span class='ocrx_word' id='word_1_560' title='bbox 2959 3465 3334 3519; x_wconf 79' lang='lat' dir='ltr'><strong>Gemeticensi</strong></span> <span class='ocrx_word' id='word_1_561' title='bbox 3363 3469 3622 3518; x_wconf 83' lang='lat' dir='ltr'><strong>sanctam</strong></span> <span class='ocrx_word' id='word_1_562' title='bbox 3645 3473 3788 3526; x_wconf 85' lang='lat' dir='ltr'><strong>regu-</strong></span> 
     </span>
    </p>
   </div>
   <div class='ocr_carea' id='block_1_49' title="bbox 2200 3547 3790 3627">
    <p class='ocr_par' dir='ltr' id='par_1_49' title="bbox 2200 3547 3790 3627">
     <span class='ocr_line' id='line_1_49' title="bbox 2200 3547 3790 3627; baseline -0.009 -15"><span class='ocrx_word' id='word_1_563' title='bbox 2200 3560 2312 3612; x_wconf 89' lang='lat' dir='ltr'><strong>lam</strong></span> <span class='ocrx_word' id='word_1_564' title='bbox 2342 3559 2430 3612; x_wconf 89' lang='lat' dir='ltr'><strong>vel</strong></span> <span class='ocrx_word' id='word_1_565' title='bbox 2477 3575 2542 3612; x_wconf 88' lang='lat' dir='ltr'><strong>ea</strong></span> <span class='ocrx_word' id='word_1_566' title='bbox 2574 3563 2910 3627; x_wconf 85' lang='lat' dir='ltr'><strong>tempestate</strong></span> <span class='ocrx_word' id='word_1_567' title='bbox 2947 3555 3210 3625; x_wconf 88' lang='lat' dir='ltr'><strong>viguisse.</strong></span> <span class='ocrx_word' id='word_1_568' title='bbox 3242 3555 3434 3608; x_wconf 90' lang='lat' dir='ltr'><strong>Canon</strong></span> <span class='ocrx_word' id='word_1_569' title='bbox 3473 3552 3538 3607; x_wconf 79' lang='grc'>15</span> <span class='ocrx_word' id='word_1_570' title='bbox 3570 3552 3624 3604; x_wconf 91' lang='lat' dir='ltr'><strong>S.</strong></span> <span class='ocrx_word' id='word_1_571' title='bbox 3657 3547 3790 3601; x_wconf 85' lang='lat' dir='ltr'><strong>Leo-</strong></span> 
     </span>
    </p>
   </div>
   <div class='ocr_carea' id='block_1_50' title="bbox 2201 3631 3784 3719">
    <p class='ocr_par' dir='ltr' id='par_1_50' title="bbox 2201 3631 3784 3719">
     <span class='ocr_line' id='line_1_50' title="bbox 2201 3631 3784 3719; baseline -0.007 -17"><span class='ocrx_word' id='word_1_572' title='bbox 2201 3648 2415 3719; x_wconf 87' lang='lat' dir='ltr'><strong>degarii</strong></span> <span class='ocrx_word' id='word_1_573' title='bbox 2444 3644 2969 3717; x_wconf 83' lang='lat' dir='ltr'><strong>Augustodunensis</strong></span> <span class='ocrx_word' id='word_1_574' title='bbox 2999 3643 3260 3714; x_wconf 88' lang='lat' dir='ltr'><strong>episcopi,</strong></span> <span class='ocrx_word' id='word_1_575' title='bbox 3296 3644 3361 3696; x_wconf 82' lang='lat' dir='ltr'><strong>A.</strong></span> <span class='ocrx_word' id='word_1_576' title='bbox 3401 3642 3462 3696; x_wconf 93' lang='lat' dir='ltr'><strong>C.</strong></span> <span class='ocrx_word' id='word_1_577' title='bbox 3500 3637 3626 3700; x_wconf 82' lang='lat'><strong>670,</strong></span> <span class='ocrx_word' id='word_1_578' title='bbox 3659 3631 3784 3689; x_wconf 74' lang='lat' dir='ltr'><strong>haud</strong></span> 
     </span>
    </p>
   </div>
   <div class='ocr_carea' id='block_1_51' title="bbox 2203 3724 3786 3808">
    <p class='ocr_par' dir='ltr' id='par_1_51' title="bbox 2203 3724 3786 3808">
     <span class='ocr_line' id='line_1_51' title="bbox 2203 3724 3786 3808; baseline -0.012 -16"><span class='ocrx_word' id='word_1_579' title='bbox 2203 3754 2483 3808; x_wconf 85' lang='lat' dir='ltr'><strong>quaquam</strong></span> <span class='ocrx_word' id='word_1_580' title='bbox 2506 3735 2926 3807; x_wconf 72' lang='lat' dir='ltr'><strong>praetereundus</strong></span> <span class='ocrx_word' id='word_1_581' title='bbox 2952 3739 3038 3787; x_wconf 89' lang='lat' dir='ltr'><strong>est</strong></span> <span class='ocrx_word' id='word_1_582' title='bbox 3066 3732 3291 3787; x_wconf 90' lang='lat' dir='ltr'><strong>silentio</strong></span> <span class='ocrx_word' id='word_1_583' title='bbox 3320 3750 3332 3786; x_wconf 90' lang='lat'><strong>:</strong></span> <span class='ocrx_word' id='word_1_584' title='bbox 3361 3749 3386 3782; x_wconf 75' lang='grc' dir='ltr'><strong>(ί</strong></span> <span class='ocrx_word' id='word_1_585' title='bbox 3409 3731 3493 3784; x_wconf 92' lang='lat' dir='ltr'><strong>De</strong></span> <span class='ocrx_word' id='word_1_586' title='bbox 3515 3724 3786 3783; x_wconf 87' lang='lat' dir='ltr'><strong>abbatibus</strong></span> 
     </span>
    </p>
   </div>
   <div class='ocr_carea' id='block_1_52' title="bbox 2203 3808 3784 3888">
    <p class='ocr_par' dir='ltr' id='par_1_52' title="bbox 2203 3808 3784 3888">
     <span class='ocr_line' id='line_1_52' title="bbox 2203 3808 3784 3888; baseline -0.008 -11"><span class='ocrx_word' id='word_1_587' title='bbox 2203 3842 2332 3879; x_wconf 92' lang='lat' dir='ltr'><strong>vero</strong></span> <span class='ocrx_word' id='word_1_588' title='bbox 2361 3826 2445 3878; x_wconf 91' lang='lat' dir='ltr'><strong>vel</strong></span> <span class='ocrx_word' id='word_1_589' title='bbox 2476 3823 2763 3878; x_wconf 89' lang='lat' dir='ltr'><strong>monachis</strong></span> <span class='ocrx_word' id='word_1_590' title='bbox 2793 3822 3087 3876; x_wconf 87' lang='lat' dir='ltr'><strong>observare</strong></span> <span class='ocrx_word' id='word_1_591' title='bbox 3120 3819 3382 3875; x_wconf 90' lang='lat' dir='ltr'><strong>convenit</strong></span> <span class='ocrx_word' id='word_1_592' title='bbox 3409 3825 3495 3882; x_wconf 85' lang='lat' dir='ltr'><strong>ut,</strong></span> <span class='ocrx_word' id='word_1_593' title='bbox 3539 3808 3784 3888; x_wconf 87' lang='lat' dir='ltr'><strong>quidquid</strong></span> 
     </span>
    </p>
   </div>
   <div class='ocr_carea' id='block_1_53' title="bbox 2203 3903 3782 3981">
    <p class='ocr_par' dir='ltr' id='par_1_53' title="bbox 2203 3903 3782 3981">
     <span class='ocr_line' id='line_1_53' title="bbox 2203 3903 3782 3981; baseline -0.011 -12"><span class='ocrx_word' id='word_1_594' title='bbox 2203 3914 2503 3969; x_wconf 90' lang='lat' dir='ltr'><strong>canonicus</strong></span> <span class='ocrx_word' id='word_1_595' title='bbox 2543 3913 2678 3966; x_wconf 88' lang='lat' dir='ltr'><strong>ordo</strong></span> <span class='ocrx_word' id='word_1_596' title='bbox 2709 3913 2792 3965; x_wconf 85' lang='lat' dir='ltr'><strong>vel</strong></span> <span class='ocrx_word' id='word_1_597' title='bbox 2830 3913 3024 3981; x_wconf 87' lang='lat' dir='ltr'><strong>regula</strong></span> <span class='ocrx_word' id='word_1_598' title='bbox 3059 3910 3238 3964; x_wconf 89' lang='lat' dir='ltr'><strong>sancti</strong></span> <span class='ocrx_word' id='word_1_599' title='bbox 3266 3907 3558 3962; x_wconf 78' lang='lat' dir='ltr'><strong>Benedicti</strong></span> <span class='ocrx_word' id='word_1_600' title='bbox 3593 3903 3782 3962; x_wconf 85' lang='lat' dir='ltr'><strong>edocet,</strong></span> 
     </span>
    </p>
   </div>
   <div class='ocr_carea' id='block_1_54' title="bbox 2206 3988 3782 4074">
    <p class='ocr_par' dir='ltr' id='par_1_54' title="bbox 2206 3988 3782 4074">
     <span class='ocr_line' id='line_1_54' title="bbox 2206 3988 3782 4074; baseline -0.011 -16"><span class='ocrx_word' id='word_1_601' title='bbox 2206 4010 2264 4058; x_wconf 92' lang='lat' dir='ltr'><strong>et</strong></span> <span class='ocrx_word' id='word_1_602' title='bbox 2293 4004 2526 4074; x_wconf 88' lang='lat' dir='ltr'><strong>implere</strong></span> <span class='ocrx_word' id='word_1_603' title='bbox 2543 4008 2599 4055; x_wconf 89' lang='lat' dir='ltr'><strong>et</strong></span> <span class='ocrx_word' id='word_1_604' title='bbox 2626 4001 2906 4055; x_wconf 90' lang='lat' dir='ltr'><strong>custodire</strong></span> <span class='ocrx_word' id='word_1_605' title='bbox 2936 4001 2992 4054; x_wconf 94' lang='lat' dir='ltr'><strong>in</strong></span> <span class='ocrx_word' id='word_1_606' title='bbox 3015 3999 3274 4053; x_wconf 89' lang='lat' dir='ltr'><strong>omnibus</strong></span> <span class='ocrx_word' id='word_1_607' title='bbox 3298 3996 3560 4050; x_wconf 88' lang='lat' dir='ltr'><strong>debeant.</strong></span> <span class='ocrx_word' id='word_1_608' title='bbox 3579 3994 3633 4048; x_wconf 90' lang='lat' dir='ltr'><strong>Si</strong></span> <span class='ocrx_word' id='word_1_609' title='bbox 3654 3988 3782 4044; x_wconf 87' lang='lat' dir='ltr'><strong>enim</strong></span> 
     </span>
    </p>
   </div>
   <div class='ocr_carea' id='block_1_55' title="bbox 2207 4076 3783 4160">
    <p class='ocr_par' dir='ltr' id='par_1_55' title="bbox 2207 4076 3783 4160">
     <span class='ocr_line' id='line_1_55' title="bbox 2207 4076 3783 4160; baseline -0.01 -14"><span class='ocrx_word' id='word_1_610' title='bbox 2207 4093 2396 4146; x_wconf 89' lang='lat' dir='ltr'><strong>omnia</strong></span> <span class='ocrx_word' id='word_1_611' title='bbox 2419 4092 2631 4146; x_wconf 89' lang='lat' dir='ltr'><strong>fuerint</strong></span> <span class='ocrx_word' id='word_1_612' title='bbox 2650 4091 2900 4160; x_wconf 84' lang='lat' dir='ltr'><strong>legitime</strong></span> <span class='ocrx_word' id='word_1_613' title='bbox 2929 4089 3078 4160; x_wconf 89' lang='lat' dir='ltr'><strong>apud</strong></span> <span class='ocrx_word' id='word_1_614' title='bbox 3105 4087 3334 4141; x_wconf 87' lang='lat' dir='ltr'><strong>abbates</strong></span> <span class='ocrx_word' id='word_1_615' title='bbox 3355 4085 3441 4138; x_wconf 89' lang='lat' dir='ltr'><strong>vel</strong></span> <span class='ocrx_word' id='word_1_616' title='bbox 3463 4076 3783 4138; x_wconf 78' lang='lat' dir='ltr'><strong>monasteria</strong></span> 
     </span>
    </p>
   </div>
   <div class='ocr_carea' id='block_1_56' title="bbox 2205 4166 3779 4246">
    <p class='ocr_par' dir='ltr' id='par_1_56' title="bbox 2205 4166 3779 4246">
     <span class='ocr_line' id='line_1_56' title="bbox 2205 4166 3779 4246; baseline -0.003 -12"><span class='ocrx_word' id='word_1_617' title='bbox 2205 4186 2551 4246; x_wconf 87' lang='lat' dir='ltr'><strong>conservata,</strong></span> <span class='ocrx_word' id='word_1_618' title='bbox 2579 4185 2636 4232; x_wconf 92' lang='lat' dir='ltr'><strong>et</strong></span> <span class='ocrx_word' id='word_1_619' title='bbox 2664 4195 2932 4233; x_wconf 91' lang='lat' dir='ltr'><strong>numerus</strong></span> <span class='ocrx_word' id='word_1_620' title='bbox 2963 4177 3386 4240; x_wconf 89' lang='lat' dir='ltr'><strong>monachorum,</strong></span> <span class='ocrx_word' id='word_1_621' title='bbox 3406 4175 3521 4228; x_wconf 92' lang='lat' dir='ltr'><strong>Deo</strong></span> <span class='ocrx_word' id='word_1_622' title='bbox 3543 4166 3779 4244; x_wconf 63' lang='lat' dir='ltr'><strong>propitio:</strong></span> 
     </span>
    </p>
   </div>
   <div class='ocr_carea' id='block_1_57' title="bbox 2206 4258 3782 4340">
    <p class='ocr_par' dir='ltr' id='par_1_57' title="bbox 2206 4258 3782 4340">
     <span class='ocr_line' id='line_1_57' title="bbox 2206 4258 3782 4340; baseline -0.01 -17"><span class='ocrx_word' id='word_1_623' title='bbox 2206 4269 2523 4340; x_wconf 87' lang='lat' dir='ltr'><strong>augebitur,</strong></span> <span class='ocrx_word' id='word_1_624' title='bbox 2573 4275 2630 4322; x_wconf 92' lang='lat' dir='ltr'><strong>et</strong></span> <span class='ocrx_word' id='word_1_625' title='bbox 2672 4267 2914 4320; x_wconf 90' lang='lat' dir='ltr'><strong>mundus</strong></span> <span class='ocrx_word' id='word_1_626' title='bbox 2942 4265 3124 4319; x_wconf 89' lang='lat' dir='ltr'><strong>omnis</strong></span> <span class='ocrx_word' id='word_1_627' title='bbox 3152 4281 3252 4335; x_wconf 88' lang='lat' dir='ltr'><strong>per</strong></span> <span class='ocrx_word' id='word_1_628' title='bbox 3289 4280 3482 4317; x_wconf 89' lang='lat' dir='ltr'><strong>eorum</strong></span> <span class='ocrx_word' id='word_1_629' title='bbox 3527 4258 3782 4315; x_wconf 87' lang='lat' dir='ltr'><strong>orationes</strong></span> 
     </span>
    </p>
   </div>
   <div class='ocr_carea' id='block_1_58' title="bbox 527 4341 3780 4423">
    <p class='ocr_par' dir='ltr' id='par_1_58' title="bbox 527 4341 3780 4423">
     <span class='ocr_line' id='line_1_58' title="bbox 527 4341 3780 4423; baseline -0.006 -9"><span class='ocrx_word' id='word_1_630' title='bbox 527 4363 714 4422; x_wconf 62' lang='grc' dir='ltr'><strong>πιθα</strong></span> <span class='ocrx_word' id='word_1_631' title='bbox 753 4359 811 4413; x_wconf 91' lang='lat' dir='ltr'><strong>in</strong></span> <span class='ocrx_word' id='word_1_632' title='bbox 841 4367 1009 4416; x_wconf 75' lang='lat' dir='ltr'><strong>vastae</strong></span> <span class='ocrx_word' id='word_1_633' title='bbox 1035 4363 1210 4417; x_wconf 89' lang='lat' dir='ltr'><strong>eremi</strong></span> <span class='ocrx_word' id='word_1_634' title='bbox 1240 4363 1540 4417; x_wconf 91' lang='lat' dir='ltr'><strong>solitudine</strong></span> <span class='ocrx_word' id='word_1_635' title='bbox 1573 4362 1729 4416; x_wconf 90' lang='lat' dir='ltr'><strong>binas</strong></span> <span class='ocrx_word' id='word_1_636' title='bbox 1759 4361 1986 4415; x_wconf 87' lang='lat' dir='ltr'><strong>cellulas</strong></span> <span class='ocrx_word' id='word_1_637' title='bbox 2017 4359 2120 4414; x_wconf 86' lang='lat' dir='ltr'><strong>sub</strong></span> <span class='ocrx_word' id='word_1_638' title='bbox 2202 4358 2457 4413; x_wconf 84' lang='lat' dir='ltr'><strong>assiduas</strong></span> <span class='ocrx_word' id='word_1_639' title='bbox 2493 4358 2655 4410; x_wconf 90' lang='lat' dir='ltr'><strong>malis</strong></span> <span class='ocrx_word' id='word_1_640' title='bbox 2685 4356 2897 4410; x_wconf 89' lang='lat' dir='ltr'><strong>carebit</strong></span> <span class='ocrx_word' id='word_1_641' title='bbox 2941 4354 3234 4423; x_wconf 88' lang='lat' dir='ltr'><strong>contagiis.</strong></span> <span class='ocrx_word' id='word_1_642' title='bbox 3273 4373 3294 4403; x_wconf 73' lang='grc' dir='ltr'><strong><em>ι</em></strong></span> <span class='ocrx_word' id='word_1_643' title='bbox 3329 4352 3640 4406; x_wconf 90' lang='lat' dir='ltr'><strong>Canonicus</strong></span> <span class='ocrx_word' id='word_1_644' title='bbox 3666 4341 3780 4398; x_wconf 90' lang='lat' dir='ltr'><strong>ordo</strong></span> 
     </span>
    </p>
   </div>
   <div class='ocr_carea' id='block_1_59' title="bbox 525 4436 3779 4519">
    <p class='ocr_par' dir='ltr' id='par_1_59' title="bbox 525 4436 3779 4519">
     <span class='ocr_line' id='line_1_59' title="bbox 525 4436 3779 4519; baseline -0.003 -21"><span class='ocrx_word' id='word_1_645' title='bbox 525 4451 720 4500; x_wconf 89' lang='lat' dir='ltr'><strong>sancta</strong></span> <span class='ocrx_word' id='word_1_646' title='bbox 743 4450 941 4519; x_wconf 86' lang='lat' dir='ltr'><strong>regula</strong></span> <span class='ocrx_word' id='word_1_647' title='bbox 973 4452 1350 4519; x_wconf 68' lang='lat' dir='ltr'><strong>(Benedictina</strong></span> <span class='ocrx_word' id='word_1_648' title='bbox 1379 4452 1652 4519; x_wconf 90' lang='lat' dir='ltr'><strong>videlicet)</strong></span> <span class='ocrx_word' id='word_1_649' title='bbox 1687 4451 1919 4504; x_wconf 89' lang='lat' dir='ltr'><strong>miriﬁce</strong></span> <span class='ocrx_word' id='word_1_650' title='bbox 1948 4442 2296 4503; x_wconf 76' lang='lat' dir='ltr'><strong>zediﬁ-Dhic</strong></span> <span class='ocrx_word' id='word_1_651' title='bbox 2341 4447 2584 4501; x_wconf 86' lang='lat' dir='ltr'><strong>refertur</strong></span> <span class='ocrx_word' id='word_1_652' title='bbox 2630 4445 2701 4498; x_wconf 92' lang='lat' dir='ltr'><strong>ad</strong></span> <span class='ocrx_word' id='word_1_653' title='bbox 2748 4444 2995 4510; x_wconf 87' lang='lat' dir='ltr'><strong>abbates,</strong></span> <span class='ocrx_word' id='word_1_654' title='bbox 3039 4442 3315 4512; x_wconf 87' lang='lat' dir='ltr'><strong>siquidem</strong></span> <span class='ocrx_word' id='word_1_655' title='bbox 3361 4458 3427 4494; x_wconf 88' lang='lat' dir='ltr'><strong>ea</strong></span> <span class='ocrx_word' id='word_1_656' title='bbox 3474 4436 3779 4508; x_wconf 77' lang='lat' dir='ltr'><strong>tempestate</strong></span> 
     </span>
    </p>
   </div>
   <div class='ocr_carea' id='block_1_60' title="bbox 525 4521 3780 4612">
    <p class='ocr_par' dir='ltr' id='par_1_60' title="bbox 525 4521 3780 4612">
     <span class='ocr_line' id='line_1_60' title="bbox 525 4521 3780 4612; baseline -0.004 -25"><span class='ocrx_word' id='word_1_657' title='bbox 525 4543 792 4590; x_wconf 90' lang='lat' dir='ltr'><strong>caverunt</strong></span> <span class='ocrx_word' id='word_1_658' title='bbox 820 4539 952 4606; x_wconf 91' lang='lat' dir='ltr'><strong>Deo,</strong></span> <span class='ocrx_word' id='word_1_659' title='bbox 996 4541 1123 4595; x_wconf 90' lang='lat' dir='ltr'><strong>fulti</strong></span> <span class='ocrx_word' id='word_1_660' title='bbox 1154 4558 1375 4612; x_wconf 92' lang='lat' dir='ltr'><strong>quoque</strong></span> <span class='ocrx_word' id='word_1_661' title='bbox 1408 4542 1464 4596; x_wconf 91' lang='lat' dir='ltr'><strong>S.</strong></span> <span class='ocrx_word' id='word_1_662' title='bbox 1504 4540 1827 4594; x_wconf 89' lang='lat' dir='ltr'><strong>Innocentis</strong></span> <span class='ocrx_word' id='word_1_663' title='bbox 1857 4541 2126 4595; x_wconf 87' lang='lat' dir='ltr'><strong>Cenoma-</strong></span> <span class='ocrx_word' id='word_1_664' title='bbox 2208 4537 2304 4608; x_wconf 89' lang='lat' dir='ltr'><strong>qui</strong></span> <span class='ocrx_word' id='word_1_665' title='bbox 2355 4535 2637 4589; x_wconf 90' lang='lat' dir='ltr'><strong>canonicis</strong></span> <span class='ocrx_word' id='word_1_666' title='bbox 2693 4539 2971 4604; x_wconf 66' lang='lat' dir='ltr'><strong>praeerant</strong></span> <span class='ocrx_word' id='word_1_667' title='bbox 3035 4532 3264 4585; x_wconf 87' lang='lat' dir='ltr'><strong>abbates</strong></span> <span class='ocrx_word' id='word_1_668' title='bbox 3319 4531 3495 4584; x_wconf 89' lang='lat' dir='ltr'><strong>etiam</strong></span> <span class='ocrx_word' id='word_1_669' title='bbox 3555 4521 3780 4580; x_wconf 80' lang='lat' dir='ltr'><strong>solebant</strong></span> 
     </span>
    </p>
   </div>
   <div class='ocr_carea' id='block_1_61' title="bbox 527 4612 3776 4693">
    <p class='ocr_par' dir='ltr' id='par_1_61' title="bbox 527 4612 3776 4693">
     <span class='ocr_line' id='line_1_61' title="bbox 527 4612 3776 4693; baseline -0.006 -16"><span class='ocrx_word' id='word_1_670' title='bbox 527 4623 667 4678; x_wconf 70' lang='lat' dir='ltr'><strong>nicas</strong></span> <span class='ocrx_word' id='word_1_671' title='bbox 695 4625 852 4680; x_wconf 90' lang='lat' dir='ltr'><strong>urbis</strong></span> <span class='ocrx_word' id='word_1_672' title='bbox 877 4629 1102 4693; x_wconf 80' lang='lat' dir='ltr'><strong>auxilio,</strong></span> <span class='ocrx_word' id='word_1_673' title='bbox 1147 4649 1173 4683; x_wconf 83' lang='lat'><strong><em>»</em></strong></span> <span class='ocrx_word' id='word_1_674' title='bbox 1207 4637 1312 4684; x_wconf 90' lang='lat' dir='ltr'><strong>etc.</strong></span> <span class='ocrx_word' id='word_1_675' title='bbox 1345 4630 1472 4683; x_wconf 88' lang='lat' dir='ltr'><strong>Vita</strong></span> <span class='ocrx_word' id='word_1_676' title='bbox 1503 4647 1606 4683; x_wconf 90' lang='lat' dir='ltr'><strong>ms.</strong></span> <span class='ocrx_word' id='word_1_677' title='bbox 1641 4629 1820 4682; x_wconf 88' lang='lat' dir='ltr'><strong>sancti</strong></span> <span class='ocrx_word' id='word_1_678' title='bbox 1863 4627 2125 4682; x_wconf 87' lang='lat' dir='ltr'><strong>Ansberti</strong></span> <span class='ocrx_word' id='word_1_679' title='bbox 2207 4625 2476 4691; x_wconf 87' lang='lat' dir='ltr'><strong>vocitari;</strong></span> <span class='ocrx_word' id='word_1_680' title='bbox 2527 4624 2722 4693; x_wconf 85' lang='lat' dir='ltr'><strong>regula</strong></span> <span class='ocrx_word' id='word_1_681' title='bbox 2770 4639 2900 4676; x_wconf 87' lang='lat' dir='ltr'><strong>vero</strong></span> <span class='ocrx_word' id='word_1_682' title='bbox 2946 4623 3004 4676; x_wconf 91' lang='lat' dir='ltr'><strong>S.</strong></span> <span class='ocrx_word' id='word_1_683' title='bbox 3043 4619 3326 4675; x_wconf 90' lang='lat' dir='ltr'><strong>Benedicti</strong></span> <span class='ocrx_word' id='word_1_684' title='bbox 3373 4619 3443 4673; x_wconf 90' lang='lat' dir='ltr'><strong>ad</strong></span> <span class='ocrx_word' id='word_1_685' title='bbox 3485 4612 3776 4671; x_wconf 88' lang='lat' dir='ltr'><strong>monachos.</strong></span> 
     </span>
    </p>
   </div>
   <div class='ocr_carea' id='block_1_62' title="bbox 527 4696 3777 4788">
    <p class='ocr_par' dir='ltr' id='par_1_62' title="bbox 527 4696 3777 4788">
     <span class='ocr_line' id='line_1_62' title="bbox 527 4696 3777 4788; baseline -0.005 -21"><span class='ocrx_word' id='word_1_686' title='bbox 527 4715 786 4769; x_wconf 87' lang='lat' dir='ltr'><strong>monachi</strong></span> <span class='ocrx_word' id='word_1_687' title='bbox 831 4717 1260 4773; x_wconf 85' lang='lat' dir='ltr'><strong>Fontinellensis</strong></span> <span class='ocrx_word' id='word_1_688' title='bbox 1292 4725 1463 4784; x_wconf 87' lang='lat' dir='ltr'><strong>(nunc</strong></span> <span class='ocrx_word' id='word_1_689' title='bbox 1491 4719 1544 4772; x_wconf 93' lang='lat' dir='ltr'><strong>S.</strong></span> <span class='ocrx_word' id='word_1_690' title='bbox 1577 4717 1980 4788; x_wconf 84' lang='lat' dir='ltr'><strong>Vandregesili)</strong></span> <span class='ocrx_word' id='word_1_691' title='bbox 2014 4732 2128 4768; x_wconf 89' lang='lat' dir='ltr'><strong>mo-</strong></span> <span class='ocrx_word' id='word_1_692' title='bbox 2210 4716 2329 4768; x_wconf 88' lang='lat' dir='ltr'><strong>Huc</strong></span> <span class='ocrx_word' id='word_1_693' title='bbox 2359 4713 2572 4768; x_wconf 89' lang='lat' dir='ltr'><strong>accedit</strong></span> <span class='ocrx_word' id='word_1_694' title='bbox 2612 4711 2920 4767; x_wconf 88' lang='lat' dir='ltr'><strong>doctissimi</strong></span> <span class='ocrx_word' id='word_1_695' title='bbox 2959 4709 3216 4764; x_wconf 86' lang='lat' dir='ltr'><strong>Menardi</strong></span> <span class='ocrx_word' id='word_1_696' title='bbox 3245 4709 3314 4762; x_wconf 91' lang='lat' dir='ltr'><strong>ad</strong></span> <span class='ocrx_word' id='word_1_697' title='bbox 3343 4707 3710 4779; x_wconf 68' lang='lat' dir='ltr'><strong>praefationem</strong></span> <span class='ocrx_word' id='word_1_698' title='bbox 3732 4696 3777 4748; x_wconf 84' lang='lat' dir='ltr'><strong>in</strong></span> 
     </span>
    </p>
   </div>
   <div class='ocr_carea' id='block_1_63' title="bbox 524 4789 3778 4878">
    <p class='ocr_par' dir='ltr' id='par_1_63' title="bbox 524 4789 3778 4878">
     <span class='ocr_line' id='line_1_63' title="bbox 524 4789 3778 4878; baseline -0.005 -22"><span class='ocrx_word' id='word_1_699' title='bbox 524 4805 1215 4878; x_wconf 86' lang='lat' dir='ltr'><strong>nasterii,acpostmodum</strong></span> <span class='ocrx_word' id='word_1_700' title='bbox 1231 4803 2124 4877; x_wconf 89' lang='lat' dir='ltr'><strong>archiepisc0piRothomagensis,</strong></span> <span class='ocrx_word' id='word_1_701' title='bbox 2211 4802 2580 4857; x_wconf 88' lang='lat' dir='ltr'><strong>Concordiam</strong></span> <span class='ocrx_word' id='word_1_702' title='bbox 2635 4801 2960 4870; x_wconf 87' lang='lat' dir='ltr'><strong>regularum</strong></span> <span class='ocrx_word' id='word_1_703' title='bbox 3014 4799 3191 4852; x_wconf 91' lang='lat' dir='ltr'><strong>sancti</strong></span> <span class='ocrx_word' id='word_1_704' title='bbox 3245 4797 3530 4851; x_wconf 88' lang='lat' dir='ltr'><strong>Benedicti</strong></span> <span class='ocrx_word' id='word_1_705' title='bbox 3577 4789 3778 4847; x_wconf 66' lang='lat' dir='ltr'><strong>Anianm</strong></span> 
     </span>
    </p>
   </div>
   <div class='ocr_carea' id='block_1_64' title="bbox 525 4881 3778 4967">
    <p class='ocr_par' dir='ltr' id='par_1_64' title="bbox 525 4881 3778 4967">
     <span class='ocr_line' id='line_1_64' title="bbox 525 4881 3778 4967; baseline -0.004 -22"><span class='ocrx_word' id='word_1_706' title='bbox 525 4893 733 4962; x_wconf 88' lang='lat' dir='ltr'><strong>passim</strong></span> <span class='ocrx_word' id='word_1_707' title='bbox 759 4902 924 4950; x_wconf 89' lang='lat' dir='ltr'><strong>sonat</strong></span> <span class='ocrx_word' id='word_1_708' title='bbox 949 4903 1272 4967; x_wconf 89' lang='lat' dir='ltr'><strong>utrumque,</strong></span> <span class='ocrx_word' id='word_1_709' title='bbox 1307 4902 1363 4949; x_wconf 92' lang='lat' dir='ltr'><strong>et</strong></span> <span class='ocrx_word' id='word_1_710' title='bbox 1392 4895 1853 4966; x_wconf 89' lang='lat' dir='ltr'><strong>Vandregesilum</strong></span> <span class='ocrx_word' id='word_1_711' title='bbox 1895 4900 1953 4948; x_wconf 91' lang='lat' dir='ltr'><strong>et</strong></span> <span class='ocrx_word' id='word_1_712' title='bbox 1988 4895 2129 4947; x_wconf 84' lang='lat' dir='ltr'><strong>Ans-</strong></span> <span class='ocrx_word' id='word_1_713' title='bbox 2210 4891 2446 4956; x_wconf 85' lang='lat' dir='ltr'><strong>abbatis,</strong></span> <span class='ocrx_word' id='word_1_714' title='bbox 2463 4889 2725 4944; x_wconf 91' lang='lat' dir='ltr'><strong>omnibus</strong></span> <span class='ocrx_word' id='word_1_715' title='bbox 2747 4888 3061 4952; x_wconf 88' lang='lat' dir='ltr'><strong>abbatibus,</strong></span> <span class='ocrx_word' id='word_1_716' title='bbox 3088 4893 3146 4941; x_wconf 90' lang='lat' dir='ltr'><strong>et</strong></span> <span class='ocrx_word' id='word_1_717' title='bbox 3166 4886 3456 4941; x_wconf 88' lang='lat' dir='ltr'><strong>monachis</strong></span> <span class='ocrx_word' id='word_1_718' title='bbox 3472 4881 3778 4967; x_wconf 69' lang='lat' dir='ltr'><strong>destinatam</strong></span> 
     </span>
    </p>
   </div>
   <div class='ocr_carea' id='block_1_65' title="bbox 525 4964 3777 5055">
    <p class='ocr_par' dir='ltr' id='par_1_65' title="bbox 525 4964 3777 5055">
     <span class='ocr_line' id='line_1_65' title="bbox 525 4964 3777 5055; baseline -0.004 -21"><span class='ocrx_word' id='word_1_719' title='bbox 525 4979 746 5037; x_wconf 89' lang='lat' dir='ltr'><strong>bertum</strong></span> <span class='ocrx_word' id='word_1_720' title='bbox 769 4984 1094 5040; x_wconf 89' lang='lat' dir='ltr'><strong>institutum</strong></span> <span class='ocrx_word' id='word_1_721' title='bbox 1116 4985 1538 5039; x_wconf 89' lang='lat' dir='ltr'><strong>Benedictinum</strong></span> <span class='ocrx_word' id='word_1_722' title='bbox 1561 4985 1730 5038; x_wconf 89' lang='lat' dir='ltr'><strong>fuisse</strong></span> <span class='ocrx_word' id='word_1_723' title='bbox 1751 4983 2047 5055; x_wconf 89' lang='lat' dir='ltr'><strong>professos,</strong></span> <span class='ocrx_word' id='word_1_724' title='bbox 2063 4998 2127 5035; x_wconf 82' lang='lat' dir='ltr'><strong>ac</strong></span> <span class='ocrx_word' id='word_1_725' title='bbox 2209 4980 2543 5043; x_wconf 89' lang='lat' dir='ltr'><strong>observatio,</strong></span> <span class='ocrx_word' id='word_1_726' title='bbox 2562 4979 2679 5033; x_wconf 85' lang='lat' dir='ltr'><strong>haec</strong></span> <span class='ocrx_word' id='word_1_727' title='bbox 2700 4977 2866 5032; x_wconf 87' lang='lat' dir='ltr'><strong>verba</strong></span> <span class='ocrx_word' id='word_1_728' title='bbox 2886 4977 3221 5032; x_wconf 85' lang='lat' dir='ltr'><strong>illustrantis</strong></span> <span class='ocrx_word' id='word_1_729' title='bbox 3251 4994 3262 5028; x_wconf 86' lang='lat'>:</span> <span class='ocrx_word' id='word_1_730' title='bbox 3293 4997 3314 5023; x_wconf 79' lang='grc' dir='ltr'>ιι</span> <span class='ocrx_word' id='word_1_731' title='bbox 3346 4971 3598 5029; x_wconf 89' lang='lat' dir='ltr'><strong>Occurrit</strong></span> <span class='ocrx_word' id='word_1_732' title='bbox 3615 4964 3777 5055; x_wconf 54' lang='lat' dir='ltr'><strong>anim?</strong></span> 
     </span>
    </p>
   </div>
   <div class='ocr_carea' id='block_1_66' title="bbox 524 5051 3774 5142">
    <p class='ocr_par' dir='ltr' id='par_1_66' title="bbox 524 5051 3774 5142">
     <span class='ocr_line' id='line_1_66' title="bbox 524 5051 3774 5142; baseline -0.004 -19"><span class='ocrx_word' id='word_1_733' title='bbox 524 5071 761 5142; x_wconf 88' lang='lat' dir='ltr'><strong>proinde</strong></span> <span class='ocrx_word' id='word_1_734' title='bbox 810 5073 1114 5128; x_wconf 72' lang='lat' dir='ltr'><strong>coenobitas</strong></span> <span class='ocrx_word' id='word_1_735' title='bbox 1167 5074 1261 5127; x_wconf 92' lang='lat' dir='ltr'><strong>illo</strong></span> <span class='ocrx_word' id='word_1_736' title='bbox 1309 5073 1366 5127; x_wconf 92' lang='lat' dir='ltr'><strong>in</strong></span> <span class='ocrx_word' id='word_1_737' title='bbox 1410 5073 1682 5128; x_wconf 90' lang='lat' dir='ltr'><strong>asceterio</strong></span> <span class='ocrx_word' id='word_1_738' title='bbox 1837 5071 2122 5126; x_wconf 90' lang='lat' dir='ltr'><strong>Benedicti</strong></span> <span class='ocrx_word' id='word_1_739' title='bbox 2209 5085 2277 5122; x_wconf 82' lang='lat' dir='ltr'><strong>ea</strong></span> <span class='ocrx_word' id='word_1_740' title='bbox 2301 5066 3124 5139; x_wconf 83' lang='lat' dir='ltr'><strong>quaeatepidis,segnibusque</strong></span> <span class='ocrx_word' id='word_1_741' title='bbox 3143 5064 3430 5118; x_wconf 89' lang='lat' dir='ltr'><strong>monachis</strong></span> <span class='ocrx_word' id='word_1_742' title='bbox 3454 5051 3774 5142; x_wconf 57' lang='lat' dir='ltr'><strong>diciassolet:</strong></span> 
     </span>
    </p>
   </div>
   <div class='ocr_carea' id='block_1_67' title="bbox 525 5134 3774 5234">
    <p class='ocr_par' dir='ltr' id='par_1_67' title="bbox 525 5134 3774 5234">
     <span class='ocr_line' id='line_1_67' title="bbox 525 5134 3774 5234; baseline -0.004 -20"><span class='ocrx_word' id='word_1_743' title='bbox 525 5134 782 5224; x_wconf 68' lang='lat' dir='ltr'><strong>hermam</strong></span> <span class='ocrx_word' id='word_1_744' title='bbox 830 5163 1069 5216; x_wconf 88' lang='lat' dir='ltr'><strong>coluisse</strong></span> <span class='ocrx_word' id='word_1_745' title='bbox 1106 5163 1190 5216; x_wconf 93' lang='lat' dir='ltr'><strong>vel</strong></span> <span class='ocrx_word' id='word_1_746' title='bbox 1234 5162 1434 5216; x_wconf 89' lang='lat' dir='ltr'><strong>iisdem</strong></span> <span class='ocrx_word' id='word_1_747' title='bbox 1479 5162 1826 5234; x_wconf 88' lang='lat' dir='ltr'><strong>temporibus</strong></span> <span class='ocrx_word' id='word_1_748' title='bbox 1876 5161 1997 5229; x_wconf 85' lang='lat' dir='ltr'><strong>(hoc</strong></span> <span class='ocrx_word' id='word_1_749' title='bbox 2041 5164 2125 5212; x_wconf 91' lang='lat' dir='ltr'><strong>est</strong></span> <span class='ocrx_word' id='word_1_750' title='bbox 2207 5134 2350 5221; x_wconf 81' lang='lat' dir='ltr'><strong>Quid</strong></span> <span class='ocrx_word' id='word_1_751' title='bbox 2393 5134 2606 5211; x_wconf 53' lang='lat' dir='ltr'><strong>caeteras</strong></span> <span class='ocrx_word' id='word_1_752' title='bbox 2656 5157 2790 5210; x_wconf 86' lang='lat' dir='ltr'><strong>huic</strong></span> <span class='ocrx_word' id='word_1_753' title='bbox 2811 5134 3540 5224; x_wconf 72' lang='lat' dir='ltr'><strong>(Benedictinae)conterunt</strong></span> <span class='ocrx_word' id='word_1_754' title='bbox 3566 5134 3774 5212; x_wconf 51' lang='lat' dir='ltr'><strong>regula?-7</strong></span> 
     </span>
    </p>
   </div>
   <div class='ocr_carea' id='block_1_68' title="bbox 526 5233 3772 5322">
    <p class='ocr_par' dir='ltr' id='par_1_68' title="bbox 526 5233 3772 5322">
     <span class='ocr_line' id='line_1_68' title="bbox 526 5233 3772 5322; baseline -0.006 -18"><span class='ocrx_word' id='word_1_755' title='bbox 526 5249 783 5305; x_wconf 88' lang='lat' dir='ltr'><strong>Lotharii</strong></span> <span class='ocrx_word' id='word_1_756' title='bbox 839 5257 896 5305; x_wconf 88' lang='lat' dir='ltr'><strong>et</strong></span> <span class='ocrx_word' id='word_1_757' title='bbox 951 5251 1255 5321; x_wconf 80' lang='lat' dir='ltr'><strong>Dagoberti</strong></span> <span class='ocrx_word' id='word_1_758' title='bbox 1299 5253 1640 5306; x_wconf 88' lang='lat' dir='ltr'><strong>Francorum</strong></span> <span class='ocrx_word' id='word_1_759' title='bbox 1687 5254 1907 5320; x_wconf 86' lang='lat' dir='ltr'><strong>regum)</strong></span> <span class='ocrx_word' id='word_1_760' title='bbox 1959 5249 2125 5303; x_wconf 88' lang='lat' dir='ltr'><strong>fateri</strong></span> <span class='ocrx_word' id='word_1_761' title='bbox 2207 5246 2349 5311; x_wconf 86' lang='lat' dir='ltr'><strong>Quid</strong></span> <span class='ocrx_word' id='word_1_762' title='bbox 2371 5247 2440 5301; x_wconf 90' lang='lat' dir='ltr'><strong>ad</strong></span> <span class='ocrx_word' id='word_1_763' title='bbox 2463 5263 2551 5299; x_wconf 89' lang='lat' dir='ltr'><strong>me</strong></span> <span class='ocrx_word' id='word_1_764' title='bbox 2571 5263 2710 5317; x_wconf 89' lang='lat' dir='ltr'><strong>quas</strong></span> <span class='ocrx_word' id='word_1_765' title='bbox 2734 5261 2845 5299; x_wconf 92' lang='lat' dir='ltr'><strong>non</strong></span> <span class='ocrx_word' id='word_1_766' title='bbox 2867 5243 3096 5315; x_wconf 90' lang='lat' dir='ltr'><strong>promisi</strong></span> <span class='ocrx_word' id='word_1_767' title='bbox 3135 5243 3377 5313; x_wconf 90' lang='lat' dir='ltr'><strong>pertinet</strong></span> <span class='ocrx_word' id='word_1_768' title='bbox 3401 5241 3600 5309; x_wconf 84' lang='lat' dir='ltr'><strong>legere,</strong></span> <span class='ocrx_word' id='word_1_769' title='bbox 3625 5253 3648 5284; x_wconf 77' lang='grc' dir='ltr'><strong>ι)</strong></span> <span class='ocrx_word' id='word_1_770' title='bbox 3685 5233 3772 5322; x_wconf 50' lang='lat' dir='ltr'><strong>ett:-</strong></span> 
     </span>
    </p>
   </div>
   <div class='ocr_carea' id='block_1_69' title="bbox 525 5327 3774 5410">
    <p class='ocr_par' dir='ltr' id='par_1_69' title="bbox 525 5327 3774 5410">
     <span class='ocr_line' id='line_1_69' title="bbox 525 5327 3774 5410; baseline -0.004 -18"><span class='ocrx_word' id='word_1_771' title='bbox 525 5355 816 5395; x_wconf 89' lang='lat' dir='ltr'><strong>necessum</strong></span> <span class='ocrx_word' id='word_1_772' title='bbox 850 5346 934 5394; x_wconf 92' lang='lat' dir='ltr'><strong>est</strong></span> <span class='ocrx_word' id='word_1_773' title='bbox 963 5363 974 5396; x_wconf 89' lang='lat'>:</span> <span class='ocrx_word' id='word_1_774' title='bbox 1001 5341 1078 5394; x_wconf 83' lang='lat' dir='ltr'><strong>At</strong></span> <span class='ocrx_word' id='word_1_775' title='bbox 1097 5339 1466 5410; x_wconf 88' lang='lat' dir='ltr'><strong>biographum</strong></span> <span class='ocrx_word' id='word_1_776' title='bbox 1496 5340 1793 5393; x_wconf 85' lang='lat' dir='ltr'><strong>audiamus</strong></span> <span class='ocrx_word' id='word_1_777' title='bbox 1817 5354 1830 5392; x_wconf 89' lang='lat'><strong>:</strong></span> <span class='ocrx_word' id='word_1_778' title='bbox 1865 5357 1890 5389; x_wconf 80' lang='lat'>«</span> <span class='ocrx_word' id='word_1_779' title='bbox 1929 5339 2125 5393; x_wconf 86' lang='lat' dir='ltr'><strong>Factus</strong></span> <span class='ocrx_word' id='word_1_780' title='bbox 2212 5355 2236 5388; x_wconf 78' lang='grc' dir='ltr'><strong>(ι</strong></span> <span class='ocrx_word' id='word_1_781' title='bbox 2267 5339 2406 5390; x_wconf 87' lang='lat' dir='ltr'><strong>Cum</strong></span> <span class='ocrx_word' id='word_1_782' title='bbox 2437 5335 2523 5389; x_wconf 89' lang='lat' dir='ltr'><strong>his</strong></span> <span class='ocrx_word' id='word_1_783' title='bbox 2555 5341 2752 5389; x_wconf 90' lang='lat' dir='ltr'><strong>auctor</strong></span> <span class='ocrx_word' id='word_1_784' title='bbox 2780 5333 3039 5387; x_wconf 88' lang='lat' dir='ltr'><strong>omnibus</strong></span> <span class='ocrx_word' id='word_1_785' title='bbox 3068 5331 3354 5385; x_wconf 90' lang='lat' dir='ltr'><strong>monachis</strong></span> <span class='ocrx_word' id='word_1_786' title='bbox 3380 5327 3626 5383; x_wconf 65' lang='lat' dir='ltr'><strong>Ecclesiae</strong></span> <span class='ocrx_word' id='word_1_787' title='bbox 3653 5330 3774 5410; x_wconf 54' lang='grc' dir='ltr'><strong>οεοιτ</strong></span> 
     </span>
    </p>
   </div>
   <div class='ocr_carea' id='block_1_70' title="bbox 529 5402 3774 5503">
    <p class='ocr_par' dir='ltr' id='par_1_70' title="bbox 529 5402 3774 5503">
     <span class='ocr_line' id='line_1_70' title="bbox 529 5402 3774 5503; baseline -0.003 -22"><span class='ocrx_word' id='word_1_788' title='bbox 529 5429 980 5500; x_wconf 86' lang='lat' dir='ltr'><strong>archiepiscopus</strong></span> <span class='ocrx_word' id='word_1_789' title='bbox 1015 5429 1070 5483; x_wconf 89' lang='lat' dir='ltr'><strong>S.</strong></span> <span class='ocrx_word' id='word_1_790' title='bbox 1103 5402 1434 5493; x_wconf 71' lang='lat' dir='ltr'><strong>Ansbertus,</strong></span> <span class='ocrx_word' id='word_1_791' title='bbox 1466 5427 1738 5499; x_wconf 89' lang='lat' dir='ltr'><strong>privilegii</strong></span> <span class='ocrx_word' id='word_1_792' title='bbox 1769 5427 1857 5481; x_wconf 90' lang='lat' dir='ltr'><strong>sui</strong></span> <span class='ocrx_word' id='word_1_793' title='bbox 1886 5427 2127 5481; x_wconf 84' lang='lat' dir='ltr'><strong>auctori-</strong></span> <span class='ocrx_word' id='word_1_794' title='bbox 2207 5425 2448 5479; x_wconf 89' lang='lat' dir='ltr'><strong>dentalis</strong></span> <span class='ocrx_word' id='word_1_795' title='bbox 2478 5425 2768 5495; x_wconf 90' lang='lat' dir='ltr'><strong>loquatur;</strong></span> <span class='ocrx_word' id='word_1_796' title='bbox 2813 5423 3155 5493; x_wconf 86' lang='lat' dir='ltr'><strong>quidamque</strong></span> <span class='ocrx_word' id='word_1_797' title='bbox 3195 5419 3497 5488; x_wconf 90' lang='lat' dir='ltr'><strong>tepidiores</strong></span> <span class='ocrx_word' id='word_1_798' title='bbox 3524 5402 3774 5503; x_wconf 36' lang='lat' dir='ltr'><strong>appoti-3&quot;t</strong></span> 
     </span>
    </p>
   </div>
   <div class='ocr_carea' id='block_1_71' title="bbox 530 5496 3766 5589">
    <p class='ocr_par' dir='ltr' id='par_1_71' title="bbox 530 5496 3766 5589">
     <span class='ocr_line' id='line_1_71' title="bbox 530 5496 3766 5589; baseline -0.007 -20"><span class='ocrx_word' id='word_1_799' title='bbox 530 5520 646 5570; x_wconf 85' lang='lat' dir='ltr'><strong>tate</strong></span> <span class='ocrx_word' id='word_1_800' title='bbox 676 5517 848 5571; x_wconf 84' lang='lat' dir='ltr'><strong>edixit</strong></span> <span class='ocrx_word' id='word_1_801' title='bbox 877 5523 957 5583; x_wconf 91' lang='lat' dir='ltr'><strong>ut,</strong></span> <span class='ocrx_word' id='word_1_802' title='bbox 992 5534 1090 5589; x_wconf 91' lang='lat' dir='ltr'><strong>per</strong></span> <span class='ocrx_word' id='word_1_803' title='bbox 1117 5519 1473 5573; x_wconf 90' lang='lat' dir='ltr'><strong>succedentia</strong></span> <span class='ocrx_word' id='word_1_804' title='bbox 1504 5522 1776 5587; x_wconf 87' lang='lat' dir='ltr'><strong>tempora,</strong></span> <span class='ocrx_word' id='word_1_805' title='bbox 1815 5516 2122 5570; x_wconf 90' lang='lat' dir='ltr'><strong>secundum</strong></span> <span class='ocrx_word' id='word_1_806' title='bbox 2208 5531 2268 5569; x_wconf 91' lang='lat' dir='ltr'><strong>se</strong></span> <span class='ocrx_word' id='word_1_807' title='bbox 2310 5515 2487 5568; x_wconf 86' lang='lat' dir='ltr'><strong>solam</strong></span> <span class='ocrx_word' id='word_1_808' title='bbox 2536 5513 2713 5567; x_wconf 90' lang='lat' dir='ltr'><strong>sancti</strong></span> <span class='ocrx_word' id='word_1_809' title='bbox 2755 5510 3040 5566; x_wconf 91' lang='lat' dir='ltr'><strong>Benedicti</strong></span> <span class='ocrx_word' id='word_1_810' title='bbox 3087 5510 3340 5578; x_wconf 87' lang='lat' dir='ltr'><strong>regulam</strong></span> <span class='ocrx_word' id='word_1_811' title='bbox 3387 5507 3606 5562; x_wconf 84' lang='lat' dir='ltr'><strong>vovisse,</strong></span> <span class='ocrx_word' id='word_1_812' title='bbox 3636 5496 3766 5589; x_wconf 50' lang='lat' dir='ltr'><strong>alias:</strong></span> 
     </span>
    </p>
   </div>
   <div class='ocr_carea' id='block_1_72' title="bbox 531 5579 3771 5676">
    <p class='ocr_par' dir='ltr' id='par_1_72' title="bbox 531 5579 3771 5676">
     <span class='ocr_line' id='line_1_72' title="bbox 531 5579 3771 5676; baseline -0.005 -18"><span class='ocrx_word' id='word_1_813' title='bbox 531 5605 589 5666; x_wconf 86' lang='lat' dir='ltr'><strong>S.</strong></span> <span class='ocrx_word' id='word_1_814' title='bbox 623 5603 804 5659; x_wconf 86' lang='lat' dir='ltr'><strong>Patris</strong></span> <span class='ocrx_word' id='word_1_815' title='bbox 849 5579 1132 5661; x_wconf 71' lang='lat' dir='ltr'><strong>Benedicti</strong></span> <span class='ocrx_word' id='word_1_816' title='bbox 1175 5608 1450 5676; x_wconf 83' lang='lat' dir='ltr'><strong>regulam,</strong></span> <span class='ocrx_word' id='word_1_817' title='bbox 1495 5611 1552 5660; x_wconf 88' lang='lat' dir='ltr'><strong>et</strong></span> <span class='ocrx_word' id='word_1_818' title='bbox 1583 5579 1642 5660; x_wconf 68' lang='lat' dir='ltr'><strong>ut</strong></span> <span class='ocrx_word' id='word_1_819' title='bbox 1686 5604 2126 5676; x_wconf 62' lang='lat' dir='ltr'><strong>praecedentium</strong></span> <span class='ocrx_word' id='word_1_820' title='bbox 2210 5619 2332 5673; x_wconf 81' lang='lat' dir='ltr'><strong>quae</strong></span> <span class='ocrx_word' id='word_1_821' title='bbox 2357 5603 2412 5657; x_wconf 91' lang='lat' dir='ltr'><strong>in</strong></span> <span class='ocrx_word' id='word_1_822' title='bbox 2434 5603 2537 5656; x_wconf 92' lang='lat' dir='ltr'><strong>hoc</strong></span> <span class='ocrx_word' id='word_1_823' title='bbox 2561 5617 2728 5672; x_wconf 87' lang='lat' dir='ltr'><strong>opere</strong></span> <span class='ocrx_word' id='word_1_824' title='bbox 2756 5598 3136 5664; x_wconf 90' lang='lat' dir='ltr'><strong>continentur,</strong></span> <span class='ocrx_word' id='word_1_825' title='bbox 3157 5597 3448 5666; x_wconf 81' lang='lat' dir='ltr'><strong>ignorare;</strong></span> <span class='ocrx_word' id='word_1_826' title='bbox 3471 5594 3681 5672; x_wconf 84' lang='lat' dir='ltr'><strong>planum</strong></span> <span class='ocrx_word' id='word_1_827' title='bbox 3702 5579 3771 5632; x_wconf 71' lang='grc' dir='ltr'><strong>εει</strong></span> 
     </span>
    </p>
   </div>
  </div>
