3892 6354
56 325 152 383 609
1084 323 1160 378 ΙΝ
1203 318 1424 377 EPIST.
1465 321 1527 375 B.
1573 319 1651 374 LA

1735 319 1855 374 FRA
1864 319 1988 374 NCI
2027 317 2262 374 ΝΟΤᾸΞ.
3197 315 3304 375 610

53 453 218 506 solam
247 449 422 504 sancti
451 448 736 502 Benedicti
756 449 1010 518 regulam
1035 451 1288 517 tempore
1303 446 1468 514 hujus
1490 445 1630 499 Con-
1645 443 1699 504 Α
1783 444 1886 498 Sed
1909 447 2102 496 timore
2117 443 2611 509 Francigenarum.
2636 440 2796 504 Quod
2815 437 2998 495 obiter
3017 441 3107 497 hic
3127 445 3315 515 tangit

53 540 242 594 cordia:
271 537 534 604 auctoris,
569 538 673 591 hoc
711 543 796 591 est
826 536 1010 591 Caroli
1050 535 1242 606 Magni
1271 540 1328 588 et
1377 531 1640 587 Ludovici
1726 532 1786 585 B.
1823 531 2166 585 Lanfrancus
2189 531 2312 584 fuse
2342 530 2419 597 (ni
2441 529 2619 598 lallor)
2633 534 2929 584 enarratur
2955 530 3024 584 ab
3038 532 3312 588 Eadmero

56 629 134 682 Pii
161 646 194 682 a
247 626 530 681 monachis
581 625 839 680 Ecclesiae
887 624 1247 679 occidentalis
1289 623 1639 678 observatam
1724 619 1986 674 Historia:
2016 621 2320 683 Novorum,
2344 618 2438 674 lib.
2473 633 2554 684 ιιι,
2587 634 2715 688 pag.
2749 616 2837 682 57,
2861 625 3155 690 postquam
3186 639 3317 692 pro-

56 735 184 783 esse,
211 717 416 787 alioqui
445 715 692 786 epistolze
731 715 1006 768 dedicatio
1037 713 1392 784 auctorisque
1405 710 1639 781 objectio
1724 708 1873 762 bavit
1901 709 1958 762 S.
1980 707 2278 762 Anselmus
2307 706 2489 760 medio
2515 708 2573 760 in
2598 706 2831 760 concilio
2853 707 2975 762 vitae
2995 710 3316 765 monasticae

56 808 245 877 inepta:
274 810 480 859 essent.
516 823 542 855 υ

121 895 220 949 Sed
250 910 433 964 operae
461 891 703 964 pretium
735 896 838 957 est,
870 908 940 944 ne
970 889 1101 960 quid
1144 887 1391 960 scrupuli
1428 892 1643 958 pungat

59 981 740 1051 iterum,objectiunculam
755 979 950 1033 audire
962 977 1640 1046 nonnullorum,regulam

61 1076 110 1128 Β.
167 1071 457 1125 Benedicti
507 1069 879 1123 asserentium
933 1066 1282 1122 solummodo
1318 1066 1640 1135 evulgatam

60 1160 346 1214 universim
378 1159 437 1212 in
458 1158 640 1212 Gallia
670 1174 768 1214 an.
807 1155 925 1211 743.
962 1158 1146 1226 Atque
1174 1155 1232 1208 id
1260 1155 1641 1225 nequidquam

59 1247 279 1317 probare
299 1251 578 1300 conantur
607 1262 672 1299 ex
701 1244 796 1298 illo
826 1243 1024 1315 synodi
1054 1243 1395 1313 Liptinensis
1420 1259 1542 1296 can.
1583 1243 1608 1295 1
1626 1285 1638 1306 ,

61 1344 182 1391 tom.
217 1336 261 1401 Ι,
296 1335 509 1390 Concil.
545 1334 727 1388 Gall.:
759 1351 785 1385 (ι
837 1332 1082 1386 Abbates
1109 1349 1239 1386 vero
1294 1338 1350 1386 et
1387 1331 1642 1386 Monachi

61 1431 377 1496 receperunt
400 1424 654 1494 regulam
682 1423 859 1476 sancti
898 1421 1182 1475 Benedicti
1216 1422 1288 1475 ad
1315 1427 1642 1476 restauran-

61 1516 172 1568 dam
219 1528 478 1567 normam
525 1509 800 1581 regularis
842 1509 987 1564 vitae.
1041 1528 1066 1560 »
1113 1509 1284 1572 Quasi
1324 1526 1452 1563 vero
1492 1509 1644 1564 istud

59 1603 269 1657 verbum
304 1621 327 1653 ι
361 1603 568 1667 recipio
612 1617 638 1650 ι
674 1615 738 1652 ex
772 1614 830 1651 re
870 1603 928 1651 et
964 1600 1116 1665 capio
1162 1598 1486 1663 conflatum,
1525 1615 1643 1652 rem

61 1692 214 1745 semel
245 1689 562 1760 depositam
588 1687 923 1740 traditamve
968 1701 1162 1739 rursus
1199 1702 1508 1755 assumere,
1538 1687 1644 1740 ite-

1721 796 2046 851 obstrictam
2078 813 2189 850 non
2221 811 2341 849 esse
2368 795 2693 849 Mathildem
2725 795 2950 850 Henrici
2995 797 3162 868 primi
3199 800 3318 853 An-

1719 885 1940 956 glorum
1970 885 2117 955 regis
2143 897 2392 949 uxorem,
2422 885 2569 955 quod
2613 901 2967 955 nequaquam
2994 892 3193 956 sponte
3218 904 3321 942 sua

1723 974 2007 1045 septennis
2034 974 2091 1027 in
2113 973 2452 1028 monasterio
2474 974 2654 1027 velum
2695 973 3048 1044 suscepisset,
3073 975 3166 1028 sed
3209 992 3318 1048 quo

1723 1062 2002 1133 pudicitiae
2031 1062 2378 1129 consuleret;
2402 1062 2808 1132 episcoporum,
2840 1062 2934 1132 qui
2961 1063 3143 1117 eidem
3190 1080 3322 1119 con-

1723 1151 1851 1206 cilio
1880 1151 2209 1216 intererant,
2243 1155 2402 1220 rogat
2425 1149 2742 1221 Opinionem
2767 1169 2780 1217 ;
2807 1151 2888 1204 illi
2909 1167 3039 1205 vero
3052 1168 3320 1222 magnum

1723 1239 2097 1294 Lanfrancum
2129 1239 2183 1292 in
2214 1239 2459 1292 medium
2492 1239 2879 1310 producentes,
2912 1239 2992 1293 sic
3022 1241 3083 1293 B.
3118 1242 3320 1296 Ansel-

1725 1345 1879 1382 mum
1901 1329 2176 1382 aﬁ‘antur:
2213 1347 2235 1378 ι
2261 1328 2421 1390 Quod
2448 1328 2579 1381 licet
2598 1328 2703 1381 levi
2725 1335 3058 1398 argumento
3079 1330 3318 1400 probare

1726 1433 2035 1488 possemus,
2072 1433 2137 1470 eo
2165 1421 2376 1480 tamen,
2404 1432 2528 1469 cum
2561 1433 2700 1486 opus
2729 1432 2840 1469 non
2871 1417 2962 1481 sit,
2998 1419 3324 1489 supersede-

1727 1523 1872 1571 mus,
1899 1505 2102 1559 nostris
2126 1504 2475 1575 argumentis
2503 1505 2806 1558 ﬁrmiorem
2847 1511 3102 1561 tenentes
3129 1523 3325 1579 parem

1721 1595 1918 1664 judicii
1940 1595 2108 1664 hujus
2137 1594 2475 1648 sententiam
2490 1611 2524 1647 a
2540 1595 2868 1648 veneranda:
2887 1597 3168 1651 memoriae
3187 1614 3324 1668 pra:-

1727 1685 2016 1738 decessore
2067 1690 2266 1746 vestro,
2303 1689 2360 1737 et
2387 1684 2553 1736 Patre
2585 1687 2642 1736 et
2672 1683 2940 1752 magistro
2966 1692 3156 1739 nostro
3185 1687 3327 1740 Lan-

61 1795 170 1831 rum
195 1793 412 1848 capere,
449 1791 755 1839 resumere,
784 1791 1134 1844 recuperare,
1179 1791 1291 1828 non
1319 1775 1593 1845 signiﬁcet
1621 1777 1705 1856 ΥΒ
1726 1773 1918 1826 franco
1944 1772 2114 1825 simili
2145 1773 2212 1826 de
2238 1789 2401 1826 causa
2424 1772 2855 1842 promulgatam.
2894 1791 2916 1822 ι
2954 1773 3021 1826 Et
3050 1780 3174 1844 post
3193 1775 3322 1830 alia:

63 1867 256 1932 Cicero,
291 1880 331 1920 ll
361 1866 446 1919 De
479 1869 621 1918 orat.
643 1883 670 1914 α
704 1863 969 1933 Recipere
1000 1880 1185 1916 arcem
1212 1864 1494 1918 amissam.
1526 1885 1550 1917 »
1576 1864 1647 1918 Et
1733 1878 1758 1912 α
1791 1862 1865 1914 At
1893 1861 2013 1930 ipse
2040 1861 2422 1922 (Lanfrancus)
2470 1860 2832 1930 quaestionem
2871 1861 3049 1931 ipsam
3094 1863 3328 1918 concilio

63 1956 245 2021 Livius,
279 1955 374 2016 lib,
411 1965 493 2008 rx:
526 1973 548 2004 ι
583 1953 878 2022 Recipiunt
903 1969 1079 2016 arma,
1122 1969 1245 2022 quae
1288 1970 1387 2023 per
1434 1954 1646 2024 pactio-

69 2061 181 2098 nem
208 2043 587 2097 tradiderunt.
625 2061 646 2091 ι
681 2041 942 2094 Declarat
961 2056 1094 2109 ergo
1121 2042 1368 2110 synodus
1399 2041 1497 2094 illa
1543 2041 1644 2095 ab-

69 2133 206 2186 bates
237 2138 294 2186 et
319 2131 645 2192 monachos,
673 2129 768 2197 qui
817 2127 1067 2199 Liplinas
1115 2137 1506 2196 convenerant,
1558 2149 1651 2184 re-

69 2222 194 2291 gulae
223 2219 596 2275 Benedictinze
620 2217 1034 2272 observationes
1061 2234 1266 2289 susque
1289 2219 1469 2289 deque
1499 2219 1652 2274 habi-

74 2317 166 2375 tas,
196 2311 329 2380 (ejus
357 2307 742 2364 sanctionibus
777 2307 927 2360 ultro
964 2323 1024 2360 se
1050 2323 1110 2384 se
1137 2306 1554 2376 submittentes)
1580 2309 1650 2362 ad

74 2399 350 2470 pristinum
379 2397 524 2451 velle
549 2395 790 2465 rigorem
813 2411 1090 2448 revocare.
1125 2395 1386 2466 Alioquin
1441 2397 1557 2450 haec
1605 2396 1652 2450 si

77 2489 281 2543 minime
335 2486 659 2542 intenderet
703 2483 969 2555 synodus,
1016 2483 1217 2553 potiori
1253 2485 1381 2553 jure
1425 2485 1654 2540 clericos

77 2583 242 2642 ωδ
266 2577 578 2648 episcopos,
617 2578 719 2627 etc.
743 2572 922 2644 primo
941 2572 1092 2642 leges
1117 2573 1519 2628 ecclesiasticas
1534 2581 1655 2629 tum

79 2667 330 2737 accepisse
358 2663 528 2719 fateri
556 2667 857 2732 oporteret,
891 2661 1038 2731 quod
1071 2662 1327 2732 equidem
1389 2664 1650 2733 cogitare,

79 2756 261 2808 nedum
283 2755 590 2810 afﬁrmare,
650 2749 1112 2804 absurdissimum
1169 2757 1273 2804 est.
1330 2752 1421 2806 Sic
1465 2759 1655 2806 autem

81 2843 229 2897 habet
250 2842 516 2914 praefatus
536 2855 712 2892 canon
739 2851 750 2886 ε
786 2857 811 2888 α
844 2839 912 2892 Et
940 2839 1124 2892 omnis
1163 2840 1522 2894 ecclesiastici
1561 2858 1654 2894 or-

83 2931 206 2984 dinis
225 2932 423 2996 clerus,
457 2935 517 2984 et
535 2927 870 2999 presbyteri,
904 2932 960 2980 et
989 2927 1208 2982 diaconi
1251 2947 1376 2983 cum
1425 2930 1656 3000 reliquis

85 3019 291 3086 clericis,
323 3018 697 3088 suscipientes
742 3015 1100 3086 antiquorum
1131 3019 1362 3072 Patrum
1393 3035 1652 3084 canones,

1727 1949 2008 2018 generalis
2036 1948 2254 2002 concilii
2285 1949 2474 2002 taliter
2502 1948 2664 2002 solvit
2692 1955 2757 2002 ut
2807 1949 2886 2002 eis
2918 1966 3017 2019 pro
3046 1951 3328 2007 castitate.

1730 2054 1898 2107 quam
1920 2054 1980 2092 se
1992 2043 2106 2090 tam
2141 2038 2449 2092 manifesta:
2465 2037 2542 2090 rei
2562 2036 2884 2091 extensione
2905 2055 3096 2092 amare
3110 2045 3328 2095 testata:

1730 2126 1972 2191 fuerant,
2007 2125 2249 2180 debitam
2282 2127 2460 2195 magis
2482 2127 2847 2180 reverentiam
2871 2126 3152 2196 judicaret
3179 2128 3332 2182 exhi-

1733 2216 1993 2280 bendam,
2026 2232 2192 2285 quam
2217 2216 2387 2268 ullam
2410 2215 2694 2269 servanda:
2723 2215 3010 2285 religionis
3036 2217 3332 2272 continen-

1733 2307 1892 2372 tiam,
1925 2305 2031 2359 nisi
2063 2305 2289 2376 propria
2325 2306 2610 2359 voluntate
2665 2312 3015 2376 appeterent,
3064 2307 3335 2364 violenter

1734 2394 2119 2466 ingerendam.
2157 2412 2180 2445 ι

2228 2498 2300 2539 AD
2330 2498 2634 2538 EPISTOLAM
2660 2499 2854 2543 XXXI".

1807 2577 2081 2628 Hibernia:
2109 2576 2346 2642 episcopo
2375 2575 2699 2639 Domnaldo,
2735 2575 2851 2628 sive
2880 2576 3171 2637 Dofnaldo.
3225 2579 3333 2633 Ar-

1738 2664 2076 2718 machanum
2107 2664 2255 2716 hunc
2283 2665 2374 2730 (ut
2398 2666 2548 2730 reor)
2594 2665 2676 2717 vel
2705 2664 3103 2720 Dublinensem
3134 2667 3336 2722 intelli-

1738 2754 1837 2823 git,
1899 2758 2092 2822 utpote
2141 2753 2637 2823 metropolitanum
2676 2755 2850 2808 totius
2898 2755 3210 2812 Hibernicze
3247 2757 3337 2811 in-

1738 2841 2373 2911 sulanquemadmodum
2392 2841 2878 2912 superius,Joanni
2901 2845 3337 2916 Rothomagensi

1737 2929 2148 3001 archiepiscopo
2173 2929 2440 2992 scribens,
2477 2931 2636 3001 epist.
2678 2930 2769 2987 M.
2817 2933 3338 2989 Northmannorum

1739 3019 2216 3089 archiepiscopum
2246 3018 2518 3072 nominat.
2554 3020 2581 3072 J
2589 3019 2675 3072 uri
2705 3020 3066 3074 nihilominus
3096 3023 3339 3077 Cantua-

84 3109 440 3176 promiserunt
464 3124 526 3161 se
555 3103 929 3160 ecclesiastica
953 3106 1085 3174 jura
1114 3107 1363 3160 moribus
1385 3114 1440 3161 et
1458 3107 1661 3162 doctri-
1683 3107 1938 3167 Criensis
1987 3107 2387 3178 archiepiscopi
2470 3106 2758 3178 subjacere
2844 3111 3338 3181 metropolitanum

88 3196 178 3261 nis,
206 3196 516 3251 ministerio
547 3209 896 3264 recuperare.
930 3211 956 3246 ι
986 3195 1233 3248 Tandem
1257 3213 1385 3250 vero
1417 3213 1540 3267 qua:
1561 3213 1656 3250 su-
1739 3197 1920 3262 illum,
1954 3197 2120 3250 ﬁdem
2155 3196 2288 3249 facit
2308 3196 2580 3250 Venerab.
2614 3197 2783 3259 Beda,
2817 3197 2914 3252 lib.
2961 3213 3002 3255 ιι
3029 3206 3183 3268 gent.
3222 3202 3341 3254 An-

86 3300 173 3352 pra
233 3286 529 3340 retulimus
579 3283 819 3338 elucidat
891 3284 1297 3355 conﬁrmatque
1364 3286 1660 3340 concilium
1741 3286 1982 3356 glorum.
2016 3285 2155 3338 Vide
2185 3285 2334 3338 dicta
2361 3285 2430 3338 ad
2461 3285 2622 3354 epist.
2665 3286 2718 3351 4,
2754 3287 2810 3340 h.
2844 3287 3017 3342 Porro
3045 3289 3342 3360 antiquum

85 3373 253 3428 itidem
278 3375 427 3445 apud
455 3373 732 3444 Liptinas,
764 3371 860 3424 sed
892 3371 1065 3442 priori
1094 3389 1262 3439 anno,
1310 3375 1412 3428 hoc
1444 3381 1528 3429 est
1557 3373 1661 3429 742

84 3470 418 3518 convocatum
447 3479 570 3518 can.
609 3461 832 3518 ultimo.
865 3479 887 3511 ι
935 3461 1008 3515 Ut
1041 3462 1298 3516 monachi
1347 3469 1403 3517 et
1449 3464 1663 3519 ancilla:

89 3549 172 3603 Dei
201 3551 620 3606 monasteriales
639 3555 801 3622 juxta
841 3554 1093 3622 regulam
1125 3552 1182 3606 S.
1233 3552 1517 3606 Benedicti
1547 3570 1665 3607 caa-

1745 3373 2054 3428 Hiberniae
2087 3373 2338 3428 Ecclesiae
2369 3379 2580 3428 statum
2617 3374 2886 3430 describit
2911 3377 2969 3430 in
3024 3377 3174 3431 hunc
3223 3394 3345 3432 mo-

1745 3463 1917 3531 dum;
1951 3463 2099 3516 idem
2131 3462 2306 3525 Beda,
2332 3463 2450 3516 loco
2479 3463 2669 3530 citato,
2692 3464 2790 3518 lib.
2822 3478 2907 3530 m,
2927 3482 3048 3535 cap.
3072 3465 3101 3522 4
3133 3484 3144 3520 :
3183 3489 3206 3515 α
3239 3467 3348 3520 Ha-

1746 3551 1878 3606 bere
1907 3558 2093 3606 autem
2117 3552 2260 3606 solet
2279 3552 2402 3622 ipsa
2419 3553 2606 3606 insula
2632 3558 2903 3608 rectorem
2926 3571 3148 3626 semper
3175 3555 3347 3610 abba-

92 3640 232 3694 nobia
255 3643 337 3696 vel
365 3641 710 3696 xenodochia
736 3661 837 3698 sua
867 3642 1150 3706 ordinare,
1190 3641 1496 3709 gubernari
1542 3649 1665 3696 stu-

95 3725 270 3796 deant;
299 3736 356 3784 et
382 3731 557 3784 vitam
590 3732 873 3802 propriam
902 3731 1106 3800 degere
1139 3729 1442 3784 secundum
1464 3731 1665 3800 prazdi-

96 3817 156 3868 cti
183 3817 358 3872 Patris
385 3819 800 3874 ordinationem
829 3837 942 3874 non
971 3818 1278 3888 negligant.
1316 3837 1339 3870 ›)
1385 3819 1524 3872 Vide
1564 3820 1668 3873 hoc

97 3921 282 3960 canone
305 3924 501 3961 omnes
530 3908 894 3963 dubitationis
933 3907 1215 3975 tenebras,
1255 3907 1302 3960 si
1350 3924 1488 3977 quas
1541 3924 1668 3962 ver-

99 3988 208 4045 bum
235 4002 544 4063 rereperunt
573 3997 889 4068 ingesserit,
915 4014 1142 4069 prorsus
1172 3997 1418 4067 expelli?
1454 3998 1668 4068 Nempe
1752 4002 1810 4050 et
1837 3997 2162 4061 monachus,
2203 4016 2223 4046 ι
2255 4000 2361 4049 etc.

99 4077 174 4132 hic
191 4083 483 4138 ccenobitas
511 4085 643 4138 olim
671 4085 928 4139 sodalitio
952 4084 1310 4138 Benedictino
1343 4101 1548 4138 nomen
1580 4084 1672 4138 de-
1827 4086 1978 4138 lianc
1997 4085 2060 4138 de
2097 4086 2405 4151 infantibus
2440 4089 2616 4138 tenere
2639 4088 2994 4142 sententiam.
3046 4086 3125 4140 Ex
3153 4101 3350 4141 conse-

103 4165 226 4221 disse
252 4171 531 4242 supponit,
563 4190 690 4227 cum
721 4179 778 4226 et
805 4190 900 4227 eos
929 4177 993 4226 ut
1013 4173 1174 4242 juxta
1193 4173 1444 4242 regulam
1468 4173 1531 4226 D.
1564 4173 1674 4226 Be-
1753 4171 2055 4242 quentibus
2097 4172 2298 4236 verbis,
2347 4172 2500 4242 loqui
2556 4173 2625 4226 de
2674 4173 3065 4228 communione
3106 4175 3355 4247 corporis

105 4257 284 4312 nedicti
313 4267 481 4331 atque
510 4263 759 4332 ejusdem
809 4263 994 4317 Patris
1042 4263 1452 4316 ordinationem
1503 4262 1673 4315 vitam
1759 4261 1968 4316 Christi
1996 4261 2302 4314 infantibus
2331 4266 2461 4314 ante
2495 4277 2658 4315 usum
2686 4261 2922 4316 rationis
2955 4263 3209 4334 proxime
3229 4270 3358 4336 post

106 4342 368 4403 instituere
417 4367 531 4404 non
588 4353 874 4423 negligant
939 4352 1269 4405 adhortetur
1338 4350 1669 4418 concilium;
1757 4355 2079 4420 susceptum
2100 4349 2377 4421 baptisma
2397 4351 2606 4422 porrigi
2631 4350 2815 4416 solita,
2837 4353 3362 4423 perspicuumvide-

108 4430 350 4502 siquidem
380 4440 639 4493 nonnihil
665 4441 947 4511 negligere
978 4440 1102 4511 quis
1123 4440 1347 4504 dicitur,
1380 4439 1513 4493 dum
1537 4423 1868 4510 pi‘zB-Dtur.
1902 4439 2090 4492 Prisca
2119 4439 2328 4493 etenim
2351 4440 2694 4494 consuetudo
2721 4441 2828 4495 fuit
2856 4441 2913 4496 in
2971 4443 3215 4498 Ecclesia
3255 4461 3359 4498 eu-

110 4529 301 4591 ceptum
329 4527 574 4598 aliquod,
607 4529 694 4583 cui
722 4535 890 4584 antea
928 4529 1402 4599 obstringebatur,
1440 4535 1539 4582 aut
1576 4529 1674 4582 de-
1757 4528 2033 4584 charistiae
2056 4533 2468 4584 sacramentum
2492 4531 2735 4600 parvulis
2762 4529 3054 4602 baptizatis
3084 4533 3357 4600 conferre,

112 4612 407 4669 mandatum
437 4616 545 4670 sibi
566 4618 831 4685 ofﬁcium,
862 4623 1120 4672 votumve
1148 4618 1413 4672 emissum
1441 4621 1676 4689 praeter-
1757 4624 1824 4673 ut
1851 4618 2079 4689 planum
2112 4624 2197 4672 est
2217 4635 2285 4671 ex
2301 4619 2362 4671 B.
2383 4617 2670 4690 Dionysio,
2694 4637 2816 4692 cap.
2839 4627 2870 4676 7
2893 4622 2972 4675 De
2988 4622 3362 4677 ecclesiastica

113 4697 263 4755 mittit
289 4705 368 4758 vel
395 4707 726 4761 contemnit.

1762 4705 2108 4761 Hierarehia.
2136 4706 2458 4759 Μεταδίδωσι
2487 4707 2540 4758 δὲ
2561 4713 2633 4778 τῷ
2654 4709 2790 4760 παιδὶ
2811 4714 2908 4760 τῶν
2930 4710 3073 4779 ἱερῶν
3099 4709 3360 4780 συμϐόλων

172 4788 320 4845 Certo
348 4795 554 4850 certius
584 4813 716 4866 ergo
743 4813 809 4850 ex
832 4796 1111 4867 praedictis
1136 4795 1394 4850 omnibus
1417 4795 1651 4850 infertur

1763 4796 1790 4849 ὁ
1833 4793 2097 4866 ἷεράργῄης,
2140 4791 2275 4855 ὅπως
2317 4792 2364 4846 ἐν
2406 4791 2568 4856 αὐτοῖς
2609 4790 2935 4866 ἀνατραφειη,
2974 4803 3078 4851 etc.
3120 4797 3177 4851 id
3215 4803 3300 4852 est
3343 4817 3357 4852 ζ

116 4881 385 4950 antequam
412 4884 722 4940 Ludovicus
751 4884 883 4940 Pius
908 4885 1210 4956 imperaret
1242 4889 1360 4950 (nec
1379 4885 1528 4939 enim
1558 4891 1680 4938 tum
1769 4907 1792 4938 ι
1831 4886 2002 4938 Porro
2023 4882 2268 4954 pontifex
2287 4899 2525 4953 puerum
2556 4889 2872 4937 consortem
2903 4885 3036 4938 facit
3073 4902 3360 4940 sacrorum

120 4970 504 5039 quamplurima
552 4974 893 5028 monasteria
943 4973 1233 5027 monachis
1299 4973 1678 5028 Benedictinis
1761 4971 2176 5044 mysteriorum,
2200 4970 2346 5024 utin
2388 4970 2468 5024 eis
2489 4971 2776 5037 educetur,
2814 4991 2836 5019 ι
2871 4978 2976 5026 etc.
3006 4973 3082 5026 Ex
3110 4973 3206 5027 lib.
3267 4975 3364 5028 Sa-

123 5052 358 5112 :ediﬁcata
410 5061 581 5116 fuisse
630 5062 843 5116 inﬁcias
899 5066 984 5129 eo)
1036 5064 1291 5132 regulam
1341 5061 1520 5116 sancti
1574 5062 1680 5115 Be-
1764 5067 2178 5116 cramentorum
2237 5059 2303 5113 D.
2356 5059 2614 5130 Gregorii
2665 5060 2752 5122 (ab
2803 5061 3038 5131 Hugone
3093 5063 3364 5117 Mcnardo

125 5141 296 5198 nedicti
321 5149 518 5204 saltem
563 5151 622 5204 in
675 5151 762 5206 his
813 5150 1222 5222 episcopatibus
1272 5149 1677 5220 Andegavensi,
1767 5151 2041 5220 evulgato)
2062 5149 2142 5202 De
2161 5147 2440 5219 baptismo
2465 5149 2692 5203 Sabbati
2715 5149 3049 5214 sancti;ubi
3079 5150 3148 5204 de
3177 5150 3363 5222 bapti-

126 5224 422 5302 Pictavensi,
493 5241 903 5301 Aurelianensi,
947 5239 1305 5305 Cadurcensi,
1359 5238 1680 5304 Parisiensi,
1767 5237 2246 5294 smoinfantium:
2283 5260 2305 5285 ι
2341 5237 2448 5300 Qui
2472 5238 2640 5291 etiam
2658 5255 2767 5291 non
2787 5238 3364 5309 prohibenturlactari

129 5313 519 5392 Cenomanensi,
575 5329 977 5390 Suessionensi,
1052 5327 1502 5389 Vesontionensi,
1575 5328 1685 5381 Ro-
1768 5333 1899 5381 ante
1927 5343 2143 5381 sacram
2172 5326 2639 5392 communionem,
2673 5327 2719 5381 si
2748 5344 2974 5382 necesse
3002 5327 3190 5382 fuerit.
3229 5349 3251 5380 ι
3287 5330 3364 5384 Ex

129 5402 464 5480 thomagensi,
521 5415 812 5479 Meldensi,
870 5416 1301 5486 Moguntinensi,
1353 5415 1685 5479 Turonensi,
1771 5416 1931 5486 epist.
1965 5417 2119 5470 Jesse
2144 5415 2538 5470 Ambianensis
2570 5417 2815 5487 episcopi
2844 5417 2914 5471 ad
2943 5418 3261 5474 sacerdotes
3295 5419 3364 5474 de

132 5490 499 5567 Cameracensi,
517 5504 1312 5570 Lemovicensi,Ambianensi,
1334 5504 1689 5574 Augustodu-
1768 5504 2047 5574 baptismo
2076 5509 2203 5575 post
2231 5502 2474 5557 medium
2507 5504 2710 5565 (exstat
2737 5509 2864 5576 post
2907 5505 3174 5578 epistolas
3202 5507 3367 5563 Hinc-

134 5584 290 5652 nensi,
311 5588 618 5649 Redonensi
637 5595 930 5650 exstitisse.
951 5595 1162 5650 Verum
1180 5595 1249 5650 de
1265 5594 1353 5649 his
1374 5595 1501 5666 plus
1527 5594 1682 5650 satis.
1769 5592 1915 5649 mari
1943 5609 1978 5647 a
1995 5593 2208 5648 Joanne
2235 5591 2500 5648 Cordesio
2527 5592 2727 5664 editas)
2758 5611 2772 5649 ς
2797 5611 2824 5648 ι
2845 5593 3145 5650 Novissimi
3173 5601 3365 5654 autem

1747 3647 1862 3694 tem
1893 3640 2302 3712 presbyterum,
2329 3643 2491 3711 cujus
2505 3641 2620 3710 juri
2642 3648 2699 3695 et
2740 3643 2920 3697 omnis
2955 3644 3259 3714 provincia,
3292 3650 3351 3699 et

1748 3729 1854 3801 ipsi
1884 3730 2054 3783 etiam
2086 3729 2330 3800 episcopi
2361 3730 2556 3783 ordine
2609 3729 2876 3785 inusitato
2944 3731 3185 3786 debeant
3225 3749 3350 3788 esse

1749 3819 2008 3888 subjecti,
2036 3819 2194 3887 juxta
2226 3819 2539 3888 exemplum
2581 3818 2746 3888 primi
2775 3819 3018 3874 doctoris
3047 3820 3200 3875 illius
3230 3822 3353 3890 (Co-

1750 3907 2020 3964 lumbani)
2054 3907 2148 3977 qui
2170 3923 2281 3960 non
2303 3907 2614 3978 episcopus,
2648 3907 2747 3961 sed
2797 3907 3090 3979 presbyter
3137 3909 3354 3965 exstitit
