3892 6350
575 275 675 332 611

1775 271 2011 351 noxam
2047 265 2256 330 LUGJE
2292 265 2647 325 meum:

3723 274 3810 329 ﬁt").

554 365 786 470 corpore
813 403 871 452 et
897 397 1171 470 sanguine
1201 397 1408 452 Christi
1431 403 1434 408 '
1459 397 1826 452 confirmatur
1855 395 2056 455 infans,
2090 397 2150 445 ut
2171 393 2218 456 Α
2234 390 2533 459 gloriosus,
2563 392 2661 447 sed
2689 393 2853 446 fama;
2879 393 3121 448 deditus.
3153 394 3291 448 Erat
3317 392 3544 450 humilis
3572 393 3682 450 Deo
3701 412 3800 448 ser-

555 487 682 556 'ejus'
712 487 889 559 possit
919 504 1038 540 esse
1078 486 1412 551 membrum,
1447 485 1540 555 qui
1571 502 1669 554 pro
1702 501 1766 537 eo
1808 501 2005 554 passus
2055 488 2158 542 est,

557 580 614 627 et
634 575 957 639 resurrexit,
995 598 1018 622 ιι
1054 581 1158 628 etc.
1169 617 1186 643 ,
1207 593 1268 628 ex
1295 574 1472 630 sancti
1486 573 1784 643 Augustini
1803 572 2040 641 epistola
2059 570 2163 624 103

559 664 631 716 ad
650 663 893 716 Vitalem
912 663 1294 733 Pelagianum.
1320 663 1457 715 Vide
1480 667 1688 728 369,
1714 661 1760 714 si
1781 661 1992 730 placet;
2015 659 2166 712 velut

558 757 616 804 et
649 753 972 819 praedictum
1002 751 1354 813 Menardum,
1389 751 1535 803 notis
1579 735 1651 802 ad
1696 749 2028 819 productum
2063 746 2154 798 lib.

560 837 931 903 Sacrament.,
963 840 1152 911 pagin.
1203 839 1326 893 106.
1386 837 1701 892 Infantibus
1747 836 1986 889 rationis
2032 851 2165 888 usus

557 929 808 982 nondum
867 928 1228 1000 participibus
1254 928 1322 980 de
1354 927 1687 979 necessitate
1728 925 1924 978 salutis
1961 925 2163 977 eucha-

559 1015 730 1069 ristiae
759 1017 1134 1086 sumptionem
1163 1016 1311 1069 haud
1345 1032 1462 1068 esse
1499 1014 1699 1084 probat
1729 1014 1796 1067 de
1821 1014 2166 1066 Lanfrancus

560 1102 665 1158 hac
695 1105 750 1158 in
781 1105 1035 1175 epistola.
1080 1105 1138 1157 Id
1177 1105 1345 1157 etiam
1371 1103 1672 1156 declaravit
1721 1101 2015 1155 concilium
2048 1100 2166 1158 Tri-

561 1191 716 1246 dent.
751 1212 887 1247 sess.
913 1193 1001 1257 ‘ZI,
1030 1211 1073 1245 c.
1108 1193 1159 1255 -’I,
1194 1199 1250 1246 et
1276 1209 1400 1246 can.
1445 1198 1494 1247 4.
1543 1191 1952 1259 Rationemque
2004 1190 2167 1242 affert

557 1280 646 1334 his
677 1282 854 1335 verbis
879 1301 889 1334 :
921 1299 946 1332 (ί
981 1282 1270 1352 Siquidem
1295 1299 1392 1351 per
1411 1280 1674 1351 baptismi
1699 1281 1981 1332 lavacrum
2011 1295 2168 1346 rege-

559 1371 759 1434 nerati,
782 1377 838 1423 et
867 1371 1090 1425 Christo
1121 1370 1480 1440 incorporati,
1507 1369 1899 1438 adeptamjam
1922 1367 2166 1420 filiorum

559 1459 800 1536 gratiam
824 1459 880 1511 in
912 1458 1009 1510 illa
1040 1465 1203 1511 aetate
1253 1457 1512 1511 amittere
1541 1473 1652 1509 non
1683 1462 1936 1525 possunt.
1972 1456 2166 1524 Neque

555 1541 686 1599 ideo
719 1545 1037 1598 damnanda
1059 1551 1144 1598 est
1190 1544 1515 1614 antiquitas,
1570 1543 1615 1595 si
1665 1559 1793 1594 eum
1843 1557 2054 1593 morem
2109 1540 2167 1594 in

564 1633 896 1704 quibusdam
928 1633 1062 1685 locis
1094 1631 1663 1702 aliquandoservavit,
1697 1651 1716 1679 ι
1739 1637 1842 1682 etc.
1868 1631 1990 1681 Non
2005 1628 2168 1680 modo

2245 480 2553 546 vientibus;
2587 481 2762 534 durus
2788 481 2892 535 sibi
2933 481 3344 546 resistentibus,
3398 502 3418 531 ι
3471 488 3580 535 etc.
3637 483 3811 537 Deinde

2245 569 2524 622 concludit
2552 570 2657 624 hoc
2684 572 2884 623 modo:
2923 591 2945 622 ι
2991 570 3148 624 Pacis
3185 577 3372 624 autem
3417 576 3609 625 tantus
3647 579 3808 625 auctor

2246 657 2450 718 fuerat,
2484 659 2628 728 quod
2652 661 2836 728 puella
2859 677 2996 712 auro
3023 665 3227 713 onusta
3241 675 3474 727 regnum
3492 660 3701 727 Anglia:
3715 678 3808 729 per-

2248 746 2487 798 transire
2511 754 2698 816 posset
2727 748 2972 817 impune.
3014 769 3034 798 ι
3068 749 3204 800 Tam
3250 747 3461 817 potenti
3503 753 3668 817 atque
3705 750 3814 801 adeo

2246 834 2529 888 fortunato
2549 836 2665 905 regi
2695 837 2826 906 quid
2857 838 3102 899 tandem,
3161 837 3329 890 simul
3385 853 3447 889 ac
3493 854 3523 889 e
3583 837 3686 889 vita
3732 839 3815 889 mi-

2245 923 2443 994 gravit,
2478 925 2741 989 evenerit,
2802 926 2881 978 sic
2913 925 3134 978 exhibet
3167 925 3626 988 t)rderic.V'ital.,
3653 924 3816 980 lib.le

2249 1013 2398 1070 Hist.
2425 1031 2434 1064 :
2475 1032 2498 1062 (‹
2532 1013 2670 1068 Ecce
2698 1014 3120 1084 potentissimus
3153 1014 3334 1076 heros,
3363 1013 3450 1065 cui
3480 1029 3661 1082 nuper
3691 1014 3816 1082 plus-

2249 1120 2416 1174 quam
2448 1108 2670 1156 centum
2705 1103 2880 1155 millia
2911 1102 3147 1155 militum
3190 1101 3506 1155 serviebant
3559 1103 3727 1166 avide,
3776 1108 3818 1156 et

2249 1209 2416 1264 quem
2449 1193 2637 1244 multae
2667 1197 2863 1260 gentes
2895 1209 3019 1243 cum
3051 1198 3293 1243 tremore
3333 1189 3676 1252 metuebant,
3699 1207 3818 1244 nunc

2249 1298 2281 1334 a
2312 1281 2427 1333 suis
2457 1280 2698 1349 turpiter
2721 1280 2777 1332 in
2803 1280 2967 1332 domo
3008 1296 3118 1333 non
3150 1296 3252 1332 sua
3284 1279 3559 1348 spoliatus
3589 1286 3685 1342 est,
3723 1285 3770 1332 et
3794 1296 3820 1331 a

2249 1370 2433 1438 prima
2458 1385 2634 1439 usque
2663 1369 2730 1420 ad
2758 1369 2984 1422 tertiam
3014 1385 3186 1436 supra
3205 1369 3411 1421 nudam
3432 1369 3668 1422 humum
3697 1369 3822 1422 dere-

2248 1458 2431 1522 lictus,
2469 1476 2492 1509 λ)
2531 1463 2632 1510 etc.
2670 1457 2946 1512 Caeterum
2977 1474 3042 1511 ex
3071 1457 3405 1511 adnotandis
3435 1456 3582 1510 infra
3644 1456 3822 1526 patebit

2251 1563 2440 1614 regem
2471 1546 2852 1607 Gui-llelmum,
2885 1563 3013 1600 cum
3044 1546 3113 1599 ad
3146 1546 3329 1615 ipsum
3357 1545 3505 1597 hanc
3535 1551 3591 1598 et
3611 1562 3820 1614 sequen-

2252 1641 2363 1688 tem
2392 1635 2682 1704 epistolam
2718 1634 2986 1688 scriberet
3015 1635 3076 1688 B.
3130 1634 3501 1698 Lanfrancus,
3549 1634 3738 1702 degere
3777 1633 3821 1686 in

563 1721 622 1774 in
651 1722 770 1791 ipsa
797 1721 1059 1792 baptismi
1093 1721 1443 1790 susceptione
1503 1736 1717 1771 sacram
1772 1717 2166 1770 eucharistiam
2189 1701 2232 1758 B
2253 1723 2684 1779 Northmannia.

563 1809 862 1863 sumebant
893 1810 1134 1862 infantes
1159 1828 1170 1874 ;
1197 1809 1291 1862 sed
1324 1816 1379 1860 et
1407 1814 1601 1878 postea
1627 1806 1883 1860 sacrificii
1909 1806 2169 1875 reliquias

560 1897 651 1968 (ut
680 1898 1040 1968 antiquitatis
1069 1915 1222 1951 more
1251 1898 1464 1968 loquar)
1500 1902 1701 1966 quarta
1750 1902 1806 1947 et
1840 1902 1994 1947 sexta
2032 1894 2173 1947 feria

560 1987 888 2040 innocentes
917 1986 1151 2058 (indicto
1179 1985 1258 2039 eis
1277 1984 1519 2056 jejunio)
1551 1986 1674 2038 vino
1698 2000 2022 2054 conspersas
2050 1999 2172 2053 per-

563 2075 862 2146 cipiebant.
899 2075 1104 2129 Concil.
1151 2075 1558 2127 Matisconcnse
1608 2089 1665 2136 ιι,
1724 2089 1843 2126 can.
1903 2071 1970 2137 6;
2014 2089 2166 2124 conc.

556 2163 770 2217 Turon.
811 2178 893 2229 III,
927 2180 1050 2218 can.
1083 2164 1189 2218 19:
1227 2163 1514 2232 Evagrius,
1545 2163 1685 2215 Hist.
1725 2163 1927 2215 Eccles.
1963 2160 2060 2212 lib.
2097 2176 2168 2225 iv,

565 2269 686 2326 cap.
716 2251 801 2306 35.

571 2343 580 2363 ²
634 2339 676 2396 Α
708 2345 856 2408 ﬁdeli
900 2345 1056 2406 laico,
1108 2345 1158 2394 si
1191 2344 1473 2409 presbyter
1510 2343 1665 2401 desit,
1722 2342 2014 2407 baptizari,
2061 2342 2165 2390 etc-

563 2431 718 2486 Adeo
749 2431 1040 2500 perspicua
1064 2437 1148 2483 est
1177 2431 1286 2483 ista
1314 2431 1592 2483 sententia
1621 2446 1746 2483 cum
1777 2447 1842 2482 ex
1890 2428 2172 2480 multimo-

563 2519 650 2573 dis
677 2519 1039 2571 conciliorum
1090 2517 1346 2582 decretis,
1389 2524 1506 2570 tum
1529 2535 1592 2569 ex
1650 2515 1882 2568 diversis
1938 2516 2169 2567 Patrum

568 2608 796 2660 statutis
836 2607 997 2677 (quod
1029 2614 1084 2660 et
1127 2623 1267 2677 pene
1298 2605 1548 2676 quotidie
1571 2621 1674 2657 usu
1707 2605 1899 2669 venit),
1941 2611 2003 2656 ut
2048 2620 2170 2673 pro-

564 2696 793 2749 batione
823 2697 1054 2749 minime
1087 2696 1362 2766 indigeat;
1395 2695 1450 2746 in
1483 2693 1730 2747 confesso
1745 2693 1890 2746 enim
1918 2699 2002 2745 est
2022 2692 2168 2762 apud

567 2799 782 2849 omnes,
819 2783 1048 2848 absente
1081 2783 1451 2837 ecclesiastico
1475 2783 1587 2834 viro
1609 2798 1768 2852 posse
1791 2780 2012 2845 laieum,
2035 2779 2171 2849 quin

565 2877 622 2926 et
651 2872 960 2935 mulierem,
999 2880 1234 2941 urgente
1282 2871 1631 2936 necessitate,
1670 2886 1819 2942 aqua
1854 2868 2172 2922 Christiana

562 2963 780 3031 tingere
808 2959 1168 3014 infantulum.

633 3051 742 3104 Nec
770 3067 894 3103 cum
941 3056 1142 3112 tamen,
1176 3055 1304 3113 etc.,
1338 3066 1372 3101 α
1402 3051 1670 3101 consorlio
1701 3047 1947 3114 ﬁdelium.
1978 3049 2165 3113 sejun-

564 3143 721 3206 gunt.
760 3138 996 3209 Propter
1025 3138 1271 3191 rationes
1302 3138 1561 3207 superius
1583 3155 1616 3189 a
1641 3135 1873 3189 concilio
1895 3134 2169 3189 Tridenti-

567 3241 641 3280 no
672 3227 889 3280 allatas.

637 3314 1161 3366 Abrcnuntiamlznn
1221 3316 1295 3364 eis
1351 3315 1706 3371 decrevimus,
1773 3311 1968 3364 Hiatus
2031 3309 2170 3364 adeo

567 3399 815 3453 enormis
852 3400 955 3452 hac
988 3400 1046 3452 in
1076 3399 1312 3468 epistola
1360 3399 1622 3462 occurrit,
1678 3404 1741 3450 ut
1784 3397 1923 3450 nihil
1972 3403 2172 3466 praeter

568 3489 879 3550 exordium,
914 3493 1084 3557 atque
1105 3504 1276 3540 unam
1311 3488 1612 3540 alterumve
1644 3486 1808 3540 calcis
1841 3487 2045 3538 lineam
2078 3487 2173 3539 ha-

564 3579 826 3632 beremus
853 3595 865 3642 ;
896 3582 955 3628 at
981 3575 1249 3628 beneﬁcio
1281 3576 1513 3629 Joannis
1543 3576 1594 3628 le
1625 3575 1843 3638 Prévbt,
1878 3592 2002 3628 ecce
2034 3575 2171 3628 inte-

565 3684 727 3738 gram
761 3668 949 3735 (quam
980 3665 1394 3718 exscribendam
1417 3665 1654 3735 ipsemet
1684 3683 1747 3717 ex
1772 3665 1863 3718 lib.
1900 3664 2171 3734 Epistola-

564 3773 691 3811 rum
715 3755 1148 3809 Hibcrnicarum
1179 3753 1247 3806 ab
1270 3753 1492 3807 Usserio
1550 3753 1927 3822 vulgaturum,
1987 3759 2043 3805 et
2100 3753 2169 3806 ad

563 3861 656 3900 me
719 3843 1212 3898 transmittendam
1275 3842 1505 3909 curavit)
1578 3842 1777 3895 damus
1853 3843 1907 3894 in
1964 3843 2169 3896 lucem.

563 3934 724 3989 Illam
757 3934 934 4003 ipsam
966 3931 1334 3985 nihilominus
1369 3931 1616 3983 numeris
1644 3930 1902 3984 omnibus
1941 3930 2172 3982 minime

563 4041 685 4078 esse
706 4023 1017 4076 absolutam
1049 4027 1309 4073 extrema:
1342 4021 1499 4072 linea:
1539 4019 1848 4089 apograpbi
1894 4036 1928 4071 a
1966 4018 2170 4071 Jacobo

565 4119 864 4174 Sirmondo
895 4117 1135 4170 mutuati
1165 4116 1491 4186 scrupulum
1536 4115 1821 4184 ingerunt.
1873 4115 1986 4169 Illae
2037 4132 2168 4184 ergo

565 4209 646 4262 ita
670 4207 914 4261 habent:
953 4225 978 4257 α
1023 4206 1078 4259 Si
1111 4205 1338 4274 pollutis
1362 4205 1620 4257 manibus
1652 4222 1853 4274 corpus
1887 4203 2092 4257 Christi
2115 4211 2171 4258 et

566 4296 898 4366 sanguinem
933 4295 1281 4347 sanctilicare
1313 4294 1747 4364 prtesumpserit.
1803 4293 2168 4362 Omnipotens

2324 1814 2476 1866 Sicut
2507 1815 2767 1877 angelum
2793 1813 2902 1864 Dei.
2937 1810 3151 1865 Alludit
3179 1813 3262 1876 (ut
3283 1813 3428 1872 reor)
3450 1811 3522 1864 ad
3545 1809 3821 1880 sapientem

2252 1901 2554 1965 Thecuam,
2589 1899 2887 1952 Absalonis
2915 1899 3157 1952 reditum
3188 1917 3220 1952 a
3247 1899 3455 1953 Davide
3498 1899 3822 1968 expostulan-

2253 1994 2394 2042 tem:
2429 1990 2578 2043 Sicut
2613 1990 2759 2039 enim
2791 1991 3019 2054 angelus
3050 1989 3162 2048 Dei,
3201 1990 3277 2039 sic
3311 1994 3383 2040 est
3414 1990 3673 2042 domin-us
3702 2004 3821 2040 nisus

2254 2095 2366 2137 rer,
2407 2083 2461 2130 ul
2496 2095 2588 2129 nec
2619 2078 2981 2128 benedictione
3014 2094 3110 2128 nec
3145 2077 3525 2129 malediclione
3571 2081 3818 2130 moveatur

2257 2169 2338 2234 (II
2373 2169 2488 2233 Reg.
2533 2180 2650 2230 xxv,
2685 2164 2810 2233 47);
2843 2164 2998 2218 velad
3046 2165 3266 2226 Esther,
3314 2179 3406 2229 xv,
3446 2164 3534 2220 16.
3582 2165 3678 2218 Vel
3721 2180 3826 2219 sane

2251 2255 2486 2309 dixerim
2517 2270 2704 2324 regem
2729 2254 2992 2322 angelum
3013 2269 3381 2322 nuncupasse,
3407 2258 3494 2320 ut,
3510 2253 3652 2311 sicut
3669 2251 3820 2320 angeli

2253 2350 2339 2398 est
2365 2343 2627 2398 timorem
2660 2334 2934 2412 expellere
2965 2347 3134 2410 atque
3159 2342 3347 2398 omnia
3377 2358 3649 2412 prospera
3677 2347 3728 2394 et
3751 2357 3822 2392 sar-

2252 2433 2358 2488 luti
2409 2432 2701 2502 profutura
2741 2430 3186 2498 subministrare,
3221 2431 3298 2483 ita
3353 2447 3552 2499 regem
3593 2428 3821 2499 competit

2252 2521 2601 2576 subditorum
2649 2519 2867 2573 animos
2922 2519 3138 2583 sedare,
3178 2519 3369 2588 procul
3427 2519 3731 2572 molestiam
3780 2523 3822 2568 et

2253 2611 2438 2666 hostes
2470 2609 2817 2680 propulsare,
2872 2607 3151 2676 nullisque
3185 2615 3505 2675 parcentem
3553 2605 3820 2667 laboribus,

2247 2716 2444 2772 pacem
2467 2715 2576 2768 ριέε
2601 2695 2860 2750 omnibus
2881 2702 2998 2749 toto
3021 2696 3076 2748 in
3099 2713 3270 2765 regno
3301 2713 3630 2765 promovere
3645 2739 3656 2750 .

2323 2787 2642 2854 ltadulphus
2672 2802 2861 2837 comes.
2892 2786 2970 2838 De
3013 2801 3121 2853 quo
3171 2785 3239 2838 ad
3285 2784 3604 2853 epistolam.
3648 2782 3726 2848 ’10,
3769 2780 3822 2833 ad

2254 2893 2421 2948 quem
2451 2882 2535 2929 est
2565 2875 2760 2928 eadem
2789 2891 2915 2926 cum
2938 2872 3361 2942 insequentibus
3390 2873 3453 2928 41
3491 2881 3549 2928 et
3576 2875 3670 2930 42.

2749 2980 2818 3015 AD
2857 2975 3157 3014 EPISTOLAM
3183 2976 3344 3013 XXXV.

2321 3055 2608 3122 Episcopus
2622 3053 2946 3118 Gelu/rillus.
2965 3050 3410 3104 Constantiensns
3428 3049 3489 3103 in
3513 3051 3818 3104 Northman—

2250 3143 2373 3207 nia;
2400 3142 2557 3210 cujus
2587 3141 2655 3193 ad
2690 3139 2851 3210 epist.
2885 3136 2948 3194 33
2982 3138 3341 3194 meminimus
3372 3155 3566 3207 supra.

2324 3232 2648 3286 Guillelmus
2678 3231 2739 3281 de.
2781 3229 3072 3280 ll’a-renna.
3108 3226 3308 3280 Comes
3356 3227 3570 3279 Sureim
3599 3227 3705 3280 sive
3737 3226 3823 3278 Su—

2251 3321 2483 3389 thregiat
2512 3319 2570 3371 in
2601 3317 2820 3386 Anglia.
2875 3315 3206 3368 Guillelmus
3260 3315 3660 3384 Gemeticens.,
3705 3315 3823 3366 llist.

2253 3409 2349 3465 lib.
2386 3423 2480 3471 v11,
2516 3425 2634 3476 cap.
2670 3405 2758 3472 ‘22,
2791 3411 2848 3458 et
2876 3405 2971 3457 lib.
3008 3418 3125 3476 v11},
3152 3421 3271 3473 cap.
3308 3401 3374 3458 38
3401 3423 3413 3468 ;
3445 3403 3726 3457 Fundator
3750 3418 3824 3454 ex-

2255 3497 2401 3550 stitit
2430 3495 2756 3549 monasterii
2788 3496 2844 3547 S.
2873 3493 3154 3546 Pancratii
3180 3492 3236 3544 in
3264 3493 3484 3561 Anglia,
3513 3500 3653 3546 teste
3675 3491 3824 3545 Orde—

2255 3587 2367 3638 rico
2399 3590 2589 3651 3,0
2625 3583 2812 3644 Vitali,
2845 3583 2941 3634 lib.
2991 3596 3092 3634 VIII
3123 3581 3336 3634 Histor.
3385 3581 3457 3634 ad
3516 3597 3645 3636 ann.
3695 3577 3822 3636 1089.

2253 3677 2674 3728 Testamentum
2724 3671 3010 3724 Guillelmi
3061 3671 3207 3739 regis
3267 3669 3583 3737 Anglorum
3612 3666 3823 3722 ecclesia:

2256 3766 2312 3818 S.
2357 3764 2636 3817 Pancratii
2690 3763 3050 3816 donationem
3108 3763 3334 3833 profert,
3393 3764 3454 3816 in
3517 3760 3824 3817 Bibliotheca

2256 3852 2629 3914 Cluniacensi,
2666 3869 2792 3921 pag.
2817 3850 2883 3906 53
2900 3851 2938 3906 ι.

2325 3945 2580 3996 Ruberlus
2611 3943 2790 3993 .llalcl.
2827 3939 3147 3993 Clarissima
3178 3941 3325 4008 apud
3367 3941 3590 3994 Caletes
3636 3935 3820 3992 familia

2254 4032 2536 4085 Maletana
2565 4049 2576 4096 ;
2615 4030 2762 4082 unde
2792 4036 2848 4081 et
2877 4028 3014 4081 illud
3045 4028 3312 4083 Gallicum
3343 4029 3713 4098 proverbium:

2468 4121 2556 4172 Lcs
2587 4120 2777 4171 .lIalels
2798 4123 2844 4169 el
2870 4121 2940 4169 les
2961 4119 3252 4170 .llarlcaux

2465 4207 2596 4262 Solit
2631 4210 2701 4259 les
2729 4209 2854 4274 plus
2886 4208 3063 4258 nobch
3085 4208 3146 4257 de
3178 4207 3346 4259 Caur.

2321 4297 2478 4350 Inter
2508 4294 2842 4364 cognomina
2871 4311 3065 4348 eorum
3098 4295 3345 4364 quicum
3379 4296 3672 4350 Guillelmo
3707 4294 3820 4345 Con-

564 4385 837 4440 Dominus
858 4400 954 4436 vos
983 4382 1275 4436 benedicat
1308 4390 1362 4436 et
1417 4383 1485 4436 de
1540 4389 1762 4454 pastore
1803 4387 1985 4435 vestro
2028 4363 2512 4456 deSi-unestore
2553 4385 2811 4456 Angliam
2855 4384 3094 4454 ingressi
3143 4391 3295 4449 sunt,
3344 4385 3399 4438 in
3441 4388 3551 4440 line
3599 4383 3820 4439 Historiae

564 4476 818 4530 deratam
849 4473 1000 4527 vobis
1030 4474 1280 4528 lmtitiam
1300 4474 1529 4527 tribuat.
1555 4493 1576 4522 ι
1603 4473 1735 4536 Quae
1755 4472 1978 4543 quidem
1999 4471 2168 4526 verba

565 4566 625 4618 in
654 4565 956 4618 Usseriana
994 4561 1235 4615 editione
1260 4579 1370 4614 non
1420 4566 1660 4616 exstant.
1697 4561 1855 4613 Unde
1895 4561 2044 4613 haud
2087 4559 2166 4613 ita

565 4653 808 4707 alienum
841 4671 874 4706 a
905 4669 1032 4704 vero
1077 4653 1250 4705 fuerit
1289 4667 1539 4704 asserere
1590 4667 1946 4720 nequaquam
1997 4651 2166 4719 hujus

565 4742 831 4813 epistolae,
875 4741 971 4794 sed
1002 4738 1378 4809 responsionis
1417 4738 1487 4790 ad
1530 4735 1595 4792 37
1635 4739 1926 4808 epistolam
1971 4738 2165 4792 Dubli-

563 4831 848 4900 nensium,
881 4834 982 4882 aut
1011 4828 1178 4880 aliam
1211 4827 1267 4879 id
1296 4843 1492 4896 genus,
1530 4830 1647 4880 fore
1693 4827 2126 4881 conclusionem.

579 4919 582 4922 ’
1040 4934 1109 4968 ΑΙ)
1150 4928 1455 4970 EPISTOLAM
1494 4931 1682 4969 xxx1v.

633 5010 940 5074 Anglorum
973 5009 1087 5070 regi
1120 5006 1407 5057 Willclmo.
1433 5005 1621 5058 Primo
1647 5022 1747 5059 seu
1779 5005 2166 5076 Conquestori,

561 5099 722 5168 cujus
752 5095 1058 5149 antitheses
1081 5094 1469 5163 supplemento
1495 5111 1592 5147 suo
1612 5111 1714 5146 ms.
1734 5095 1803 5147 ad
1829 5095 2168 5164 Sigibertum

561 5187 803 5240 intexuit
827 5185 1054 5238 Robert.
1088 5183 1156 5235 de
1177 5185 1362 5235 Monte
1399 5184 1468 5236 ad
1498 5201 1630 5237 ann.
1681 5181 1841 5238 1087:
1872 5203 1891 5233 α
1951 5183 2168 5236 Willel-

567 5293 712 5339 mus,
748 5272 950 5344 inquit,
987 5271 1244 5325 omnibus
1275 5272 1696 5325 Nortlnnanniae
1721 5271 2040 5324 consulibus
2058 5272 2166 5324 for-

564 5363 674 5416 tior
703 5363 826 5427 fuit,
863 5359 1120 5414 omnibus
1151 5361 1459 5430 Anglorum
1483 5360 1705 5428 regibus
1737 5360 2169 5429 potentior,om-

565 5453 730 5507 nibus
758 5451 1258 5522 przedecessoribus
1290 5451 1404 5505 suis
1435 5451 1600 5504 laude
1631 5449 1868 5520 dignior.
1906 5451 2036 5503 Erat
2060 5469 2162 5504 au-

563 5547 683 5595 tem
725 5542 964 5613 sapiens,
999 5541 1098 5598 sed
1135 5547 1386 5609 astutus;
1439 5541 1705 5611 locuples,
1747 5539 1845 5594 sed
1882 5539 2156 5610 cupidus;

2250 4474 2673 4530 Northmannize
2705 4473 2895 4542 script.
2922 4473 2990 4525 ab
3021 4474 3246 4526 Andrea
3280 4474 3352 4526 du
3397 4475 3632 4532 Chesne.
3680 4471 3819 4526 Malct

2249 4569 2568 4617 recensetur
2597 4568 2725 4616 ante
2759 4563 3026 4623 medium,
3055 4579 3155 4614 nec
3183 4579 3294 4616 non
3321 4568 3377 4616 et
3393 4562 3450 4615 in
3487 4565 3596 4616 ﬁne
3615 4556 3817 4620 catalogi

2248 4652 2496 4722 proxime
2520 4651 2824 4720 sequentis,
2866 4650 2960 4719 qui
2983 4656 3344 4719 praenotatur.
3384 4670 3405 4701 ι
3441 4652 3721 4719 Magnates
3741 4661 3817 4697 su-

2249 4741 2527 4810 perstites,
2553 4746 2657 4793 etc.
2691 4740 2967 4794 Robertus
2994 4740 3164 4792 Malet
3191 4756 3334 4792 surr.
3368 4759 3389 4788 »
3415 4741 3478 4794 In
3505 4752 3818 4807 consequen-

2249 4829 2400 4884 tibus
2449 4845 2670 4899 quoque
2728 4827 2944 4884 duobus
2999 4828 3266 4896 catalogis
3322 4829 3527 4886 iterum
3577 4827 3820 4882 Robertus

2252 4918 2427 4972 Malet
2476 4918 2782 4986 reperitur;
2833 4923 2888 4970 et
2947 4918 3095 4986 apud
3156 4918 3406 4972 Orderic.
3460 4918 3646 4978 νήει..
3696 4912 3815 4968 Hist.

2252 5006 2349 5058 lib.
2391 5021 2465 5071 Ix,
2500 5023 2626 5076 pag.
2655 5004 2759 5059 804
2791 5011 2847 5058 et
2874 5004 2998 5060 805.

2702 5111 2781 5153 AD
2828 5111 3162 5154 EPISTULAM
3205 5113 3410 5158 XXXVI.

2323 5187 2609 5250 Proplcrea
2627 5186 2759 5248 elegi
2767 5200 2884 5236 mus
2903 5186 3301 5250 presbytwum,
3325 5192 3429 5239 etc.
3455 5184 3693 5252 Antiqua
3712 5193 3818 5232 con-

2251 5273 2488 5328 suetudo
2518 5272 2642 5336 fuit,
2674 5271 2730 5324 in
2758 5273 3018 5339 primmva
3044 5274 3398 5341 potissimum
3424 5272 3675 5330 Ecclesia,
3707 5263 3817 5321 cieri

2252 5369 2308 5415 et
2344 5361 2534 5434 populi
2575 5361 2855 5430 suffragiis
2910 5361 3197 5430 episcopos
3245 5361 3439 5415 creari.
3477 5361 3541 5414 In
3596 5359 3813 5414 Oriente,

2247 5451 2376 5504 licet
2400 5468 2533 5503 usus
2564 5457 2758 5522 postea
2783 5450 3084 5504 invaluerit
3112 5456 3175 5504 ut
3204 5451 3260 5510 in
3302 5451 3680 5520 episcoporum
3720 5444 3816 5497 ele-

2247 5539 2523 5600 ctionibus
2556 5540 2748 5612 populi
2797 5539 3067 5609 suffragia
3113 5540 3345 5602 minime
3393 5539 3815 5610 exposcerentur,
