3892 6356
95 302 202 359 ,δη
1134 301 1211 354 IN
1251 299 1471 364 EPiST.
1513 297 1584 366 is.
1621 297 2038 371 LANFBANGI
2078 304 2314 359 NOTZE.
3251 318 3356 382 ῥα

112 431 226 496 past
253 425 542 496 synodum
568 441 769 495 nempe
797 425 1104 487 Nicaanam,
1149 441 1293 494 qua,
1324 440 1448 488 can.
1481 421 1533 490 3,
1557 423 1925 494 epi-Aepist.
1961 428 2063 484 142
2111 438 2168 484 et
2217 430 2337 493 14.7,
2380 434 2510 496 libr.
2550 449 2637 494 m.
2691 437 2820 494 Non
3051 441 3220 504 modo
3267 443 3360 505 vel

111 532 308 585 scopos,
358 515 514 568 nulla
566 513 699 567 cleri
729 513 1018 584 plebisque
1055 514 1201 566 facta
1254 513 1559 577 mentione,
1609 512 1679 565 ab
1765 515 2046 582 Hibernis,
2080 521 2176 573 sed
2207 526 2263 574 et
2289 523 2486 592 Anglis
2512 524 2680 595 longe
2725 532 2856 579 ante
2885 533 3142 598 tempore
3177 531 3358 598 sancti

107 603 359 673 episcopis
379 603 513 672 eli-gi
540 608 708 672 atque
739 602 989 661 ordinari
1010 601 1190 670 jubet.
1243 602 1312 654 Et
1345 601 1674 660 Laodicena,
1761 604 2077 670 Lanfranci,
2102 609 2158 662 id
2183 610 2301 663 vitii
2325 611 2584 666 innatum
2616 615 2781 668 luisse
2803 625 3245 684 commemorant
3264 637 3359 683 an:

106 708 216 745 can.
249 690 328 754 13,
357 692 710 747 sacerdotum
766 692 1064 750 electiones
1091 690 1271 743 turbis
1304 690 1415 742 sive
1459 691 1678 759 populis
1761 692 2033 762 tiquiores
2065 703 2340 752 auctores.
2362 701 2555 762 Gildas
2586 702 2642 756 in
2659 704 2870 758 excidio
2903 705 3205 766 Britannum
3234 715 3360 778 post

105 780 336 850 permitti
349 782 601 836 vetat.In
621 781 1054 837 occidentalibus
1075 789 1264 840 tamen
1287 781 1548 834 Ecclesiis
1584 783 1677 849 jus
1759 780 1986 836 initium
2013 799 2024 832 :
2063 805 2084 834 ι
2122 787 2298 855 Reges
2331 789 2500 842 habet
2528 791 2840 856 Britannia,
2873 795 2968 848 sed
3000 801 3291 865 tyrannos.
3326 821 3353 848 υ

1760 870 1828 922 Et
1858 878 1980 940 post
2005 890 2197 942 pauca.
2235 895 2256 927 ι
2287 877 2464 939 Quam
2493 879 2764 948 plurimas
2785 884 3050 952 conjuges
3067 886 3354 954 habentes,

1763 958 1855 1026 sed
1879 967 2188 1016 scortantes
2208 970 2265 1016 et
2284 965 2719 1031 adulterantes.»
2732 970 3124 1027 D.Bonifacius
3146 977 3359 1031 archie-

1761 1046 2016 1118 piscopus
2050 1053 2404 1120 Moguntinus
2443 1057 2592 1125 apud
2623 1058 3008 1125 Malmesbur.,
3055 1061 3153 1116 lib.
3197 1079 3214 1125 ι
3267 1065 3354 1126 De

105 871 238 925 istud
263 870 516 940 suffragii
535 870 596 923 in
625 871 1017 926 renuntiandis
1046 871 1320 940 episcopis
1351 873 1555 940 populo
1587 889 1676 924 re-

103 960 308 1023 mansit,
340 976 405 1013 ac
433 960 531 1013 diu
561 960 950 1029 perseveravit,
978 959 1367 1029 donec,pu.lsis
1385 961 1671 1025 Romanis,

99 1047 262 1101 exorti
291 1065 452 1116 reges
478 1065 582 1103 sua
608 1048 880 1103 interesse
910 1048 1179 1108 ducerent
1218 1049 1504 1117 episcopos
1544 1049 1675 1117 eligi

102 1135 305 1190 nonnisi
357 1135 636 1191 arbitratu
665 1144 721 1189 et
766 1138 1054 1193 voluntate
1087 1155 1207 1196 sua.
1250 1140 1318 1193 Et
1347 1140 1462 1192 haec
1492 1140 1676 1193 erudi-

103 1223 238 1277 tione
274 1223 622 1279 clarissimus
656 1226 984 1282 Sirmondus
1021 1227 1213 1284 multis
1248 1227 1450 1296 probat
1487 1245 1675 1281 exem-

103 1312 213 1381 plis,
246 1312 303 1365 in
328 1314 659 1382 praefatione
679 1315 748 1368 ad
791 1315 1058 1374 formulas
1085 1316 1347 1384 antiquas
1379 1317 1678 1385 promotio-

98 1416 217 1454 num
248 1402 670 1472 episcopaliu-m,
705 1403 775 1458 ad
805 1405 1011 1460 calcem
1049 1410 1185 1461 tom.
1216 1406 1268 1460 LI
1298 1405 1675 1461 Conciliorum

101 1488 294 1542 Galliae.

155 1578 312 1629 Nobis
365 1580 838 1644 sufﬁcientissime
876 1583 1179 1648 cognitum,
1233 1587 1336 1635 etc.
1392 1583 1588 1637 Plures
1617 1583 1673 1636 id

96 1684 254 1735 genus
283 1668 606 1723 litterarum
635 1670 923 1736 formulas,
941 1673 1060 1726 loco
1090 1674 1340 1743 proxime
1364 1674 1535 1728 citato
1564 1676 1674 1728 for-

97 1757 234 1808 mula
246 1755 289 1810 -7
314 1763 372 1810 et
398 1774 522 1828 seq.
556 1759 743 1812 videre
770 1765 873 1812 est.

518 1865 597 1907 AD
627 1867 961 1911 EPISTOLAM
994 1869 1228 1910 ΧΧΧνΗ.

154 1945 419 1997 Hiberniae
476 1949 602 2012 regi
661 1947 928 2000 Gothrz‘co.
991 1947 1265 2001 Dubliniaa
1328 1951 1540 2017 regulo,
1607 1957 1672 2003 ut

96 2038 269 2084 auctor
295 2039 381 2086 est
401 2034 646 2087 Jacobus
672 2036 930 2090 Usserius
959 2038 1016 2089 in
1066 2038 1438 2108 Epistolarum
1472 2040 1667 2092 Hiber-

95 2119 323 2173 nicarum
346 2123 583 2192 sylloge.
617 2130 749 2177 nota
775 2124 836 2178 in
860 2126 1151 2195 epistolam
1177 2128 1234 2181 B.
1271 2129 1565 2181 Lanfranci
1596 2131 1666 2182 ad

93 2205 492 2275 Terdelvacum,
529 2217 586 2264 et
628 2212 697 2264 ad
741 2213 882 2266 hanc
921 2215 1215 2283 epistolam
1247 2230 1258 2262 :
1298 2232 1323 2267 α
1367 2217 1666 2270 Gothricus

97 2294 186 2354 hic.
201 2298 395 2368 inquit,
418 2315 537 2352 non
562 2300 704 2353 alius
723 2301 895 2354 fuisse
913 2303 1133 2356 videtur
1163 2321 1330 2373 quam
1351 2306 1662 2370 Godredus,

96 2393 440 2453 cognomento
474 2388 736 2455 Crouan;
798 2391 866 2442 de
906 2407 1015 2461 quo
1051 2393 1108 2444 in
1158 2394 1432 2454 Chronico
1470 2412 1666 2464 regum

95 2471 309 2527 Manniaa
340 2476 408 2528 ad
449 2493 545 2528 an.
585 2475 735 2531 1066.
762 2480 1052 2533 Godredus
1082 2481 1400 2551 subjugavit
1429 2483 1533 2536 sibi
1559 2486 1667 2537 Du-

94 2556 320 2624 bliniam,
355 2569 413 2616 et
461 2580 724 2633 magnam
752 2574 969 2635 partem
1015 2569 1082 2621 de
1123 2571 1438 2638 Laynostir.
1474 2573 1666 2625 Scotos

94 2663 204 2701 vero
231 2651 307 2704 ita
335 2653 677 2719 perdomuit,
711 2662 784 2722 ut,
805 2658 992 2709 nullus
1013 2659 1108 2726 qui
1137 2657 1438 2712 fabricaret
1466 2677 1665 2714 navem

90 2737 160 2787 vel
175 2740 450 2808 scapham,
480 2757 653 2794 ausus
675 2752 824 2797 esset
846 2747 1140 2814 plusquam
1167 2753 1282 2800 tres
1309 2749 1490 2802 clavos
1523 2749 1666 2803 inse-

91 2841 212 2878 rere.
246 2829 523 2897 Regnavit
569 2837 758 2885 autem
797 2831 859 2888 16
891 2836 1070 2901 annis,
1105 2841 1162 2888 et
1193 2844 1446 2890 mortuus
1487 2845 1571 2891 est
1609 2840 1665 2892 in

1758 1142 1900 1204 gest.
1925 1139 2253 1207 Anglorum,
2287 1143 2527 1204 nefanda
2560 1146 2656 1200 illa
2687 1147 3014 1206 Ethelberto
3045 1156 3165 1216 δα
3185 1161 3219 1216 Ι
3241 1156 3354 1213 An-

1756 1225 1976 1291 glorum
2009 1229 2124 1297 regi
2157 1229 2368 1299 objicit.
2402 1234 2561 1294 Quod
2588 1241 2775 1289 autem
2805 1239 2982 1292 Scotis
3026 1241 3200 1296 fuerit
3224 1242 3351 1302 talis

1758 1313 1928 1367 libido
1959 1318 2115 1384 quasi
2148 1319 2521 1388 haereditaria,
2577 1325 2825 1393 ostendit
2866 1327 2922 1381 S.
2953 1328 3348 1400 Hieronymus,

1758 1401 1851 1458 lib.
1885 1419 1945 1470 lI,
1979 1406 2245 1460 adversus
2273 1409 2648 1477 Jovinianum,
2682 1421 2812 1466 ante
2843 1416 3112 1472 medium.

2174 1515 2254 1556 AD
2300 1516 2632 1564 EPISTOLAM
2677 1519 2932 1566 XXXVIII.

1830 1590 2102 1644 Ilz'bern
2122 1597 2241 1660 regi
2266 1597 2600 1651 Terdelvaeo.
2621 1600 2813 1654 Jacobi
2840 1603 3054 1659 Usserii
3073 1609 3352 1678 conjectu-

1755 1691 1878 1729 ram
1923 1679 2026 1731 hoc
2077 1681 2195 1734 loco
2237 1689 2380 1750 (cum
2413 1691 2470 1738 et
2511 1687 2650 1740 nihil
2707 1689 2934 1744 aliunde
2974 1701 3236 1766 suppetat
3282 1698 3351 1752 de

1688 1775 1734 1834 Β
1753 1763 2106 1834 Terdelvaco)
2139 1769 2386 1825 inserere
2412 1773 2592 1827 visum
2620 1782 2704 1828 est
2727 1795 2739 1841 ;
2776 1777 2868 1830 ille
2898 1763 3076 1848 igitur
3104 1784 3174 1836 ad
3207 1802 3345 1840 eam-

1754 1851 1878 1904 dem
1914 1855 2205 1923 epistolam
2237 1859 2290 1912 in
2322 1862 2471 1914 notis
2504 1863 2572 1915 ad
2597 1864 2872 1933 Epistolas
2905 1869 3234 1925 Ilibernicas
3265 1890 3350 1927 as-

1754 1940 1892 1992 serit
1927 1942 2324 1998 Terdelvaeum
2361 1963 2715 2019 nequaquam
2763 1943 3026 2008 Gothrici'
3062 1974 3348 2014 successo-

1757 2045 1892 2093 rem,
1926 2031 2022 2083 sed
2054 2033 2248 2086 eodem
2280 2036 2448 2088 simul
2491 2044 2741 2108 tempore
2773 2047 2828 2093 et
2863 2043 3191 2100 Gothricum
3236 2049 3346 2102 Du-

1749 2116 1934 2171 bliniee
1955 2123 2229 2190 regulum,
2256 2130 2311 2177 et
2334 2116 2733 2182 TerdelvaCum
2755 2146 3036 2186 summum
3065 2135 3346 2199 Hibermze

1751 2223 1940 2276 regem
1971 2211 2167 2278 egisse.

1823 2298 2026 2352 Contra
2077 2307 2393 2357 sanctorum
2434 2322 2710 2360 canonum
2739 2311 3192 2375 prohibitionem,
3228 2321 3336 2368 etc.

1749 2385 1931 2440 Tritas
1955 2404 2041 2441 res
2072 2390 2210 2443 adeo
2240 2408 2351 2445 non
2377 2392 2467 2446 hic
2487 2398 2815 2451 retexendas
2829 2400 3040 2469 judico.
3068 2402 3226 2464 Quod
3272 2404 3343 2474 ad

1749 2476 2009 2544 conjugia
2061 2479 2395 2545 adulterina,
2426 2489 2514 2536 sat
2541 2485 2750 2540 dictum
2781 2489 3036 2556 proxima
3080 2477 3350 2561 epistola...

1748 2563 1873 2616 Non
1903 2566 1972 2616 ab
2001 2583 2113 2620 uno
2144 2569 2423 2640 episcopo,
2459 2573 2556 2627 sed
2586 2590 2618 2626 a
2644 2575 2823 2629 tribus
2845 2579 3166 2649 episcopum
3198 2582 3343 2635 ordi-

1749 2653 1998 2706 nandum
2027 2657 2094 2712 ad
2129 2657 2418 2727 epistolam
2457 2660 2512 2716 12
2537 2665 2856 2717 e.nonniliil
2879 2667 3211 2723 adnotatum
3233 2676 3337 2724 est.

1750 2741 1943 2795 Plures
1964 2761 2092 2796 vero
2123 2746 2183 2798 in
2213 2763 2323 2800 una
2352 2748 2570 2802 civitate
2593 2752 2879 2822 episcopos
2899 2756 3342 2813 minimeconsti-

1749 2831 1985 2885 tuendos
2002 2834 2204 2900 passim
2227 2836 2528 2904 prohibent
2547 2839 2762 2908 antiqui
2778 2858 3019 2896 canones
3030 2850 3085 2897 et
3104 2847 3338 2900 Patrum

90 2911 251 2968 insula
275 2934 398 2987 quae
427 2925 663 2988 vocatur
692 2922 795 2978 lle.
833 2942 859 2974 »
1746 2917 1987 2973 decreta.
2022 2922 2219 2974 Hilarii
2248 2940 2404 2994 papae
2433 2927 2595 2994 epist.
2629 2927 2682 2993 ‘2,
2718 2945 2774 2982 n.
2806 2928 2866 2994 4;
2893 2933 3332 3002 conc.Lugdu.I,

149 3006 469 3070 Patricium,
493 3025 670 3074 quem,
690 3014 906 3070 etc.,ad
921 3030 1014 3066 nos
1027 3017 1456 3068 consecrandum
1475 3023 1662 3070 trans—
1689 3085 1721 3092 _
1745 3022 1872 3060 030-
1901 3008 1935 3060 5
1959 3027 1970 3074 Ξ
1997 3009 2389 3081 cabilonense,
2412 3031 2501 3066 ³η·
2526 3012 2648 3077 δέ)ον
2682 3033 2802 3070 Can-
2824 3019 2878 3072 4-
2904 3020 3072 3073 νοῙιη
3093 3028 3147 3074 et
3167 3039 3336 3092 Pecu-

95 3095 239 3158 misit,
273 3100 376 3148 etc.
411 3097 679 3166 Suspicor
720 3099 1075 3154 Dublinensis
1105 3103 1238 3155 cleri
1268 3109 1324 3155 ct
1353 3105 1541 3175 populi
1573 3106 1659 3158 lit-
1679 3085 1723 3144 C
1745 3096 1865 3148 nias
1896 3097 2312 3153 ordinationum
2341 3102 2525 3170 gratia
2552 3103 2988 3176 haudquaquam
3034 3109 3333 3179 exigendas

90 3185 310 3236 terarum
340 3185 581 3250 latorem
613 3187 782 3240 fuisse
809 3190 1137 3256 Patricium,
1167 3197 1231 3245 ut
1259 3200 1516 3247 constare
1539 3200 1657 3248 tum

1761 3185 1938 3239 :oncil.
1959 3186 2166 3242 Turon.
2186 3203 2246 3251 II,
2281 3206 2403 3242 can.
2429 3190 2528 3257 27;
2557 3193 2763 3248 Concil.
2788 3195 2997 3250 Nicazni
3019 3214 3073 3262 ιι,
3095 3215 3217 3252 can.
3245 3199 3332 3263 l9.

91 3285 141 3320 ex
166 3270 384 3339 eisdem,
420 3281 545 3328 tum
581 3276 748 3329 etiam
770 3295 832 3330 ex
855 3279 940 3331 his
962 3280 1033 3332 ad
1063 3281 1390 3335 Gothpicum
1415 3283 1652 3336 videtur.
1741 3275 1822 3326 De
1852 3274 2171 3329 chrismatis
2198 3278 2457 3332 unctione
2479 3279 2535 3332 in
2554 3280 2830 3352 baptismo
2848 3286 3182 3340 conferendo
3208 3289 3327 3343 fuse

88 3354 237 3412 Porro
257 3368 672 3418 antecessorum
689 3383 860 3429 more,
885 3368 1212 3422 obedientize
1230 3370 1652 3440 professionem,
1741 3365 2035 3418 Menﬂl‘dus
2090 3373 2280 3420 HOStBF
2324 3373 2444 3422 tum
2494 3386 2559 3422 ΘΧ
2591 3370 2820 3425 Patrum
2851 3376 3161 3438 sententiis.
3213 3382 3334 3432 tum

89 3456 288 3514 peracta
316 3452 691 3510 ordinatione.
725 3455 898 3508 edidit
918 3457 985 3510 ad
1018 3475 1138 3511 eam
1172 3459 1491 3513 formulam.

1761 3453 1912 3504 :tiam
1952 3470 2017 3506 ex
2059 3455 2290 3509 diversis
2339 3458 2699 3512 conciliorum
2749 3462 3076 3528 canonibus,
3133 3465 3191 3520 in
3235 3465 3330 3520 lib.

300 3544 537 3594 Patricii
565 3545 916 3598 Dublinensis
940 3551 1172 3616 epz'scoju'
1198 3554 1478 3617 professio.
1743 3541 2087 3596 sacrament-
2122 3544 2187 3597 D~
2220 3545 2492 3614 Gregorii:
2524 3563 2652 3616 Pag-
2681 3546 2782 3604 108
2812 3564 2866 3603 οῖ
2894 3569 3011 3622 53‘1-

153 3643 175 3675 c
206 3627 466 3699 Quisquis
484 3631 610 3684 aliis
634 3635 913 3701 praesidet,
937 3637 981 3688 si
1002 3638 1189 3706 etipse
1211 3639 1335 3692 aliis
1349 3641 1653 3710 subjaceat,
2177 3650 2260 3692 AD
2305 3651 2638 3697 EPISTOLAM
2682 3656 2890 3699 XXXIX-

91 3711 347 3784 dedignari
378 3736 493 3772 non
524 3720 723 3788 debet;
757 3724 850 3775 sed
882 3725 1063 3793 potius
1086 3726 1656 3800 obedientiam,quam
1810 3728 2032 3793 Ποθειηό
2063 3733 2272 3782 comiti.
2299 3732 2583 3785 Guillelmi
2612 3735 2832 3789 comitis
2865 3737 2963 3790 filii
2995 3739 3232 3795 Osberni
3259 3742 3326 3810 (si

89 3803 383 3873 asubjectis
436 3811 556 3862 suis
595 3811 876 3864 desiderat
920 3813 1145 3878 habere,
1202 3823 1429 3886 prOptcr
1477 3819 1653 3873 Deum
1740 3816 2116 3884 conjecturam
2167 3819 2504 3874 interserere
2535 3822 2714 3889 liceat)
2765 3825 2898 3878 lilio.
2936 3827 3013 3880 De
3043 3845 3152 3898 quo
3181 3830 3337 3884 Guil-

89 3891 284 3946 studeat
307 3897 555 3963 praelatis
586 3897 688 3950 sibi
716 3915 815 3968 per
842 3903 1031 3954 omnia
1054 3903 1342 3956 humiliter
1372 3907 1648 3961 exhibere.
1736 3903 1826 3955 lel.
1857 3906 2072 3958 Gemet.
2102 3907 2252 3972 Hist.
2291 3908 2385 3961 lib.
2421 3909 2470 3972 7,
2504 3927 2620 3979 cap.
2651 3910 2754 3978 ‘25;
2786 3914 3008 3968 Guillel.
3035 3891 3326 3985 Dilalmesh.

88 3975 362 4049 Pmpterea
382 4002 485 4054 ego
508 3986 781 4040 Patricius
807 3989 872 4042 ad
893 3992 1191 4058 regendam
1210 3993 1509 4048 Dublinam
1536 4015 1654 4051 me-
1735 3991 1770 4043 1.
1810 4007 1869 4045 III
1899 3994 1978 4046 De
2007 3995 2166 4050 Gest.
2214 3998 2377 4065 Angl.
2441 3998 2499 4050 in
2545 3975 2824 4053 Willelino
2856 4002 2880 4055 Ι
2914 4020 2925 4053 :
2982 4022 3007 4054 α
3047 3983 3320 4074 Rogerus,

88 4071 320 4138 tropolim
350 4075 631 4129 Hiberniae
671 4077 878 4131 electus
907 4080 1157 4141 antistes,
1196 4081 1316 4148 tibi,
1353 4086 1654 4140 reverende
1736 4080 1940 4150 inquit,
1974 4099 2007 4134 a
2038 4099 2168 4152 rege
2194 4084 2426 4138 vinculis
2462 4086 2717 4140 irretitus
2755 4094 2872 4142 tota
2903 4093 3014 4145 vita
3035 4110 3320 4150 carcerem

89 4147 233 4212 Pater
271 4157 596 4223 Lanfrance,
648 4161 1062 4217 Britanniarum
1098 4166 1327 4234 primas,
1364 4180 1420 4221 ct
1449 4176 1652 4224 sanctae
1703 4221 1708 4224 _
1737 4170 2109 4239 lrequentavit
2135 4173 2218 4224 vel
2248 4175 2434 4243 potius
2463 4174 2698 4229 incoluit
2717 4177 3057 4234 detestandae
3082 4183 3327 4252 perﬁdiae

89 4235 501 4300 Dorobemensis
552 4248 802 4305 Ecclesia:
829 4252 1261 4323 archiepiscopo,
1292 4257 1653 4326 professionis
1731 4259 1970 4326 juvenis,
2007 4277 2106 4313 nec
2129 4261 2377 4316 moribus
2406 4264 2736 4333 patrissans,
2770 4285 2793 4316 ι
2829 4274 2934 4321 etc.

92 4343 205 4384 mere
231 4335 478 4390 chartam
520 4339 767 4408 porrigo,
801 4357 999 4410 meque
1031 4342 1132 4395 tibi
1182 4345 1407 4414 tuisque
1440 4364 1720 4434 succes-n
1810 4349 2085 4402 Gloriosus
2113 4355 2268 4417 pater
2296 4359 2484 4406 vester.
2518 4353 2858 4425 Willelmus-_
2889 4359 3006 4429 1an
3008 4377 3039 4430 3
3083 4361 3152 4415 ad
3176 4362 3326 4434 θρίδ-

90 4419 276 4475 soribus
303 4424 356 4478 in
384 4427 644 4480 omnibus
674 4446 797 4498 qua:
825 4431 894 4482 ad
926 4432 1304 4487 Christianam
1323 4436 1651 4506 religionem
1673 4419 1720 4453 υ
1739 4437 1910 4489 telam
1938 4437 2031 4492 42.

91 4508 339 4578 pertinent
369 4513 882 4585 obtemperaturum
914 4535 1035 4572 esse
1058 4522 1354 4590 promitto.
1385 4544 1406 4574 in
1807 4527 2035 4578 Placita.
2069 4527 2176 4581 Pro
2208 4529 2448 4584 decretis
2474 4531 2779 4588 identidem
2810 4544 3159 4608 usurpantur
3173 4542 3323 4610 apud

149 4597 503 4667 .‘llz'z'legilime
521 4607 629 4657 sibi
672 4610 950 4672 copulatas
986 4625 1087 4675 pro
1127 4612 1363 4664 arbitrio
1384 4617 1430 4664 et
1460 4616 1652 4666 rolun-
1736 4614 1941 4682 peritos
1968 4615 2173 4685 lingua:
2212 4618 2423 4673 Latinae
2454 4629 2710 4676 auctores
2737 4644 2748 4690 ;
2775 4627 2918 4696 quod
2952 4644 3073 4696 quae
3103 4629 3327 4682 decreta

94 4683 178 4733 tale
208 4691 524 4757 relinquere.
561 4693 702 4746 Huic
752 4697 999 4765 serpenti
1046 4699 1238 4752 morbo
1279 4703 1653 4756 occurendum
1736 4709 1885 4759 sunt.
1916 4722 1981 4757 ea
2009 4706 2087 4758 sic
2110 4709 2330 4762 senatui
2355 4710 2435 4762 vel
2460 4713 2768 4781 majoribus
2797 4717 3071 4785 placuime
3101 4719 3329 4772 videan-

93 4783 472 4836 przemonuerat
515 4779 969 4836 B.Lanfrancum
1020 4785 1322 4855 Gregorius
1355 4789 1453 4843 VII
1486 4809 1646 4862 papa,
1734 4798 1851 4849 tur.
1891 4795 2055 4858 Plin.,
2105 4796 2143 4852 Ι.
2176 4811 2322 4860 xxtx,
2353 4815 2400 4850 c.
2436 4798 2452 4854 l
2497 4817 2507 4850 :
2567 4818 2591 4850 «
2643 4803 2850 4856 Eadem
2905 4812 3038 4859 tetas
3082 4808 3321 4867 Neronis

92 4857 228 4953 cpist.
265 4863 307 4928 1,
339 4866 396 4919 in
422 4869 750 4938 appendice,
785 4871 870 4924 his
900 4871 1081 4927 verbis
1115 4893 1125 4926 :
1164 4895 1185 4925 α
1223 4877 1401 4932 Tuam
1452 4857 1649 4934 frater;
1734 4883 2047 4953 principatu
2069 4886 2138 4938 ad
2167 4857 2395 4940 Testum
2426 4891 2746 4956 transilivit,
2785 4893 3063 4947 delentem
3090 4864 3321 4949 cuncto-

91 4943 313 5017 nitatcm,
337 4956 439 5008 etsi
470 4957 741 5012 monitore
769 4977 881 5013 non
911 4963 1426 5034 egeat,impellente
1456 4974 1644 5023 tamen
1727 4987 1852 5024 rum
1883 4974 2162 5042 majorum
2193 4975 2415 5044 placita,
2450 4994 2477 5028 ι)
2508 4983 2613 5030 etc.
2649 4980 2721 5032 At
2762 4980 2851 5033 hic
2883 4981 3086 5050 placita
3120 4983 3320 5052 juridi‘.

92 5045 173 5084 nos
221 5040 581 5098 sollicitudine
633 5047 1022 5112 admonemus,
1065 5060 1341 5122 quatenus
1387 5058 1648 5127 graviora
1728 5077 1820 5113 cos
1839 5078 1938 5114 seu
1957 5062 2206 5116 forenses
2226 5067 3321 5141 conventussignilicant.CapituLCarol

92 5133 455 5201 usquequaque
485 5151 734 5189 resecare
763 5137 894 5190 vitia
923 5141 1178 5209 studeat;
1213 5149 1269 5196 et
1291 5145 1437 5199 inter
1456 5150 1646 5204 omnia
1731 5150 1900 5215 Calvi,
1934 5149 2021 5214 20,
2055 5169 2153 5205 seu
2184 5153 2393 5223 Synodi
2425 5155 2718 5210 Carisiacae
2739 5173 2867 5228 cap.
2899 5158 2932 5214 2
2967 5177 2978 5212 :
3015 5180 3037 5210 α
3066 5161 3322 5231 Episcopi

94 5213 133 5231 -.
421 5220 452 5231 ..
650 5223 669 5231 -
908 5227 920 5231 _
982 5229 994 5231 _

1892 5213 1896 5215 .
2013 5213 2016 5214 ν
2223 5213 2241 5223 .
2810 5213 2864 5228 ιν
2914 5213 2922 5214 κ
3099 5213 3130 5231 γι
3241 5213 3319 5231 νικ

93 5213 136 5258 et
163 5228 258 5278 prae
289 5220 541 5274 omnibus
571 5223 743 5290 nefas,
779 5227 924 5296 quod
964 5229 1032 5281 de
1082 5231 1261 5285 Scotis
1308 5235 1640 5300 audivimus,
1730 5239 1935 5309 quique
1963 5240 2019 5292 in
2049 5241 2163 5294 suis
2195 5244 2489 5312 parochiis;
2515 5251 2572 5298 et
2601 5245 2755 5300 missi
2781 5247 3083 5302 in'illorum
3117 5250 3319 5304 missa-

94 5301 214 5408 (illoc!
243 5305 484 5378 plerique
512 5312 767 5366 videlicet
795 5317 1048 5385 proprias
1090 5336 1291 5375 uxores
1322 5340 1433 5377 non
1463 5327 1642 5380 solum
1728 5329 1889 5394 ticis;
1940 5330 2281 5401 comitesque
2337 5333 2395 5384 in
2442 5349 2637 5387 eorum
2693 5337 3050 5391 comitatibus
3106 5339 3320 5408 pariter

795 5380 811 5384 _
899 5380 915 5385 _
1880 5380 1888 5394 ι
1953 5380 2277 5401 γ-ηνπ-«ι-ν
2338 5380 2395 5384 ---
2447 5380 2637 5387 νν-ν--η
2695 5380 3050 5391 ννιηηιι---νυ--ι
3106 5380 3310 5408 ιη’·ηνι

93 5380 341 5485 ἱιρδθπυηι,
374 5398 467 5450 sed
499 5399 668 5453 etiam
700 5403 964 5458 vendunt.
988 5407 1166 5461 modis
1183 5411 1440 5466 omnibus
1460 5416 1646 5484 prohi-
1730 5416 1936 5484 placita
1991 5425 2244 5485 teneant,
2288 5440 2310 5472 )
2347 5428 2450 5474 etc.
2503 5422 2716 5476 Ibidem
2755 5424 2813 5478 in
2873 5427 3319 5484 Annuntiatione

1733 5464 1936 5484 rm"---
1996 5464 2244 5485 --.---...-,
2288 5464 2307 5472 -
2348 5464 2450 5474 νυν.
2503 5464 2716 5476 μων...
2873 5464 3319 5484 μυηαηυιαυυμσ

95 5464 203 5526 bere
227 5486 532 5553 contendat,
564 5506 588 5539 .9
619 5496 722 5544 etc.
755 5493 910 5546 Adeo
937 5495 1257 5563 pestiferam
1288 5501 1439 5555 luem
1465 5505 1647 5559 adhuc
1729 5506 1982 5575 ejusdem
2038 5510 2240 5574 Caroli,
2297 5515 2353 5564 et
2381 5511 2598 5581 nepotis
2645 5513 2732 5566 sui
2776 5515 3027 5570 Lotharii
3077 5519 3227 5588 apud
3260 5520 3320 5574 S.

95 5569 307 5625 grassari
345 5578 598 5646 tempore
655 5578 719 5633 B.
769 5582 1022 5639 Anselmi
1071 5586 1423 5646 demonstrat
1471 5593 1647 5664 ipsius
1731 5569 2086 5666 duintinum,
2131 5569 2260 5670 post
2305 5569 2555 5655 medium
2599 5617 2612 5654 :
2672 5621 2697 5654 ι
2729 5603 2839 5657 Per
2874 5569 3042 5661 omne
3079 5569 3322 5679 regnum
