3892 6350
589 293 696 352 615

1791 296 2026 351 DOMNI
2066 293 2276 352 LUCzE
2315 295 2658 350 DACHERII

3745 297 3826 355 616

591 423 849 475 nostrum
873 416 1139 490 episcopi,
1162 422 1220 472 et
1238 415 1391 472 missi
1419 423 1616 484 nostri,
1639 425 1699 473 et
1725 420 1958 474 comites
1987 420 2192 491 placita
2209 424 2253 481 Α
2280 426 2338 473 et
2366 417 2456 486 4'2,
2482 419 2540 473 in
2579 417 2910 491 appendice;
2965 423 3024 473 et
3049 417 3148 473 alii
3172 433 3346 490 prope
3365 417 3647 474 innumeri
3669 428 3826 477 aucto-

594 515 846 573 teneant,
880 514 936 562 et
965 508 1061 562 illa
1103 507 1311 578 placita
1357 508 1540 562 omnis
1577 509 1763 571 homo,
1797 510 1895 581 qui
1922 511 2188 582 placitum

590 598 874 653 custodire
927 597 1112 658 debet,
1172 597 1291 652 sine
1349 598 1689 668 exceptione,
1749 605 1804 652 et
1836 599 2189 654 excusatione

590 685 890 740 custodiat.
935 704 962 738 ι
999 684 1167 739 Jubet
1197 685 1399 742 concil.
1439 685 1647 738 Arelat.
1699 699 1774 750 γι,
1807 703 1928 758 cap.
1957 686 2024 740 2°.
2057 705 2083 739 n
2125 693 2189 742 ut

591 774 797 846 placita
825 773 1047 845 publica
1076 779 1131 827 et
1150 772 1459 842 saecularia,
1477 790 1658 844 neque
1676 773 1733 828 in
1755 775 1916 828 atriis
1932 775 2190 830 basilica-

592 879 740 928 rum,
760 879 942 933 neque
973 863 1030 916 in
1061 862 1197 932 ipsis
1226 861 1467 916 basilicis
1488 863 1642 915 ﬁant.
1665 882 1688 912 ι
1726 864 2000 917 Placitum
2017 864 2190 918 etiam

587 953 832 1006 sumitur
853 968 952 1022 pro
982 951 1099 1017 lite,
1124 951 1273 1005 unde
1302 951 1533 1004 verbum
1565 951 1688 1004 Gal.
1716 955 1902 1020 plai’ds
1931 958 1988 1007 et
2014 953 2189 1024 placi-

589 1046 730 1106 tare,
758 1040 816 1094 id
847 1047 951 1102 est,
979 1040 1036 1093 in
1056 1039 1268 1110 judicio
1299 1039 1540 1110 litigare,
1586 1045 1685 1094 aut
1711 1041 2048 1095 contendere
2103 1059 2186 1096 se-

589 1129 836 1183 cundum
859 1128 1063 1200 placita
1092 1129 1278 1199 legum
1311 1135 1368 1183 et
1383 1129 1725 1199 judiciorum
1757 1146 1944 1200 agere,
1976 1129 2185 1184 Gallice

581 1221 819 1286 plaidcr.

1085 1323 1164 1367 AD
1209 1323 1543 1368 EPISTOLAM
1584 1324 1680 1368 XL.

665 1422 935 1480 Willelmi
954 1425 1190 1487 comitis,
1221 1425 1380 1490 cujus
1395 1424 1718 1491 prudentia,
1754 1427 1860 1478 etc.
1889 1442 1912 1474 ε
1932 1421 2184 1492 Hiclegi-

593 1511 766 1566 timus
788 1511 890 1581 (ait
937 1509 1341 1564 Gemeticensis
1369 1509 1465 1563 lib.
1507 1525 1602 1576 v11,
1639 1510 1788 1564 Hist.
1830 1527 1959 1582 cap.
1996 1510 2084 1579 ‘25)
2129 1518 2187 1566 et

590 1600 840 1655 liberalis
864 1599 947 1653 vir
964 1598 1246 1653 Adelizam
1271 1599 1496 1669 Rogerii
1515 1599 1761 1653 Toenitaa
1783 1600 1953 1653 ﬁliam
1980 1599 2036 1652 in
2059 1615 2186 1652 con-

585 1689 780 1760 jugem
803 1686 1023 1750 habuit,
1043 1704 1108 1741 ex
1139 1703 1247 1756 qua
1274 1687 1412 1740 duos
1444 1687 1606 1750 ﬁlios,
1624 1687 1968 1740 Willelmum
2000 1693 2055 1741 et
2073 1687 2185 1741 Ro-

593 1777 816 1846 gerium
843 1775 1587 1845 contumacem,procreavit;
1607 1775 1717 1829 duo
1736 1775 1989 1829 crenobia
2005 1792 2195 1830 mona-
2216 1768 2310 1846 BH
2340 1747 2638 1846 Ῐίεθξξθξξίηη
2673 1747 2884 1846 legere?

589 1866 821 1920 chorum
845 1865 903 1919 S.
936 1863 1126 1918 Mariae
1147 1864 1270 1918 cceli
1303 1863 1510 1933 reginae
1538 1863 1804 1928 condidit,
1827 1879 2001 1916 unum
2033 1863 2181 1933 apud

588 1954 799 2022 Liram,
821 1960 878 2008 et
896 1954 1135 2007 alterum
1165 1953 1314 2024 apud
1345 1953 1672 2006 Cormelias.
1699 1970 1724 2004 ν
1745 1952 1814 2005 Et
1834 1957 1961 2023 post
1984 1966 2184 2022 pauca:

595 2061 619 2094 ι
655 2042 998 2098 Ccmitalum
1029 2042 1336 2096 Herfordiae
1367 2057 1493 2094 cum
1543 2057 1750 2111 magna
1796 2046 1958 2111 parte
2006 2037 2182 2109 regni,

584 2149 754 2187 sensu
789 2137 846 2186 et
873 2131 1083 2186 viribus
1113 2131 1376 2191 cbtinuit.
1415 2150 1436 2180 ι
1473 2135 1575 2183 etc.
1622 2131 1689 2183 Et
1719 2129 2004 2183 Guillelm.
2041 2129 2182 2181 Mal-

587 2220 764 2274 mesb.
788 2222 870 2275 De
899 2226 1042 2291 gest.
1074 2220 1263 2288 Angl.,
1284 2218 1343 2271 in
1357 2218 1642 2271 Willelmo
1663 2215 1710 2281 I,
1734 2223 1865 2271 ante
1896 2217 2138 2270 medium
2167 2234 2180 2272 :

591 2328 614 2359 ι
657 2309 978 2362 Willclmus
1008 2307 1158 2361 ﬁlius
1189 2306 1425 2361 Osberni
1451 2305 1739 2377 principis,
1772 2305 1999 2376 optimis
2027 2322 2182 2359 com-

567 2397 892 2464 .parandus,
936 2395 1088 2449 haud
1133 2395 1246 2448 scio
1277 2411 1347 2448 an
1382 2393 1551 2448 etiam
1590 2394 2018 2464 praeponendus.
2051 2394 2186 2463 Ejus

586 2484 820 2538 consilio
849 2500 944 2536 rex
965 2483 1283 2538 Willelmus
1313 2481 1494 2552 primo
1514 2481 1797 2535 animatus
1817 2481 1886 2535 ad
1915 2481 2185 2535 invaden-

587 2575 718 2628 dam
749 2573 1031 2642 Angliam,
1051 2588 1177 2625 mox
1199 2571 1406 2624 virtute
1437 2570 1666 2639 adjutus
1693 2569 1764 2623 ad
1791 2585 1962 2623 manu
1991 2575 2184 2624 tenen-

586 2663 739 2718 dam.
761 2662 896 2715 Erat
925 2661 982 2714 in
1013 2676 1078 2714 eo
1107 2658 1315 2713 mentis
1344 2658 1691 2722 animositas,
1711 2674 1879 2728 quam
1900 2674 2187 2712 commen-

590 2751 761 2806 dabat
786 2767 929 2822 pene
958 2748 1193 2820 prodiga
1231 2747 1557 2811 liberalitas,
1596 2766 1618 2797 ι
1650 2753 1756 2801 etc.

655 2842 728 2895 De
771 2841 1027 2908 perjurio
1056 2841 1136 2892 vel
1166 2839 1384 2905 fraude,
1419 2841 1524 2890 etc.
1562 2837 1670 2890 Per
1700 2836 1818 2889 hzec
1845 2834 2014 2889 verba
2043 2834 2177 2906 quid

580 2929 1002 2984 B.Lanfrancus
1027 2926 1285 2981 intendat
1303 2923 1595 2996 perhibere
1611 2924 1832 2978 videtur
1859 2923 2177 2978 Florentius

2270 525 2360 563 res
2367 548 2380 560 .

2342 600 2568 652 Romam
2600 599 2964 666 proﬁciscens.
2999 597 3162 651 Anno
3179 597 3440 652 videlicet
3467 604 3731 669 reparatae
3757 617 3825 654 sa-

2271 686 2405 739 lutis
2445 683 2593 750 1071,
2627 692 2740 739 tam
2773 686 2926 756 pallii
2957 686 3260 756 recipiendi
3305 687 3493 756 gratia
3529 704 3690 757 quam
3729 689 3828 742 diri-

2273 773 2488 828 menda:
2517 773 2632 827 litis
2659 792 2717 828 se
2754 773 2901 827 inter
2919 779 2976 828 et
2989 775 3261 828 Thomam
3285 775 3706 830 Eboracensem.
3737 778 3830 840 Qua

2271 863 2341 916 de
2370 879 2431 916 re
2449 863 2707 932 superius
2731 863 2801 915 ad
2819 863 3156 933 epistol.4,a,
3181 863 3310 916 etin
3332 863 3463 917 Vita
3479 864 3830 930 D.Lanfranci,

2271 968 2394 1021 cap.
2425 949 2506 1015 11,
2541 951 2730 1021 pagin.
2771 950 2852 1016 11,
2893 951 2969 1007 1'2.
3001 951 3206 1015 Quinto
3247 950 3313 1024 [ι.
3339 953 3668 1022 Quinquies,
3691 955 3831 1024 E.P.]

2270 1040 2506 1093 Romam
2537 1039 2944 1094 S.Lanfrancus
2967 1040 3190 1111 petiisse
3211 1040 3468 1095 videtur:
3490 1044 3543 1108 1,
3569 1058 3728 1096 causa
3749 1043 3832 1096 Be-

2267 1127 2546 1198 rengarii:
2579 1127 2632 1191 ΞΖ,
2661 1134 2892 1198 prepter
2919 1129 3205 1182 Guillelrni
3229 1128 3389 1183 ducis
3417 1130 3828 1198 matrimonium;

2269 1215 2321 1279 3,
2371 1222 2436 1270 ut
2470 1216 2703 1270 concilio
2743 1217 2995 1270 Romano
3022 1217 3359 1284 interesset;
3396 1218 3449 1282 4,
3477 1223 3544 1272 ut
3571 1220 3831 1272 conﬁrma-

2266 1304 2478 1358 tionem
2508 1304 2739 1358 Joannis
2759 1304 3118 1360 Abrincensis
3147 1305 3206 1358 in
3241 1305 3718 1377 archiepiscopum
3741 1305 3831 1359 Ro-

2268 1393 2689 1463 thomagensem
2711 1394 2970 1459 electum,
3003 1393 3300 1460 obtineret;
3323 1395 3530 1448 ultimo
3550 1411 3670 1449 cum
3687 1394 3832 1448 archi-

2268 1477 2526 1548 episcopo
2557 1477 2911 1544 Eboracensi,
2946 1479 3094 1550 quod
3124 1479 3377 1549 proxime
3397 1479 3802 1533 adnotabamus.

2334 1569 2726 1621 Dulcissimum
2749 1569 2893 1620 mihi
2921 1571 3122 1634 fratris
3154 1570 3262 1620 mei
3287 1570 3502 1634 ﬁlium.
3535 1569 3615 1623 De
3642 1585 3740 1640 quo
3762 1569 3831 1622 in-

2267 1655 2353 1708 fra
2384 1656 2455 1708 ad
2475 1655 2637 1726 epist.
2671 1654 2739 1710 47
2768 1661 2826 1710 et
2851 1654 2941 1710 49.

2915 1745 2977 1798 Id
3008 1744 3330 1799 documenti
3363 1745 3525 1800 dedit
3544 1762 3610 1800 ex
3639 1747 3830 1817 Regulae

2269 1833 2642 1887 Benedictinaa
2679 1850 2801 1904 cap.
2845 1831 2914 1888 38
2965 1850 2977 1886 :
3019 1854 3044 1884 ιι
3073 1835 3297 1890 Fratres
3337 1851 3455 1890 non
3485 1851 3586 1906 per
3612 1835 3828 1888 ordinem

2270 1924 2477 1995 legant,
2497 1926 2594 1980 sed
2615 1925 2709 1996 qui
2738 1925 3014 1980 aediﬁcent
3040 1927 3470 1981 audientesJEt
3495 1942 3612 1980 mos
3641 1926 3828 1996 quidem

2269 2014 2375 2068 iste
2403 2014 2473 2068 ab
2499 2016 2746 2086 antiquis
2775 2016 3062 2069 monachis
3083 2017 3344 2087 religiose
3363 2014 3767 2078 observabatur,
3781 2023 3829 2068 ut

2269 2102 2520 2156 asceticaa
2548 2101 2674 2156 vitae
2711 2102 2925 2156 tirones
2954 2103 3416 2169 exercitarentur,
3449 2102 3827 2157 imbuerentur-

2267 2206 2374 2260 que
2408 2191 2696 2261 aliquanto
2745 2196 3001 2261 tempore
3055 2191 3382 2246 monasticis
3430 2191 3634 2259 rebus;
3673 2191 3757 2245 sed
3786 2196 3829 2244 et

2265 2278 2645 2350 perdiscendis
2672 2279 2996 2333 memoriter
3010 2279 3264 2349 psalmis,
3286 2286 3461 2350 atque
3479 2279 3827 2335 ecclesiasticis

2268 2367 2491 2434 ritibus,
2523 2368 2854 2439 priusquam
2885 2368 2945 2421 in
2982 2367 3267 2439 publicum
3307 2369 3618 2440 prodirent,
3649 2369 3827 2422 addice-

2267 2457 2494 2526 bantur;
2519 2460 2625 2528 (uti
2654 2458 2964 2513 etiamnum
3003 2457 3242 2529 ipsemet
3273 2458 3636 2525 Lanfrancus,
3661 2459 3710 2512 in
3731 2474 3823 2512 om-

2267 2546 2432 2602 nibus
2461 2547 2592 2601 licet
2615 2547 2863 2601 scientiis
2909 2545 3102 2600 fuisset
3143 2552 3422 2612 versatus,
3472 2549 3620 2602 ultro
3642 2561 3825 2601 summa

2269 2635 2442 2690 animi
2461 2636 2822 2702 demissione,
2838 2652 2966 2690 cum
2982 2635 3227 2705 primum
3246 2636 3528 2690 Beccense
3547 2635 3820 2690 coenobium

2267 2724 2552 2788 intrasset,
2583 2724 2745 2794 egit.)
2776 2723 2935 2788 Quod
2965 2722 3192 2777 uberius
3219 2723 3425 2793 probat
3468 2723 3751 2778 Menardus
3780 2720 3824 2772 in

2257 2829 2381 2884 cap.
2413 2813 2480 2867 65
2511 2812 2832 2867 Concordiae
2870 2812 3214 2882 regularum,
3246 2828 3371 2882 pag.
3409 2809 3515 2867 936
3536 2821 3593 2866 et
3617 2827 3720 2880 seq.

2738 2937 2815 2979 Αι)
2846 2935 3180 2980 EPISTOLAM
3213 2935 3374 2980 XLVI.

582 3016 971 3088 Vigorniensis
1009 3015 1099 3070 ad.
1135 3031 1226 3068 an.
1267 3013 1407 3069 1074
1442 3029 1456 3068 :
1508 3031 1534 3064 ι
1578 3012 1960 3066 Herefordesis
1991 3028 2175 3066 comes

2334 3031 2675 3100 Gondulpho.
2733 3030 2874 3085 Cum
2927 3030 3046 3084 sola
3095 3029 3285 3084 littera
3339 3029 3410 3084 G.
3445 3029 3576 3084 huic
3609 3028 3818 3100 epistolae

584 3106 858 3176 Rogerus,
913 3105 1062 3158 ﬁlius
1115 3102 1405 3157 Guillelmi
1459 3100 1708 3171 ejusdem
1761 3100 1889 3171 pagi
1939 3100 2178 3164 comitis,

585 3193 1018 3263 Bastanglorum
1041 3190 1236 3245 comiti
1262 3189 1561 3260 Rodulpho
1595 3192 1811 3254 (contra
1840 3195 2180 3260 praeceptum

585 3281 736 3350 regis
761 3279 1065 3339 Guillelmi)
1112 3294 1362 3332 sororem
1389 3294 1550 3332 suam
1580 3279 1876 3347 conjugem
1908 3278 2177 3345 tradidit;

582 3369 920 3440 nuptiasque
938 3367 1366 3439 permagniﬁcas
1385 3383 1512 3420 cum
1543 3365 1786 3437 plurima
1815 3367 2176 3422 multitudine

584 3457 918 3528 optimatum
944 3457 1001 3510 in
1032 3455 1489 3525 Grantebrigensi
1520 3454 1819 3525 provincia,
1847 3455 1906 3509 in
1935 3455 2054 3510 loco
2079 3456 2175 3527 qui

580 3547 816 3616 Ixninga
830 3543 1424 3610 dicitur,celebrantes,
1434 3560 1693 3613 magnam
1707 3545 2168 3613 conjurationem,

577 3635 839 3708 plurimis
869 3631 1328 3698 assentientibus,
1359 3637 1554 3686 contra
1584 3649 1773 3701 regem
1806 3633 2171 3688 Guillelmum

577 3724 656 3779 ibi
685 3725 956 3780 fecerunt.
988 3723 1114 3788 Qui,
1139 3739 1264 3775 mox
1287 3727 1349 3775 ut
1369 3722 1572 3791 potuit,
1593 3721 1966 3775 Lanfrancum
1994 3721 2168 3776 Doro-

577 3813 911 3869 bernensem
942 3810 1426 3881 archiepiscopum
1467 3809 1628 3875 adiit,
1671 3810 2172 3882 pamitentiamque

574 3907 645 3963 ab
685 3923 750 3961 eo
781 3920 881 3975 pro
905 3902 1072 3966 facto,
1099 3899 1230 3954 licet
1256 3915 1366 3952 non
1399 3904 1616 3969 sponte,
1650 3904 2000 3952 sacramento
2023 3915 2174 3954 acce-

573 3997 677 4070 pit,
715 3995 948 4064 ejusque
980 3987 1212 4043 consilio
1244 4005 1433 4056 regem
1468 3987 1830 4041 Guillelmum
1875 3987 1932 4040 in
1959 3989 2170 4042 North-

574 4084 806 4142 mannia
826 4082 1120 4150 degentem
1140 4076 1319 4148 petiit,
1334 4075 1500 4146 eique
1523 4092 1643 4128 rem
1664 4092 1725 4128 ex
1744 4075 1940 4129 ordine
1951 4082 2171 4146 gestam

574 4174 846 4246 pandens,
877 4168 1028 4222 illius
1068 4165 1464 4219 misericordia:
1495 4164 1642 4218 ultro
1690 4181 1749 4217 se
1781 4164 1953 4227 dedit,
1994 4187 2016 4214 ι
2059 4171 2164 4220 etc.

573 4261 772 4317 Verbis
791 4259 943 4314 hisce
967 4253 1264 4326 postremis
1300 4253 1512 4323 liquido
1539 4257 1759 4308 constat
1794 4269 1984 4323 regem
2009 4253 2170 4308 Guil-

2264 3121 2490 3192 praeﬁxa
2519 3125 2689 3188 esset,
2723 3120 3120 3190 Gondulphum
3154 3119 3412 3191 apposui,
3457 3119 3562 3173 hac
3591 3117 3820 3172 nimirum

2263 3209 2583 3278 conjectura
2601 3208 2803 3263 ductus
2825 3208 2974 3278 quod
2997 3209 3056 3262 B.
3085 3209 3410 3274 Anselmus,
3427 3209 3528 3265 lib.
3562 3223 3580 3262 Ι
3609 3207 3754 3278 epist.
3774 3202 3814 3266 4,

2262 3298 2333 3352 ad
2350 3297 2769 3368 Gondulphum,
2789 3297 3028 3350 salutem
3051 3296 3296 3351 ascribat
3313 3297 3626 3352 Lanfranco
3643 3291 3817 3365 nepoti:

2261 3405 2290 3437 α
2329 3386 2544 3452 Saluta,
2574 3386 2778 3457 inquit,
2813 3385 3105 3440 dominum
3164 3387 3542 3442 Lanfrancum
3568 3387 3815 3457 juvenem,

2257 3481 2520 3547 nepotem
2552 3475 2786 3539 domini,
2809 3474 3209 3541 etreverendi,
3231 3480 3288 3529 et
3313 3475 3502 3530 Patris
3522 3473 3817 3529 nostriLan-

2255 3565 2434 3619 franci
2463 3563 2888 3636 archiepiscopi,
2928 3583 2950 3615 ι
2973 3569 3077 3618 etc.
3108 3565 3178 3618 Et
3205 3564 3368 3635 epist.
3404 3562 3440 3619 7
3469 3565 3538 3618 ad
3563 3561 3814 3619 eumdem:

2259 3673 2283 3704 «
2318 3654 2703 3708 Reverendum
2736 3659 2793 3707 et
2831 3653 3197 3723 diligendum,
3225 3652 3518 3708 dominum
3548 3658 3604 3707 et
3629 3653 3816 3705 Patrem

2254 3748 2509 3796 nostrum
2541 3741 3018 3813 archiepiscopum
3057 3743 3458 3802 Lanfrancum.
3493 3750 3546 3796 et
3589 3743 3811 3811 nepotem

2254 3833 2376 3902 ejus
2406 3838 2536 3895 etc.,
2585 3831 2794 3888 saluta.
2837 3850 2862 3883 »
2898 3832 2974 3885 Ex
3022 3830 3108 3884 his
3153 3847 3304 3901 ergo,
3355 3837 3408 3885 et
3452 3832 3515 3886 B.
3558 3822 3812 3885 Lanfranci

2252 3919 2452 3984 verbis,
2478 3919 2791 3974 necessario
2804 3920 2894 3972 afﬁ
2904 3919 3203 3973 rmandum
3223 3919 3448 3973 videtur
3467 3920 3617 3974 illam
3635 3915 3811 3988 episto-

2254 4009 2364 4062 lam
2425 4008 2650 4063 inscribi
2710 4009 3064 4080 Gondulpho,
3107 4007 3195 4062 cui
3241 4008 3557 4062 edocendus
3607 4003 3809 4060 traditus

2253 4098 2439 4152 fuerat
2496 4097 2847 4151 Lanfrancus
2890 4113 3080 4168 nepos.
3115 4097 3216 4149 Vel
3255 4097 3503 4168 profecto
3550 4092 3806 4148 dicendum

2253 4187 2442 4258 plures
2471 4185 2705 4240 diversis
2753 4185 2812 4240 in
2854 4185 2989 4239 locis
3036 4184 3297 4239 habuisse
3345 4190 3576 4256 nepotes
3615 4178 3805 4244 (Paulus

2253 4275 2402 4328 enim
2441 4275 2535 4346 qui
2559 4281 2617 4328 et
2644 4273 2816 4328 abbas
2839 4274 3052 4328 exstitit
3074 4273 3358 4338 S.Albani,
3380 4281 3446 4328 ut
3461 4289 3627 4344 supra
3646 4277 3802 4324 osten-

576 4353 805 4408 lelmum
836 4348 893 4400 in
945 4343 1359 4434 Νονξξωωξξξίίξ
1408 4340 1703 4434 θκδὲίίῗδθο
1735 4341 1879 4434 _d“m
1922 4341 1992 4395 ad
2040 4354 2377 4418 eumDsum
2399 4371 2502 4431 est,
2526 4369 2645 4417 erat
2669 4363 3028 4434 neposillius)
3053 4380 3228 4418 unum
3245 4363 3424 4428 Becci,
3443 4364 3674 4417 alterum
3702 4369 3801 4410 cum

581 4443 765 4506 ποια
800 4427 1020 4490 litteras
1051 4429 1120 4486 35
1149 4436 1206 4484 et
1229 4429 1295 4483 36
1324 4429 1486 4482 daret
1515 4427 1581 4488 Β,
1607 4429 1977 4488 Lanfrancus.

1051 4573 1130 4620 AD
1160 4569 1496 4615 EPISTOLAM
1527 4569 1696 4613 XLIII.

643 4680 912 4737 Anselmo.
949 4672 1052 4728 Hic
1080 4676 1166 4724 est
1187 4685 1422 4739 magnus
1451 4666 1749 4722 Anselmus
1779 4667 1948 4737 prior,
1968 4668 2169 4724 deinde

571 4771 762 4831 abbas,
787 4783 853 4821 ac
868 4765 1095 4819 demum
1115 4763 1174 4816 Β.
1199 4754 1497 4813 Lanfranci
1510 4756 1931 4812 Cantuariensis
1949 4758 2166 4812 archie-

567 4856 779 4935 piscopi
811 4867 1134 4915 successor;
1166 4848 1326 4917 cujus
1353 4845 1522 4898 vitam
1553 4845 1941 4900 admirandam
1965 4846 2167 4901 Edme-

565 4966 666 5006 rus
695 4950 878 5018 (quem
910 4941 1003 4996 ille
1049 4935 1462 4998 charissimum,
1504 4939 1698 5004 utpote
1740 4951 2162 5001 amanuensem,

565 5035 827 5096 habebat)
858 5025 1204 5097 conscripsit.
1246 5023 1498 5087 Quantos
1526 5022 1694 5076 etiam
1724 5021 1944 5077 labores
1969 5029 2027 5077 et
2063 5041 2158 5078 su-

566 5129 733 5184 dores
762 5139 862 5194 pro
887 5113 1264 5174 ecclesiastica
1302 5111 1582 5176 libertate,
1618 5129 1743 5166 cum
1782 5111 2010 5181 pietate,
2037 5118 2156 5166 tum

567 5215 824 5273 doctrina
873 5215 931 5264 et
983 5201 1298 5260 constantia
1346 5200 1772 5270 incomparabili
1818 5200 1890 5252 ad
1919 5206 2158 5256 mortem

569 5300 939 5362 exantlaverit
956 5296 1037 5349 vir
1047 5290 1454 5351 sanctissimus,
1474 5289 1595 5343 fuse
1614 5289 1762 5342 idem
1784 5294 1998 5351 auctor,
2018 5288 2160 5344 libro

567 5395 659 5450 cui
678 5391 908 5446 titulum
927 5382 1228 5444 Historiam
1253 5381 1299 5434 N
1305 5395 1535 5433 ovorum
1558 5377 1812 5448 praeﬁxit,
1832 5380 2164 5434 enarrat.De

565 5486 631 5540 S.
663 5482 948 5541 Anselmo,
1003 5472 1319 5529 Chronicon
1350 5470 1642 5533 Beccense,
1698 5483 1826 5537 pag.
1866 5465 1920 5531 ‘2,
1952 5467 1987 5520 5
2015 5480 2073 5523 et
2101 5469 2162 5537 6;

566 5574 702 5628 Vita
728 5563 1029 5625 venerabil.
1044 5555 1332 5619 Guillelmi
1351 5555 1436 5614 III
1457 5554 1648 5610 abhat.
1665 5555 1922 5610 Beccens.
1947 5572 2074 5627 pag.
2100 5557 2158 5615 41

2251 4452 2586 4524 Gondulpho
2613 4452 2847 4506 Cadomi
2868 4452 3160 4506 mansisse.
3186 4453 3231 4506 A
3243 4458 3307 4506 ut
3319 4453 3506 4507 forsan
3525 4441 3803 4509 verius,col-

2247 4541 2456 4595 lobium
2480 4542 2636 4595 illum
2667 4538 2855 4613 ipsum
2882 4547 3141 4612 nepotem
3168 4541 3420 4596 induisse
3441 4540 3620 4603 Becci,
3643 4543 3693 4591 et
3708 4538 3803 4588 stu-

2251 4627 2357 4682 diis
2387 4628 2520 4682 alibi
2549 4646 2776 4699 operam
2809 4646 3041 4684 navasse
3082 4629 3254 4700 prius,
3283 4631 3366 4684 vel
3395 4635 3680 4701 postquam
3707 4636 3802 4675 mo-

2250 4717 2462 4772 nachus
2491 4717 2713 4772 ‘fuisset
2739 4717 2938 4772 factus.
2990 4719 3060 4772 Et
3099 4735 3235 4772 sane
3290 4725 3483 4790 patere
3527 4717 3726 4770 videtur
3754 4721 3803 4761 ex

2249 4804 2316 4858 D.
2347 4805 2618 4871 Anselmi,
2648 4804 2744 4860 lib.
2774 4819 2814 4872 Ι,
2844 4806 3008 4876 epist.
3042 4806 3132 4871 10,
3153 4805 3240 4861 ,24
3261 4814 3316 4860 et
3344 4807 3433 4871 36,
3467 4805 3561 4860 ubi
3586 4797 3802 4874 gratula-

2249 4898 2360 4961 tur,
2379 4899 2786 4966 acceptumque
2807 4895 2980 4949 refert
2999 4896 3055 4949 S.
3072 4895 3405 4961 Lanfranco,
3431 4895 3576 4967 quod
3602 4893 3799 4946 Beccum

2247 4984 2435 5053 potius
2451 5001 2620 5055 quam
2637 4983 2747 5038 alio
2762 4990 3022 5054 nepotem
3035 4985 3104 5038 ad
3119 4985 3462 5039 induendum
3485 4979 3797 5037 monachum,

2241 5073 2638 5127 transmiserit.
2687 5073 2893 5127 Verum
2936 5072 2994 5126 in
3036 5091 3098 5128 re
3135 5073 3326 5137 dubia,
3359 5080 3417 5128 et
3462 5070 3608 5127 haud
3643 5057 3800 5132 magni

2244 5161 2533 5220 momenti.
2567 5177 2738 5230 penes
2781 5161 3049 5216 lectorem
3085 5167 3204 5216 esto
3238 5161 3530 5232 judicium.
3573 5159 3647 5213 De
3674 5154 3798 5206 Gon-

2244 5248 2455 5319 dulpho
2485 5249 2556 5302 ad
2596 5249 2780 5302 Vitam
2813 5266 3006 5320 supra,
3050 5267 3184 5321 pag.
3213 5248 3299 5306 40.

2724 5373 2805 5417 AD
2839 5374 3172 5418 EPISTOLAM
3201 5375 3361 5420 XLVI.

2321 5471 2707 5539 Diaprasium.
2761 5471 3139 5528 Electuarium
3180 5491 3245 5528 ex
3305 5470 3583 5527 marrubio
3633 5461 3790 5520 herba.

2259 5563 2522 5617 marrube
2566 5563 2752 5635 vulgo,
2783 5563 2974 5618 Graece
3034 5563 3272 5633 npémov;
3304 5561 3552 5635 phtisicis
3588 5555 3792 5613 multum
