3892 6356
137 301 234 360 617

1155 303 1237 358 IN
1275 303 1498 359 EPIST.
1542 304 1605 359 B.
1647 302 2063 358 LANFRANCI
2099 303 2335 358 ΝΟΤιιΕ.

3270 307 3380 364 618

128 425 334 480 confert
370 426 730 496 pharmacum
759 426 929 479 istud.
965 426 1175 480 Paulus
1203 428 1462 498 1Egineta
1489 429 1558 483 de
1584 435 1704 482 arte
1719 430 1771 488 A
1789 427 1929 481 tuali
1967 425 2382 481 necessitudine
2404 425 2738 496 cunjunctos
2765 425 2992 481 eosdem
3019 425 3221 497 probat
3243 429 3378 485 Milo

135 514 400 581 medendi,
449 514 544 567 lib.
585 529 676 580 v11,
708 531 830 584 cap.
869 515 964 583 11;
993 516 1160 582 Plin.,
1194 516 1289 569 lib.
1322 535 1408 582 xx,
1441 535 1561 588 cap.
1603 517 1700 584 22;

136 608 189 657 et
211 601 440 656 Iacobus
469 602 914 672 Dalechampius,
950 603 1093 656 Hist.
1138 604 1459 673 plantarum
1490 611 1626 658 tom.
1657 606 1700 669 I,

135 689 224 743 lib.
254 704 365 751 vm,
398 705 518 760 cap.
551 687 634 753 36,
668 690 880 760 prolixe
931 691 999 743 de
1047 683 1344 745 virtutibus
1377 697 1435 746 et
1473 693 1707 746 diversis

135 777 388 831 marrubii
417 776 725 847 speciebus.

599 880 670 919 AD
710 879 1014 921 EPISTOLAM
1052 880 1217 921 XLVII.

195 956 504 1021 Lanfranco
523 960 569 1008 et
587 956 843 1009 Guidoni.
878 956 989 1008 Iste
1019 955 1201 1008 Guido
1226 956 1431 1009 sodalis
1462 961 1584 1010 erat
1611 974 1706 1011 ne-

133 1043 264 1113 potis
291 1041 605 1107 Lanfranci,
638 1042 733 1112 qui
763 1043 1019 1096 monachi
1048 1043 1368 1096 tirocinium
1399 1043 1564 1097 ambo
1583 1050 1705 1098 tum

137 1131 282 1184 Becci
311 1130 572 1200 agebant.
594 1131 663 1183 Et
689 1136 992 1200 utrumque
1019 1130 1097 1184 sic
1116 1133 1470 1186 commendat
1499 1134 1562 1188 S.
1598 1135 1709 1186 An-

137 1220 345 1283 selmus,
370 1219 514 1271 libro
540 1235 576 1282 Ι,
603 1218 820 1288 epistol.
843 1218 932 1281 31,
963 1219 1346 1288 archiprasuli
1366 1221 1670 1274 Lanfranco
1694 1240 1704 1274 :

140 1327 160 1358 c
182 1308 254 1362 De
272 1307 594 1361 dulcissimo
619 1313 673 1360 et
688 1307 1049 1361 dilectissimo
1072 1308 1336 1361 dilectore
1353 1326 1494 1372 meo.
1512 1316 1714 1379 nepote

133 1401 321 1460 vestro,
362 1396 523 1464 cujus
563 1395 1002 1448 conversationis
1067 1411 1162 1448 vos
1213 1397 1324 1449 scio
1381 1403 1713 1467 praesentem

133 1483 324 1538 habere
350 1483 493 1537 velle
523 1483 781 1537 notitiam
820 1484 924 1537 hoc
968 1484 1122 1538 vobis
1152 1486 1377 1550 mando,
1409 1486 1557 1556 quod
1589 1503 1715 1540 mea

132 1578 359 1626 testatur
399 1572 762 1626 conscientia.
799 1572 889 1626 Sic
921 1572 1115 1642 utique
1153 1579 1309 1627 cavet
1336 1591 1370 1627 a
1398 1574 1600 1644 quibus
1629 1591 1718 1629 ca-

133 1661 376 1726 vendum,
400 1665 466 1714 ut
486 1660 630 1714 nulli
651 1665 906 1714 nostrum
918 1661 1047 1730 jure
1064 1661 1514 1730 reprehensibilis
1534 1664 1618 1716 vid
1627 1681 1715 1717 ca-

1786 515 2096 585 Crispinus,
2123 515 2182 568 in
2209 514 2340 568 Vita
2369 531 2496 584 pag.
2527 514 2616 572 10.
2653 514 2722 568 D.
2753 513 2849 567 ubi
2873 514 3010 584 quid
3034 515 3140 569 sibi
3169 517 3381 572 accide-

1786 609 1893 668 rat,
1927 620 2052 656 cum
2092 602 2284 672 fugam
2317 601 2704 665 meditaretur,
2736 601 2841 655 soli
2870 602 3170 657 Guillelmo
3199 605 3384 674 aperit

1788 692 2153 745 Lanfrancus.
2201 689 2567 744 Guillelmum
2597 706 2726 743 vero
2764 689 2824 742 in
2870 689 3130 745 abbatem
3159 692 3385 747 Corme—

1787 779 2023 833 liensem
2068 786 2422 848 assumptum
2470 777 2665 832 eadem
2700 777 2831 831 Vita
2877 778 3143 846 declarat,
3167 797 3293 851 cap.
3324 779 3380 850 2,

1787 867 1992 938 pagina
2027 866 2082 923 4.

1858 959 2106 1010 Priorem
2133 957 2254 1008 dom
2265 971 2402 1008 num
2432 955 2730 1008 Ernostum
2759 959 3127 1012 constituatis.
3151 959 3385 1014 Corma-

1787 1043 1977 1098 liensis
2013 1043 2359 1107 monasterii,
2391 1047 2536 1108 (mea
2561 1043 2786 1113 quidem
2817 1045 3156 1115 conjectura)
3191 1064 3386 1117 quam-

1787 1133 1871 1186 vis
1913 1133 2101 1186 forsan
2147 1138 2281 1185 tunc
2318 1133 2589 1202 temporis
2639 1133 2801 1187 Becci
2849 1139 3202 1202 moraretur;
3251 1153 3386 1191 nam

1795 1222 1944 1290 apud
1992 1221 2295 1294 monachos
2351 1225 2408 1273 et
2455 1221 2773 1286 canonicos,
2827 1221 3029 1292 quibus
3073 1226 3386 1293 prasertim

1795 1309 1949 1362 cordi
1986 1295 2110 1362 erat
2164 1308 2469 1378 disciplina
2508 1309 2896 1364 ecclesiastica
2941 1327 3006 1364 ac
3063 1313 3387 1368 monastica

1796 1397 1949 1466 rigor
1977 1403 2034 1450 et
2079 1396 2452 1462 observantia,
2495 1397 2554 1449 in
2593 1413 2747 1450 more
2788 1397 3031 1466 positum
3078 1399 3205 1465 fuit,
3251 1400 3388 1454 dum

1796 1485 2130 1538 electionum
2148 1486 2277 1554 jure
2297 1485 2704 1554 potirentur,ut
2720 1485 3214 1541 indiscriminatim
3237 1491 3392 1555 (nota

1796 1573 2019 1642 loquor)
2047 1590 2112 1626 ex
2165 1573 2397 1626 diversis
2425 1573 2683 1625 Ecclesiis
2714 1579 2770 1626 et
2807 1573 3161 1628 monasteriis
3185 1576 3390 1646 episco-

1797 1677 1916 1730 pos,
1945 1661 2196 1726 abbates,
2231 1666 2288 1713 et
2312 1660 2548 1730 priores,
2583 1661 2729 1714 viros
2757 1661 3055 1732 inculpata
3083 1662 3226 1729 vitae,
3259 1679 3392 1734 pro-

133 1756 245 1815 tur;
277 1750 355 1803 sic
384 1749 580 1802 studet
603 1749 800 1803 humili
829 1749 1245 1818 benignitati,et
1264 1749 1516 1819 benigna
1533 1734 1775 1805 humi-B
1794 1748 1940 1802 bata
1972 1748 2299 1818 prudentia,
2333 1764 2399 1801 ac
2428 1748 2696 1802 doctrinae
2720 1749 3040 1817 singularis,
3063 1749 3171 1804 sibi
3199 1751 3395 1822 selige-

134 1837 284 1903 litati,
304 1837 382 1891 sic
402 1836 582 1908 quieti
604 1842 659 1890 et
684 1837 927 1903 silentio,
943 1843 1114 1907 atque
1136 1838 1395 1903 orationi,
1432 1845 1495 1892 ut
1511 1831 1712 1895 merito

135 1928 199 1980 sit
220 1927 473 1981 omnibus
495 1926 768 1980 amabilis.
800 1927 908 1980 Sed
939 1931 1025 1980 est
1045 1927 1489 1997 quiddam,quod
1515 1946 1715 1998 quam-

135 2015 207 2068 iis
236 2031 355 2068 vere
369 2015 599 2068 credam
622 2015 754 2084 quia
781 2015 1088 2067 clementer
1102 2015 1153 2067 ei
1181 2015 1316 2072 facit
1331 2016 1520 2069 divina
1540 2019 1718 2086 provi-

137 2103 330 2167 dentia,
347 2119 462 2156 non
497 2108 688 2156 tamen
711 2103 849 2156 illud
878 2103 1065 2156 videre
1088 2120 1316 2172 possum
1346 2103 1555 2174 absque
1585 2106 1717 2158 cha-

138 2191 344 2245 ritativa
372 2191 781 2260 compassionis
811 2191 1100 2257 molestia;
1134 2191 1326 2244 dolore
1345 2208 1588 2261 namque
1615 2209 1716 2245 ca-

139 2281 257 2350 pitis
284 2285 471 2345 353
501 2280 618 2348 jam
648 2295 748 2349 per
768 2279 955 2348 plures
982 2295 1200 2332 menses
1221 2279 1299 2332 sic
1329 2296 1455 2333 eum
1485 2286 1718 2350 paterne

1795 1842 1941 1902 rent,
1975 1840 2319 1907 expeterent,
2341 1842 2624 1906 cogerent.

1869 1927 2190 1978 Ernestum.
2217 1927 2273 1980 Is
2305 1931 2390 1978 est
2419 1941 2586 1995 quem
2632 1925 2888 1981 Ecclesia
2916 1926 3163 1982 Roﬁ'ensi
3189 1929 3389 1998 prafe-

1798 2014 1942 2066 cisse
1971 2013 2452 2083 archiepiscopum
2497 2013 2874 2067 Lanfrancum
2919 2014 3160 2069 vidimus
3187 2015 3244 2068 in
3275 2017 3398 2086 ejus

1798 2101 1930 2154 Vita
1965 2100 2132 2154 toties
2170 2101 2460 2170 producta,
2505 2117 2626 2170 cap.
2678 2098 2728 2164 7,
2779 2117 2909 2170 pag.
2950 2099 3002 2167 9,
3047 2108 3105 2156 et
3133 2119 3255 2173 cap.
3310 2103 3395 2172 13,

1799 2206 1927 2259 pag.
1957 2189 2050 2243 15.
2092 2188 2413 2258 Eademque
2459 2189 2665 2258 repetit
2702 2188 2978 2244 Robertus
3017 2190 3086 2244 de
3119 2191 3310 2246 Monte
3338 2191 3401 2247 in

1800 2279 1994 2331 chron.
2026 2293 2130 2330 ms.
2162 2293 2253 2330 an.
2292 2275 2446 2332 1089.

140 2367 312 2421 divina
332 2367 538 2437 afﬂigit
554 2366 866 2436 castigatio,
894 2372 957 2420 ut
978 2371 1036 2419 et
1056 2367 1355 2436 aliquando
1388 2384 1422 2420 a
1445 2373 1718 2422 conventu
2298 2380 2372 2419 AD
2411 2379 2716 2420 EPISTOLAM
2753 2381 2900 2421 XLIX.

141 2456 405 2511 communi
437 2457 564 2524 ejus
603 2455 728 2508 lata
757 2455 1090 2508 dissocietur
1117 2455 1480 2521 conversatio,
1514 2461 1571 2508 et
1598 2473 1718 2508 om-
1874 2455 1938 2507 Et
1964 2458 2027 2508 in
2048 2457 2165 2508 suis
2189 2472 2272 2508 eos
2294 2458 2442 2520 locis,
2475 2460 2578 2510 etc.
2616 2456 2915 2526 Sumptum
2946 2456 3004 2510 id
3041 2458 3304 2529 pracepti
3333 2475 3402 2514 ex

142 2545 260 2598 nino
279 2561 310 2598 a
339 2544 582 2598 lectione
602 2547 700 2596 aut
727 2543 915 2612 aliqua
943 2543 1193 2596 studiosa
1221 2543 1580 2597 meditatione
1602 2545 1721 2613 ejus
1809 2544 2018 2612 regula
2049 2544 2104 2597 S.
2146 2543 2432 2597 Benedicti
2477 2560 2598 2613 cap.
2632 2542 2720 2599 Q9.
2765 2544 2922 2607 Quod
2968 2547 3303 2600 monachum
3332 2547 3404 2601 ob

144 2632 500 2702 prohibeatur
519 2631 775 2694 intentio,
801 2651 823 2680 ι
854 2637 947 2684 etc.
968 2631 1228 2684 Meminit
1249 2631 1456 2684 iterum
1473 2633 1724 2700 ejusdem
1805 2631 2019 2684 crimen
2051 2649 2081 2684 e
2111 2631 2454 2684 monasterio
2485 2648 2792 2701 egressum,
2823 2632 2868 2685 si
2900 2639 3213 2687 revertatur
3229 2634 3288 2688 in
3308 2651 3405 2689 no-

143 2721 438 2785 Lanfranci,
464 2720 635 2773 simul
659 2724 716 2772 et
734 2719 1005 2773 Guidonis
1031 2719 1227 2773 eodem
1253 2719 1372 2784 lib.,
1406 2720 1719 2790 epistol.63.
1809 2718 2096 2772 vissimum
2145 2719 2330 2772 locum
2373 2720 2535 2772 docet
2575 2719 2954 2788 dejiciendum
2986 2739 2998 2772 :
3037 2741 3061 2771 ε
3096 2721 3165 2775 Et
3190 2722 3288 2788 sic,
3313 2723 3406 2776 in-

143 2810 208 2862 At
232 2809 324 2863 lib.
356 2823 418 2874 II,
451 2809 617 2878 epist.
650 2807 738 2871 42,
787 2808 945 2860 illum
983 2808 1168 2877 ipsum
1197 2809 1573 2862 Lanfrancum
1603 2808 1725 2878 (qui
1810 2806 1948 2875 quit,
1981 2806 2043 2859 in
2063 2807 2262 2859 ultimo
2291 2807 2470 2876 gradu
2489 2807 2810 2876 recipiatur,
2833 2813 2898 2861 ut
2919 2824 2984 2862 ex
3011 2809 3117 2863 hoc
3145 2810 3266 2878 ejus
3295 2811 3404 2865 hu-

145 2897 274 2950 clam
294 2895 973 2951 etinconsultoB.abbate
993 2897 1531 2966 squnselmo,quin
1555 2897 1725 2949 etiam
1809 2894 2019 2947 militas
2057 2894 2471 2964 comprobetur.
2520 2918 2540 2942 η
2577 2896 2645 2948 Et
2672 2912 2775 2966 cap
2824 2894 2914 2950 44.
2947 2897 3026 2949 De
3060 2896 3130 2950 iis
3169 2897 3265 2966 qui
3310 2915 3406 2953 ex-

145 2985 423 3045 renitente,
439 3001 732 3038 assensum
755 2984 1072 3054 prabuerat
1088 2990 1151 3037 ut
1170 2984 1226 3037 in
1251 2984 1509 3038 abbatem
1535 2985 1727 3038 Sancti
1744 3015 1786 3054 ρ
1809 2981 2299 3035 communicantur
2331 2999 2342 3034 :
2384 2999 2410 3033 α
2435 2981 2506 3035 Et
2531 2987 2686 3046 tunc,
2719 2982 2764 3036 si
2779 2982 3032 3052 jusserit,
3067 2983 3239 3037 abbas
3267 2985 3405 3039 reci-

146 3073 521 3144 Vandregesili
570 3077 974 3140 assumeretur)
1027 3073 1377 3126 severissime
1442 3073 1720 3143 objurgat,
1752 3069 1784 3074 ⁷
1809 3069 1998 3140 piatur
2022 3069 2083 3123 in
2111 3070 2299 3136 choro,
2334 3069 2417 3122 vel
2451 3070 2644 3123 ordine
2674 3085 2784 3140 quo
2813 3069 2986 3124 abbas
3015 3069 3340 3126 decreverit.
3369 3091 3399 3127 ι

146 3167 430 3232 monetque
473 3177 539 3215 ac
576 3161 826 3232 praecipit
868 3166 1144 3231 quatenus
1189 3162 1519 3215 electionem
1570 3162 1638 3214 de
1667 3177 1726 3214 se
2355 3171 2430 3210 AD
2461 3170 2766 3212 EPISTOLAM
2805 3172 2857 3212 ι.

147 3249 332 3303 factam
383 3250 611 3320 abjiciat
643 3250 900 3319 (legenda
941 3249 1148 3303 ibidem
1185 3250 1421 3319 epistola
1459 3250 1725 3303 Gualtero
1877 3248 2147 3301 Rainaldo
2177 3248 2526 3299 Pictavorum
2554 3247 2710 3299 urbis
2729 3248 2936 3300 abbati.
2971 3247 3090 3302 Hoc
3115 3251 3202 3302 est
3223 3264 3405 3305 coeno-

87 3326 94 3334 ⁷
146 3336 306 3405 priori
334 3340 514 3392 sancti
543 3337 1488 3407 Vandregesiliinscripta).Verum
1520 3338 1728 3391 electus
1811 3332 1889 3386 bii
1938 3333 2116 3387 sancti
2170 3332 2437 3404 Cypriani
2466 3333 2538 3385 ad
2583 3349 2775 3386 muros
2807 3332 2964 3387 urbis
3017 3334 3402 3392 Pictaviensis.

146 3425 361 3480 tandem
409 3425 584 3480 abbas
626 3426 974 3480 Lanfrancus
1021 3426 1170 3479 haud
1221 3426 1459 3478 solidum
1516 3442 1726 3479 annum
1808 3422 2040 3476 Veteres
2069 3421 2411 3476 membranae
2432 3421 2684 3490 ejusdem
2715 3422 3080 3479 monasterii:
3124 3444 3150 3478 ι
3182 3425 3408 3480 Rainal-

149 3511 356 3566 abbatia
402 3515 614 3584 potitus
659 3520 779 3579 est;
830 3531 980 3568 nam.
1023 3531 1112 3568 an.
1158 3511 1316 3579 1091,
1352 3515 1536 3584 inquit
1567 3514 1730 3568 breve
1811 3511 1916 3565 dus
1945 3528 2010 3564 ex
2038 3511 2310 3564 monacho
2340 3511 2494 3563 Casa
2525 3509 2643 3574 Dei,
2677 3509 2855 3564 factus
2898 3516 2983 3564 est
3015 3510 3188 3566 abbas
3218 3513 3408 3568 Sancti

151 3601 445 3657 Chronicon
478 3619 583 3656 ms.
610 3603 665 3656 S.
692 3603 1095 3672 Vandregesili,
1129 3621 1153 3654 (‹
1185 3603 1530 3656 Lanfrancus
1559 3602 1730 3656 abbas
1812 3599 2108 3670 Cypriani;
2134 3615 2298 3669 quem
2315 3597 2710 3652 Cluniacenses
2724 3598 2983 3652 monachi
3003 3599 3109 3653 sibi
3130 3601 3405 3670 subjicere

150 3689 578 3747 Fontanellensis
607 3692 843 3746 canobii
869 3693 1026 3757 obiit,
1055 3693 1142 3745 cui
1164 3692 1429 3746 successit
1458 3691 1730 3744 Girardus
1762 3682 1766 3685 ’
1813 3688 2123 3758 cupientes.
2176 3686 2546 3740 multifariam
2587 3685 2916 3755 fatigarunt,
2951 3687 3049 3740 sed
3082 3705 3148 3742 eo
3169 3689 3407 3743 viriliter

151 3777 306 3834 abbas
334 3780 420 3838 31.
441 3803 464 3830 ο
501 3783 580 3836 De
607 3781 863 3836 Guidone
883 3786 1070 3834 autem
1103 3780 1353 3850 loquitur
1373 3780 1519 3832 idem
1543 3781 1730 3832 S.An-

151 3868 342 3922 selmus
362 3871 600 3941 epistola
623 3870 778 3940 prius
803 3869 972 3922 citata
997 3888 1043 3922 ε(
1071 3870 1369 3922 Dominum
1393 3868 1726 3932 Guidonem,

153 3970 302 4024 quem
338 3958 664 4028 magisterio
710 3974 1013 4028 puerorum
1043 3957 1383 4020 addidimus,
1425 3956 1505 4008 sic
1544 3955 1729 4008 suavis

153 4048 492 4101 commendat
518 4045 852 4114 obedientia,
887 4052 945 4099 et
967 4046 1026 4099 in
1057 4045 1389 4099 strenuitate
1418 4043 1727 4109 humilitas,

153 4136 211 4184 ut
230 4135 432 4202 pariter
477 4133 706 4204 gloriari
740 4134 1038 4205 possimus,
1073 4139 1130 4186 et
1163 4150 1258 4187 vos
1301 4150 1402 4204 per
1438 4149 1626 4203 quem,
1671 4136 1729 4185 et

154 4233 246 4273 nos
272 4223 363 4292 qui
390 4238 518 4278 eum
550 4223 722 4276 talem
752 4222 1050 4279 habemus.
1091 4241 1113 4273 ι

1813 3781 1872 3828 et
1900 3776 2186 3846 sapienter
2217 3774 2531 3837 resistente,
2574 3789 2687 3826 non
2716 3773 3147 3843 pravaluerunt.
3179 3775 3409 3830 Restitit

1813 3863 1980 3916 etiam
2016 3863 2196 3916 tribus
2219 3862 2273 3914 in
2306 3861 2551 3914 conciliis
2583 3861 2803 3913 favente
2836 3861 2942 3914 sibi
2967 3863 3169 3915 Amato
3196 3863 3402 3933 legato,

1813 3957 1870 4007 et
1897 3951 2206 4006 Isamberto
2253 3949 2509 4020 episcOpo
2558 3947 2905 4014 Pictaviensi,
2943 3949 3169 4018 Majoris
3207 3952 3404 4006 Mona-

1813 4040 1971 4094 sterii
2013 4037 2321 4102 monachis,
2370 4056 2395 4088 »
2433 4041 2540 4089 etc.
2587 4036 2876 4098 Quomodo
2923 4041 3112 4090 autem
3169 4039 3405 4094 summis

1812 4127 2168 4200 pontificibus
2198 4143 2361 4196 opem
2407 4123 2781 4194 (potissimum
2818 4123 3043 4178 Urbano
3083 4126 3135 4179 II
3158 4126 3216 4180 in
3244 4143 3404 4181 sum-

1810 4233 1958 4270 mam
2007 4215 2384 4286 calamitatem
2434 4212 2675 4281 redacto)
2721 4212 3062 4282 prastiterit,
3117 4213 3289 4269 habes
3337 4233 3404 4270 ex

222 4309 484 4366 Theodino
514 4313 689 4365 dente.
713 4311 798 4364 Ita
818 4311 877 4364 in
907 4316 1146 4381 utroque
1176 4310 1500 4380 apographo
1531 4313 1587 4362 et
1617 4310 1724 4363 Ca-
1742 4305 2047 4398 Depistola
2073 4302 2324 4398 nondum
2352 4301 2521 4398 (quod
2553 4299 2744 4398 sciam)
2780 4300 2973 4398 edita,
2999 4302 3248 4398 ejusdem
3289 4305 3402 4358 Ur-

155 4393 408 4465 domensi,
440 4405 498 4454 et
516 4399 705 4454 Jacobi
733 4399 1016 4454 Sirmondi
1045 4400 1279 4470 legitur;
1313 4399 1410 4452 sed
1441 4397 1724 4463 Horatius,
1744 4389 1787 4398 ”
1809 4393 1941 4447 bani
1969 4392 2040 4445 ad
2073 4390 2372 4461 Episcopos
2415 4393 2470 4442 et
2513 4389 2770 4458 pralatos
2810 4389 3145 4460 Aquitania,
3196 4393 3405 4448 Gasco-

157 4482 269 4539 libr.
300 4504 316 4541 1
352 4489 570 4559 epistol.
609 4487 692 4552 18,
726 4488 798 4541 ad
826 4488 1084 4554 Lollium,
1121 4487 1292 4541 refert
1319 4487 1389 4540 de
1416 4485 1724 4550 Theonino,

159 4572 272 4628 ficto
297 4578 520 4632 nomine
549 4594 584 4631 a
618 4577 844 4631 Theone
872 4581 1040 4647 poeta
1077 4574 1540 4647 petulantissima
1561 4575 1730 4628 male-

159 4659 392 4720 dicentia
423 4687 437 4722 :

1149 4756 1248 4823 qui

252 4843 407 4898 Dente
441 4845 718 4899 Theonino
747 4860 874 4899 cum
903 4845 1342 4899 circumroditur
1363 4860 1378 4904 ;
1406 4841 1599 4910 ecquid

1811 4483 1935 4546 nia,
1970 4485 2076 4534 etc.
2114 4497 2126 4531 :
2165 4497 2191 4529 «
2223 4477 2630 4532 Dilectissimus
2661 4494 2725 4531 ac
2746 4478 3236 4536 familiarisnoster
3257 4483 3406 4538 ﬁlius

1809 4568 2117 4624 Rainaldus
2158 4566 2484 4620 monasterii
2527 4565 2717 4620 Sancti
2763 4566 3026 4637 Cypriani
3068 4567 3260 4636 abbas,
3309 4587 3406 4626 no-

1815 4658 2030 4711 biscum
2083 4655 2412 4726 aliquandiu
2453 4660 2851 4720 commoratus,
2909 4659 2966 4708 et
2991 4659 3409 4727 oppressionem

1818 4763 1986 4817 quam
2027 4745 2084 4800 S.
2125 4745 2192 4798 R.
2245 4743 2493 4797 Ecclesia
2542 4742 2775 4812 patitur,
2843 4758 2908 4797 ac
2971 4746 3409 4801 consolationem

1815 4852 1984 4906 quam
2025 4838 2215 4905 sperat
2262 4833 2321 4885 in
2365 4830 2586 4885 Christo
2630 4830 2930 4899 diligenter
2974 4832 3252 4901 intuitus;
3306 4853 3409 4906 per

1815 4925 2000 4996 ipsum
2027 4923 2218 4992 itaque
2236 4918 2525 4974 charitatis
2547 4923 2743 4972 vestra
2762 4919 3197 4976 sollicitudinem
3221 4924 3411 4981 admo-

1819 5029 2039 5078 nemus,
2086 5015 2152 5064 ut
2197 5009 2344 5062 circa
2386 5005 2640 5060 omnium
2686 5011 2932 5061 vestrum
2971 5014 3210 5064 matrem
3241 5013 3298 5066 S.
3339 5013 3410 5073 R.

252 4931 332 4986 Ad
357 4937 401 4987 te
422 4938 544 5003 post
570 4937 738 5002 paulo
765 4939 1003 4988 ventura
1029 4935 1282 5002 pericula
1307 4933 1474 4985 sentis
1499 4935 1521 4982 ?

637 5035 714 5076 AD
733 5037 1029 5077 EPISTOLAM
1053 5035 1238 5075 XLVIII.

235 5105 512 5167 Willelmo.
547 5110 651 5164 Hic
678 5111 860 5181 primo
888 5110 1201 5175 Beccensis,
1227 5107 1443 5178 opinor,
1460 5108 1588 5177 post
1607 5104 1738 5158 Cor—
1822 5100 2127 5156 Ecclesiam
2155 5096 2342 5151 debito
2389 5094 2580 5165 vigore
2629 5093 2840 5148 ferveat
2871 5098 3237 5165 prasentibus
3289 5103 3411 5172 ejus

164 5193 425 5252 meliensis
459 5197 695 5253 abbatiae
726 5199 1116 5263 monachus,et
1137 5197 1310 5251 abbas
1335 5195 1575 5265 denique
1595 5194 1739 5262 ejus-
1821 5188 2105 5244 laboribus
2126 5191 2315 5253 374
2343 5199 2688 5246 succurrere,
2710 5187 2768 5236 et
2805 5183 2952 5253 quod
2977 5185 3263 5254 aspirante
3293 5190 3410 5244 Deo

167 5278 280 5336 dem
319 5286 423 5341 loci
453 5288 580 5355 fuit,
611 5287 694 5343 uti
722 5288 1041 5358 signiﬁcare
1069 5287 1291 5340 videtur
1329 5285 1437 5337 hoc
1471 5283 1637 5336 titulo
1670 5281 1734 5334 B.
1821 5275 2204 5338 destinaverit,
2243 5289 2343 5344 per
2371 5271 2592 5326 fidelem
2623 5270 2947 5325 ministrum
2994 5273 3240 5330 latorum
3269 5294 3414 5348 pra-

168 5367 487 5431 Lanfrancus
520 5395 532 5431 :
571 5397 594 5428 ι
640 5376 1015 5431 Dilectissimo
1047 5375 1202 5430 Patri
1230 5373 1534 5433 Willelmo,
1567 5384 1740 5440 quon-
1822 5366 2067 5421 sentium
2097 5363 2338 5432 dirigere
2376 5377 2488 5414 non
2512 5364 2825 5428 cunctetur,
2858 5359 2946 5416 ita.
2964 5365 3155 5417 tamen
3179 5371 3244 5419 ut
3266 5368 3417 5436 quod

169 5456 284 5514 dam
305 5463 671 5533 dulcissimus,
707 5488 730 5515 ι
747 5471 852 5520 etc.
876 5465 1022 5531 Quia
1045 5464 1314 5518 nimirum
1344 5461 1504 5516 Becci
1529 5458 1741 5530 pridem
1827 5456 2064 5526 quisque
2088 5450 2404 5515 contulerit,
2440 5448 2680 5518 ascripta
2719 5448 2806 5502 sui
2847 5449 3090 5504 nominis
3116 5451 3282 5508 titulo
3310 5471 3414 5510 no-

171 5545 321 5605 simul
346 5553 516 5609 vitam
564 5554 843 5610 duxerant
870 5553 1296 5621 coenobiticam;
1346 5550 1443 5606 sed
1492 5553 1550 5604 et
1577 5545 1743 5618 spiri-
1825 5549 1956 5599 atra
1986 5540 2201 5597 notitia
2228 5539 2608 5610 repraesentet.
2655 5553 2681 5589 ι)
2727 5535 2939 5594 Iterum
2969 5536 3230 5596 Urbanus
3276 5540 3418 5622 Bai-~~

426 5652 689 5716 Parnm.
719 5652 838 5718 CL.
3097 5637 3178 5704 20
