3892 6398
130 342 223 400 621

1166 338 1245 393 ΙΝ
1282 339 1504 394 EPIST.
1546 339 1609 394 B.
1650 336 2069 392 LANFRANCI
2105 338 2340 392 NOTAE}.

3283 335 3393 415 622

129 471 212 520 rat
265 466 320 519 S.
376 464 669 519 Eduardus
713 477 809 514 rex
854 460 1183 530 Anglorum,
1225 462 1430 532 quique
1469 459 1785 519 maximaA
1872 461 2261 517 Gavamanus
2282 456 2733 529 Salzeburgensis
2755 460 3066 535 episcopus,
3080 460 3392 535 ΗΒΒΜᾼΝΝΟ

128 550 335 624 potitus
384 552 716 606 auctoritate
764 550 1004 621 pessime
1051 566 1110 603 se
1150 550 1343 619 gessit,
1386 567 1450 603 ac
1487 548 1717 603 tandem

128 640 438 695 miserrime
459 645 697 692 mortem
718 638 970 709 oppetiit.
993 638 1277 691 Guillelm.
1301 638 1640 691 Pictavensis
1659 636 1717 689 in

129 731 276 783 Gest.
306 724 609 792 Guillelmi,
635 743 761 796 pag.
781 720 902 791 178,
928 732 985 780 et
1007 726 1172 788 infra,
1197 725 1402 797 aliique
1428 724 1712 797 permulti.

127 819 229 873 Sed
252 816 387 890 quia
404 816 473 870 de
493 815 749 869 adultera
768 812 907 869 nihil
934 815 1192 880 occurrit,
1212 814 1526 869 Godvinum
1555 815 1715 868 illum

126 923 242 960 esse
273 905 556 959 afﬁrmare
584 920 697 957 non
728 904 928 956 audeo.

640 1009 711 1045 AD
752 1006 1050 1046 EPISTOLAM
1080 1005 1200 1045 LIII.

187 1084 390 1139 Abbati
424 1083 709 1135 Turstano.
758 1078 1008 1133 Historia
1046 1096 1152 1133 ms.
1188 1096 1308 1149 quae
1348 1077 1450 1132 sub
1487 1078 1714 1131 nomine

124 1170 408 1226 Guillelmi
439 1170 506 1223 de
535 1168 841 1237 Nangiacio
886 1169 1281 1222 circumfertur
1313 1186 1324 1220 :
1363 1190 1383 1216 ι
1418 1168 1482 1221 In
1513 1166 1717 1236 Anglia

123 1254 433 1313 Turstanus
473 1255 644 1310 abbas
673 1255 1083 1325 Glastingeberi
1119 1261 1282 1326 turpe
1313 1256 1492 1309 scelus
1531 1260 1587 1308 et
1623 1270 1718 1306 ne-

124 1346 515 1400 fandissimum
549 1345 697 1414 egit;
737 1348 853 1396 tres
891 1360 1134 1413 namque
1172 1361 1237 1397 ex
1275 1343 1391 1398 suis
1430 1343 1716 1397 monachis

123 1452 293 1506 super
320 1435 497 1487 altare
526 1433 657 1504 poni
686 1432 834 1493 fecit,
866 1438 923 1485 et
946 1432 1147 1499 occidi;
1180 1434 1482 1502 decemque
1507 1437 1565 1484 et
1594 1437 1717 1485 octo

120 1523 291 1594 jussit
317 1523 563 1592 graviter
589 1521 899 1587 vulnerari;
932 1520 1122 1591 sicque
1148 1522 1380 1591 sanguis
1405 1537 1598 1573 eorum
1629 1536 1721 1573 cu-

122 1612 302 1665 currit
327 1609 398 1664 ab
438 1608 602 1663 altari
648 1626 816 1680 super
841 1610 1070 1678 gradus,
1106 1616 1161 1661 et
1189 1626 1224 1661 a
1258 1608 1525 1678 gradibus
1552 1624 1720 1678 super

123 1716 338 1755 aream.
367 1719 390 1749 »
417 1699 656 1752 Causam
687 1713 813 1750 vero
834 1697 976 1750 tanti
1002 1697 1114 1750 odii
1144 1697 1202 1750 in
1230 1697 1530 1750 monachos
1551 1694 1721 1748 habet

1804 546 2035 603 Metensi
2065 548 2343 620 episcopo,
2371 547 2632 601 salutem.
2655 534 2953 602 Wibertus
2973 548 3254 623 quondam
3288 534 3394 603 Ra-

1799 655 2006 692 vennas
2063 638 2533 708 archiepiscopus,
2593 653 2720 690 cum
2778 636 3172 704 obedientiam,
3223 653 3397 708 quam

1799 727 2113 796 apostolicae
2149 726 2268 780 sedi
2305 723 2631 795 juramento
2669 725 3024 796 promiserat,
3066 743 3179 780 non
3208 724 3394 781 atten-

1797 814 1948 880 dere,
1974 815 2072 868 sed
2093 815 2263 868 etiam
2284 815 2461 885 ipsam
2485 810 2804 867 omnimode
2826 812 3116 885 superbire
3145 808 3394 868 studuis-

1796 907 1899 967 set,
1932 903 1991 956 in
2029 903 2283 956 Romana
2307 900 2521 973 synodo
2558 901 3071 972 irrecuperabiliter
3108 901 3396 973 depositus

1796 988 1988 1055 αἵθ
2016 998 2072 1045 et
2100 991 2604 1045 anathematizatus
2634 992 2720 1044 est
2746 983 2816 1044 ab
2844 990 3151 1061 apostolica
3178 991 3311 1044 sede
3341 995 3402 1044 et
3468 1020 3473 1023 ι

1797 1078 1865 1132 ab
1907 1080 2181 1150 episcopis
2202 1080 2376 1133 totius
2402 1078 2685 1145 Ecclesiae;
2717 1096 2820 1133 nec
2851 1066 2954 1133 huc
2990 1074 3163 1133 semel
3191 1077 3252 1133 in
3279 1086 3397 1133 una

1798 1168 2028 1239 synodo,
2058 1169 2158 1263 sed
2201 1168 2259 1221 in
2299 1168 2557 1222 omnibus
2588 1166 2816 1238 synodis
2856 1168 3131 1238 quotquot
3150 1167 3271 1263 jam
3311 1184 3398 1221 se-

1798 1256 2027 1327 ptennio
2058 1255 2249 1310 Ronue
2278 1256 2567 1310 celebratae
2597 1254 2856 1309 s'unt.Hic
2884 1255 3058 1327 igitur
3085 1254 3165 1326 ita
3187 1255 3244 1309 in
3268 1271 3395 1326 per-

1793 1345 1956 1414 juriis
1986 1345 2351 1410 inveteratus,
2383 1350 2441 1398 et
2486 1361 2587 1417 pro
2635 1342 2845 1397 eisdem
2883 1334 3398 1415 irrecuperabiliter

1799 1433 2084 1504 depositus
2119 1438 2178 1487 et
2221 1432 2742 1497 anathematizatus,
2777 1431 2967 1487 sedem
2994 1423 3235 1486 Romani
3264 1447 3400 1503 pon-

1799 1522 1982 1586 tificis,
2016 1521 2107 1576 cui
2135 1520 2508 1575 obedientiam
2540 1520 2767 1591 juravit,
2800 1532 2901 1590 per
2930 1537 3130 1575 manus
3158 1516 3397 1575 anathe-

1802 1610 2212 1673 matizatorum,
2245 1614 2440 1685 utpote
2461 1608 2547 1662 sui
2568 1606 2856 1672 similium,
2888 1602 3109 1674 invasit,
3145 1594 3398 1680 legitimo

1801 1704 2023 1768 pastore
2052 1697 2235 1751 adhuc
2263 1697 2444 1750 eidem
2474 1696 2593 1750 sedi
2622 1697 2976 1767 praesidente.
3011 1698 3267 1767 Ipsorum
3290 1714 3398 1768 auo

121 1789 201 1842 De
234 1786 423 1858 pontif
464 1786 677 1856 Angliae
702 1785 964 1838 Guillelm
998 1784 1380 1849 Malmesbur.,
1402 1785 1499 1837 lib.
1531 1798 1589 1848 ιι,
1621 1782 1716 1836 fol.
1742 1766 1918 1864 Btem
1948 1786 2554 1839 excommunicatorum
2585 1766 2774 1841 nullus
2803 1802 2932 1839 eum
2963 1766 3290 1840 consecrare
3316 1766 3402 1855 vel

121 1876 248 1937 145,
285 1876 521 1945 loquens
542 1875 611 1927 de
636 1872 1012 1927 Glastoniensi
1038 1873 1263 1926 abbatia
1287 1891 1297 1923 :
1332 1892 1353 1922 α
1386 1874 1714 1936 Turstanus,

122 1965 271 2018 dono
294 1964 446 2033 regis
488 1962 754 2015 Willelmi
790 1962 986 2032 patris,
1023 1961 1142 2030 ejus
1188 1960 1514 2013 monasterii
1546 1960 1721 2013 factus

123 2052 318 2116 abbas,
350 2057 531 2105 terras
562 2056 617 2104 et
646 2050 909 2120 pecunias
938 2049 997 2102 in
1027 2049 1355 2102 lectatorum
1395 2045 1499 2120 [f.,
1542 2054 1721 2102 secta-

123 2138 345 2212 torum]
375 2156 604 2192 suorum
635 2138 842 2191 abusus
861 2137 1225 2207 consumpsit.
1250 2138 1297 2189 A
1326 2135 1613 2191 monachis
1642 2152 1724 2188 se-

122 2246 255 2283 vere
284 2228 540 2282 ordinem
570 2227 808 2296 exigere,
831 2226 930 2279 sed
958 2225 1107 2278 inter
1127 2225 1244 2278 haec
1267 2241 1361 2277 eos
1388 2223 1448 2277 in
1478 2222 1726 2279 victuali-

122 2318 231 2373 bus
279 2315 678 2370 miserabiliter
719 2321 983 2368 tractare.
1035 2314 1177 2369 Hinc
1232 2313 1361 2365 lites
1408 2310 1722 2377 verborum,

124 2407 449 2461 animorum
479 2403 788 2458 discordiae.
816 2404 949 2456 Post
972 2402 1160 2472 jurgia
1192 2407 1415 2455 ventum
1443 2399 1513 2454 ad
1546 2416 1723 2466 arma,

124 2495 421 2563 coactique
462 2510 496 2547 a
524 2491 796 2545 militibus
824 2492 1083 2545 monachi
1120 2491 1179 2543 in
1217 2489 1504 2545 ecclesiam
1535 2494 1727 2542 sancto

126 2583 297 2637 altari
321 2581 575 2635 miserias
594 2581 660 2634 ad
670 2579 964 2651 plorabant
983 2596 1130 2633 suas.
1158 2578 1266 2632 Sed
1290 2576 1729 2647 irrumpentibus

127 2670 411 2745 militibus
440 2669 549 2724 duo
575 2686 640 2723 ex
666 2668 736 2722 iis
760 2668 967 2721 ibidem
996 2667 1142 2729 caesi,
1164 2665 1585 2738 quatuordecim
1614 2665 1731 2718 vul-

128 2758 342 2824 nerati,
368 2759 549 2810 caeteri
577 2757 805 2827 repulsi,
842 2775 868 2807 »
897 2748 1002 2810 etc.
1036 2754 1353 2808 Florentius
1374 2752 1630 2821 VVigorn.
1659 2750 1730 2805 ad

125 2844 191 2898 A.
235 2846 300 2899 Ο.
339 2841 515 2909 1083;
559 2842 780 2896 Henric.
831 2841 1204 2907 Huntindon.,
1257 2838 1354 2892 lib.
1390 2854 1463 2892 vn
1492 2838 1727 2905 Histor.,

125 2950 283 2987 anno
309 2931 597 2986 Guillelmi
626 2931 792 3001 primi
820 2944 906 2983 xv.

652 3034 725 3072 AD
764 3031 1064 3072 EPISTOLAM
1104 3031 1209 3095 LVI.

1806 1876 1992 1945 potius
2040 1891 2328 1927 exsecrare
2374 1872 2749 1945 praesumpsit,
2780 1879 2987 1944 praater
3022 1870 3402 1928 Mutinensem

1804 1969 1859 2016 et
1900 1962 2222 2016 Arithinum
2253 1978 2317 2015 ex
2355 1956 2647 2032 episcopis,
2681 1961 2776 2031 qui
2808 1961 2972 2016 ambo
3002 1978 3103 2034 pro
3133 1961 3251 2017 Suis
3287 1944 3400 2025 cri-

1804 2050 2048 2105 minibus
2090 2052 2210 2120 jam
2256 2049 2419 2103 annis
2465 2049 2646 2103 tribus
2684 2048 2863 2103 ofﬁcio
2913 2055 2971 2103 et
3006 2051 3401 2115 communione

1805 2144 2122 2193 caruerant.
2141 2138 2246 2191 Sed
2271 2130 2346 2201 hi,
2366 2136 2586 2190 etiamsi
2608 2137 2852 2191 ofﬁcium
2875 2144 2933 2191 et
2948 2128 3401 2193 communionem

1806 2226 2093 2291 haberent,
2120 2232 2176 2280 et
2204 2225 2455 2279 Romana
2480 2225 2641 2279 sedes
2669 2231 2894 2297 pastore
2914 2232 3155 2292 vacaret,
3181 2212 3401 2289 nullum

1808 2320 1995 2369 tamen
2018 2315 2197 2368 eidem
2221 2314 2339 2368 sedi
2370 2314 2689 2385 pontiﬁcem
2718 2313 2978 2369 ordinare
3002 2320 3264 2388 possent;
3295 2314 3403 2371 hu-

1805 2407 1899 2475 jus
1921 2404 2069 2458 enim
2094 2402 2461 2457 ordinationis
2481 2402 2829 2474 privilegium
2850 2403 2983 2457 solis
3002 2396 3400 2477 cardinalibus,

1811 2492 2084 2563 episcopis
2123 2484 2448 2555 Albanensi,
2483 2491 2746 2557 Ostiensi,
2795 2488 3110 2555 Portuensi,
3137 2509 3169 2546 a
3196 2493 3407 2558 sanctis

1812 2581 2072 2635 Patribus
2115 2586 2201 2635 est
2228 2596 2574 2634 concessum.
2609 2580 2754 2650 Ergo
2791 2565 3163 2635 Muntinensis
3192 2586 3249 2653 et
3278 2578 3407 2636 Ari-

1812 2669 2005 2723 thinus
2054 2668 2386 2739 exepisc0pi,
2429 2668 2593 2738 juxta
2637 2669 3025 2723 testimonium
3070 2664 3409 2729 sanctissimi

1810 2775 1968 2828 papae
1993 2757 2323 2820 Innocentii,
2345 2773 2459 2809 non
2488 2754 2950 2822 benedictionem,
2977 2754 3072 2823 sed
3095 2754 3409 2828 damnatio:

1812 2862 1940 2900 nem
1982 2862 2151 2917 quam
2181 2838 2500 2899 habuerunt
2537 2862 2638 2898 suo
2665 2844 2972 2899 Ravennati
3000 2842 3289 2916 imponere
3306 2825 3411 2935 po;

1813 2939 2065 2998 tuerunt,
2107 2950 2207 2987 nec
2250 2934 2407 2986 illum
2437 2932 2493 2987 in
2534 2928 2851 2987 Romanum
2878 2928 3279 3004 patriai-chum,
3306 2926 3409 2991 sed

1813 3021 1873 3076 in
1913 3022 2352 3092 perditissimum
2380 3021 2809 3076 haeresiarcham
2838 3027 3252 3092 promoverunt.
3298 3023 3409 3077 Ca-

196 3112 370 3179 Apud
389 3086 738 3166 Glocestram.
755 3108 934 3171 Quam
953 3107 1116 3176 pleno
1138 3088 1233 3158 ore
1265 3105 1461 3158 laudat
1476 3103 1734 3157 Malmes-
1751 3112 1794 3172 ο
1812 3086 1937 3163 veat
1962 3110 2139 3180 igitur
2169 3110 2351 3164 omnis
2380 3109 2731 3163 Christianus
2760 3086 2929 3180 caput
2954 3110 3297 3174 Antichristo
3318 3110 3410 3175 in.-

126 3199 285 3263 bur.,
308 3197 406 3251 ubi
424 3213 611 3267 supra,
637 3196 731 3249 lib.
756 3210 831 3260 Iv,
854 3196 913 3247 in
932 3194 1127 3264 pontif.
1147 3193 1401 3262 Wigorn.
1428 3192 1731 3245 Glocestrae

126 3294 331 3341 autem
369 3285 691 3339 cathedram
729 3283 1099 3354 episcopalem
1145 3281 1416 3335 Henricus
1445 3281 1595 3342 VIII,
1638 3279 1733 3333 eli-

127 3374 369 3428 minatis
419 3373 705 3427 monachis
739 3371 1044 3437 collocavit,
1074 3375 1136 3423 ut
1166 3374 1361 3423 auctor
1397 3375 1484 3422 est
1510 3367 1731 3421 Godwi-

125 3474 247 3518 nus
276 3464 359 3517 De
384 3460 714 3533 praesulibus
737 3460 969 3529 Angliaa,
1003 3474 1129 3529 pag.
1165 3455 1287 3514 590.

203 3553 353 3607 Cum
382 3552 569 3604 abbate
593 3550 835 3605 Serlone.
860 3548 1017 3602 Idem
1050 3545 1580 3610 Malmesburiensis,
1615 3546 1734 3599 loco

129 3642 313 3695 citato
343 3637 660 3691 describens
698 3635 1057 3696 monasteria,
1088 3634 1251 3688 initio
1281 3653 1293 3686 :
1331 3652 1357 3683 ιι
1390 3634 1488 3686 Est
1514 3650 1647 3702 ergo
1676 3633 1735 3686 in

129 3729 265 3798 ipsa
289 3727 514 3780 civitate
535 3725 854 3779 Glocestriee
876 3725 932 3777 S.
958 3723 1109 3776 Petri
1138 3721 1562 3785 monasterium,
1589 3720 1737 3791 quod

129 3817 210 3870 ibi
256 3816 565 3869 Aldredum
602 3813 1079 3882 archiepiSCOpum
1120 3810 1394 3879 incepisse
1423 3826 1535 3863 non
1563 3809 1737 3862 semel

130 3904 267 3957 dixi.
303 3904 519 3956 Paucos
548 3902 645 3963 ibi,
674 3907 730 3955 et
768 3917 878 3953 non
922 3901 1047 3970 plus
1077 3915 1246 3969 quam
1279 3905 1393 3951 tres
1435 3898 1738 3950 monachos

130 3990 357 4046 invenit
385 3989 554 4044 abbas
577 3989 751 4054 Serlo,
772 4006 806 4041 a
825 4005 957 4058 rege
978 3987 1262 4041 Willclmo
1289 3986 1507 4039 seniore
1528 3985 1737 4039 donum

130 4081 284 4135 exile
314 4078 580 4149 adeptus;
614 4077 709 4131 sed
741 4082 1013 4147 quantum
1042 4075 1143 4129 Dei
1182 4075 1383 4144 gratia,
1431 4090 1557 4127 cum
1586 4072 1738 4126 illius

129 4168 467 4239 conspirans
508 4166 805 4231 industria,
845 4165 1029 4218 locum
1075 4163 1339 4217 extulerit
1385 4161 1562 4226 illum,
1612 4158 1736 4231 quis

127 4273 391 4326 congrua
420 4255 653 4325 explicet
689 4253 989 4307 facundia?
1026 4253 1173 4305 Nota
1213 4255 1298 4304 est
1335 4249 1735 4304 Glocestrensis

127 4345 428 4415 religionis
454 4343 732 4409 discretio,
757 4359 926 4412 quam
949 4341 1207 4395 inﬁrmus
1235 4340 1409 4410 possit
1431 4339 1731 4408 suscipere,

128 4450 242 4487 nec
270 4431 487 4485 validus
512 4431 689 4501 possit
719 4435 1095 4484 contemnere.
1120 4427 1239 4481 Hoc
1263 4427 1373 4480 illis
1403 4426 1634 4495 signifer
1652 4426 1735 4480 in-

129 4522 273 4576 tulit
298 4518 476 4587 Serlo,
508 4523 573 4573 ut
599 4520 683 4573 Ne
713 4517 847 4588 quid
872 4518 1058 4571 nimis.
1103 4534 1131 4569 υ

652 4621 727 4661 AD
763 4619 1067 4660 EPISTOLAM
1105 4618 1219 4658 LIX.

210 4697 369 4766 Quod
385 4712 590 4766 papam
612 4695 941 4764 Gregorium
964 4696 1263 4762 vituperas.
1286 4693 1366 4747 De
1392 4686 1447 4747 S.
1465 4689 1735 4761 Gregorio

128 4788 307 4859 plura
342 4802 470 4840 cum
501 4784 665 4839 laude
694 4784 764 4838 ad
795 4782 1057 4854 epistolas
1088 4780 1118 4837 3
1149 4782 1206 4835 et
1233 4778 1265 4837 6
1295 4781 1505 4835 attexui
1542 4796 1731 4853 supra.

130 4868 473 4930 Schismatis
493 4890 678 4944 porro,
703 4870 850 4943 quod
873 4871 962 4939 hic
980 4870 1164 4940 tangit
1182 4870 1237 4924 S.
1263 4869 1731 4939 archiepiscOpus,

128 4963 453 5018 meminere
466 4954 751 5016 Marianus
776 4960 973 5015 Scotus
996 4964 1517 5030 comtemporaneus
1542 4961 1738 5010 auctor

129 5050 270 5105 libr.
311 5066 371 5106 In
401 5050 660 5105 Chronici
688 5066 820 5103 ann.
857 5046 995 5103 1081
1023 5067 1036 5115 ;
1068 5051 1199 5104 Otto
1228 5045 1639 5116 Frinsingensis
1676 5045 1735 5098 in

132 5136 439 5206 Chronico,
471 5138 575 5196 lib.
606 5153 679 5205 vI,
716 5154 845 5209 cap.
884 5136 970 5204 36,
1002 5142 1059 5190 et
1084 5135 1181 5189 lib.
1220 5150 1319 5203 vn,
1348 5151 1467 5206 cap.
1502 5134 1530 5188 1
1559 5151 1574 5200 ;
1615 5132 1735 5187 fuse

128 5229 389 5287 Annales
428 5227 575 5282 sacri
603 5227 835 5282 Caesaris
865 5226 1092 5281 Baronii
1121 5230 1258 5279 tom.
1295 5224 1340 5280 Ι.
1374 5223 1735 5279 Solummodo

132 5317 327 5372 sancti
354 5312 669 5371 Gebehardi
696 5315 856 5371 testis
885 5315 1093 5369 oculati
1137 5314 1428 5384 epistolam
1458 5311 1734 5380 (nondum

132 5404 316 5477 typis,
339 5404 554 5476 opinor,
579 5403 921 5474 mandatam)
940 5403 1009 5458 ad
1026 5404 1411 5457 Hermannum
1428 5400 1736 5456 Metensem

132 5493 487 5567 episcopum,
521 5509 630 5565 qua
668 5492 1000 5547 Guibertum
1043 5491 1367 5563 antipapam
1406 5489 1734 5562 compendio

131 5576 610 5657 perstringitnon
634 5580 926 5654 indignam
953 5579 1076 5636 luce
1102 5578 1360 5636 arbitrati
1385 5596 1579 5634 sumus
1602 5598 1613 5633 :

1815 3197 2042 3263 clinare,
2103 3202 2369 3261 statuam,
2422 3213 2589 3267 quam
2647 3197 3161 3252 Nabuchodonosor
3209 3199 3404 3264 erexit,

1815 3285 2070 3349 adorare,
2101 3285 2292 3356 sicque
2329 3299 2388 3340 se
2430 3285 2605 3355 ipsius
2634 3286 3020 3340 haeresiarchae
3057 3286 3410 3357 perniciosis-

1814 3373 1956 3427 simo
1986 3373 2333 3426 anathemati
2357 3360 2646 3425 innodare.
2671 3373 2817 3426 Nam
2837 3373 3154 3445 quicunque
3177 3375 3261 3428 illi
3285 3374 3412 3430 obe-

1815 3460 1983 3515 dierit
2011 3461 2106 3531 qui
2135 3460 2307 3514 dixit:
2333 3462 2542 3517 Ponam
2565 3462 2741 3515 sedem
2770 3475 2950 3517 meam
2969 3464 3043 3520 ad
3068 3464 3408 3533 aquilonem,

1817 3555 1863 3603 et
1895 3565 1985 3602 ero
2004 3551 2210 3602 similis"
2238 3551 2520 3603 Altissimo
2551 3551 2702 3615 (lsa'z'.
2736 3556 2845 3612 xtv,
2878 3550 2980 3619 14),
3009 3552 3323 3608 certissime
3350 3540 3412 3607 in

1819 3642 2085 3691 aeternam
2112 3636 2531 3690 damnationem
2559 3636 2664 3690 ibit
2689 3653 2817 3691 cum
2843 3638 2984 3708 ipso.
3015 3641 3216 3698 Amen.

1888 3726 1976 3779 Ita
2002 3725 2204 3778 litterze
2252 3724 2566 3779 Gebehardi
2611 3741 2677 3779 ex
2715 3726 2988 3780 Chronico
3018 3744 3123 3781 ms.
3157 3729 3411 3800 Hugonis

1818 3813 2272 3879 Flaviniacensis,
2308 3813 2447 3866 mihi
2484 3830 2518 3866 a
2555 3830 2732 3867 rever.
2769 3814 2831 3868 P.
2875 3813 3080 3869 Jacobo
3111 3817 3410 3873 Sirmondo

1818 3900 2189 3955 libentissime
2218 3917 2497 3954 concesso.

2170 4044 2181 4055 τ
2340 3988 2411 4042 An
2449 3992 2752 4044 EPISTOLAM'
2788 3994 2879 4045 1.x.

1889 4076 2195 4131 Historiam
2226 4076 2491 4132 describit
2533 4074 2699 4147 hujus
2750 4066 2994 4148 epistola!
3031 4074 3194 4150 Hugo
3234 4078 3412 4137 Flavi-

1818 4164 2096 4219 niacensis
2124 4166 2244 4219 loco
2274 4164 2563 4235 producto,
2605 4152 2676 4235 ad
2717 4182 2848 4219 ann.
2886 4156 3039 4222 1085.
3082 4152 3411 4240 Rodulphus

1818 4253 2084 4314 nimirum
2108 4252 2280 4307 abbas
2305 4252 2399 4324 (de
2422 4268 2533 4323 quo
2554 4253 2706 4321 mox)
2729 4270 2857 4307 cum
2878 4255 3266 4311 strenuissime
3286 4275 3412 4330 par-

1818 4340 1903 4395 tes
1956 4341 2135 4395 sancti
2192 4340 2447 4411 Gregorii
2498 4357 2656 4412 papae
2693 4348 2767 4395 VII
2805 4340 3000 4397 contra
3049 4342 3407 4413 Guibertum,

1817 4428 2139 4499 antipapam
2168 4427 2270 4482 sub
2297 4428 2525 4483 nomine
2558 4428 2861 4485 Clementis
2883 4428 3160 4501 tueretur,
3190 4438 3411 4490 tantam

1817 4535 1848 4570 a
1869 4516 2210 4571 Theodorico
2226 4516 2565 4571 Virdunensi
2587 4519 2863 4590 episcopo,
2879 4518 3150 4577 acerrimo
3169 4522 3409 4579 Guiber—

1814 4603 1860 4657 ti
1896 4602 2132 4668 fautore,
2161 4621 2355 4675 passus
2383 4606 2469 4658 est
2498 4606 2963 4676 persecutionem,
2991 4615 3053 4664 ut
3079 4610 3326 4680 tandem,
3348 4610 3409 4667 in

1817 4709 2094 4747 summam
2128 4693 2399 4747 adductus
2425 4710 2754 4762 aerumnam,
2777 4695 3092 4753 cmnobium
3122 4717 3287 4756 suum
3316 4700 3410 4756 de-

1817 4781 2074 4850 seruerit,
2106 4780 2442 4854 petieritque
2472 4780 2527 4836 S.
2560 4782 2796 4853 Benigni
2822 4783 3174 4842 Divionensis
3212 4800 3407 4845 mana;-

1819 4871 2072 4933 sterium,
2097 4887 2206 4941 quo
2227 4868 2624 4924 comitantibus
2643 4871 2927 4927 nonnullis
2947 4872 3233 4931 monachis
3249 4886 3407 4949 (quos

1817 4959 1965 5013 inter
1985 4958 2195 5029 primas
2216 4956 2378 5028 Hugo
2399 4957 2640 5025 tenebat)
2664 4958 2760 5013 ubi
2782 4960 3115 5029 divertisset,
3145 4960 3316 5036 atque
3337 4965 3408 5021 ab

1818 5047 2255 5102 archimandrita
2293 5046 2618 5118 caeterisque
2656 5048 2944 5104 coenobitis
2994 5050 3248 5123 ejusdem
3300 5054 3407 5114 loci

1814 5135 2014 5191 fuisset
2040 5136 2215 5191 obviis
2252 5136 2398 5191 ulnis
2443 5144 2722 5209 exceptus,
2770 5136 2988 5195 Rodulﬁ
3018 5126 3409 5217 sodaliumque

1816 5227 1931 5279 vita
1980 5225 2263 5298 specimen
2304 5231 2548 5280 exstaret
2574 5226 2815 5292 virtutis,
2863 5234 3033 5301 atque
3077 5233 3148 5287 ad
3193 5226 3410 5305 majora

1817 5315 2155 5369 charismata
2194 5321 2520 5386 provocaret
2562 5314 2898 5389 aemulanda,
2944 5325 3007 5373 ut
3043 5312 3408 5380 stabilitatem

1817 5403 2046 5458 ﬁrment
2067 5401 2126 5457 in
2140 5404 2461 5459 Divionensi
2482 5406 2839 5473 monasterio,
2859 5415 3180 5483 monentur.
3196 5392 3409 5470 Verum

1817 5493 1948 5565 quia
1960 5494 2076 5563 jam
2085 5492 2300 5563 pridem
2318 5493 2376 5546 in
2393 5494 2662 5550 asceterio
2684 5495 2872 5549 Sancti
2886 5496 3076 5553 Vitoni
3091 5492 3408 5560 Virdunen-

1815 5582 1893 5636 sis
1916 5576 2328 5669 professionem
2368 5583 2690 5656 emiserant,
2721 5574 2879 5661 illam
2918 5592 3176 5669 repetere
3196 5597 3411 5673 putant
