  <div class='ocr_page' id='page_1' title='image "/cluster/home/n/w/nwhite01/storage/ocr_20150623/150/umn.31951002477443u/369.png"; bbox 0 0 3892 6382; ppageno 0'>
   <div class='ocr_carea' id='block_1_1' title="bbox 525 302 691 415">
    <p class='ocr_par' dir='ltr' id='par_1_1' title="bbox 525 302 691 415">
     <span class='ocr_line' id='line_1_1' title="bbox 525 302 691 415; baseline 0 -3"><span class='ocrx_word' id='word_1_1' title='bbox 525 350 632 415; x_wconf 80' lang='lat'>623</span> <span class='ocrx_word' id='word_1_2' title='bbox 682 302 691 307; x_wconf 36' lang='grc'><em>“</em></span> 
     </span>
    </p>
   </div>
   <div class='ocr_carea' id='block_1_2' title="bbox 1472 349 2807 435">
    <p class='ocr_par' dir='ltr' id='par_1_2' title="bbox 1472 349 2807 435">
     <span class='ocr_line' id='line_1_2' title="bbox 1472 349 2807 435; baseline -0.002 -26"><span class='ocrx_word' id='word_1_3' title='bbox 1472 354 1574 435; x_wconf 29' lang='grc' dir='ltr'>σΒ.</span> <span class='ocrx_word' id='word_1_4' title='bbox 1615 349 2029 412; x_wconf 79' lang='lat' dir='ltr'>LANFRANCI</span> <span class='ocrx_word' id='word_1_5' title='bbox 2068 352 2428 412; x_wconf 83' lang='lat' dir='ltr'>CANTUAR.</span> <span class='ocrx_word' id='word_1_6' title='bbox 2469 350 2807 408; x_wconf 86' lang='lat' dir='ltr'>ARCHIEP.</span> 
     </span>
    </p>
   </div>
   <div class='ocr_carea' id='block_1_3' title="bbox 3677 356 3765 416">
    <p class='ocr_par' dir='ltr' id='par_1_3' title="bbox 3677 356 3765 416">
     <span class='ocr_line' id='line_1_3' title="bbox 3677 356 3765 416; baseline 0.034 -3"><span class='ocrx_word' id='word_1_7' title='bbox 3677 356 3765 416; x_wconf 71' lang='grc'>624</span> 
     </span>
    </p>
   </div>
   <div class='ocr_carea' id='block_1_4' title="bbox 522 475 3771 549">
    <p class='ocr_par' dir='ltr' id='par_1_4' title="bbox 522 475 3771 549">
     <span class='ocr_line' id='line_1_4' title="bbox 522 475 3771 549; baseline 0 -15"><span class='ocrx_word' id='word_1_8' title='bbox 522 494 640 534; x_wconf 89' lang='lat' dir='ltr'>non</span> <span class='ocrx_word' id='word_1_9' title='bbox 666 479 856 534; x_wconf 85' lang='lat' dir='ltr'>licere.</span> <span class='ocrx_word' id='word_1_10' title='bbox 885 498 910 530; x_wconf 70' lang='grc' dir='ltr'>ι</span> <span class='ocrx_word' id='word_1_11' title='bbox 938 476 1249 543; x_wconf 80' lang='lat' dir='ltr'>Quaesierat</span> <span class='ocrx_word' id='word_1_12' title='bbox 1273 492 1444 549; x_wconf 81' lang='lat' dir='ltr'>super</span> <span class='ocrx_word' id='word_1_13' title='bbox 1471 477 1577 533; x_wconf 89' lang='lat' dir='ltr'>hac</span> <span class='ocrx_word' id='word_1_14' title='bbox 1605 494 1668 532; x_wconf 89' lang='lat' dir='ltr'>re</span> <span class='ocrx_word' id='word_1_15' title='bbox 1694 478 1989 533; x_wconf 87' lang='lat' dir='ltr'>consilium</span> <span class='ocrx_word' id='word_1_16' title='bbox 2016 479 2372 545; x_wconf 78' lang='lat' dir='ltr'>(lo-Aseras,</span> <span class='ocrx_word' id='word_1_17' title='bbox 2413 475 2829 530; x_wconf 84' lang='lat' dir='ltr'>mortiﬁcationi</span> <span class='ocrx_word' id='word_1_18' title='bbox 2860 475 3064 541; x_wconf 87' lang='lat' dir='ltr'>carnis,</span> <span class='ocrx_word' id='word_1_19' title='bbox 3111 475 3438 544; x_wconf 82' lang='lat' dir='ltr'>humilitati,</span> <span class='ocrx_word' id='word_1_20' title='bbox 3485 477 3697 547; x_wconf 82' lang='lat' dir='ltr'>vilitati,</span> <span class='ocrx_word' id='word_1_21' title='bbox 3724 485 3771 534; x_wconf 88' lang='lat' dir='ltr'>et</span> 
     </span>
    </p>
   </div>
   <div class='ocr_carea' id='block_1_5' title="bbox 524 567 2112 639">
    <p class='ocr_par' dir='ltr' id='par_1_5' title="bbox 524 567 2112 639">
     <span class='ocr_line' id='line_1_5' title="bbox 524 567 2112 639; baseline -0.001 -16"><span class='ocrx_word' id='word_1_22' title='bbox 524 568 719 639; x_wconf 83' lang='lat' dir='ltr'>quitur</span> <span class='ocrx_word' id='word_1_23' title='bbox 746 569 930 639; x_wconf 86' lang='lat' dir='ltr'>Hugo)</span> <span class='ocrx_word' id='word_1_24' title='bbox 961 568 1135 623; x_wconf 86' lang='lat' dir='ltr'>abbas</span> <span class='ocrx_word' id='word_1_25' title='bbox 1154 568 1333 622; x_wconf 89' lang='lat' dir='ltr'>Rodul</span> <span class='ocrx_word' id='word_1_26' title='bbox 1341 568 1485 638; x_wconf 88' lang='lat' dir='ltr'>phus</span> <span class='ocrx_word' id='word_1_27' title='bbox 1505 585 1538 621; x_wconf 88' lang='lat' dir='ltr'>a</span> <span class='ocrx_word' id='word_1_28' title='bbox 1558 567 1986 639; x_wconf 90' lang='lat' dir='ltr'>quampluribus</span> <span class='ocrx_word' id='word_1_29' title='bbox 2009 586 2023 635; x_wconf 92' lang='lat'>;</span> <span class='ocrx_word' id='word_1_30' title='bbox 2057 574 2112 622; x_wconf 90' lang='lat' dir='ltr'>et</span> 
     </span>
    </p>
   </div>
   <div class='ocr_carea' id='block_1_6' title="bbox 2193 562 3768 636">
    <p class='ocr_par' dir='ltr' id='par_1_6' title="bbox 2193 562 3768 636">
     <span class='ocr_line' id='line_1_6' title="bbox 2193 562 3768 636; baseline 0.003 -19"><span class='ocrx_word' id='word_1_31' title='bbox 2193 564 2538 618; x_wconf 59' lang='lat' dir='ltr'>castimonia</span> <span class='ocrx_word' id='word_1_32' title='bbox 2557 564 2806 632; x_wconf 82' lang='lat' dir='ltr'>invigila,</span> <span class='ocrx_word' id='word_1_33' title='bbox 2834 562 3118 618; x_wconf 81' lang='lat' dir='ltr'>lucrandis</span> <span class='ocrx_word' id='word_1_34' title='bbox 3148 564 3445 619; x_wconf 84' lang='lat' dir='ltr'>animabus</span> <span class='ocrx_word' id='word_1_35' title='bbox 3457 582 3676 636; x_wconf 83' lang='lat' dir='ltr'>operam</span> <span class='ocrx_word' id='word_1_36' title='bbox 3691 568 3768 631; x_wconf 84' lang='lat' dir='ltr'>da,</span> 
     </span>
    </p>
   </div>
   <div class='ocr_carea' id='block_1_7' title="bbox 522 651 3772 726">
    <p class='ocr_par' dir='ltr' id='par_1_7' title="bbox 522 651 3772 726">
     <span class='ocr_line' id='line_1_7' title="bbox 522 651 3772 726; baseline -0.001 -15"><span class='ocrx_word' id='word_1_37' title='bbox 522 656 870 711; x_wconf 83' lang='lat' dir='ltr'>Lantrancus</span> <span class='ocrx_word' id='word_1_38' title='bbox 924 656 1356 711; x_wconf 84' lang='lat' dir='ltr'>Cantuariorum</span> <span class='ocrx_word' id='word_1_39' title='bbox 1414 655 1862 726; x_wconf 86' lang='lat' dir='ltr'>archiepiscopus</span> <span class='ocrx_word' id='word_1_40' title='bbox 1910 658 2024 710; x_wconf 85' lang='lat' dir='ltr'>tale</span> <span class='ocrx_word' id='word_1_41' title='bbox 2066 656 2116 709; x_wconf 91' lang='lat' dir='ltr'>ei</span> <span class='ocrx_word' id='word_1_42' title='bbox 2197 658 2263 706; x_wconf 90' lang='lat' dir='ltr'>ut</span> <span class='ocrx_word' id='word_1_43' title='bbox 2290 669 2417 706; x_wconf 91' lang='lat' dir='ltr'>cum</span> <span class='ocrx_word' id='word_1_44' title='bbox 2448 653 2537 705; x_wconf 92' lang='lat' dir='ltr'>his</span> <span class='ocrx_word' id='word_1_45' title='bbox 2565 658 2623 706; x_wconf 90' lang='lat' dir='ltr'>et</span> <span class='ocrx_word' id='word_1_46' title='bbox 2645 669 2772 707; x_wconf 91' lang='lat' dir='ltr'>cum</span> <span class='ocrx_word' id='word_1_47' title='bbox 2797 651 2924 705; x_wconf 89' lang='lat' dir='ltr'>aliis</span> <span class='ocrx_word' id='word_1_48' title='bbox 2954 652 3180 707; x_wconf 91' lang='lat' dir='ltr'>doneris</span> <span class='ocrx_word' id='word_1_49' title='bbox 3198 652 3545 708; x_wconf 86' lang='lat' dir='ltr'>beatitudine</span> <span class='ocrx_word' id='word_1_50' title='bbox 3570 660 3772 710; x_wconf 71' lang='lat' dir='ltr'>zeternae</span> 
     </span>
    </p>
   </div>
   <div class='ocr_carea' id='block_1_8' title="bbox 523 743 2114 816">
    <p class='ocr_par' dir='ltr' id='par_1_8' title="bbox 523 743 2114 816">
     <span class='ocr_line' id='line_1_8' title="bbox 523 743 2114 816; baseline -0.001 -19"><span class='ocrx_word' id='word_1_51' title='bbox 523 760 855 816; x_wconf 85' lang='lat' dir='ltr'>responsum</span> <span class='ocrx_word' id='word_1_52' title='bbox 882 745 1222 808; x_wconf 85' lang='lat' dir='ltr'>reddiderat,</span> <span class='ocrx_word' id='word_1_53' title='bbox 1248 743 1494 798; x_wconf 90' lang='lat' dir='ltr'>scribens</span> <span class='ocrx_word' id='word_1_54' title='bbox 1516 743 1588 797; x_wconf 89' lang='lat' dir='ltr'>ad</span> <span class='ocrx_word' id='word_1_55' title='bbox 1617 760 1745 796; x_wconf 90' lang='lat' dir='ltr'>eum</span> <span class='ocrx_word' id='word_1_56' title='bbox 1770 743 1828 797; x_wconf 92' lang='lat' dir='ltr'>in</span> <span class='ocrx_word' id='word_1_57' title='bbox 1851 744 1967 797; x_wconf 58' lang='lat' dir='ltr'>hare</span> <span class='ocrx_word' id='word_1_58' title='bbox 1994 760 2114 797; x_wconf 81' lang='lat' dir='ltr'>ver-</span> 
     </span>
    </p>
   </div>
   <div class='ocr_carea' id='block_1_9' title="bbox 524 830 1899 903">
    <p class='ocr_par' dir='ltr' id='par_1_9' title="bbox 524 830 1899 903">
     <span class='ocr_line' id='line_1_9' title="bbox 524 830 1899 903; baseline -0.001 -17"><span class='ocrx_word' id='word_1_59' title='bbox 524 831 600 886; x_wconf 88' lang='lat' dir='ltr'>ba</span> <span class='ocrx_word' id='word_1_60' title='bbox 632 850 644 886; x_wconf 90' lang='lat'><strong>:</strong></span> <span class='ocrx_word' id='word_1_61' title='bbox 687 852 714 886; x_wconf 83' lang='lat'><strong>»</strong></span> <span class='ocrx_word' id='word_1_62' title='bbox 746 832 960 887; x_wconf 89' lang='lat' dir='ltr'>Deinde</span> <span class='ocrx_word' id='word_1_63' title='bbox 989 832 1283 903; x_wconf 80' lang='lat' dir='ltr'>epistolam</span> <span class='ocrx_word' id='word_1_64' title='bbox 1314 833 1459 885; x_wconf 89' lang='lat' dir='ltr'>hanc</span> <span class='ocrx_word' id='word_1_65' title='bbox 1482 830 1550 886; x_wconf 91' lang='lat'>60</span> <span class='ocrx_word' id='word_1_66' title='bbox 1581 830 1899 886; x_wconf 88' lang='lat' dir='ltr'>conscribit.</span> 
     </span>
    </p>
   </div>
   <div class='ocr_carea' id='block_1_10' title="bbox 593 919 2117 990">
    <p class='ocr_par' dir='ltr' id='par_1_10' title="bbox 593 919 2117 990">
     <span class='ocr_line' id='line_1_10' title="bbox 593 919 2117 990; baseline -0.001 -14"><span class='ocrx_word' id='word_1_67' title='bbox 593 921 872 990; x_wconf 83' lang='lat' dir='ltr'>Rodulpho</span> <span class='ocrx_word' id='word_1_68' title='bbox 915 922 1118 975; x_wconf 78' lang='lat' dir='ltr'>abbati.</span> <span class='ocrx_word' id='word_1_69' title='bbox 1153 920 1327 990; x_wconf 90' lang='lat' dir='ltr'>Cujus</span> <span class='ocrx_word' id='word_1_70' title='bbox 1373 936 1463 973; x_wconf 91' lang='lat' dir='ltr'>res</span> <span class='ocrx_word' id='word_1_71' title='bbox 1504 928 1692 989; x_wconf 83' lang='lat' dir='ltr'>gestas</span> <span class='ocrx_word' id='word_1_72' title='bbox 1735 919 1857 973; x_wconf 86' lang='lat' dir='ltr'>fuse</span> <span class='ocrx_word' id='word_1_73' title='bbox 1891 919 2117 990; x_wconf 83' lang='lat' dir='ltr'>lateque</span> 
     </span>
    </p>
   </div>
   <div class='ocr_carea' id='block_1_11' title="bbox 519 1007 2116 1080">
    <p class='ocr_par' dir='ltr' id='par_1_11' title="bbox 519 1007 2116 1080">
     <span class='ocr_line' id='line_1_11' title="bbox 519 1007 2116 1080; baseline -0.001 -17"><span class='ocrx_word' id='word_1_74' title='bbox 519 1009 880 1080; x_wconf 87' lang='lat' dir='ltr'>persequitur</span> <span class='ocrx_word' id='word_1_75' title='bbox 907 1009 1070 1078; x_wconf 87' lang='lat' dir='ltr'>Hugo</span> <span class='ocrx_word' id='word_1_76' title='bbox 1099 1007 1193 1062; x_wconf 92' lang='lat' dir='ltr'>ubi</span> <span class='ocrx_word' id='word_1_77' title='bbox 1223 1024 1413 1078; x_wconf 88' lang='lat' dir='ltr'>supra.</span> <span class='ocrx_word' id='word_1_78' title='bbox 1441 1007 1601 1061; x_wconf 91' lang='lat' dir='ltr'>Unde</span> <span class='ocrx_word' id='word_1_79' title='bbox 1630 1008 1763 1071; x_wconf 72' lang='lat' dir='ltr'>haec,</span> <span class='ocrx_word' id='word_1_80' title='bbox 1792 1013 1855 1061; x_wconf 88' lang='lat' dir='ltr'>ut</span> <span class='ocrx_word' id='word_1_81' title='bbox 1883 1007 1968 1061; x_wconf 89' lang='lat' dir='ltr'>vir</span> <span class='ocrx_word' id='word_1_82' title='bbox 1994 1013 2116 1062; x_wconf 81' lang='lat' dir='ltr'>tan-</span> 
     </span>
    </p>
   </div>
   <div class='ocr_carea' id='block_1_12' title="bbox 518 1095 2111 1167">
    <p class='ocr_par' dir='ltr' id='par_1_12' title="bbox 518 1095 2111 1167">
     <span class='ocr_line' id='line_1_12' title="bbox 518 1095 2111 1167; baseline 0 -16"><span class='ocrx_word' id='word_1_83' title='bbox 518 1103 613 1152; x_wconf 90' lang='lat' dir='ltr'>tus</span> <span class='ocrx_word' id='word_1_84' title='bbox 627 1096 997 1167; x_wconf 89' lang='lat' dir='ltr'>aliquousque</span> <span class='ocrx_word' id='word_1_85' title='bbox 1013 1096 1070 1150; x_wconf 94' lang='lat' dir='ltr'>in</span> <span class='ocrx_word' id='word_1_86' title='bbox 1100 1097 1282 1150; x_wconf 89' lang='lat' dir='ltr'>lucem</span> <span class='ocrx_word' id='word_1_87' title='bbox 1303 1095 1555 1166; x_wconf 85' lang='lat' dir='ltr'>prodeat,</span> <span class='ocrx_word' id='word_1_88' title='bbox 1580 1095 1879 1166; x_wconf 83' lang='lat' dir='ltr'>descripsi:</span> <span class='ocrx_word' id='word_1_89' title='bbox 1900 1114 1927 1149; x_wconf 75' lang='grc' dir='ltr'><strong><em>α</em></strong></span> <span class='ocrx_word' id='word_1_90' title='bbox 1948 1098 2111 1151; x_wconf 88' lang='lat' dir='ltr'>Anno</span> 
     </span>
    </p>
   </div>
   <div class='ocr_carea' id='block_1_13' title="bbox 440 1166 2109 1249">
    <p class='ocr_par' dir='ltr' id='par_1_13' title="bbox 440 1166 2109 1249">
     <span class='ocr_line' id='line_1_13' title="bbox 440 1166 2109 1249; baseline -0.001 -9"><span class='ocrx_word' id='word_1_91' title='bbox 440 1166 447 1172; x_wconf 47' lang='grc'><em>’</em></span> <span class='ocrx_word' id='word_1_92' title='bbox 512 1166 915 1249; x_wconf 72' lang='lat' dir='ltr'>Domini‘lO75,</span> <span class='ocrx_word' id='word_1_93' title='bbox 930 1183 1255 1239; x_wconf 87' lang='lat' dir='ltr'>Grimoldus</span> <span class='ocrx_word' id='word_1_94' title='bbox 1280 1182 1561 1237; x_wconf 85' lang='lat' dir='ltr'>abbatiam</span> <span class='ocrx_word' id='word_1_95' title='bbox 1583 1182 1798 1237; x_wconf 90' lang='lat' dir='ltr'>dimisit</span> <span class='ocrx_word' id='word_1_96' title='bbox 1824 1184 1913 1237; x_wconf 90' lang='lat' dir='ltr'>die</span> <span class='ocrx_word' id='word_1_97' title='bbox 1933 1186 2109 1239; x_wconf 89' lang='lat' dir='ltr'>sancti</span> 
     </span>
    </p>
   </div>
   <div class='ocr_carea' id='block_1_14' title="bbox 512 1269 2109 1343">
    <p class='ocr_par' dir='ltr' id='par_1_14' title="bbox 512 1269 2109 1343">
     <span class='ocr_line' id='line_1_14' title="bbox 512 1269 2109 1343; baseline -0.001 -16"><span class='ocrx_word' id='word_1_98' title='bbox 512 1272 756 1331; x_wconf 89' lang='lat' dir='ltr'>Nicolai.</span> <span class='ocrx_word' id='word_1_99' title='bbox 812 1271 1141 1343; x_wconf 89' lang='lat' dir='ltr'>Rodulphus</span> <span class='ocrx_word' id='word_1_100' title='bbox 1180 1270 1489 1338; x_wconf 90' lang='lat' dir='ltr'>successit;</span> <span class='ocrx_word' id='word_1_101' title='bbox 1543 1269 1822 1325; x_wconf 81' lang='lat' dir='ltr'>ordinatio</span> <span class='ocrx_word' id='word_1_102' title='bbox 1861 1272 1982 1341; x_wconf 87' lang='lat' dir='ltr'>ejus</span> <span class='ocrx_word' id='word_1_103' title='bbox 2019 1272 2109 1327; x_wconf 87' lang='lat' dir='ltr'>die</span> 
     </span>
    </p>
   </div>
   <div class='ocr_carea' id='block_1_15' title="bbox 512 1357 2109 1415">
    <p class='ocr_par' dir='ltr' id='par_1_15' title="bbox 512 1357 2109 1415">
     <span class='ocr_line' id='line_1_15' title="bbox 512 1357 2109 1415; baseline -0.001 0"><span class='ocrx_word' id='word_1_104' title='bbox 512 1360 694 1415; x_wconf 88' lang='lat' dir='ltr'>sancti</span> <span class='ocrx_word' id='word_1_105' title='bbox 716 1359 947 1415; x_wconf 90' lang='lat' dir='ltr'>Urbani.</span> <span class='ocrx_word' id='word_1_106' title='bbox 977 1378 999 1411; x_wconf 74' lang='grc' dir='ltr'><strong>ι</strong></span> <span class='ocrx_word' id='word_1_107' title='bbox 1026 1359 1095 1413; x_wconf 89' lang='lat' dir='ltr'>Et</span> <span class='ocrx_word' id='word_1_108' title='bbox 1112 1359 1182 1413; x_wconf 90' lang='lat' dir='ltr'>ad</span> <span class='ocrx_word' id='word_1_109' title='bbox 1207 1375 1339 1413; x_wconf 90' lang='lat' dir='ltr'>ann.</span> <span class='ocrx_word' id='word_1_110' title='bbox 1369 1357 1504 1414; x_wconf 64' lang='grc'>1016</span> <span class='ocrx_word' id='word_1_111' title='bbox 1527 1377 1539 1411; x_wconf 88' lang='lat'><strong>:</strong></span> <span class='ocrx_word' id='word_1_112' title='bbox 1567 1378 1589 1410; x_wconf 77' lang='grc' dir='ltr'>ι</span> <span class='ocrx_word' id='word_1_113' title='bbox 1621 1359 1809 1413; x_wconf 72' lang='lat' dir='ltr'>Beatae</span> <span class='ocrx_word' id='word_1_114' title='bbox 1826 1360 2109 1414; x_wconf 66' lang='lat' dir='ltr'>memoriae</span> 
     </span>
    </p>
   </div>
   <div class='ocr_carea' id='block_1_16' title="bbox 510 1447 2109 1518">
    <p class='ocr_par' dir='ltr' id='par_1_16' title="bbox 510 1447 2109 1518">
     <span class='ocr_line' id='line_1_16' title="bbox 510 1447 2109 1518; baseline -0.002 -14"><span class='ocrx_word' id='word_1_115' title='bbox 510 1449 681 1504; x_wconf 91' lang='lat' dir='ltr'>Pater</span> <span class='ocrx_word' id='word_1_116' title='bbox 706 1448 1038 1518; x_wconf 87' lang='lat' dir='ltr'>Rodulphus</span> <span class='ocrx_word' id='word_1_117' title='bbox 1063 1447 1266 1501; x_wconf 91' lang='lat' dir='ltr'>tertius</span> <span class='ocrx_word' id='word_1_118' title='bbox 1293 1450 1423 1517; x_wconf 91' lang='lat' dir='ltr'>post</span> <span class='ocrx_word' id='word_1_119' title='bbox 1449 1462 1578 1500; x_wconf 88' lang='lat' dir='ltr'>eum</span> <span class='ocrx_word' id='word_1_120' title='bbox 1612 1448 1883 1500; x_wconf 73' lang='lat' dir='ltr'>(sanctum</span> <span class='ocrx_word' id='word_1_121' title='bbox 1914 1448 2109 1502; x_wconf 86' lang='lat' dir='ltr'>Ricar-</span> 
     </span>
    </p>
   </div>
   <div class='ocr_carea' id='block_1_17' title="bbox 510 1533 2109 1604">
    <p class='ocr_par' dir='ltr' id='par_1_17' title="bbox 510 1533 2109 1604">
     <span class='ocr_line' id='line_1_17' title="bbox 510 1533 2109 1604; baseline -0.003 -12"><span class='ocrx_word' id='word_1_122' title='bbox 510 1537 668 1597; x_wconf 72' lang='lat' dir='ltr'>dum)</span> <span class='ocrx_word' id='word_1_123' title='bbox 696 1551 984 1592; x_wconf 86' lang='lat' dir='ltr'>successor</span> <span class='ocrx_word' id='word_1_124' title='bbox 1022 1534 1082 1588; x_wconf 93' lang='lat' dir='ltr'>in</span> <span class='ocrx_word' id='word_1_125' title='bbox 1110 1534 1384 1604; x_wconf 86' lang='lat' dir='ltr'>regimine</span> <span class='ocrx_word' id='word_1_126' title='bbox 1424 1533 1698 1597; x_wconf 80' lang='lat' dir='ltr'>Ecclesiae,</span> <span class='ocrx_word' id='word_1_127' title='bbox 1734 1539 1808 1599; x_wconf 92' lang='lat' dir='ltr'>et,</span> <span class='ocrx_word' id='word_1_128' title='bbox 1840 1539 1905 1587; x_wconf 91' lang='lat' dir='ltr'>ut</span> <span class='ocrx_word' id='word_1_129' title='bbox 1928 1534 2109 1588; x_wconf 91' lang='lat' dir='ltr'>credi-</span> 
     </span>
    </p>
   </div>
   <div class='ocr_carea' id='block_1_18' title="bbox 507 1620 2107 1692">
    <p class='ocr_par' dir='ltr' id='par_1_18' title="bbox 507 1620 2107 1692">
     <span class='ocr_line' id='line_1_18' title="bbox 507 1620 2107 1692; baseline -0.003 -11"><span class='ocrx_word' id='word_1_130' title='bbox 507 1641 657 1692; x_wconf 88' lang='lat' dir='ltr'>mus,</span> <span class='ocrx_word' id='word_1_131' title='bbox 694 1622 1064 1678; x_wconf 63' lang='lat' dir='ltr'>haareditariaa</span> <span class='ocrx_word' id='word_1_132' title='bbox 1102 1620 1414 1676; x_wconf 88' lang='lat' dir='ltr'>sanctitatis</span> <span class='ocrx_word' id='word_1_133' title='bbox 1442 1637 1748 1691; x_wconf 86' lang='lat' dir='ltr'>possessor,</span> <span class='ocrx_word' id='word_1_134' title='bbox 1781 1637 1930 1675; x_wconf 89' lang='lat' dir='ltr'>nunc</span> <span class='ocrx_word' id='word_1_135' title='bbox 1960 1622 2107 1676; x_wconf 90' lang='lat' dir='ltr'>felici</span> 
     </span>
    </p>
   </div>
   <div class='ocr_carea' id='block_1_19' title="bbox 504 1706 2101 1780">
    <p class='ocr_par' dir='ltr' id='par_1_19' title="bbox 504 1706 2101 1780">
     <span class='ocr_line' id='line_1_19' title="bbox 504 1706 2101 1780; baseline -0.002 -13"><span class='ocrx_word' id='word_1_136' title='bbox 504 1711 707 1767; x_wconf 76' lang='lat' dir='ltr'>beatus</span> <span class='ocrx_word' id='word_1_137' title='bbox 727 1727 974 1777; x_wconf 86' lang='lat' dir='ltr'>excessu,</span> <span class='ocrx_word' id='word_1_138' title='bbox 990 1706 1086 1764; x_wconf 92' lang='lat' dir='ltr'>ubi</span> <span class='ocrx_word' id='word_1_139' title='bbox 1105 1710 1288 1764; x_wconf 91' lang='lat' dir='ltr'>locum</span> <span class='ocrx_word' id='word_1_140' title='bbox 1308 1709 1494 1780; x_wconf 91' lang='lat' dir='ltr'>ipsum</span> <span class='ocrx_word' id='word_1_141' title='bbox 1513 1709 1819 1778; x_wconf 87' lang='lat' dir='ltr'>regendum</span> <span class='ocrx_word' id='word_1_142' title='bbox 1839 1710 2101 1780; x_wconf 87' lang='lat' dir='ltr'>suscepit,</span> 
     </span>
    </p>
   </div>
   <div class='ocr_carea' id='block_1_20' title="bbox 2198 738 3772 810">
    <p class='ocr_par' dir='ltr' id='par_1_20' title="bbox 2198 738 3772 810">
     <span class='ocr_line' id='line_1_20' title="bbox 2198 738 3772 810; baseline 0.004 -18"><span class='ocrx_word' id='word_1_143' title='bbox 2198 739 2577 807; x_wconf 83' lang='lat' dir='ltr'>jocunditatis.</span> <span class='ocrx_word' id='word_1_144' title='bbox 2604 758 2627 790; x_wconf 75' lang='grc' dir='ltr'><strong><em>ι</em></strong></span> <span class='ocrx_word' id='word_1_145' title='bbox 2645 738 2720 793; x_wconf 89' lang='lat' dir='ltr'>Et</span> <span class='ocrx_word' id='word_1_146' title='bbox 2748 745 2874 810; x_wconf 89' lang='lat' dir='ltr'>post</span> <span class='ocrx_word' id='word_1_147' title='bbox 2902 740 3039 793; x_wconf 86' lang='lat' dir='ltr'>alia:</span> <span class='ocrx_word' id='word_1_148' title='bbox 3071 757 3097 793; x_wconf 74' lang='grc' dir='ltr'><strong>α</strong></span> <span class='ocrx_word' id='word_1_149' title='bbox 3119 741 3280 795; x_wconf 90' lang='lat' dir='ltr'>Anno</span> <span class='ocrx_word' id='word_1_150' title='bbox 3309 740 3379 794; x_wconf 91' lang='lat' dir='ltr'>ab</span> <span class='ocrx_word' id='word_1_151' title='bbox 3408 741 3772 798; x_wconf 85' lang='lat' dir='ltr'>incarnatione</span> 
     </span>
    </p>
   </div>
   <div class='ocr_carea' id='block_1_21' title="bbox 2198 824 3773 887">
    <p class='ocr_par' dir='ltr' id='par_1_21' title="bbox 2198 824 3773 887">
     <span class='ocr_line' id='line_1_21' title="bbox 2198 824 3773 887; baseline 0.004 -6"><span class='ocrx_word' id='word_1_152' title='bbox 2198 827 2423 881; x_wconf 88' lang='lat' dir='ltr'>Domini</span> <span class='ocrx_word' id='word_1_153' title='bbox 2469 824 2613 883; x_wconf 78' lang='lat'>1090</span> <span class='ocrx_word' id='word_1_154' title='bbox 2664 827 3041 882; x_wconf 87' lang='lat' dir='ltr'>Theodericus</span> <span class='ocrx_word' id='word_1_155' title='bbox 3088 828 3461 883; x_wconf 87' lang='lat' dir='ltr'>Virdunensis</span> <span class='ocrx_word' id='word_1_156' title='bbox 3500 844 3559 885; x_wconf 85' lang='lat' dir='ltr'>Iv</span> <span class='ocrx_word' id='word_1_157' title='bbox 3602 832 3773 887; x_wconf 87' lang='lat' dir='ltr'>Nonas</span> 
     </span>
    </p>
   </div>
   <div class='ocr_carea' id='block_1_22' title="bbox 2198 914 3773 987">
    <p class='ocr_par' dir='ltr' id='par_1_22' title="bbox 2198 914 3773 987">
     <span class='ocr_line' id='line_1_22' title="bbox 2198 914 3773 987; baseline 0.004 -19"><span class='ocrx_word' id='word_1_158' title='bbox 2198 915 2330 969; x_wconf 90' lang='lat' dir='ltr'>Maii</span> <span class='ocrx_word' id='word_1_159' title='bbox 2355 914 2649 969; x_wconf 82' lang='lat' dir='ltr'>defunctus</span> <span class='ocrx_word' id='word_1_160' title='bbox 2696 920 2837 979; x_wconf 88' lang='lat' dir='ltr'>erat,</span> <span class='ocrx_word' id='word_1_161' title='bbox 2878 917 2974 987; x_wconf 90' lang='lat' dir='ltr'>qui</span> <span class='ocrx_word' id='word_1_162' title='bbox 3020 922 3213 972; x_wconf 89' lang='lat' dir='ltr'>tamen</span> <span class='ocrx_word' id='word_1_163' title='bbox 3256 918 3314 971; x_wconf 92' lang='lat' dir='ltr'>in</span> <span class='ocrx_word' id='word_1_164' title='bbox 3348 918 3674 973; x_wconf 87' lang='lat' dir='ltr'>inﬁrmitate</span> <span class='ocrx_word' id='word_1_165' title='bbox 3713 921 3773 974; x_wconf 88' lang='lat' dir='ltr'>de</span> 
     </span>
    </p>
   </div>
   <div class='ocr_carea' id='block_1_23' title="bbox 2195 1003 3775 1080">
    <p class='ocr_par' dir='ltr' id='par_1_23' title="bbox 2195 1003 3775 1080">
     <span class='ocr_line' id='line_1_23' title="bbox 2195 1003 3775 1080; baseline 0.004 -24"><span class='ocrx_word' id='word_1_166' title='bbox 2195 1004 2587 1057; x_wconf 90' lang='lat' dir='ltr'>communione</span> <span class='ocrx_word' id='word_1_167' title='bbox 2601 1003 2950 1069; x_wconf 88' lang='lat' dir='ltr'>Witberti,et</span> <span class='ocrx_word' id='word_1_168' title='bbox 2968 1004 3036 1058; x_wconf 92' lang='lat' dir='ltr'>de</span> <span class='ocrx_word' id='word_1_169' title='bbox 3066 1006 3389 1076; x_wconf 87' lang='lat' dir='ltr'>expulsione</span> <span class='ocrx_word' id='word_1_170' title='bbox 3409 1006 3646 1062; x_wconf 84' lang='lat' dir='ltr'>fratrum</span> <span class='ocrx_word' id='word_1_171' title='bbox 3675 1025 3775 1080; x_wconf 64' lang='lat' dir='ltr'>pae-</span> 
     </span>
    </p>
   </div>
   <div class='ocr_carea' id='block_1_24' title="bbox 2194 1091 3772 1166">
    <p class='ocr_par' dir='ltr' id='par_1_24' title="bbox 2194 1091 3772 1166">
     <span class='ocr_line' id='line_1_24' title="bbox 2194 1091 3772 1166; baseline 0.004 -21"><span class='ocrx_word' id='word_1_172' title='bbox 2194 1091 2488 1146; x_wconf 86' lang='lat' dir='ltr'>nitentiam</span> <span class='ocrx_word' id='word_1_173' title='bbox 2519 1092 2654 1162; x_wconf 82' lang='lat' dir='ltr'>egit,</span> <span class='ocrx_word' id='word_1_174' title='bbox 2689 1092 2909 1163; x_wconf 89' lang='lat' dir='ltr'>culpam</span> <span class='ocrx_word' id='word_1_175' title='bbox 2954 1094 3235 1163; x_wconf 87' lang='lat' dir='ltr'>professus</span> <span class='ocrx_word' id='word_1_176' title='bbox 3263 1100 3368 1161; x_wconf 90' lang='lat' dir='ltr'>est,</span> <span class='ocrx_word' id='word_1_177' title='bbox 3400 1100 3457 1149; x_wconf 90' lang='lat' dir='ltr'>et</span> <span class='ocrx_word' id='word_1_178' title='bbox 3487 1111 3519 1150; x_wconf 90' lang='lat' dir='ltr'>a</span> <span class='ocrx_word' id='word_1_179' title='bbox 3549 1096 3772 1166; x_wconf 88' lang='lat' dir='ltr'>quodam</span> 
     </span>
    </p>
   </div>
   <div class='ocr_carea' id='block_1_25' title="bbox 2191 1180 3772 1253">
    <p class='ocr_par' dir='ltr' id='par_1_25' title="bbox 2191 1180 3772 1253">
     <span class='ocr_line' id='line_1_25' title="bbox 2191 1180 3772 1253; baseline 0.004 -20"><span class='ocrx_word' id='word_1_180' title='bbox 2191 1180 2363 1234; x_wconf 84' lang='lat' dir='ltr'>fratre</span> <span class='ocrx_word' id='word_1_181' title='bbox 2403 1180 2653 1234; x_wconf 89' lang='lat' dir='ltr'>Gerardo</span> <span class='ocrx_word' id='word_1_182' title='bbox 2694 1180 2941 1247; x_wconf 87' lang='lat' dir='ltr'>nomine,</span> <span class='ocrx_word' id='word_1_183' title='bbox 2976 1185 3161 1247; x_wconf 57' lang='lat'>3‘31</span> <span class='ocrx_word' id='word_1_184' title='bbox 3194 1183 3479 1253; x_wconf 77' lang='lat' dir='ltr'>quondam</span> <span class='ocrx_word' id='word_1_185' title='bbox 3501 1185 3772 1249; x_wconf 91' lang='lat' dir='ltr'>canonico,</span> 
     </span>
    </p>
   </div>
   <div class='ocr_carea' id='block_1_26' title="bbox 2193 1268 3772 1333">
    <p class='ocr_par' dir='ltr' id='par_1_26' title="bbox 2193 1268 3772 1333">
     <span class='ocr_line' id='line_1_26' title="bbox 2193 1268 3772 1333; baseline 0.002 -11"><span class='ocrx_word' id='word_1_186' title='bbox 2193 1273 2251 1322; x_wconf 88' lang='lat' dir='ltr'>et</span> <span class='ocrx_word' id='word_1_187' title='bbox 2288 1268 2676 1322; x_wconf 83' lang='lat' dir='ltr'>archidiacono</span> <span class='ocrx_word' id='word_1_188' title='bbox 2707 1269 3077 1323; x_wconf 86' lang='lat' dir='ltr'>Virdunensis</span> <span class='ocrx_word' id='word_1_189' title='bbox 3117 1270 3396 1333; x_wconf 68' lang='lat' dir='ltr'>Ecclesia),</span> <span class='ocrx_word' id='word_1_190' title='bbox 3436 1277 3572 1326; x_wconf 91' lang='lat' dir='ltr'>tunc</span> <span class='ocrx_word' id='word_1_191' title='bbox 3600 1279 3772 1327; x_wconf 90' lang='lat' dir='ltr'>autem</span> 
     </span>
    </p>
   </div>
   <div class='ocr_carea' id='block_1_27' title="bbox 2191 1356 3775 1432">
    <p class='ocr_par' dir='ltr' id='par_1_27' title="bbox 2191 1356 3775 1432">
     <span class='ocr_line' id='line_1_27' title="bbox 2191 1356 3775 1432; baseline 0.004 -23"><span class='ocrx_word' id='word_1_192' title='bbox 2191 1356 2467 1410; x_wconf 82' lang='lat' dir='ltr'>monacho</span> <span class='ocrx_word' id='word_1_193' title='bbox 2499 1357 2685 1410; x_wconf 88' lang='lat' dir='ltr'>Sancti</span> <span class='ocrx_word' id='word_1_194' title='bbox 2710 1356 2922 1417; x_wconf 86' lang='lat' dir='ltr'>Vitoni,</span> <span class='ocrx_word' id='word_1_195' title='bbox 2943 1373 3108 1428; x_wconf 89' lang='lat' dir='ltr'>quem</span> <span class='ocrx_word' id='word_1_196' title='bbox 3140 1359 3471 1430; x_wconf 88' lang='lat' dir='ltr'>Rodulphus</span> <span class='ocrx_word' id='word_1_197' title='bbox 3498 1360 3667 1414; x_wconf 88' lang='lat' dir='ltr'>abbas</span> <span class='ocrx_word' id='word_1_198' title='bbox 3692 1361 3775 1432; x_wconf 89' lang='lat' dir='ltr'>pia</span> 
     </span>
    </p>
   </div>
   <div class='ocr_carea' id='block_1_28' title="bbox 2192 1444 3773 1519">
    <p class='ocr_par' dir='ltr' id='par_1_28' title="bbox 2192 1444 3773 1519">
     <span class='ocr_line' id='line_1_28' title="bbox 2192 1444 3773 1519; baseline 0.004 -22"><span class='ocrx_word' id='word_1_199' title='bbox 2192 1444 2566 1498; x_wconf 89' lang='lat' dir='ltr'>sollicitudine</span> <span class='ocrx_word' id='word_1_200' title='bbox 2587 1461 2688 1515; x_wconf 90' lang='lat' dir='ltr'>pro</span> <span class='ocrx_word' id='word_1_201' title='bbox 2713 1445 2817 1498; x_wconf 91' lang='lat' dir='ltr'>hoc</span> <span class='ocrx_word' id='word_1_202' title='bbox 2847 1445 2943 1499; x_wconf 89' lang='lat' dir='ltr'>illo</span> <span class='ocrx_word' id='word_1_203' title='bbox 2974 1446 3221 1508; x_wconf 86' lang='lat' dir='ltr'>miserat,</span> <span class='ocrx_word' id='word_1_204' title='bbox 3244 1454 3518 1519; x_wconf 62' lang='lat' dir='ltr'>praecepto</span> <span class='ocrx_word' id='word_1_205' title='bbox 3540 1449 3773 1518; x_wconf 88' lang='lat' dir='ltr'>ejusdem</span> 
     </span>
    </p>
   </div>
   <div class='ocr_carea' id='block_1_29' title="bbox 2191 1531 3772 1608">
    <p class='ocr_par' dir='ltr' id='par_1_29' title="bbox 2191 1531 3772 1608">
     <span class='ocr_line' id='line_1_29' title="bbox 2191 1531 3772 1608; baseline 0.005 -24"><span class='ocrx_word' id='word_1_206' title='bbox 2191 1531 2426 1597; x_wconf 88' lang='lat' dir='ltr'>abbatis,</span> <span class='ocrx_word' id='word_1_207' title='bbox 2462 1532 2557 1602; x_wconf 91' lang='lat' dir='ltr'>qui</span> <span class='ocrx_word' id='word_1_208' title='bbox 2586 1538 2919 1602; x_wconf 89' lang='lat' dir='ltr'>potestatem</span> <span class='ocrx_word' id='word_1_209' title='bbox 2967 1533 3288 1589; x_wconf 80' lang='lat' dir='ltr'>absolvendi</span> <span class='ocrx_word' id='word_1_210' title='bbox 3325 1552 3421 1590; x_wconf 90' lang='lat' dir='ltr'>eos</span> <span class='ocrx_word' id='word_1_211' title='bbox 3467 1537 3565 1608; x_wconf 91' lang='lat' dir='ltr'>qui</span> <span class='ocrx_word' id='word_1_212' title='bbox 3597 1538 3665 1592; x_wconf 91' lang='lat' dir='ltr'>ab</span> <span class='ocrx_word' id='word_1_213' title='bbox 3690 1554 3772 1591; x_wconf 83' lang='lat' dir='ltr'>ex-</span> 
     </span>
    </p>
   </div>
   <div class='ocr_carea' id='block_1_30' title="bbox 2190 1620 3771 1692">
    <p class='ocr_par' dir='ltr' id='par_1_30' title="bbox 2190 1620 3771 1692">
     <span class='ocr_line' id='line_1_30' title="bbox 2190 1620 3771 1692; baseline 0.004 -20"><span class='ocrx_word' id='word_1_214' title='bbox 2190 1620 2695 1674; x_wconf 85' lang='lat' dir='ltr'>communicatione</span> <span class='ocrx_word' id='word_1_215' title='bbox 2734 1620 3009 1686; x_wconf 89' lang='lat' dir='ltr'>redibant,</span> <span class='ocrx_word' id='word_1_216' title='bbox 3044 1621 3113 1674; x_wconf 89' lang='lat' dir='ltr'>ab</span> <span class='ocrx_word' id='word_1_217' title='bbox 3154 1623 3459 1692; x_wconf 87' lang='lat' dir='ltr'>apostolica</span> <span class='ocrx_word' id='word_1_218' title='bbox 3483 1625 3617 1678; x_wconf 92' lang='lat' dir='ltr'>sede</span> <span class='ocrx_word' id='word_1_219' title='bbox 3643 1624 3771 1679; x_wconf 89' lang='lat' dir='ltr'>obti-</span> 
     </span>
    </p>
   </div>
   <div class='ocr_carea' id='block_1_31' title="bbox 2189 1707 3773 1783">
    <p class='ocr_par' dir='ltr' id='par_1_31' title="bbox 2189 1707 3773 1783">
     <span class='ocr_line' id='line_1_31' title="bbox 2189 1707 3773 1783; baseline 0.004 -23"><span class='ocrx_word' id='word_1_220' title='bbox 2189 1714 2410 1773; x_wconf 87' lang='lat' dir='ltr'>nuerat,</span> <span class='ocrx_word' id='word_1_221' title='bbox 2452 1707 2740 1762; x_wconf 87' lang='lat' dir='ltr'>absolutus</span> <span class='ocrx_word' id='word_1_222' title='bbox 2777 1714 2879 1763; x_wconf 90' lang='lat' dir='ltr'>est.</span> <span class='ocrx_word' id='word_1_223' title='bbox 2933 1709 3008 1763; x_wconf 83' lang='lat' dir='ltr'>Ex</span> <span class='ocrx_word' id='word_1_224' title='bbox 3056 1715 3192 1763; x_wconf 91' lang='lat' dir='ltr'>tunc</span> <span class='ocrx_word' id='word_1_225' title='bbox 3238 1709 3414 1765; x_wconf 87' lang='lat' dir='ltr'>abbas</span> <span class='ocrx_word' id='word_1_226' title='bbox 3459 1712 3773 1783; x_wconf 89' lang='lat' dir='ltr'>Rodulphus</span> 
     </span>
    </p>
   </div>
   <div class='ocr_carea' id='block_1_32' title="bbox 506 1781 3772 1867">
    <p class='ocr_par' dir='ltr' id='par_1_32' title="bbox 506 1781 3772 1867">
     <span class='ocr_line' id='line_1_32' title="bbox 506 1781 3772 1867; baseline 0 -12"><span class='ocrx_word' id='word_1_227' title='bbox 506 1806 567 1855; x_wconf 88' lang='lat' dir='ltr'>et</span> <span class='ocrx_word' id='word_1_228' title='bbox 595 1800 818 1854; x_wconf 87' lang='lat' dir='ltr'>audiret</span> <span class='ocrx_word' id='word_1_229' title='bbox 844 1816 880 1852; x_wconf 91' lang='lat' dir='ltr'>a</span> <span class='ocrx_word' id='word_1_230' title='bbox 908 1796 1276 1853; x_wconf 85' lang='lat' dir='ltr'>referentibus</span> <span class='ocrx_word' id='word_1_231' title='bbox 1304 1797 1485 1850; x_wconf 89' lang='lat' dir='ltr'>multa</span> <span class='ocrx_word' id='word_1_232' title='bbox 1510 1796 1580 1849; x_wconf 90' lang='lat' dir='ltr'>de</span> <span class='ocrx_word' id='word_1_233' title='bbox 1600 1813 1664 1850; x_wconf 90' lang='lat' dir='ltr'>eo</span> <span class='ocrx_word' id='word_1_234' title='bbox 1693 1797 1876 1850; x_wconf 85' lang='lat' dir='ltr'>relatu</span> <span class='ocrx_word' id='word_1_235' title='bbox 1901 1797 2096 1867; x_wconf 88' lang='lat' dir='ltr'>digna.</span> <span class='ocrx_word' id='word_1_236' title='bbox 2121 1781 2169 1841; x_wconf 85' lang='lat' dir='ltr'><strong>B</strong></span> <span class='ocrx_word' id='word_1_237' title='bbox 2189 1811 2314 1849; x_wconf 90' lang='lat' dir='ltr'>cum</span> <span class='ocrx_word' id='word_1_238' title='bbox 2353 1795 2620 1850; x_wconf 88' lang='lat' dir='ltr'>fratribus</span> <span class='ocrx_word' id='word_1_239' title='bbox 2665 1814 2729 1851; x_wconf 88' lang='lat' dir='ltr'>ac</span> <span class='ocrx_word' id='word_1_240' title='bbox 2749 1796 3063 1851; x_wconf 73' lang='lat' dir='ltr'>ccenobium</span> <span class='ocrx_word' id='word_1_241' title='bbox 3101 1797 3206 1851; x_wconf 90' lang='lat' dir='ltr'>sibi</span> <span class='ocrx_word' id='word_1_242' title='bbox 3236 1800 3599 1854; x_wconf 90' lang='lat' dir='ltr'>commissum</span> <span class='ocrx_word' id='word_1_243' title='bbox 3629 1816 3772 1855; x_wconf 88' lang='lat' dir='ltr'>revo-</span> 
     </span>
    </p>
   </div>
   <div class='ocr_carea' id='block_1_33' title="bbox 504 1880 3771 1959">
    <p class='ocr_par' dir='ltr' id='par_1_33' title="bbox 504 1880 3771 1959">
     <span class='ocr_line' id='line_1_33' title="bbox 504 1880 3771 1959; baseline 0 -16"><span class='ocrx_word' id='word_1_244' title='bbox 504 1888 741 1944; x_wconf 78' lang='lat' dir='ltr'>Videret</span> <span class='ocrx_word' id='word_1_245' title='bbox 754 1902 976 1959; x_wconf 88' lang='lat' dir='ltr'>quoque</span> <span class='ocrx_word' id='word_1_246' title='bbox 993 1885 1318 1941; x_wconf 88' lang='lat' dir='ltr'>unanimem</span> <span class='ocrx_word' id='word_1_247' title='bbox 1334 1901 1468 1955; x_wconf 88' lang='lat' dir='ltr'>erga</span> <span class='ocrx_word' id='word_1_248' title='bbox 1486 1884 1698 1938; x_wconf 92' lang='lat' dir='ltr'>cultum</span> <span class='ocrx_word' id='word_1_249' title='bbox 1719 1885 2105 1940; x_wconf 89' lang='lat' dir='ltr'>memorialem</span> <span class='ocrx_word' id='word_1_250' title='bbox 2188 1889 2347 1937; x_wconf 89' lang='lat' dir='ltr'>catus</span> <span class='ocrx_word' id='word_1_251' title='bbox 2373 1889 2477 1950; x_wconf 86' lang='lat' dir='ltr'>est,</span> <span class='ocrx_word' id='word_1_252' title='bbox 2495 1880 2621 1945; x_wconf 74' lang='lat' dir='ltr'>cum</span> <span class='ocrx_word' id='word_1_253' title='bbox 2642 1890 2768 1954; x_wconf 89' lang='lat' dir='ltr'>post</span> <span class='ocrx_word' id='word_1_254' title='bbox 2784 1885 3090 1939; x_wconf 87' lang='lat' dir='ltr'>discessum</span> <span class='ocrx_word' id='word_1_255' title='bbox 3112 1887 3231 1955; x_wconf 87' lang='lat' dir='ltr'>ejus</span> <span class='ocrx_word' id='word_1_256' title='bbox 3253 1886 3562 1942; x_wconf 88' lang='lat' dir='ltr'>intrassent</span> <span class='ocrx_word' id='word_1_257' title='bbox 3576 1888 3632 1942; x_wconf 91' lang='lat' dir='ltr'>in</span> <span class='ocrx_word' id='word_1_258' title='bbox 3649 1889 3771 1943; x_wconf 91' lang='lat' dir='ltr'>illud</span> 
     </span>
    </p>
   </div>
   <div class='ocr_carea' id='block_1_34' title="bbox 503 1971 3773 2046">
    <p class='ocr_par' dir='ltr' id='par_1_34' title="bbox 503 1971 3773 2046">
     <span class='ocr_line' id='line_1_34' title="bbox 503 1971 3773 2046; baseline 0 -16"><span class='ocrx_word' id='word_1_259' title='bbox 503 1976 627 2046; x_wconf 88' lang='lat' dir='ltr'>ejus</span> <span class='ocrx_word' id='word_1_260' title='bbox 678 1974 932 2030; x_wconf 88' lang='lat' dir='ltr'>omnium</span> <span class='ocrx_word' id='word_1_261' title='bbox 987 1974 1359 2037; x_wconf 89' lang='lat' dir='ltr'>devotionem,</span> <span class='ocrx_word' id='word_1_262' title='bbox 1401 1971 1826 2043; x_wconf 83' lang='lat' dir='ltr'>amplexabatur</span> <span class='ocrx_word' id='word_1_263' title='bbox 1876 1973 2102 2043; x_wconf 79' lang='lat' dir='ltr'>quidem</span> <span class='ocrx_word' id='word_1_264' title='bbox 2188 1972 2304 2042; x_wconf 90' lang='lat' dir='ltr'>lupi</span> <span class='ocrx_word' id='word_1_265' title='bbox 2326 1988 2575 2043; x_wconf 86' lang='lat' dir='ltr'>rapaces,</span> <span class='ocrx_word' id='word_1_266' title='bbox 2598 1973 2718 2026; x_wconf 87' lang='lat' dir='ltr'>loco</span> <span class='ocrx_word' id='word_1_267' title='bbox 2743 1989 2852 2026; x_wconf 91' lang='lat' dir='ltr'>non</span> <span class='ocrx_word' id='word_1_268' title='bbox 2886 1979 3197 2044; x_wconf 89' lang='lat' dir='ltr'>parcentes,</span> <span class='ocrx_word' id='word_1_269' title='bbox 3223 1980 3280 2028; x_wconf 89' lang='lat' dir='ltr'>et</span> <span class='ocrx_word' id='word_1_270' title='bbox 3304 1975 3506 2042; x_wconf 92' lang='lat' dir='ltr'>Deum,</span> <span class='ocrx_word' id='word_1_271' title='bbox 3527 1982 3590 2030; x_wconf 85' lang='lat' dir='ltr'>et</span> <span class='ocrx_word' id='word_1_272' title='bbox 3611 1978 3773 2032; x_wconf 89' lang='lat' dir='ltr'>homi-</span> 
     </span>
    </p>
   </div>
   <div class='ocr_carea' id='block_1_35' title="bbox 501 2060 3772 2136">
    <p class='ocr_par' dir='ltr' id='par_1_35' title="bbox 501 2060 3772 2136">
     <span class='ocr_line' id='line_1_35' title="bbox 501 2060 3772 2136; baseline 0 -17"><span class='ocrx_word' id='word_1_273' title='bbox 501 2064 652 2136; x_wconf 90' lang='lat' dir='ltr'>quod</span> <span class='ocrx_word' id='word_1_274' title='bbox 678 2062 904 2118; x_wconf 80' lang='lat' dir='ltr'>videbat</span> <span class='ocrx_word' id='word_1_275' title='bbox 931 2071 989 2116; x_wconf 88' lang='lat' dir='ltr'>et</span> <span class='ocrx_word' id='word_1_276' title='bbox 1024 2060 1288 2116; x_wconf 88' lang='lat' dir='ltr'>audiebat</span> <span class='ocrx_word' id='word_1_277' title='bbox 1326 2060 1668 2132; x_wconf 84' lang='lat' dir='ltr'>generaliter</span> <span class='ocrx_word' id='word_1_278' title='bbox 1696 2060 1766 2114; x_wconf 90' lang='lat' dir='ltr'>ab</span> <span class='ocrx_word' id='word_1_279' title='bbox 1808 2060 2098 2129; x_wconf 92' lang='lat' dir='ltr'>omnibus;</span> <span class='ocrx_word' id='word_1_280' title='bbox 2184 2076 2315 2114; x_wconf 90' lang='lat' dir='ltr'>nem</span> <span class='ocrx_word' id='word_1_281' title='bbox 2349 2076 2462 2114; x_wconf 92' lang='lat' dir='ltr'>non</span> <span class='ocrx_word' id='word_1_282' title='bbox 2509 2067 2845 2127; x_wconf 86' lang='lat' dir='ltr'>reverentes,</span> <span class='ocrx_word' id='word_1_283' title='bbox 2879 2079 2912 2115; x_wconf 88' lang='lat' dir='ltr'>a</span> <span class='ocrx_word' id='word_1_284' title='bbox 2955 2061 3158 2132; x_wconf 89' lang='lat' dir='ltr'>quibus</span> <span class='ocrx_word' id='word_1_285' title='bbox 3200 2062 3281 2116; x_wconf 86' lang='lat' dir='ltr'>ita</span> <span class='ocrx_word' id='word_1_286' title='bbox 3322 2064 3515 2118; x_wconf 89' lang='lat' dir='ltr'>omnia</span> <span class='ocrx_word' id='word_1_287' title='bbox 3556 2067 3772 2120; x_wconf 85' lang='lat' dir='ltr'>confusa</span> 
     </span>
    </p>
   </div>
   <div class='ocr_carea' id='block_1_36' title="bbox 497 2148 3774 2225">
    <p class='ocr_par' dir='ltr' id='par_1_36' title="bbox 497 2148 3774 2225">
     <span class='ocr_line' id='line_1_36' title="bbox 497 2148 3774 2225; baseline 0.001 -18"><span class='ocrx_word' id='word_1_288' title='bbox 497 2150 771 2207; x_wconf 69' lang='lat' dir='ltr'>aestuabat</span> <span class='ocrx_word' id='word_1_289' title='bbox 795 2167 927 2214; x_wconf 84' lang='lat' dir='ltr'>vero</span> <span class='ocrx_word' id='word_1_290' title='bbox 972 2150 1125 2205; x_wconf 87' lang='lat' dir='ltr'>intra</span> <span class='ocrx_word' id='word_1_291' title='bbox 1168 2148 1435 2220; x_wconf 89' lang='lat' dir='ltr'>seipsum,</span> <span class='ocrx_word' id='word_1_292' title='bbox 1478 2149 1526 2202; x_wconf 89' lang='lat' dir='ltr'>si</span> <span class='ocrx_word' id='word_1_293' title='bbox 1572 2153 1745 2202; x_wconf 76' lang='lat' dir='ltr'>tanta:</span> <span class='ocrx_word' id='word_1_294' title='bbox 1786 2148 2102 2202; x_wconf 85' lang='lat' dir='ltr'>sanctitatis</span> <span class='ocrx_word' id='word_1_295' title='bbox 2184 2153 2318 2202; x_wconf 90' lang='lat' dir='ltr'>sunt</span> <span class='ocrx_word' id='word_1_296' title='bbox 2337 2153 2395 2202; x_wconf 90' lang='lat' dir='ltr'>et</span> <span class='ocrx_word' id='word_1_297' title='bbox 2413 2148 2715 2215; x_wconf 88' lang='lat' dir='ltr'>destructa,</span> <span class='ocrx_word' id='word_1_298' title='bbox 2735 2155 2798 2203; x_wconf 92' lang='lat' dir='ltr'>ut</span> <span class='ocrx_word' id='word_1_299' title='bbox 2819 2150 3091 2204; x_wconf 90' lang='lat' dir='ltr'>memoria</span> <span class='ocrx_word' id='word_1_300' title='bbox 3109 2150 3448 2207; x_wconf 88' lang='lat' dir='ltr'>confusionis</span> <span class='ocrx_word' id='word_1_301' title='bbox 3459 2158 3516 2206; x_wconf 89' lang='lat' dir='ltr'>et</span> <span class='ocrx_word' id='word_1_302' title='bbox 3540 2171 3774 2225; x_wconf 87' lang='lat' dir='ltr'>pessum-</span> 
     </span>
    </p>
   </div>
   <div class='ocr_carea' id='block_1_37' title="bbox 493 2236 3774 2309">
    <p class='ocr_par' dir='ltr' id='par_1_37' title="bbox 493 2236 3774 2309">
     <span class='ocr_line' id='line_1_37' title="bbox 493 2236 3774 2309; baseline 0.001 -15"><span class='ocrx_word' id='word_1_303' title='bbox 493 2240 582 2295; x_wconf 89' lang='lat' dir='ltr'>vir</span> <span class='ocrx_word' id='word_1_304' title='bbox 605 2240 704 2295; x_wconf 92' lang='lat' dir='ltr'>ille</span> <span class='ocrx_word' id='word_1_305' title='bbox 749 2238 949 2294; x_wconf 90' lang='lat' dir='ltr'>fuisset</span> <span class='ocrx_word' id='word_1_306' title='bbox 982 2244 1047 2293; x_wconf 91' lang='lat' dir='ltr'>ut</span> <span class='ocrx_word' id='word_1_307' title='bbox 1092 2237 1460 2303; x_wconf 89' lang='lat' dir='ltr'>referebatur,</span> <span class='ocrx_word' id='word_1_308' title='bbox 1511 2242 1570 2291; x_wconf 89' lang='lat' dir='ltr'>et</span> <span class='ocrx_word' id='word_1_309' title='bbox 1612 2236 1774 2307; x_wconf 85' lang='lat' dir='ltr'>quasi</span> <span class='ocrx_word' id='word_1_310' title='bbox 1817 2237 2101 2307; x_wconf 78' lang='lat' dir='ltr'>quaerebat</span> <span class='ocrx_word' id='word_1_311' title='bbox 2183 2237 2425 2291; x_wconf 89' lang='lat' dir='ltr'>dationis</span> <span class='ocrx_word' id='word_1_312' title='bbox 2456 2236 2610 2291; x_wconf 91' lang='lat' dir='ltr'>illius</span> <span class='ocrx_word' id='word_1_313' title='bbox 2639 2238 2915 2309; x_wconf 90' lang='lat' dir='ltr'>hodieque</span> <span class='ocrx_word' id='word_1_314' title='bbox 2946 2238 3256 2293; x_wconf 79' lang='lat' dir='ltr'>oblitterari</span> <span class='ocrx_word' id='word_1_315' title='bbox 3281 2256 3396 2295; x_wconf 91' lang='lat' dir='ltr'>non</span> <span class='ocrx_word' id='word_1_316' title='bbox 3424 2242 3628 2296; x_wconf 86' lang='lat' dir='ltr'>valeat.</span> <span class='ocrx_word' id='word_1_317' title='bbox 3659 2261 3686 2297; x_wconf 65' lang='grc' dir='ltr'><strong>ι</strong></span> <span class='ocrx_word' id='word_1_318' title='bbox 3713 2243 3774 2297; x_wconf 84' lang='lat' dir='ltr'>Et</span> 
     </span>
    </p>
   </div>
   <div class='ocr_carea' id='block_1_38' title="bbox 494 2324 3770 2399">
    <p class='ocr_par' dir='ltr' id='par_1_38' title="bbox 494 2324 3770 2399">
     <span class='ocr_line' id='line_1_38' title="bbox 494 2324 3770 2399; baseline 0.001 -16"><span class='ocrx_word' id='word_1_319' title='bbox 494 2327 750 2383; x_wconf 88' lang='lat' dir='ltr'>sollicitis</span> <span class='ocrx_word' id='word_1_320' title='bbox 779 2334 837 2382; x_wconf 88' lang='lat' dir='ltr'>et</span> <span class='ocrx_word' id='word_1_321' title='bbox 881 2325 1166 2399; x_wconf 77' lang='lat' dir='ltr'>dispositis</span> <span class='ocrx_word' id='word_1_322' title='bbox 1206 2324 1607 2395; x_wconf 86' lang='lat' dir='ltr'>cogitationum</span> <span class='ocrx_word' id='word_1_323' title='bbox 1638 2324 1904 2389; x_wconf 84' lang='lat' dir='ltr'>excubiis,</span> <span class='ocrx_word' id='word_1_324' title='bbox 1937 2326 2098 2395; x_wconf 88' lang='lat' dir='ltr'>cujus</span> <span class='ocrx_word' id='word_1_325' title='bbox 2184 2324 2331 2379; x_wconf 86' lang='lat' dir='ltr'>infra</span> <span class='ocrx_word' id='word_1_326' title='bbox 2363 2343 2375 2378; x_wconf 92' lang='lat'>:</span> <span class='ocrx_word' id='word_1_327' title='bbox 2413 2344 2440 2379; x_wconf 72' lang='grc' dir='ltr'><strong>α</strong></span> <span class='ocrx_word' id='word_1_328' title='bbox 2473 2326 2749 2380; x_wconf 78' lang='lat' dir='ltr'>Reversus</span> <span class='ocrx_word' id='word_1_329' title='bbox 2777 2332 2863 2380; x_wconf 87' lang='lat' dir='ltr'>est</span> <span class='ocrx_word' id='word_1_330' title='bbox 2902 2331 3092 2380; x_wconf 89' lang='lat' dir='ltr'>autem</span> <span class='ocrx_word' id='word_1_331' title='bbox 3135 2328 3205 2381; x_wconf 91' lang='lat' dir='ltr'>ad</span> <span class='ocrx_word' id='word_1_332' title='bbox 3258 2329 3577 2384; x_wconf 64' lang='lat' dir='ltr'>caanobium</span> <span class='ocrx_word' id='word_1_333' title='bbox 3621 2348 3770 2386; x_wconf 88' lang='lat' dir='ltr'>suum</span> 
     </span>
    </p>
   </div>
   <div class='ocr_carea' id='block_1_39' title="bbox 493 2412 3771 2487">
    <p class='ocr_par' dir='ltr' id='par_1_39' title="bbox 493 2412 3771 2487">
     <span class='ocr_line' id='line_1_39' title="bbox 493 2412 3771 2487; baseline 0 -16"><span class='ocrx_word' id='word_1_334' title='bbox 493 2416 687 2471; x_wconf 90' lang='lat' dir='ltr'>meriti</span> <span class='ocrx_word' id='word_1_335' title='bbox 712 2416 862 2487; x_wconf 91' lang='lat' dir='ltr'>apud</span> <span class='ocrx_word' id='word_1_336' title='bbox 888 2417 1067 2469; x_wconf 91' lang='lat' dir='ltr'>Deum</span> <span class='ocrx_word' id='word_1_337' title='bbox 1094 2418 1260 2469; x_wconf 91' lang='lat' dir='ltr'>esset.</span> <span class='ocrx_word' id='word_1_338' title='bbox 1282 2412 1510 2468; x_wconf 87' lang='lat' dir='ltr'>Solebat</span> <span class='ocrx_word' id='word_1_339' title='bbox 1540 2417 1599 2467; x_wconf 90' lang='lat' dir='ltr'>et</span> <span class='ocrx_word' id='word_1_340' title='bbox 1626 2413 1744 2483; x_wconf 90' lang='lat' dir='ltr'>ipse</span> <span class='ocrx_word' id='word_1_341' title='bbox 1774 2414 1845 2466; x_wconf 90' lang='lat' dir='ltr'>ad</span> <span class='ocrx_word' id='word_1_342' title='bbox 1871 2414 1994 2483; x_wconf 88' lang='lat' dir='ltr'>ejus</span> <span class='ocrx_word' id='word_1_343' title='bbox 2015 2430 2098 2467; x_wconf 92' lang='lat' dir='ltr'>se-</span> <span class='ocrx_word' id='word_1_344' title='bbox 2178 2429 2305 2467; x_wconf 89' lang='lat' dir='ltr'>cum</span> <span class='ocrx_word' id='word_1_345' title='bbox 2334 2412 2599 2467; x_wconf 85' lang='lat' dir='ltr'>fratribus</span> <span class='ocrx_word' id='word_1_346' title='bbox 2627 2412 2743 2467; x_wconf 91' lang='lat' dir='ltr'>suis</span> <span class='ocrx_word' id='word_1_347' title='bbox 2769 2414 3011 2468; x_wconf 90' lang='lat' dir='ltr'>domnus</span> <span class='ocrx_word' id='word_1_348' title='bbox 3039 2414 3210 2469; x_wconf 87' lang='lat' dir='ltr'>abbas</span> <span class='ocrx_word' id='word_1_349' title='bbox 3249 2416 3603 2487; x_wconf 90' lang='lat' dir='ltr'>Rodulphus,</span> <span class='ocrx_word' id='word_1_350' title='bbox 3637 2435 3771 2472; x_wconf 87' lang='lat' dir='ltr'>anno</span> 
     </span>
    </p>
   </div>
   <div class='ocr_carea' id='block_1_40' title="bbox 492 2500 3771 2577">
    <p class='ocr_par' dir='ltr' id='par_1_40' title="bbox 492 2500 3771 2577">
     <span class='ocr_line' id='line_1_40' title="bbox 492 2500 3771 2577; baseline 0.001 -18"><span class='ocrx_word' id='word_1_351' title='bbox 492 2504 674 2577; x_wconf 86' lang='lat' dir='ltr'>pulcri</span> <span class='ocrx_word' id='word_1_352' title='bbox 719 2504 924 2567; x_wconf 90' lang='lat' dir='ltr'>locum,</span> <span class='ocrx_word' id='word_1_353' title='bbox 962 2505 1095 2574; x_wconf 89' lang='lat' dir='ltr'>quia</span> <span class='ocrx_word' id='word_1_354' title='bbox 1143 2507 1397 2556; x_wconf 90' lang='lat' dir='ltr'>senserat</span> <span class='ocrx_word' id='word_1_355' title='bbox 1440 2500 1519 2554; x_wconf 89' lang='lat' dir='ltr'>ibi</span> <span class='ocrx_word' id='word_1_356' title='bbox 1555 2500 1747 2554; x_wconf 89' lang='lat' dir='ltr'>faciles</span> <span class='ocrx_word' id='word_1_357' title='bbox 1776 2501 2094 2555; x_wconf 86' lang='lat' dir='ltr'>orationum</span> <span class='ocrx_word' id='word_1_358' title='bbox 2181 2501 2252 2555; x_wconf 88' lang='lat' dir='ltr'>ab</span> <span class='ocrx_word' id='word_1_359' title='bbox 2292 2502 2679 2556; x_wconf 91' lang='lat' dir='ltr'>incarnatione</span> <span class='ocrx_word' id='word_1_360' title='bbox 2718 2502 2943 2556; x_wconf 89' lang='lat' dir='ltr'>Domini</span> <span class='ocrx_word' id='word_1_361' title='bbox 2995 2501 3150 2566; x_wconf 78' lang='lat'>109’2,</span> <span class='ocrx_word' id='word_1_362' title='bbox 3195 2520 3323 2559; x_wconf 89' lang='lat' dir='ltr'>cum</span> <span class='ocrx_word' id='word_1_363' title='bbox 3363 2506 3485 2576; x_wconf 88' lang='lat' dir='ltr'>jam</span> <span class='ocrx_word' id='word_1_364' title='bbox 3523 2507 3771 2562; x_wconf 63' lang='lat' dir='ltr'>Ecclesia</span> 
     </span>
    </p>
   </div>
   <div class='ocr_carea' id='block_1_41' title="bbox 487 2588 3769 2664">
    <p class='ocr_par' dir='ltr' id='par_1_41' title="bbox 487 2588 3769 2664">
     <span class='ocr_line' id='line_1_41' title="bbox 487 2588 3769 2664; baseline 0.001 -17"><span class='ocrx_word' id='word_1_365' title='bbox 487 2597 811 2664; x_wconf 86' lang='lat' dir='ltr'>proventus,</span> <span class='ocrx_word' id='word_1_366' title='bbox 859 2590 1196 2645; x_wconf 90' lang='lat' dir='ltr'>creberrime</span> <span class='ocrx_word' id='word_1_367' title='bbox 1241 2604 1423 2655; x_wconf 90' lang='lat' dir='ltr'>orare,</span> <span class='ocrx_word' id='word_1_368' title='bbox 1469 2593 1528 2642; x_wconf 91' lang='lat' dir='ltr'>et</span> <span class='ocrx_word' id='word_1_369' title='bbox 1572 2588 1859 2643; x_wconf 87' lang='lat' dir='ltr'>multoties</span> <span class='ocrx_word' id='word_1_370' title='bbox 1889 2606 2093 2659; x_wconf 90' lang='lat' dir='ltr'>perno-</span> <span class='ocrx_word' id='word_1_371' title='bbox 2178 2590 2550 2644; x_wconf 88' lang='lat' dir='ltr'>Virdunensis</span> <span class='ocrx_word' id='word_1_372' title='bbox 2606 2590 2879 2645; x_wconf 89' lang='lat' dir='ltr'>Richerus</span> <span class='ocrx_word' id='word_1_373' title='bbox 2934 2591 3197 2662; x_wconf 66' lang='lat' dir='ltr'>praelatus</span> <span class='ocrx_word' id='word_1_374' title='bbox 3235 2598 3384 2647; x_wconf 88' lang='lat' dir='ltr'>esset</span> <span class='ocrx_word' id='word_1_375' title='bbox 3429 2594 3488 2648; x_wconf 91' lang='lat' dir='ltr'>in</span> <span class='ocrx_word' id='word_1_376' title='bbox 3545 2596 3769 2650; x_wconf 88' lang='lat' dir='ltr'>ecclesia</span> 
     </span>
    </p>
   </div>
   <div class='ocr_carea' id='block_1_42' title="bbox 488 2675 3766 2750">
    <p class='ocr_par' dir='ltr' id='par_1_42' title="bbox 488 2675 3766 2750">
     <span class='ocr_line' id='line_1_42' title="bbox 488 2675 3766 2750; baseline 0.001 -15"><span class='ocrx_word' id='word_1_377' title='bbox 488 2685 662 2735; x_wconf 88' lang='lat' dir='ltr'>ctare.</span> <span class='ocrx_word' id='word_1_378' title='bbox 685 2699 709 2732; x_wconf 74' lang='grc' dir='ltr'><strong><em>ιο</em></strong></span> <span class='ocrx_word' id='word_1_379' title='bbox 732 2678 946 2735; x_wconf 89' lang='lat' dir='ltr'>Deinde</span> <span class='ocrx_word' id='word_1_380' title='bbox 971 2677 1239 2749; x_wconf 86' lang='lat' dir='ltr'>prolixius</span> <span class='ocrx_word' id='word_1_381' title='bbox 1266 2675 1529 2731; x_wconf 89' lang='lat' dir='ltr'>describit</span> <span class='ocrx_word' id='word_1_382' title='bbox 1563 2678 1843 2746; x_wconf 89' lang='lat' dir='ltr'>quomodo</span> <span class='ocrx_word' id='word_1_383' title='bbox 1868 2677 2092 2731; x_wconf 88' lang='lat' dir='ltr'>Ricardi</span> <span class='ocrx_word' id='word_1_384' title='bbox 2178 2679 2366 2733; x_wconf 89' lang='lat' dir='ltr'>Sancti</span> <span class='ocrx_word' id='word_1_385' title='bbox 2397 2679 2666 2750; x_wconf 89' lang='lat' dir='ltr'>Stephani</span> <span class='ocrx_word' id='word_1_386' title='bbox 2704 2679 2988 2746; x_wconf 89' lang='lat' dir='ltr'>Metensis,</span> <span class='ocrx_word' id='word_1_387' title='bbox 3020 2680 3217 2735; x_wconf 90' lang='lat' dir='ltr'>decani</span> <span class='ocrx_word' id='word_1_388' title='bbox 3247 2682 3473 2736; x_wconf 86' lang='lat' dir='ltr'>functus</span> <span class='ocrx_word' id='word_1_389' title='bbox 3500 2684 3705 2741; x_wconf 81' lang='lat' dir='ltr'>ofﬁcio.</span> <span class='ocrx_word' id='word_1_390' title='bbox 3743 2703 3766 2737; x_wconf 66' lang='grc' dir='ltr'><strong>υ</strong></span> 
     </span>
    </p>
   </div>
   <div class='ocr_carea' id='block_1_43' title="bbox 491 2764 3772 2844">
    <p class='ocr_par' dir='ltr' id='par_1_43' title="bbox 491 2764 3772 2844">
     <span class='ocr_line' id='line_1_43' title="bbox 491 2764 3772 2844; baseline 0.001 -23"><span class='ocrx_word' id='word_1_391' title='bbox 491 2764 711 2822; x_wconf 88' lang='lat' dir='ltr'>abbatis</span> <span class='ocrx_word' id='word_1_392' title='bbox 741 2766 1099 2823; x_wconf 80' lang='lat' dir='ltr'>sanctitatem</span> <span class='ocrx_word' id='word_1_393' title='bbox 1129 2764 1426 2836; x_wconf 91' lang='lat' dir='ltr'>Rodulpho</span> <span class='ocrx_word' id='word_1_394' title='bbox 1471 2766 1802 2837; x_wconf 83' lang='lat' dir='ltr'>patefecerit</span> <span class='ocrx_word' id='word_1_395' title='bbox 1838 2767 2091 2837; x_wconf 87' lang='lat' dir='ltr'>angelus,</span> <span class='ocrx_word' id='word_1_396' title='bbox 2175 2767 2425 2822; x_wconf 88' lang='lat' dir='ltr'>Tandem</span> <span class='ocrx_word' id='word_1_397' title='bbox 2454 2767 2525 2821; x_wconf 88' lang='lat' dir='ltr'>ad</span> <span class='ocrx_word' id='word_1_398' title='bbox 2555 2784 2687 2821; x_wconf 88' lang='lat' dir='ltr'>ann.</span> <span class='ocrx_word' id='word_1_399' title='bbox 2722 2765 2857 2823; x_wconf 82' lang='lat'>1099</span> <span class='ocrx_word' id='word_1_400' title='bbox 2889 2786 2900 2821; x_wconf 88' lang='lat'><strong>:</strong></span> <span class='ocrx_word' id='word_1_401' title='bbox 2938 2786 2965 2820; x_wconf 74' lang='grc' dir='ltr'>ς(</span> <span class='ocrx_word' id='word_1_402' title='bbox 3002 2768 3155 2823; x_wconf 89' lang='lat' dir='ltr'>Obiit</span> <span class='ocrx_word' id='word_1_403' title='bbox 3180 2770 3420 2825; x_wconf 90' lang='lat' dir='ltr'>domnus</span> <span class='ocrx_word' id='word_1_404' title='bbox 3447 2772 3772 2844; x_wconf 85' lang='lat' dir='ltr'>Rodulphus</span> 
     </span>
    </p>
   </div>
   <div class='ocr_carea' id='block_1_44' title="bbox 491 2853 2670 2927">
    <p class='ocr_par' dir='ltr' id='par_1_44' title="bbox 491 2853 2670 2927">
     <span class='ocr_line' id='line_1_44' title="bbox 491 2853 2670 2927; baseline -0.002 -15"><span class='ocrx_word' id='word_1_405' title='bbox 491 2857 655 2927; x_wconf 85' lang='lat' dir='ltr'>cujus</span> <span class='ocrx_word' id='word_1_406' title='bbox 691 2861 749 2912; x_wconf 91' lang='lat' dir='ltr'>et</span> <span class='ocrx_word' id='word_1_407' title='bbox 774 2857 943 2912; x_wconf 90' lang='lat' dir='ltr'>verba</span> <span class='ocrx_word' id='word_1_408' title='bbox 985 2857 1103 2911; x_wconf 70' lang='lat' dir='ltr'>haac</span> <span class='ocrx_word' id='word_1_409' title='bbox 1141 2853 1332 2909; x_wconf 89' lang='lat' dir='ltr'>subdit</span> <span class='ocrx_word' id='word_1_410' title='bbox 1361 2860 1646 2925; x_wconf 83' lang='lat' dir='ltr'>postrema</span> <span class='ocrx_word' id='word_1_411' title='bbox 1678 2872 1691 2907; x_wconf 89' lang='lat'><strong>:</strong></span> <span class='ocrx_word' id='word_1_412' title='bbox 1729 2874 1751 2905; x_wconf 75' lang='grc' dir='ltr'>α</span> <span class='ocrx_word' id='word_1_413' title='bbox 1794 2854 1880 2909; x_wconf 92' lang='lat' dir='ltr'>Tu</span> <span class='ocrx_word' id='word_1_414' title='bbox 1904 2856 2097 2926; x_wconf 87' lang='lat' dir='ltr'>itaque</span> <span class='ocrx_word' id='word_1_415' title='bbox 2178 2872 2209 2908; x_wconf 78' lang='grc' dir='ltr'><strong>ν</strong></span> <span class='ocrx_word' id='word_1_416' title='bbox 2234 2856 2356 2910; x_wconf 87' lang='lat' dir='ltr'>Kal.</span> <span class='ocrx_word' id='word_1_417' title='bbox 2386 2854 2612 2927; x_wconf 85' lang='lat' dir='ltr'>Aprilis.</span> <span class='ocrx_word' id='word_1_418' title='bbox 2644 2874 2670 2908; x_wconf 85' lang='lat'><strong>»</strong></span> 
     </span>
    </p>
   </div>
   <div class='ocr_carea' id='block_1_45' title="bbox 492 2942 3364 3014">
    <p class='ocr_par' dir='ltr' id='par_1_45' title="bbox 492 2942 3364 3014">
     <span class='ocr_line' id='line_1_45' title="bbox 492 2942 3364 3014; baseline 0.001 -16"><span class='ocrx_word' id='word_1_419' title='bbox 492 2943 582 2999; x_wconf 87' lang='lat' dir='ltr'>his</span> <span class='ocrx_word' id='word_1_420' title='bbox 609 2945 681 3000; x_wconf 89' lang='lat' dir='ltr'>de</span> <span class='ocrx_word' id='word_1_421' title='bbox 708 2945 871 3001; x_wconf 89' lang='lat' dir='ltr'>beato</span> <span class='ocrx_word' id='word_1_422' title='bbox 895 2944 1015 2999; x_wconf 88' lang='lat' dir='ltr'>viro</span> <span class='ocrx_word' id='word_1_423' title='bbox 1037 2942 1269 3014; x_wconf 81' lang='lat' dir='ltr'>agnitis,</span> <span class='ocrx_word' id='word_1_424' title='bbox 1302 2942 1449 2997; x_wconf 89' lang='lat' dir='ltr'>viam</span> <span class='ocrx_word' id='word_1_425' title='bbox 1471 2958 1641 3014; x_wconf 87' lang='lat' dir='ltr'>quam</span> <span class='ocrx_word' id='word_1_426' title='bbox 1667 2942 1882 3013; x_wconf 69' lang='lat' dir='ltr'>coepisti</span> <span class='ocrx_word' id='word_1_427' title='bbox 1911 2958 1980 2997; x_wconf 91' lang='lat' dir='ltr'>ne</span> <span class='ocrx_word' id='word_1_428' title='bbox 2006 2943 2100 2997; x_wconf 88' lang='lat' dir='ltr'>de-</span> <span class='ocrx_word' id='word_1_429' title='bbox 2599 2942 2717 2999; x_wconf 84' lang='lat' dir='ltr'>Soli</span> <span class='ocrx_word' id='word_1_430' title='bbox 2744 2946 2848 3000; x_wconf 82' lang='lat' dir='ltr'>Deo</span> <span class='ocrx_word' id='word_1_431' title='bbox 2876 2947 3051 3000; x_wconf 86' lang='lat' dir='ltr'>honor</span> <span class='ocrx_word' id='word_1_432' title='bbox 3079 2951 3127 3000; x_wconf 83' lang='lat' dir='ltr'>et</span> <span class='ocrx_word' id='word_1_433' title='bbox 3162 2949 3364 3014; x_wconf 79' lang='lat' dir='ltr'>gloria.</span> 
     </span>
    </p>
   </div>
   <div class='ocr_carea' id='block_1_46' title="bbox 2256 3125 2699 3139">
    <p class='ocr_par' dir='ltr' id='par_1_46' title="bbox 2256 3125 2699 3139">
     <span class='ocr_line' id='line_1_46' title="bbox 2256 3125 2699 3139; baseline 0 -4"><span class='ocrx_word' id='word_1_434' title='bbox 2256 3125 2699 3139; x_wconf 68' lang='lat'>_—_——</span> 
     </span>
    </p>
   </div>
   <div class='ocr_carea' id='block_1_47' title="bbox 2258 3122 3777 3151">
    <p class='ocr_par' dir='ltr' id='par_1_47' title="bbox 2258 3122 3777 3151">
     <span class='ocr_line' id='line_1_47' title="bbox 2258 3122 3777 3151; baseline -0.001 -1"><span class='ocrx_word' id='word_1_435' title='bbox 2258 3122 3777 3151; x_wconf 42' lang='grc' dir='ltr'>Μ</span> 
     </span>
    </p>
   </div>
   <div class='ocr_carea' id='block_1_48' title="bbox 530 3122 2252 3152">
    <p class='ocr_par' dir='ltr' id='par_1_48' title="bbox 530 3122 2252 3152">
     <span class='ocr_line' id='line_1_48' title="bbox 530 3122 2252 3152; baseline 0.001 -1"><span class='ocrx_word' id='word_1_436' title='bbox 530 3122 2252 3152; x_wconf 45' lang='lat' dir='ltr'><em>W</em></span> 
     </span>
    </p>
   </div>
   <div class='ocr_carea' id='block_1_49' title="bbox 1378 3259 2668 3356">
    <p class='ocr_par' dir='ltr' id='par_1_49' title="bbox 1378 3259 2668 3356">
     <span class='ocr_line' id='line_1_49' title="bbox 1378 3259 2668 3356; baseline 0.002 -3"><span class='ocrx_word' id='word_1_437' title='bbox 1378 3259 1450 3353; x_wconf 87' lang='grc' dir='ltr'><strong>Ρ</strong></span> <span class='ocrx_word' id='word_1_438' title='bbox 1467 3264 1605 3354; x_wconf 71' lang='grc' dir='ltr'>ΕΗ</span> <span class='ocrx_word' id='word_1_439' title='bbox 1617 3262 1953 3356; x_wconf 83' lang='lat' dir='ltr'>lCOPE</span> <span class='ocrx_word' id='word_1_440' title='bbox 2041 3262 2195 3356; x_wconf 76' lang='grc' dir='ltr'>ΟΒ</span> <span class='ocrx_word' id='word_1_441' title='bbox 2210 3262 2668 3356; x_wconf 71' lang='lat' dir='ltr'>tl&#39;l‘lONlS</span> 
     </span>
    </p>
   </div>
   <div class='ocr_carea' id='block_1_50' title="bbox 498 3438 3779 3519">
    <p class='ocr_par' dir='ltr' id='par_1_50' title="bbox 498 3438 3779 3519">
     <span class='ocr_line' id='line_1_50' title="bbox 498 3438 3779 3519; baseline -0.001 -10"><span class='ocrx_word' id='word_1_442' title='bbox 498 3439 723 3519; x_wconf 83' lang='lat' dir='ltr'>QUAM</span> <span class='ocrx_word' id='word_1_443' title='bbox 764 3445 843 3506; x_wconf 84' lang='lat' dir='ltr'>IN</span> <span class='ocrx_word' id='word_1_444' title='bbox 890 3438 1251 3506; x_wconf 78' lang='lat' dir='ltr'>CONCILIO</span> <span class='ocrx_word' id='word_1_445' title='bbox 1293 3443 1366 3502; x_wconf 85' lang='lat' dir='ltr'>A.</span> <span class='ocrx_word' id='word_1_446' title='bbox 1415 3441 1481 3502; x_wconf 87' lang='lat' dir='ltr'>C.</span> <span class='ocrx_word' id='word_1_447' title='bbox 1533 3444 1689 3503; x_wconf 75' lang='grc'>1072</span> <span class='ocrx_word' id='word_1_448' title='bbox 1732 3441 2197 3502; x_wconf 82' lang='lat' dir='ltr'>CELEBRATO</span> <span class='ocrx_word' id='word_1_449' title='bbox 2241 3443 2540 3505; x_wconf 84' lang='lat' dir='ltr'>HABUIT</span> <span class='ocrx_word' id='word_1_450' title='bbox 2577 3443 2646 3502; x_wconf 91' lang='lat' dir='ltr'>B.</span> <span class='ocrx_word' id='word_1_451' title='bbox 2694 3444 3237 3514; x_wconf 82' lang='lat' dir='ltr'>LANFRANCUS,</span> <span class='ocrx_word' id='word_1_452' title='bbox 3282 3444 3383 3504; x_wconf 88' lang='lat' dir='ltr'>DE</span> <span class='ocrx_word' id='word_1_453' title='bbox 3427 3443 3779 3508; x_wconf 79' lang='lat' dir='ltr'>PRIMATU</span> 
     </span>
    </p>
   </div>
   <div class='ocr_carea' id='block_1_51' title="bbox 882 3520 3372 3596">
    <p class='ocr_par' dir='ltr' id='par_1_51' title="bbox 882 3520 3372 3596">
     <span class='ocr_line' id='line_1_51' title="bbox 882 3520 3372 3596; baseline 0.001 -13"><span class='ocrx_word' id='word_1_454' title='bbox 882 3521 1512 3584; x_wconf 83' lang='lat' dir='ltr'>CANTUARIENSIS</span> <span class='ocrx_word' id='word_1_455' title='bbox 1556 3522 1977 3596; x_wconf 75' lang='lat' dir='ltr'>ECCLESl/E,</span> <span class='ocrx_word' id='word_1_456' title='bbox 2028 3520 2349 3583; x_wconf 80' lang='lat' dir='ltr'>CONTRA</span> <span class='ocrx_word' id='word_1_457' title='bbox 2383 3522 2730 3582; x_wconf 78' lang='lat' dir='ltr'>THOMAM</span> <span class='ocrx_word' id='word_1_458' title='bbox 2774 3524 3372 3586; x_wconf 79' lang='lat' dir='ltr'>EBOBACENSEM.</span> 
     </span>
    </p>
   </div>
   <div class='ocr_carea' id='block_1_52' title="bbox 1098 3675 3121 3761">
    <p class='ocr_par' dir='ltr' id='par_1_52' title="bbox 1098 3675 3121 3761">
     <span class='ocr_line' id='line_1_52' title="bbox 1098 3675 3121 3761; baseline 0.001 -23"><span class='ocrx_word' id='word_1_459' title='bbox 1098 3677 1207 3739; x_wconf 72' lang='lat' dir='ltr'>Ex</span> <span class='ocrx_word' id='word_1_460' title='bbox 1238 3675 1550 3740; x_wconf 76' lang='lat' dir='ltr'>Guillelmi</span> <span class='ocrx_word' id='word_1_461' title='bbox 1572 3677 1962 3740; x_wconf 83' lang='lat' dir='ltr'>Malmesbur.</span> <span class='ocrx_word' id='word_1_462' title='bbox 2000 3678 2103 3740; x_wconf 74' lang='lat' dir='ltr'>lib.</span> <span class='ocrx_word' id='word_1_463' title='bbox 2136 3696 2159 3740; x_wconf 83' lang='grc' dir='ltr'>ι</span> <span class='ocrx_word' id='word_1_464' title='bbox 2187 3679 2277 3740; x_wconf 85' lang='lat' dir='ltr'>De</span> <span class='ocrx_word' id='word_1_465' title='bbox 2308 3680 2463 3742; x_wconf 80' lang='lat' dir='ltr'>Gest.</span> <span class='ocrx_word' id='word_1_466' title='bbox 2495 3681 2724 3761; x_wconf 83' lang='lat' dir='ltr'>pontif.</span> <span class='ocrx_word' id='word_1_467' title='bbox 2758 3681 3121 3761; x_wconf 79' lang='lat' dir='ltr'>Anglorum.</span> 
     </span>
    </p>
   </div>
   <div class='ocr_carea' id='block_1_53' title="bbox 571 3917 3779 3992">
    <p class='ocr_par' dir='ltr' id='par_1_53' title="bbox 571 3917 3779 3992">
     <span class='ocr_line' id='line_1_53' title="bbox 571 3917 3779 3992; baseline -0 -16"><span class='ocrx_word' id='word_1_468' title='bbox 571 3925 761 3989; x_wconf 54' lang='lat'>318</span> <span class='ocrx_word' id='word_1_469' title='bbox 773 3919 976 3992; x_wconf 89' lang='lat' dir='ltr'>Opinio</span> <span class='ocrx_word' id='word_1_470' title='bbox 996 3923 1084 3975; x_wconf 89' lang='lat' dir='ltr'>est</span> <span class='ocrx_word' id='word_1_471' title='bbox 1104 3917 1354 3973; x_wconf 87' lang='lat' dir='ltr'>veritatis</span> <span class='ocrx_word' id='word_1_472' title='bbox 1374 3934 1572 3989; x_wconf 89' lang='lat' dir='ltr'>egena,</span> <span class='ocrx_word' id='word_1_473' title='bbox 1589 3934 1702 3989; x_wconf 87' lang='lat' dir='ltr'>qua</span> <span class='ocrx_word' id='word_1_474' title='bbox 1719 3918 1918 3972; x_wconf 89' lang='lat' dir='ltr'>niteris</span> <span class='ocrx_word' id='word_1_475' title='bbox 1937 3923 2001 3972; x_wconf 88' lang='lat' dir='ltr'>ut</span> <span class='ocrx_word' id='word_1_476' title='bbox 2023 3918 2102 3971; x_wconf 89' lang='lat' dir='ltr'>di-</span> <span class='ocrx_word' id='word_1_477' title='bbox 2118 3920 2161 3980; x_wconf 89' lang='lat' dir='ltr'>C</span> <span class='ocrx_word' id='word_1_478' title='bbox 2184 3919 2496 3989; x_wconf 81' lang='lat' dir='ltr'>Anglorum</span> <span class='ocrx_word' id='word_1_479' title='bbox 2526 3919 2781 3975; x_wconf 79' lang='lat' dir='ltr'>Ecclesiae</span> <span class='ocrx_word' id='word_1_480' title='bbox 2823 3919 2893 3974; x_wconf 92' lang='lat' dir='ltr'>ab</span> <span class='ocrx_word' id='word_1_481' title='bbox 2940 3937 3006 3975; x_wconf 90' lang='lat' dir='ltr'>eo</span> <span class='ocrx_word' id='word_1_482' title='bbox 3035 3922 3158 3976; x_wconf 91' lang='lat' dir='ltr'>loco</span> <span class='ocrx_word' id='word_1_483' title='bbox 3195 3927 3526 3978; x_wconf 88' lang='lat' dir='ltr'>mutuentur</span> <span class='ocrx_word' id='word_1_484' title='bbox 3569 3922 3779 3979; x_wconf 75' lang='lat' dir='ltr'>vivendi</span> 
     </span>
    </p>
   </div>
   <div class='ocr_carea' id='block_1_54' title="bbox 500 4005 3779 4082">
    <p class='ocr_par' dir='ltr' id='par_1_54' title="bbox 500 4005 3779 4082">
     <span class='ocr_line' id='line_1_54' title="bbox 500 4005 3779 4082; baseline 0.001 -17"><span class='ocrx_word' id='word_1_485' title='bbox 500 4014 663 4066; x_wconf 89' lang='lat' dir='ltr'>catur</span> <span class='ocrx_word' id='word_1_486' title='bbox 676 4010 781 4064; x_wconf 91' lang='lat' dir='ltr'>soli</span> <span class='ocrx_word' id='word_1_487' title='bbox 797 4007 1112 4079; x_wconf 89' lang='lat' dir='ltr'>Augustino</span> <span class='ocrx_word' id='word_1_488' title='bbox 1126 4023 1449 4062; x_wconf 86' lang='lat' dir='ltr'>concessum</span> <span class='ocrx_word' id='word_1_489' title='bbox 1466 4005 1674 4060; x_wconf 90' lang='lat' dir='ltr'>habere</span> <span class='ocrx_word' id='word_1_490' title='bbox 1692 4005 2100 4076; x_wconf 90' lang='lat' dir='ltr'>subjectionem</span> <span class='ocrx_word' id='word_1_491' title='bbox 2179 4006 2533 4078; x_wconf 88' lang='lat' dir='ltr'>disciplinam</span> <span class='ocrx_word' id='word_1_492' title='bbox 2554 4047 2569 4073; x_wconf 92' lang='lat'>,</span> <span class='ocrx_word' id='word_1_493' title='bbox 2620 4024 2656 4063; x_wconf 87' lang='lat' dir='ltr'>a</span> <span class='ocrx_word' id='word_1_494' title='bbox 2698 4009 2860 4079; x_wconf 89' lang='lat' dir='ltr'>cujus</span> <span class='ocrx_word' id='word_1_495' title='bbox 2906 4009 3100 4065; x_wconf 87' lang='lat' dir='ltr'>fomite</span> <span class='ocrx_word' id='word_1_496' title='bbox 3150 4018 3464 4082; x_wconf 87' lang='lat' dir='ltr'>rapuerunt</span> <span class='ocrx_word' id='word_1_497' title='bbox 3518 4012 3779 4069; x_wconf 89' lang='lat' dir='ltr'>credendi</span> 
     </span>
    </p>
   </div>
   <div class='ocr_carea' id='block_1_55' title="bbox 501 4094 3780 4170">
    <p class='ocr_par' dir='ltr' id='par_1_55' title="bbox 501 4094 3780 4170">
     <span class='ocr_line' id='line_1_55' title="bbox 501 4094 3780 4170; baseline 0 -18"><span class='ocrx_word' id='word_1_498' title='bbox 501 4097 755 4153; x_wconf 90' lang='lat' dir='ltr'>omnium</span> <span class='ocrx_word' id='word_1_499' title='bbox 794 4096 1183 4167; x_wconf 89' lang='lat' dir='ltr'>episcoporum</span> <span class='ocrx_word' id='word_1_500' title='bbox 1230 4094 1557 4158; x_wconf 85' lang='lat' dir='ltr'>Britanniae,</span> <span class='ocrx_word' id='word_1_501' title='bbox 1598 4098 1657 4148; x_wconf 90' lang='lat' dir='ltr'>et</span> <span class='ocrx_word' id='word_1_502' title='bbox 1692 4109 1886 4148; x_wconf 90' lang='lat' dir='ltr'>eorum</span> <span class='ocrx_word' id='word_1_503' title='bbox 1925 4094 2099 4148; x_wconf 89' lang='lat' dir='ltr'>etiam</span> <span class='ocrx_word' id='word_1_504' title='bbox 2181 4095 2490 4150; x_wconf 84' lang='lat' dir='ltr'>ﬂammam.</span> <span class='ocrx_word' id='word_1_505' title='bbox 2515 4095 2651 4160; x_wconf 87' lang='lat' dir='ltr'>Quis</span> <span class='ocrx_word' id='word_1_506' title='bbox 2678 4097 2831 4151; x_wconf 90' lang='lat' dir='ltr'>enim</span> <span class='ocrx_word' id='word_1_507' title='bbox 2856 4098 3073 4153; x_wconf 88' lang='lat' dir='ltr'>nesciat</span> <span class='ocrx_word' id='word_1_508' title='bbox 3092 4099 3241 4170; x_wconf 91' lang='lat' dir='ltr'>quod</span> <span class='ocrx_word' id='word_1_509' title='bbox 3261 4099 3515 4154; x_wconf 87' lang='lat' dir='ltr'>aCantia</span> <span class='ocrx_word' id='word_1_510' title='bbox 3536 4101 3780 4156; x_wconf 86' lang='lat' dir='ltr'>manavit</span> 
     </span>
    </p>
   </div>
   <div class='ocr_carea' id='block_1_56' title="bbox 502 4180 3775 4261">
    <p class='ocr_par' dir='ltr' id='par_1_56' title="bbox 502 4180 3775 4261">
     <span class='ocr_line' id='line_1_56' title="bbox 502 4180 3775 4261; baseline 0.002 -22"><span class='ocrx_word' id='word_1_511' title='bbox 502 4186 600 4256; x_wconf 92' lang='lat' dir='ltr'>qui</span> <span class='ocrx_word' id='word_1_512' title='bbox 651 4189 841 4239; x_wconf 89' lang='lat' dir='ltr'>essent</span> <span class='ocrx_word' id='word_1_513' title='bbox 875 4182 1120 4237; x_wconf 90' lang='lat' dir='ltr'>ordinati</span> <span class='ocrx_word' id='word_1_514' title='bbox 1157 4199 1258 4253; x_wconf 89' lang='lat' dir='ltr'>per</span> <span class='ocrx_word' id='word_1_515' title='bbox 1288 4183 1618 4253; x_wconf 87' lang='lat' dir='ltr'>episcopum</span> <span class='ocrx_word' id='word_1_516' title='bbox 1663 4180 2095 4237; x_wconf 88' lang='lat' dir='ltr'>Eboracensem.</span> <span class='ocrx_word' id='word_1_517' title='bbox 2182 4182 2391 4237; x_wconf 88' lang='lat' dir='ltr'>Christi</span> <span class='ocrx_word' id='word_1_518' title='bbox 2410 4183 2714 4240; x_wconf 89' lang='lat' dir='ltr'>credulitas</span> <span class='ocrx_word' id='word_1_519' title='bbox 2739 4185 2799 4239; x_wconf 93' lang='lat' dir='ltr'>in</span> <span class='ocrx_word' id='word_1_520' title='bbox 2825 4184 3136 4242; x_wconf 88' lang='lat' dir='ltr'>Eboracum</span> <span class='ocrx_word' id='word_1_521' title='bbox 3157 4192 3215 4242; x_wconf 90' lang='lat' dir='ltr'>et</span> <span class='ocrx_word' id='word_1_522' title='bbox 3230 4187 3288 4243; x_wconf 90' lang='lat' dir='ltr'>in</span> <span class='ocrx_word' id='word_1_523' title='bbox 3316 4193 3547 4244; x_wconf 84' lang='lat' dir='ltr'>caeteras</span> <span class='ocrx_word' id='word_1_524' title='bbox 3566 4189 3775 4261; x_wconf 70' lang='lat' dir='ltr'>Anglia:</span> 
     </span>
    </p>
   </div>
   <div class='ocr_carea' id='block_1_57' title="bbox 501 4269 3673 4341">
    <p class='ocr_par' dir='ltr' id='par_1_57' title="bbox 501 4269 3673 4341">
     <span class='ocr_line' id='line_1_57' title="bbox 501 4269 3673 4341; baseline -0.001 -14"><span class='ocrx_word' id='word_1_525' title='bbox 501 4272 655 4328; x_wconf 85' lang='lat' dir='ltr'>Exile</span> <span class='ocrx_word' id='word_1_526' title='bbox 697 4277 755 4326; x_wconf 91' lang='lat' dir='ltr'>et</span> <span class='ocrx_word' id='word_1_527' title='bbox 803 4271 1032 4325; x_wconf 89' lang='lat' dir='ltr'>omnino</span> <span class='ocrx_word' id='word_1_528' title='bbox 1083 4275 1385 4340; x_wconf 87' lang='lat' dir='ltr'>angustum</span> <span class='ocrx_word' id='word_1_529' title='bbox 1429 4269 1487 4323; x_wconf 89' lang='lat' dir='ltr'>id</span> <span class='ocrx_word' id='word_1_530' title='bbox 1527 4275 1676 4324; x_wconf 90' lang='lat' dir='ltr'>esset</span> <span class='ocrx_word' id='word_1_531' title='bbox 1716 4286 1920 4324; x_wconf 92' lang='lat' dir='ltr'>munus</span> <span class='ocrx_word' id='word_1_532' title='bbox 1953 4270 2135 4341; x_wconf 83' lang='lat' dir='ltr'>quod.</span> <span class='ocrx_word' id='word_1_533' title='bbox 2182 4271 2495 4326; x_wconf 85' lang='lat' dir='ltr'>Ecclesias?</span> <span class='ocrx_word' id='word_1_534' title='bbox 3668 4329 3673 4333; x_wconf 63' lang='grc'>,</span> 
     </span>
    </p>
   </div>
   <div class='ocr_carea' id='block_1_58' title="bbox 501 4356 3773 4436">
    <p class='ocr_par' dir='ltr' id='par_1_58' title="bbox 501 4356 3773 4436">
     <span class='ocr_line' id='line_1_58' title="bbox 501 4356 3773 4436; baseline 0.001 -22"><span class='ocrx_word' id='word_1_535' title='bbox 501 4358 767 4414; x_wconf 86' lang='lat' dir='ltr'>familiari</span> <span class='ocrx_word' id='word_1_536' title='bbox 806 4357 877 4411; x_wconf 87' lang='lat' dir='ltr'>ab</span> <span class='ocrx_word' id='word_1_537' title='bbox 917 4357 1052 4412; x_wconf 89' lang='lat' dir='ltr'>olim</span> <span class='ocrx_word' id='word_1_538' title='bbox 1092 4374 1214 4424; x_wconf 91' lang='lat' dir='ltr'>suo,</span> <span class='ocrx_word' id='word_1_539' title='bbox 1245 4373 1387 4412; x_wconf 88' lang='lat' dir='ltr'>novo</span> <span class='ocrx_word' id='word_1_540' title='bbox 1420 4356 1629 4427; x_wconf 91' lang='lat' dir='ltr'>Anglo,</span> <span class='ocrx_word' id='word_1_541' title='bbox 1668 4356 1755 4412; x_wconf 86' lang='lat' dir='ltr'>vir</span> <span class='ocrx_word' id='word_1_542' title='bbox 1798 4357 2103 4428; x_wconf 89' lang='lat' dir='ltr'>largiretur</span> <span class='ocrx_word' id='word_1_543' title='bbox 2253 4360 2427 4414; x_wconf 92' lang='lat' dir='ltr'>Porro</span> <span class='ocrx_word' id='word_1_544' title='bbox 2457 4360 2607 4431; x_wconf 88' lang='lat' dir='ltr'>quod</span> <span class='ocrx_word' id='word_1_545' title='bbox 2633 4360 2771 4416; x_wconf 90' lang='lat' dir='ltr'>dicis</span> <span class='ocrx_word' id='word_1_546' title='bbox 2803 4361 3054 4432; x_wconf 89' lang='lat' dir='ltr'>potuisse</span> <span class='ocrx_word' id='word_1_547' title='bbox 3081 4362 3310 4419; x_wconf 87' lang='lat' dir='ltr'>beatum</span> <span class='ocrx_word' id='word_1_548' title='bbox 3338 4365 3698 4436; x_wconf 87' lang='lat' dir='ltr'>Gregorium,</span> <span class='ocrx_word' id='word_1_549' title='bbox 3729 4364 3773 4419; x_wconf 90' lang='lat' dir='ltr'>si</span> 
     </span>
    </p>
   </div>
   <div class='ocr_carea' id='block_1_59' title="bbox 504 4444 3776 4521">
    <p class='ocr_par' dir='ltr' id='par_1_59' title="bbox 504 4444 3776 4521">
     <span class='ocr_line' id='line_1_59' title="bbox 504 4444 3776 4521; baseline 0.002 -20"><span class='ocrx_word' id='word_1_550' title='bbox 504 4446 878 4519; x_wconf 88' lang='lat' dir='ltr'>apostolicus;</span> <span class='ocrx_word' id='word_1_551' title='bbox 910 4446 1221 4517; x_wconf 78' lang='lat' dir='ltr'>praesertim</span> <span class='ocrx_word' id='word_1_552' title='bbox 1262 4461 1390 4500; x_wconf 91' lang='lat' dir='ltr'>cum</span> <span class='ocrx_word' id='word_1_553' title='bbox 1418 4444 1538 4499; x_wconf 85' lang='lat' dir='ltr'>vivo</span> <span class='ocrx_word' id='word_1_554' title='bbox 1567 4444 1881 4516; x_wconf 89' lang='lat' dir='ltr'>Augustino</span> <span class='ocrx_word' id='word_1_555' title='bbox 1911 4446 2100 4500; x_wconf 89' lang='lat' dir='ltr'>nullus</span> <span class='ocrx_word' id='word_1_556' title='bbox 2181 4446 2467 4513; x_wconf 89' lang='lat' dir='ltr'>voluisset,</span> <span class='ocrx_word' id='word_1_557' title='bbox 2499 4449 2910 4504; x_wconf 86' lang='lat' dir='ltr'>successoribus</span> <span class='ocrx_word' id='word_1_558' title='bbox 2938 4450 3241 4521; x_wconf 90' lang='lat' dir='ltr'>Augustini</span> <span class='ocrx_word' id='word_1_559' title='bbox 3268 4453 3608 4509; x_wconf 84' lang='lat' dir='ltr'>conﬁrmare</span> <span class='ocrx_word' id='word_1_560' title='bbox 3635 4454 3776 4508; x_wconf 90' lang='lat' dir='ltr'>dicto</span> 
     </span>
    </p>
   </div>
   <div class='ocr_carea' id='block_1_60' title="bbox 504 4533 3776 4608">
    <p class='ocr_par' dir='ltr' id='par_1_60' title="bbox 504 4533 3776 4608">
     <span class='ocr_line' id='line_1_60' title="bbox 504 4533 3776 4608; baseline 0.002 -18"><span class='ocrx_word' id='word_1_561' title='bbox 504 4534 875 4590; x_wconf 87' lang='lat' dir='ltr'>Eboracensis</span> <span class='ocrx_word' id='word_1_562' title='bbox 920 4534 1166 4605; x_wconf 85' lang='lat' dir='ltr'>pontifex</span> <span class='ocrx_word' id='word_1_563' title='bbox 1193 4534 1481 4588; x_wconf 89' lang='lat' dir='ltr'>ordinaret</span> <span class='ocrx_word' id='word_1_564' title='bbox 1520 4550 1659 4603; x_wconf 91' lang='lat' dir='ltr'>quos</span> <span class='ocrx_word' id='word_1_565' title='bbox 1697 4533 1978 4604; x_wconf 84' lang='lat' dir='ltr'>subjectos</span> <span class='ocrx_word' id='word_1_566' title='bbox 2006 4534 2102 4587; x_wconf 88' lang='lat' dir='ltr'>ha—</span> <span class='ocrx_word' id='word_1_567' title='bbox 2183 4536 2330 4606; x_wconf 89' lang='lat' dir='ltr'>quod</span> <span class='ocrx_word' id='word_1_568' title='bbox 2351 4542 2701 4591; x_wconf 90' lang='lat' dir='ltr'>concesserat</span> <span class='ocrx_word' id='word_1_569' title='bbox 2717 4537 3053 4608; x_wconf 84' lang='lat' dir='ltr'>Augustino,</span> <span class='ocrx_word' id='word_1_570' title='bbox 3079 4555 3270 4593; x_wconf 87' lang='lat' dir='ltr'>verum</span> <span class='ocrx_word' id='word_1_571' title='bbox 3290 4540 3518 4595; x_wconf 91' lang='lat' dir='ltr'>omnino</span> <span class='ocrx_word' id='word_1_572' title='bbox 3539 4546 3648 4603; x_wconf 88' lang='lat' dir='ltr'>est,</span> <span class='ocrx_word' id='word_1_573' title='bbox 3680 4555 3776 4596; x_wconf 83' lang='lat' dir='ltr'>nec</span> 
     </span>
    </p>
   </div>
   <div class='ocr_carea' id='block_1_61' title="bbox 503 4620 2102 4693">
    <p class='ocr_par' dir='ltr' id='par_1_61' title="bbox 503 4620 2102 4693">
     <span class='ocr_line' id='line_1_61' title="bbox 503 4620 2102 4693; baseline -0.001 -15"><span class='ocrx_word' id='word_1_574' title='bbox 503 4624 665 4678; x_wconf 89' lang='lat' dir='ltr'>beret</span> <span class='ocrx_word' id='word_1_575' title='bbox 710 4622 1075 4693; x_wconf 83' lang='lat' dir='ltr'>Augustinus,</span> <span class='ocrx_word' id='word_1_576' title='bbox 1116 4622 1215 4676; x_wconf 91' lang='lat' dir='ltr'>sed</span> <span class='ocrx_word' id='word_1_577' title='bbox 1270 4637 1375 4675; x_wconf 90' lang='lat' dir='ltr'>nec</span> <span class='ocrx_word' id='word_1_578' title='bbox 1421 4620 1625 4691; x_wconf 88' lang='lat' dir='ltr'>aliquis</span> <span class='ocrx_word' id='word_1_579' title='bbox 1675 4620 1771 4675; x_wconf 89' lang='lat' dir='ltr'>ubi</span> <span class='ocrx_word' id='word_1_580' title='bbox 1826 4621 2102 4676; x_wconf 80' lang='lat' dir='ltr'>exstiterit</span> 
     </span>
    </p>
   </div>
   <div class='ocr_carea' id='block_1_62' title="bbox 504 4708 2099 4783">
    <p class='ocr_par' dir='ltr' id='par_1_62' title="bbox 504 4708 2099 4783">
     <span class='ocr_line' id='line_1_62' title="bbox 504 4708 2099 4783; baseline -0.002 -16"><span class='ocrx_word' id='word_1_581' title='bbox 504 4712 822 4783; x_wconf 83' lang='lat' dir='ltr'>episcopus:</span> <span class='ocrx_word' id='word_1_582' title='bbox 839 4710 1034 4765; x_wconf 89' lang='lat' dir='ltr'>beatus</span> <span class='ocrx_word' id='word_1_583' title='bbox 1051 4710 1099 4764; x_wconf 90' lang='lat' dir='ltr'>si</span> <span class='ocrx_word' id='word_1_584' title='bbox 1113 4708 1613 4780; x_wconf 86' lang='lat' dir='ltr'>quidemPaulinus</span> <span class='ocrx_word' id='word_1_585' title='bbox 1624 4708 1838 4779; x_wconf 89' lang='lat' dir='ltr'>primus</span> <span class='ocrx_word' id='word_1_586' title='bbox 1848 4708 2099 4780; x_wconf 88' lang='lat' dir='ltr'>ejusdem</span> 
     </span>
    </p>
   </div>
   <div class='ocr_carea' id='block_1_63' title="bbox 504 4797 2099 4872">
    <p class='ocr_par' dir='ltr' id='par_1_63' title="bbox 504 4797 2099 4872">
     <span class='ocr_line' id='line_1_63' title="bbox 504 4797 2099 4872; baseline -0.003 -14"><span class='ocrx_word' id='word_1_587' title='bbox 504 4801 660 4858; x_wconf 92' lang='lat' dir='ltr'>urbis</span> <span class='ocrx_word' id='word_1_588' title='bbox 688 4800 913 4872; x_wconf 74' lang='lat' dir='ltr'>praesul,</span> <span class='ocrx_word' id='word_1_589' title='bbox 947 4815 1061 4853; x_wconf 87' lang='lat' dir='ltr'>non</span> <span class='ocrx_word' id='word_1_590' title='bbox 1089 4804 1345 4868; x_wconf 89' lang='lat' dir='ltr'>tempore</span> <span class='ocrx_word' id='word_1_591' title='bbox 1376 4797 1699 4868; x_wconf 87' lang='lat' dir='ltr'>Augustini,</span> <span class='ocrx_word' id='word_1_592' title='bbox 1722 4798 1820 4852; x_wconf 91' lang='lat' dir='ltr'>sed</span> <span class='ocrx_word' id='word_1_593' title='bbox 1846 4804 2099 4869; x_wconf 89' lang='lat' dir='ltr'>tempore</span> 
     </span>
    </p>
   </div>
   <div class='ocr_carea' id='block_1_64' title="bbox 501 4883 2098 4959">
    <p class='ocr_par' dir='ltr' id='par_1_64' title="bbox 501 4883 2098 4959">
     <span class='ocr_line' id='line_1_64' title="bbox 501 4883 2098 4959; baseline -0.003 -16"><span class='ocrx_word' id='word_1_594' title='bbox 501 4888 669 4954; x_wconf 88' lang='lat' dir='ltr'>Justi,</span> <span class='ocrx_word' id='word_1_595' title='bbox 703 4887 799 4959; x_wconf 89' lang='lat' dir='ltr'>qui</span> <span class='ocrx_word' id='word_1_596' title='bbox 831 4891 1066 4957; x_wconf 88' lang='lat' dir='ltr'>quartus</span> <span class='ocrx_word' id='word_1_597' title='bbox 1094 4885 1201 4939; x_wconf 87' lang='lat' dir='ltr'>fuit</span> <span class='ocrx_word' id='word_1_598' title='bbox 1231 4883 1444 4940; x_wconf 64' lang='lat' dir='ltr'>Cantiae</span> <span class='ocrx_word' id='word_1_599' title='bbox 1472 4885 1736 4956; x_wconf 88' lang='lat' dir='ltr'>pontifex,</span> <span class='ocrx_word' id='word_1_600' title='bbox 1776 4886 1912 4940; x_wconf 90' lang='lat' dir='ltr'>illuc</span> <span class='ocrx_word' id='word_1_601' title='bbox 1947 4886 2098 4940; x_wconf 85' lang='lat' dir='ltr'>dire-</span> 
     </span>
    </p>
   </div>
   <div class='ocr_carea' id='block_1_65' title="bbox 502 4973 2099 5045">
    <p class='ocr_par' dir='ltr' id='par_1_65' title="bbox 502 4973 2099 5045">
     <span class='ocr_line' id='line_1_65' title="bbox 502 4973 2099 5045; baseline -0.002 -14"><span class='ocrx_word' id='word_1_602' title='bbox 502 4982 625 5033; x_wconf 90' lang='lat' dir='ltr'>ctus</span> <span class='ocrx_word' id='word_1_603' title='bbox 639 4982 744 5034; x_wconf 92' lang='lat' dir='ltr'>est.</span> <span class='ocrx_word' id='word_1_604' title='bbox 759 4975 1115 5030; x_wconf 88' lang='lat' dir='ltr'>Nescientem</span> <span class='ocrx_word' id='word_1_605' title='bbox 1138 4973 1311 5027; x_wconf 88' lang='lat' dir='ltr'>Gesta</span> <span class='ocrx_word' id='word_1_606' title='bbox 1321 4974 1632 5043; x_wconf 85' lang='lat' dir='ltr'>Anglorum</span> <span class='ocrx_word' id='word_1_607' title='bbox 1652 4973 1933 5029; x_wconf 91' lang='lat' dir='ltr'>docebunt</span> <span class='ocrx_word' id='word_1_608' title='bbox 1950 4974 2099 5045; x_wconf 90' lang='lat' dir='ltr'>quod</span> 
     </span>
    </p>
   </div>
   <div class='ocr_carea' id='block_1_66' title="bbox 502 5061 2100 5133">
    <p class='ocr_par' dir='ltr' id='par_1_66' title="bbox 502 5061 2100 5133">
     <span class='ocr_line' id='line_1_66' title="bbox 502 5061 2100 5133; baseline -0.004 -12"><span class='ocrx_word' id='word_1_609' title='bbox 502 5065 646 5120; x_wconf 92' lang='lat' dir='ltr'>dico.</span> <span class='ocrx_word' id='word_1_610' title='bbox 671 5066 790 5119; x_wconf 88' lang='lat' dir='ltr'>Hoc</span> <span class='ocrx_word' id='word_1_611' title='bbox 808 5061 1188 5132; x_wconf 84' lang='lat' dir='ltr'>intelligentes</span> <span class='ocrx_word' id='word_1_612' title='bbox 1216 5062 1583 5117; x_wconf 66' lang='lat' dir='ltr'>sanctissima:</span> <span class='ocrx_word' id='word_1_613' title='bbox 1604 5062 1753 5117; x_wconf 91' lang='lat' dir='ltr'>sedis</span> <span class='ocrx_word' id='word_1_614' title='bbox 1782 5062 2100 5133; x_wconf 67' lang='lat' dir='ltr'>apostolicae</span> 
     </span>
    </p>
   </div>
   <div class='ocr_carea' id='block_1_67' title="bbox 501 5149 2098 5226">
    <p class='ocr_par' dir='ltr' id='par_1_67' title="bbox 501 5149 2098 5226">
     <span class='ocr_line' id='line_1_67' title="bbox 501 5149 2098 5226; baseline -0.004 -17"><span class='ocrx_word' id='word_1_615' title='bbox 501 5154 768 5226; x_wconf 62' lang='lat' dir='ltr'>praesules</span> <span class='ocrx_word' id='word_1_616' title='bbox 793 5149 1197 5221; x_wconf 86' lang='lat' dir='ltr'>subjectionem</span> <span class='ocrx_word' id='word_1_617' title='bbox 1213 5150 1466 5205; x_wconf 91' lang='lat' dir='ltr'>omnium</span> <span class='ocrx_word' id='word_1_618' title='bbox 1483 5150 1868 5222; x_wconf 89' lang='lat' dir='ltr'>episcoporum</span> <span class='ocrx_word' id='word_1_619' title='bbox 1884 5150 2098 5220; x_wconf 80' lang='lat' dir='ltr'>Angliae</span> 
     </span>
    </p>
   </div>
   <div class='ocr_carea' id='block_1_68' title="bbox 2181 4624 3775 4698">
    <p class='ocr_par' dir='ltr' id='par_1_68' title="bbox 2181 4624 3775 4698">
     <span class='ocr_line' id='line_1_68' title="bbox 2181 4624 3775 4698; baseline 0.004 -21"><span class='ocrx_word' id='word_1_620' title='bbox 2181 4628 2368 4695; x_wconf 87' lang='lat' dir='ltr'>potest</span> <span class='ocrx_word' id='word_1_621' title='bbox 2391 4624 2619 4695; x_wconf 87' lang='lat' dir='ltr'>ambigi.</span> <span class='ocrx_word' id='word_1_622' title='bbox 2654 4625 2761 4680; x_wconf 89' lang='lat' dir='ltr'>Sed</span> <span class='ocrx_word' id='word_1_623' title='bbox 2805 4626 2972 4697; x_wconf 90' lang='lat' dir='ltr'>quod,</span> <span class='ocrx_word' id='word_1_624' title='bbox 3008 4643 3215 4698; x_wconf 64' lang='lat' dir='ltr'>quaeso,</span> <span class='ocrx_word' id='word_1_625' title='bbox 3246 4628 3635 4698; x_wconf 69' lang='lat' dir='ltr'>pmjudicium</span> <span class='ocrx_word' id='word_1_626' title='bbox 3678 4631 3775 4684; x_wconf 91' lang='lat' dir='ltr'>hoc</span> 
     </span>
    </p>
   </div>
   <div class='ocr_carea' id='block_1_69' title="bbox 2181 4712 3770 4789">
    <p class='ocr_par' dir='ltr' id='par_1_69' title="bbox 2181 4712 3770 4789">
     <span class='ocr_line' id='line_1_69' title="bbox 2181 4712 3770 4789; baseline 0.002 -23"><span class='ocrx_word' id='word_1_627' title='bbox 2181 4712 2573 4767; x_wconf 89' lang='lat' dir='ltr'>Cantuariensi</span> <span class='ocrx_word' id='word_1_628' title='bbox 2589 4713 2708 4767; x_wconf 90' lang='lat' dir='ltr'>sedi</span> <span class='ocrx_word' id='word_1_629' title='bbox 2727 4714 2921 4768; x_wconf 65' lang='lat' dir='ltr'>aitert?</span> <span class='ocrx_word' id='word_1_630' title='bbox 2940 4717 2989 4769; x_wconf 85' lang='lat' dir='ltr'>A</span> <span class='ocrx_word' id='word_1_631' title='bbox 3008 4715 3178 4769; x_wconf 90' lang='lat' dir='ltr'>simili</span> <span class='ocrx_word' id='word_1_632' title='bbox 3196 4732 3423 4770; x_wconf 87' lang='lat' dir='ltr'>causam</span> <span class='ocrx_word' id='word_1_633' title='bbox 3439 4734 3770 4789; x_wconf 88' lang='lat' dir='ltr'>proponam.</span> 
     </span>
    </p>
   </div>
   <div class='ocr_carea' id='block_1_70' title="bbox 2179 4801 3773 4872">
    <p class='ocr_par' dir='ltr' id='par_1_70' title="bbox 2179 4801 3773 4872">
     <span class='ocr_line' id='line_1_70' title="bbox 2179 4801 3773 4872; baseline 0.003 -18"><span class='ocrx_word' id='word_1_634' title='bbox 2179 4801 2322 4855; x_wconf 91' lang='lat' dir='ltr'>Nam</span> <span class='ocrx_word' id='word_1_635' title='bbox 2370 4801 2592 4872; x_wconf 89' lang='lat' dir='ltr'>quando</span> <span class='ocrx_word' id='word_1_636' title='bbox 2647 4802 2919 4858; x_wconf 88' lang='lat' dir='ltr'>Dominus</span> <span class='ocrx_word' id='word_1_637' title='bbox 2965 4809 3022 4858; x_wconf 89' lang='lat' dir='ltr'>et</span> <span class='ocrx_word' id='word_1_638' title='bbox 3068 4804 3325 4858; x_wconf 88' lang='lat' dir='ltr'>Salvator</span> <span class='ocrx_word' id='word_1_639' title='bbox 3375 4810 3570 4860; x_wconf 90' lang='lat' dir='ltr'>noster</span> <span class='ocrx_word' id='word_1_640' title='bbox 3618 4807 3773 4861; x_wconf 91' lang='lat' dir='ltr'>Jesus</span> 
     </span>
    </p>
   </div>
   <div class='ocr_carea' id='block_1_71' title="bbox 2180 4886 3775 4963">
    <p class='ocr_par' dir='ltr' id='par_1_71' title="bbox 2180 4886 3775 4963">
     <span class='ocr_line' id='line_1_71' title="bbox 2180 4886 3775 4963; baseline 0.005 -23"><span class='ocrx_word' id='word_1_641' title='bbox 2180 4886 2436 4942; x_wconf 90' lang='lat' dir='ltr'>Christus</span> <span class='ocrx_word' id='word_1_642' title='bbox 2472 4888 2614 4943; x_wconf 91' lang='lat' dir='ltr'>dixit</span> <span class='ocrx_word' id='word_1_643' title='bbox 2646 4887 2811 4944; x_wconf 91' lang='lat' dir='ltr'>beato</span> <span class='ocrx_word' id='word_1_644' title='bbox 2844 4890 3049 4945; x_wconf 88' lang='lat' dir='ltr'>Petro:</span> <span class='ocrx_word' id='word_1_645' title='bbox 3088 4892 3167 4945; x_wconf 84' lang='lat' dir='ltr'>Tu</span> <span class='ocrx_word' id='word_1_646' title='bbox 3193 4908 3244 4945; x_wconf 80' lang='lat' dir='ltr'>es</span> <span class='ocrx_word' id='word_1_647' title='bbox 3276 4894 3490 4959; x_wconf 79' lang='lat' dir='ltr'>Petrus,</span> <span class='ocrx_word' id='word_1_648' title='bbox 3536 4898 3589 4947; x_wconf 81' lang='lat' dir='ltr'>et</span> <span class='ocrx_word' id='word_1_649' title='bbox 3616 4907 3775 4963; x_wconf 74' lang='lat' dir='ltr'>super</span> 
     </span>
    </p>
   </div>
   <div class='ocr_carea' id='block_1_72' title="bbox 2180 4975 3774 5046">
    <p class='ocr_par' dir='ltr' id='par_1_72' title="bbox 2180 4975 3774 5046">
     <span class='ocr_line' id='line_1_72' title="bbox 2180 4975 3774 5046; baseline 0.004 -19"><span class='ocrx_word' id='word_1_650' title='bbox 2180 4975 2324 5029; x_wconf 84' lang='lat' dir='ltr'>hanc</span> <span class='ocrx_word' id='word_1_651' title='bbox 2346 4981 2565 5044; x_wconf 76' lang='lat' dir='ltr'>petram</span> <span class='ocrx_word' id='word_1_652' title='bbox 2583 4978 2856 5045; x_wconf 59' lang='lat' dir='ltr'>adiﬁcabo</span> <span class='ocrx_word' id='word_1_653' title='bbox 2875 4979 3175 5033; x_wconf 74' lang='lat' dir='ltr'>Ecclesiam</span> <span class='ocrx_word' id='word_1_654' title='bbox 3203 4995 3403 5046; x_wconf 87' lang='lat' dir='ltr'>meam,</span> <span class='ocrx_word' id='word_1_655' title='bbox 3431 4986 3481 5034; x_wconf 83' lang='lat' dir='ltr'>et</span> <span class='ocrx_word' id='word_1_656' title='bbox 3510 4982 3616 5035; x_wconf 81' lang='lat' dir='ltr'>tibi</span> <span class='ocrx_word' id='word_1_657' title='bbox 3642 4981 3774 5036; x_wconf 86' lang='lat' dir='ltr'>dabo</span> 
     </span>
    </p>
   </div>
   <div class='ocr_carea' id='block_1_73' title="bbox 2179 5063 3776 5140">
    <p class='ocr_par' dir='ltr' id='par_1_73' title="bbox 2179 5063 3776 5140">
     <span class='ocr_line' id='line_1_73' title="bbox 2179 5063 3776 5140; baseline 0.003 -24"><span class='ocrx_word' id='word_1_658' title='bbox 2179 5063 2353 5116; x_wconf 77' lang='lat' dir='ltr'>claves</span> <span class='ocrx_word' id='word_1_659' title='bbox 2402 5067 2564 5132; x_wconf 86' lang='lat' dir='ltr'>regni</span> <span class='ocrx_word' id='word_1_660' title='bbox 2609 5070 2869 5120; x_wconf 68' lang='lat' dir='ltr'>calorum</span> <span class='ocrx_word' id='word_1_661' title='bbox 2914 5067 3126 5131; x_wconf 81' lang='lat' dir='ltr'>(Matth.</span> <span class='ocrx_word' id='word_1_662' title='bbox 3182 5080 3295 5133; x_wconf 79' lang='lat' dir='ltr'>xv1,</span> <span class='ocrx_word' id='word_1_663' title='bbox 3341 5065 3456 5138; x_wconf 79' lang='grc'>48),</span> <span class='ocrx_word' id='word_1_664' title='bbox 3501 5069 3776 5140; x_wconf 89' lang='lat' dir='ltr'>potuisset</span> 
     </span>
    </p>
   </div>
   <div class='ocr_carea' id='block_1_74' title="bbox 2179 5150 3776 5226">
    <p class='ocr_par' dir='ltr' id='par_1_74' title="bbox 2179 5150 3776 5226">
     <span class='ocr_line' id='line_1_74' title="bbox 2179 5150 3776 5226; baseline 0.006 -23"><span class='ocrx_word' id='word_1_665' title='bbox 2179 5150 2440 5221; x_wconf 88' lang='lat' dir='ltr'>adjicere,</span> <span class='ocrx_word' id='word_1_666' title='bbox 2463 5151 2512 5206; x_wconf 93' lang='lat' dir='ltr'>si</span> <span class='ocrx_word' id='word_1_667' title='bbox 2537 5153 2825 5209; x_wconf 89' lang='lat' dir='ltr'>voluisset:</span> <span class='ocrx_word' id='word_1_668' title='bbox 2857 5153 3127 5209; x_wconf 89' lang='lat' dir='ltr'>Eamdem</span> <span class='ocrx_word' id='word_1_669' title='bbox 3153 5159 3488 5226; x_wconf 90' lang='lat' dir='ltr'>potestatem</span> <span class='ocrx_word' id='word_1_670' title='bbox 3501 5174 3776 5213; x_wconf 88' lang='lat' dir='ltr'>successo-</span> 
     </span>
    </p>
   </div>
   <div class='ocr_carea' id='block_1_75' title="bbox 392 5238 3773 5326">
    <p class='ocr_par' dir='ltr' id='par_1_75' title="bbox 392 5238 3773 5326">
     <span class='ocr_line' id='line_1_75' title="bbox 392 5238 3773 5326; baseline 0.001 -29"><span class='ocrx_word' id='word_1_671' title='bbox 392 5269 396 5271; x_wconf 28' lang='grc' dir='ltr'><em>Α</em></span> <span class='ocrx_word' id='word_1_672' title='bbox 499 5238 2335 5326; x_wconf 82' lang='lat' dir='ltr'>successoribusAugustiniconfirmarunt,sicutprivilegiaDribus</span> <span class='ocrx_word' id='word_1_673' title='bbox 2370 5241 2485 5295; x_wconf 88' lang='lat' dir='ltr'>tuis</span> <span class='ocrx_word' id='word_1_674' title='bbox 2513 5240 2793 5310; x_wconf 89' lang='lat' dir='ltr'>concedo;</span> <span class='ocrx_word' id='word_1_675' title='bbox 2827 5252 3022 5298; x_wconf 85' lang='lat' dir='ltr'>verum</span> <span class='ocrx_word' id='word_1_676' title='bbox 3053 5242 3187 5297; x_wconf 88' lang='lat' dir='ltr'>dicti</span> <span class='ocrx_word' id='word_1_677' title='bbox 3213 5245 3615 5314; x_wconf 70' lang='lat' dir='ltr'>praetermissio</span> <span class='ocrx_word' id='word_1_678' title='bbox 3637 5245 3773 5301; x_wconf 85' lang='lat' dir='ltr'>nihil</span> 
     </span>
    </p>
   </div>
   <div class='ocr_carea' id='block_1_76' title="bbox 499 5326 2097 5399">
    <p class='ocr_par' dir='ltr' id='par_1_76' title="bbox 499 5326 2097 5399">
     <span class='ocr_line' id='line_1_76' title="bbox 499 5326 2097 5399; baseline -0.003 -14"><span class='ocrx_word' id='word_1_679' title='bbox 499 5331 737 5385; x_wconf 83' lang='lat' dir='ltr'>recitata</span> <span class='ocrx_word' id='word_1_680' title='bbox 758 5333 1059 5383; x_wconf 88' lang='lat' dir='ltr'>testantur.</span> <span class='ocrx_word' id='word_1_681' title='bbox 1083 5328 1509 5399; x_wconf 87' lang='lat' dir='ltr'>Gregorianam,</span> <span class='ocrx_word' id='word_1_682' title='bbox 1548 5333 1614 5382; x_wconf 89' lang='lat' dir='ltr'>ut</span> <span class='ocrx_word' id='word_1_683' title='bbox 1641 5326 1854 5391; x_wconf 92' lang='lat' dir='ltr'>dicunt,</span> <span class='ocrx_word' id='word_1_684' title='bbox 1888 5327 2097 5381; x_wconf 89' lang='lat' dir='ltr'>consti-</span> 
     </span>
    </p>
   </div>
   <div class='ocr_carea' id='block_1_77' title="bbox 500 5412 2097 5485">
    <p class='ocr_par' dir='ltr' id='par_1_77' title="bbox 500 5412 2097 5485">
     <span class='ocr_line' id='line_1_77' title="bbox 500 5412 2097 5485; baseline -0.001 -13"><span class='ocrx_word' id='word_1_685' title='bbox 500 5418 780 5472; x_wconf 89' lang='lat' dir='ltr'>tutionem</span> <span class='ocrx_word' id='word_1_686' title='bbox 810 5414 991 5470; x_wconf 86' lang='lat' dir='ltr'>verbis</span> <span class='ocrx_word' id='word_1_687' title='bbox 1024 5420 1290 5469; x_wconf 88' lang='lat' dir='ltr'>ornantes</span> <span class='ocrx_word' id='word_1_688' title='bbox 1326 5413 1708 5485; x_wconf 89' lang='lat' dir='ltr'>amplissimis,</span> <span class='ocrx_word' id='word_1_689' title='bbox 1752 5418 1811 5467; x_wconf 90' lang='lat' dir='ltr'>et</span> <span class='ocrx_word' id='word_1_690' title='bbox 1838 5412 2097 5470; x_wconf 86' lang='lat' dir='ltr'>libertate</span> 
     </span>
    </p>
   </div>
   <div class='ocr_carea' id='block_1_78' title="bbox 501 5500 2097 5574">
    <p class='ocr_par' dir='ltr' id='par_1_78' title="bbox 501 5500 2097 5574">
     <span class='ocr_line' id='line_1_78' title="bbox 501 5500 2097 5574; baseline 0 -16"><span class='ocrx_word' id='word_1_691' title='bbox 501 5505 768 5558; x_wconf 84' lang='lat' dir='ltr'>muniﬁca</span> <span class='ocrx_word' id='word_1_692' title='bbox 803 5508 1208 5574; x_wconf 90' lang='lat' dir='ltr'>prosequentes</span> <span class='ocrx_word' id='word_1_693' title='bbox 1236 5503 1491 5573; x_wconf 90' lang='lat' dir='ltr'>ejusdem</span> <span class='ocrx_word' id='word_1_694' title='bbox 1519 5500 1669 5556; x_wconf 89' lang='lat' dir='ltr'>sedis</span> <span class='ocrx_word' id='word_1_695' title='bbox 1696 5501 1913 5570; x_wconf 90' lang='lat' dir='ltr'>arbitri,</span> <span class='ocrx_word' id='word_1_696' title='bbox 1947 5503 2097 5573; x_wconf 83' lang='lat' dir='ltr'>ejus-</span> 
     </span>
    </p>
   </div>
   <div class='ocr_carea' id='block_1_79' title="bbox 500 5590 2098 5662">
    <p class='ocr_par' dir='ltr' id='par_1_79' title="bbox 500 5590 2098 5662">
     <span class='ocr_line' id='line_1_79' title="bbox 500 5590 2098 5662; baseline 0.001 -15"><span class='ocrx_word' id='word_1_697' title='bbox 500 5593 629 5647; x_wconf 87' lang='lat' dir='ltr'>dem</span> <span class='ocrx_word' id='word_1_698' title='bbox 648 5591 940 5647; x_wconf 69' lang='lat' dir='ltr'>sententiae</span> <span class='ocrx_word' id='word_1_699' title='bbox 959 5590 1203 5662; x_wconf 87' lang='lat' dir='ltr'>patroni,</span> <span class='ocrx_word' id='word_1_700' title='bbox 1220 5604 1555 5662; x_wconf 81' lang='lat' dir='ltr'>aequumque</span> <span class='ocrx_word' id='word_1_701' title='bbox 1574 5595 1804 5646; x_wconf 90' lang='lat' dir='ltr'>censent</span> <span class='ocrx_word' id='word_1_702' title='bbox 1821 5595 1887 5646; x_wconf 88' lang='lat' dir='ltr'>ut</span> <span class='ocrx_word' id='word_1_703' title='bbox 1903 5607 2098 5648; x_wconf 89' lang='lat' dir='ltr'>omnes</span> 
     </span>
    </p>
   </div>
   <div class='ocr_carea' id='block_1_80' title="bbox 2178 5329 3773 5389">
    <p class='ocr_par' dir='ltr' id='par_1_80' title="bbox 2178 5329 3773 5389">
     <span class='ocr_line' id='line_1_80' title="bbox 2178 5329 3773 5389; baseline 0.005 -8"><span class='ocrx_word' id='word_1_704' title='bbox 2178 5329 2502 5385; x_wconf 64' lang='lat' dir='ltr'>reverentiae</span> <span class='ocrx_word' id='word_1_705' title='bbox 2549 5329 2838 5385; x_wconf 85' lang='lat' dir='ltr'>imminuit</span> <span class='ocrx_word' id='word_1_706' title='bbox 2891 5330 3303 5386; x_wconf 90' lang='lat' dir='ltr'>successoribus</span> <span class='ocrx_word' id='word_1_707' title='bbox 3355 5332 3529 5388; x_wconf 88' lang='lat' dir='ltr'>Petri.</span> <span class='ocrx_word' id='word_1_708' title='bbox 3592 5333 3773 5389; x_wconf 88' lang='lat' dir='ltr'>Ibisne</span> 
     </span>
    </p>
   </div>
   <div class='ocr_carea' id='block_1_81' title="bbox 2177 5416 3771 5478">
    <p class='ocr_par' dir='ltr' id='par_1_81' title="bbox 2177 5416 3771 5478">
     <span class='ocr_line' id='line_1_81' title="bbox 2177 5416 3771 5478; baseline 0.005 -8"><span class='ocrx_word' id='word_1_709' title='bbox 2177 5416 2264 5471; x_wconf 91' lang='lat' dir='ltr'>his</span> <span class='ocrx_word' id='word_1_710' title='bbox 2294 5416 2477 5472; x_wconf 82' lang='lat' dir='ltr'>verbis</span> <span class='ocrx_word' id='word_1_711' title='bbox 2510 5417 2770 5472; x_wconf 84' lang='lat' dir='ltr'>obviam?</span> <span class='ocrx_word' id='word_1_712' title='bbox 2808 5419 3111 5475; x_wconf 89' lang='lat' dir='ltr'>Referesne</span> <span class='ocrx_word' id='word_1_713' title='bbox 3157 5419 3432 5476; x_wconf 89' lang='lat' dir='ltr'>adversa?</span> <span class='ocrx_word' id='word_1_714' title='bbox 3478 5422 3771 5478; x_wconf 85' lang='lat' dir='ltr'>Enimvero</span> 
     </span>
    </p>
   </div>
   <div class='ocr_carea' id='block_1_82' title="bbox 2176 5505 3774 5566">
    <p class='ocr_par' dir='ltr' id='par_1_82' title="bbox 2176 5505 3774 5566">
     <span class='ocr_line' id='line_1_82' title="bbox 2176 5505 3774 5566; baseline 0.003 -7"><span class='ocrx_word' id='word_1_715' title='bbox 2176 5505 2432 5560; x_wconf 90' lang='lat' dir='ltr'>omnium</span> <span class='ocrx_word' id='word_1_716' title='bbox 2459 5505 2908 5562; x_wconf 89' lang='lat' dir='ltr'>Christianorum</span> <span class='ocrx_word' id='word_1_717' title='bbox 2933 5507 3288 5564; x_wconf 88' lang='lat' dir='ltr'>conscientiis</span> <span class='ocrx_word' id='word_1_718' title='bbox 3317 5513 3404 5565; x_wconf 86' lang='lat' dir='ltr'>est</span> <span class='ocrx_word' id='word_1_719' title='bbox 3440 5509 3687 5566; x_wconf 88' lang='lat' dir='ltr'>inditum</span> <span class='ocrx_word' id='word_1_720' title='bbox 3711 5515 3774 5565; x_wconf 90' lang='lat' dir='ltr'>ut</span> 
     </span>
    </p>
   </div>
   <div class='ocr_carea' id='block_1_83' title="bbox 2177 5593 3773 5670">
    <p class='ocr_par' dir='ltr' id='par_1_83' title="bbox 2177 5593 3773 5670">
     <span class='ocr_line' id='line_1_83' title="bbox 2177 5593 3773 5670; baseline 0.004 -22"><span class='ocrx_word' id='word_1_721' title='bbox 2177 5593 2546 5650; x_wconf 88' lang='lat' dir='ltr'>nihilominus</span> <span class='ocrx_word' id='word_1_722' title='bbox 2576 5610 2743 5667; x_wconf 88' lang='lat' dir='ltr'>quam</span> <span class='ocrx_word' id='word_1_723' title='bbox 2786 5595 2950 5652; x_wconf 88' lang='lat' dir='ltr'>beato</span> <span class='ocrx_word' id='word_1_724' title='bbox 2980 5596 3169 5666; x_wconf 87' lang='lat' dir='ltr'>Petro,</span> <span class='ocrx_word' id='word_1_725' title='bbox 3202 5598 3612 5656; x_wconf 84' lang='lat' dir='ltr'>successoribus</span> <span class='ocrx_word' id='word_1_726' title='bbox 3652 5600 3773 5670; x_wconf 82' lang='lat' dir='ltr'>ejus</span> 
     </span>
    </p>
   </div>
  </div>
