3892 6360
184 329 280 390 625

1187 327 1326 385 LIB.
1367 330 1461 385 DE
1499 332 1838 387 CELANDA
1877 333 2390 390 CONFESSIONE.

3313 329 3422 391 626

183 461 238 512 et
271 451 598 509 minantibus
630 455 954 519 attremant,
1014 455 1070 508 et
1101 469 1360 508 serenam
1413 454 1745 525 dignitatem
1764 459 1813 517 A
1832 464 2042 526 manet,
2067 458 2177 512 nisi
2199 457 2246 511 si
2270 456 2404 528 quid
2429 455 2800 527 personaliter
2835 459 2894 510 et
2917 456 3251 511 nominatim
3281 458 3424 512 exci-

185 541 578 612 indulgentibus
595 541 906 610 gaudenter
950 541 1326 612 applaudant;
1361 547 1556 614 estque
1612 551 1747 598 tunc

182 634 386 686 demum
414 630 661 684 omnium
693 629 1193 684 ecclesiasticarum
1252 648 1441 685 rerum
1496 636 1620 686 rata
1668 632 1748 686 di-

179 719 459 791 spensatio,
489 718 537 772 si
584 734 966 772 successorum
997 718 1147 772 beati
1193 719 1346 774 Petri
1388 719 1556 773 fuerit
1595 737 1745 774 com-

178 807 392 878 probata
426 805 652 876 judicio.
688 806 832 870 Quid
857 807 996 860 illud
1028 807 1164 876 agit,
1206 807 1316 861 nisi
1345 808 1422 860 vis
1450 807 1649 864 divina:
1675 809 1748 862 li-

177 895 467 949 beralitatis
486 910 586 965 per
611 895 913 949 Dominum
933 895 1123 949 Jesum
1151 911 1186 949 a
1211 895 1374 950 beato
1392 897 1555 950 Petro
1583 897 1642 951 in
1670 897 1743 951 vi-

176 984 337 1038 carios
364 984 480 1053 ejus
507 983 746 1038 diffusa?
771 984 915 1052 Ergo
943 983 1012 1038 de
1031 984 1306 1039 similibus
1321 985 1470 1039 idem
1492 1001 1743 1055 pronun-

174 1071 324 1126 tiabis
345 1071 639 1141 judicium,
670 1071 718 1126 si
752 1072 1101 1126 dialecticam
1132 1073 1300 1127 nosti.

235 1159 502 1213 Praeterea
529 1160 679 1230 quod
710 1159 853 1214 valet
872 1159 930 1213 in
949 1164 1094 1224 toto,
1123 1161 1270 1214 valet
1298 1160 1356 1213 in
1389 1165 1572 1230 parte;
1593 1160 1741 1230 quod

173 1247 304 1301 valet
328 1247 384 1300 in
414 1248 632 1318 majori,
662 1249 808 1300 valet
838 1248 895 1300 in
927 1248 1149 1301 minori.
1209 1249 1464 1302 Romana
1500 1248 1744 1301 Ecclesia

173 1336 317 1406 quasi
365 1341 544 1390 totum
604 1343 691 1390 est
741 1337 1011 1401 omnium,
1047 1343 1258 1390 caetera:
1298 1335 1556 1390 Ecclesia:
1583 1335 1742 1406 quasi

172 1425 278 1493 ejus
303 1430 503 1496 partes.
544 1425 698 1479 Sicut
724 1427 872 1479 enim
930 1426 1172 1495 quodam
1222 1425 1428 1478 intuitu
1460 1425 1628 1477 homo
1660 1430 1745 1478 est

167 1529 330 1582 genus
358 1513 768 1567 individuorum
791 1529 1042 1576 suorum,
1062 1519 1315 1567 ettamen
1338 1513 1394 1565 in
1408 1529 1743 1582 unoquoque

168 1600 433 1655 individuo
458 1602 608 1654 inest
624 1603 798 1655 totius
827 1602 1069 1655 hominis
1118 1607 1238 1655 tota
1281 1600 1629 1670 proprietas;
1664 1600 1744 1654 ita

167 1689 390 1758 quodam
419 1697 677 1760 respectu
698 1690 858 1743 sedes
875 1691 1129 1744 Romana
1156 1697 1241 1742 est
1265 1706 1444 1758 genus
1471 1695 1528 1742 et
1560 1694 1742 1742 totum

1830 546 2038 617 piatur.
2072 547 2256 610 Quare
2281 546 2426 599 sicut
2455 545 2710 599 Christus
2753 544 2890 598 dixit
2926 545 3185 600 omnibus
3209 562 3422 616 praesu-

1829 635 1974 688 libus
1993 635 2261 689 Romanis
2280 634 2425 704 quod
2447 633 2589 687 dixit
2607 633 2770 686 beato
2794 633 2977 696 Petro,
2999 633 3079 686 ita
3107 635 3254 703 quod
3284 634 3424 689 dixit

1829 723 2150 792 Gregorius,
2181 721 2858 777 omnibussuccessoribus
2881 721 3334 791 Augustinidixit
3361 721 3420 777 in

1826 811 2163 881 Augustino.
2198 811 2341 864 Hinc
2372 809 2664 864 conﬁcitur
2693 815 2775 874 ut,
2806 809 2953 864 sicut
2971 809 3172 863 Cantia
3202 808 3426 879 subjici-

1827 904 1922 953 tur
1950 899 2159 965 Romze,
2184 899 2332 969 quod
2357 913 2425 952 ex
2454 914 2522 952 ea
2545 898 2711 951 ﬁdem
2738 897 2970 968 accepit,
3003 897 3084 950 ita
3107 897 3418 952 Eboracum

1824 988 2152 1057 subjiciatur
2171 987 2401 1052 Cantiae,
2433 1002 2556 1056 quae
2588 1002 2653 1040 eo
2673 985 3068 1057 praedicatores
3098 986 3270 1040 misit.

1892 1075 2024 1130 Jam
2054 1092 2183 1130 vero
2213 1075 2360 1146 quod
2417 1075 2624 1144 allegas
2677 1073 2915 1128 voluisse
2966 1073 3302 1143 Gregorium
3355 1078 3420 1128 ut

1821 1163 2170 1234 Augustinus
2195 1163 2465 1216 resideret
2491 1161 2809 1228 Londoniae,
2837 1163 3074 1215 ﬂuctuat
3101 1162 3284 1232 plane.
3309 1161 3418 1224 Qui

1824 1253 1971 1305 enim
2005 1249 2216 1304 ﬁrmari
2248 1255 2432 1320 potest
2455 1255 2519 1303 ut
2548 1250 2686 1319 ipse,
2737 1249 2992 1320 magistri
3027 1249 3114 1302 sui
3143 1249 3418 1304 voluntati

1825 1340 2121 1401 resultans,
2165 1337 2223 1391 in
2272 1338 2553 1407 repulsam
2574 1338 2925 1391 decretorum
2942 1337 3082 1390 iret?
3111 1337 3220 1390 Sed
3254 1336 3418 1391 famas

1825 1434 1940 1481 tam
1975 1427 2281 1480 multorum
2295 1442 2527 1479 assensu
2544 1427 2779 1480 ﬁrmata:
2792 1426 3063 1496 derogare
3077 1426 3246 1480 ﬁdem
3262 1427 3418 1480 refu-

1825 1521 1903 1569 to.
1933 1516 2064 1569 Esto
2095 1514 2265 1578 enim,
2319 1520 2383 1568 ut
2411 1514 2550 1568 alias
2577 1514 2866 1583 migraret,
2901 1514 3032 1583 quid
3063 1514 3135 1567 ad
3174 1530 3286 1580 me,
3320 1513 3418 1584 qui

1825 1602 2195 1657 Londinensis
2220 1601 2510 1672 episcopus
2557 1617 2669 1655 non
2691 1601 2879 1668 ,sum?
2910 1601 3065 1655 Nihil
3111 1601 3261 1654 enim
3293 1617 3420 1654 mea

1824 1691 2076 1754 interest,
2108 1691 2214 1744 nisi
2246 1690 2393 1760 quod
2415 1707 2549 1744 usus
2576 1689 2929 1760 antiquitatis
2961 1705 3075 1743 non
3107 1689 3338 1759 patitur,
3371 1689 3420 1742 si

166 1777 394 1830 omnium
426 1777 818 1844 Ecclesiarum,
869 1784 926 1831 et
967 1784 1157 1830 tamen
1194 1777 1253 1830 in
1283 1793 1618 1847 unaquaque
1649 1778 1744 1830 Ec-
1762 1767 1807 1825 Β
1826 1784 1888 1832 tu
1919 1795 2044 1832 cum
2067 1777 2681 1848 Londinensipontiﬁce
2696 1778 2972 1848 primatus
2991 1777 3260 1830 honorem
3287 1792 3417 1846 par-

165 1865 318 1919 clcsia
351 1865 522 1919 totius
555 1865 885 1920 Christianae
906 1865 1034 1919 ﬁdei
1051 1871 1169 1918 tota
1195 1871 1394 1935 regnat
1423 1865 1734 1934 integritas.

1821 1867 2018 1920 tiaris?
2050 1867 2126 1920 Ea
2152 1867 2220 1919 de
2252 1883 2311 1920 re
2343 1866 2408 1929 si,
2442 1865 2538 1919 lite
2569 1870 2877 1936 sequestra,
2921 1881 3056 1936 pace
3085 1865 3272 1919 media
3317 1881 3418 1920 ne-

167 1952 284 2022 Ipsa
300 1959 382 2024 est
408 1955 588 2024 major
610 1954 861 2009 omnium
887 1954 1290 2020 Ecclesiarum;
1321 1958 1377 2007 et
1403 1954 1551 2024 quod
1582 1953 1640 2007 in
1673 1971 1741 2006 ea
1819 1953 2035 2023 gotium
2059 1953 2313 2006 ventilari
2342 1953 2643 2021 desideres,
2678 1969 2782 2024 pro
2810 1953 2922 2008 mei
2943 1952 3088 2023 juris
3103 1951 3283 2007 ofﬁcio
3303 1967 3418 2008 non

164 2042 312 2107 valet,
339 2041 501 2096 debet
522 2043 838 2096 etvalerein
853 2042 1181 2106 minoribus,
1209 2049 1275 2096 ut
1307 2047 1555 2112 potestas
1570 2042 1739 2113 primi
1821 2042 1987 2095 deero
2016 2047 2166 2095 recto
2187 2041 2420 2110 judicio.

165 2131 524 2203 cujuscunque
571 2131 828 2187 Ecclesiae
874 2132 1139 2204 principis
1169 2131 1227 2185 in
1259 2131 1616 2185 succedentes
1653 2131 1740 2184 di-

863 2389 1460 2496 BEA’I‘I
1514 2391 1903 2496 ΒΑΝ
1921 2387 2676 2502 FRANGI

1195 2584 1774 2644 CANTUARIENSIS
1799 2585 2357 2643 ARCHIEPISCOPI

567 2736 780 2873 DE
819 2797 833 2813 ο
956 2736 1714 2876 CELANDA
1889 2736 3008 2874 CONFESSIONE

1448 2969 2079 3067 LIBELLUS

232 3151 335 3214 Er
397 3152 625 3215 duobus
692 3171 825 3218 mss,
893 3152 1188 3216 codm’bus
1234 3154 1456 3217 Sancti
1505 3152 1750 3215 Victoris
1818 3154 2203 3230 Parz'sz'ensz's,
2268 3163 2327 3215 et
2388 3152 2456 3214 (3.
2520 3152 2586 3217 V.
2664 3153 3009 3216 Alexandri
3071 3151 3331 3214 Petavii.

221 3442 892 3504 339ARGUMENTUM._
913 3442 1099 3505 Quaeri
1134 3442 1355 3496 videtur
1384 3443 1441 3496 in
1471 3442 1574 3496 hoc
1597 3441 1805 3509 libello,
1837 3459 1964 3498 cum
1995 3441 2254 3512 proprius
2269 3440 2528 3494 sacerdos
2547 3440 2866 3510 paenitentis
2887 3441 3293 3496 confessionem
3311 3455 3417 3512 pu-

159 3525 440 3600 blicaverit,
472 3529 700 3584 cuinam
731 3531 1005 3600 paenitens
1036 3533 1287 3585 conﬁteri
1313 3532 1529 3586 debeat.
1563 3533 1606 3585 Ι.
1635 3531 1878 3585 Probata
1908 3531 2164 3585 Ecclesiae
2191 3530 2509 3599 virginitate
2559 3536 2616 3583 et
2661 3530 2898 3596 unitate,
2935 3530 3183 3584 ostendit
3211 3535 3409 3584 auctor

157 3623 480 3684 quantorum
510 3619 790 3673 malorum
829 3636 998 3674 causa
1036 3620 1283 3674 extiterit
1307 3621 1474 3691 sigilli
1505 3619 1868 3673 confessionis
1896 3619 2181 3672 infractor.
2210 3649 2271 3658 —
2298 3619 2370 3673 II.
2405 3619 2470 3672 In
2499 3618 2599 3672 hoc
2626 3634 2780 3684 casu,
2809 3617 2904 3672 ubi
2943 3618 3212 3673 nimirum
3243 3618 3422 3688 paeni-

156 3707 284 3760 tenti
312 3709 664 3763 sacerdotum
691 3709 840 3764 inest
863 3712 1101 3780 penuria
1131 3717 1291 3765 tanta
1319 3717 1382 3764 ut
1407 3711 1594 3764 nullus
1622 3714 1792 3779 queat
1809 3725 2038 3778 prorsus
2068 3707 2322 3778 reperiri,
2353 3725 2518 3779 posse
2559 3724 2688 3762 eum
2721 3707 2956 3770 clericis,
2994 3707 3131 3777 quin
3153 3707 3324 3760 etiam
3353 3712 3410 3761 et

155 3791 298 3851 laicis
324 3797 570 3862 mundis,
599 3797 704 3851 hoc
729 3803 815 3851 est
847 3799 1106 3852 ﬁdelibus
1131 3799 1412 3864 conﬁteri;
1437 3814 1549 3852 non
1567 3799 1712 3867 quod
1739 3797 1838 3850 illa
1859 3798 2128 3851 confessio
2151 3802 2235 3864 (ut
2265 3797 2545 3868 proferam
2574 3797 2680 3850 hac
2709 3798 2767 3850 in
2788 3813 2848 3850 re
2872 3797 3264 3866 theologorum
3291 3811 3419 3849 sen-

154 3883 392 3949 tentiam)
421 3885 667 3956 gratiam
699 3903 764 3939 ex
789 3903 956 3957 opere
986 3892 1216 3957 operato
1247 3887 1497 3940 conferat
1518 3887 1726 3957 (neque
1756 3887 1906 3940 enim
1928 3887 2346 3941 sacramentalis
2369 3890 2468 3955 est)
2483 3886 2580 3939 sed
2601 3903 2666 3940 ex
2689 3902 2857 3956 opere
2882 3884 3185 3955 operantis,
3207 3900 3413 3954 nempe

154 3986 211 4024 ex
241 3975 593 4042 contritione,
625 3982 683 4029 et
705 3975 1022 4030 humilitate
1053 3993 1222 4047 quam
1261 3981 1524 4031 testatam
1552 3976 1685 4030 facit
1707 3977 1976 4030 conﬁtens
2004 3975 2063 4028 in
2092 3975 2178 4029 sui
2219 3975 2406 4029 delicti
2435 3973 2792 4038 revelatione,
2811 3974 3083 4042 majorem
3109 3977 3174 4026 ut
3189 3971 3296 4026 sibi
3319 3989 3412 4028 ru-

153 4059 330 4116 borem
357 4064 632 4118 adsciscat
661 4082 672 4129 ;
707 4063 854 4117 unde
887 4059 1298 4134 quodammodo
1328 4065 1476 4119 Deus
1505 4065 1762 4136 suppleat
1809 4064 2117 4119 sacerdotis
2147 4063 2412 4118 ofﬁcium.
2460 4094 2523 4104 ---
2572 4061 2674 4117 ΙΙΙ.
2709 4061 2815 4116 Ubi
2845 4078 2947 4116 nec
2976 4060 3256 4127 sacerdos,
3306 4077 3410 4116 nec

152 4149 389 4218 clericus,
414 4169 518 4208 nec
549 4152 726 4206 laicus
745 4152 1029 4207 invenitur
1047 4169 1159 4207 non
1183 4154 1252 4208 de
1282 4154 1464 4208 salute
1507 4154 1940 4225 desperandum,
1971 4153 2068 4208 sed
2102 4152 2205 4206 soli
2261 4153 2375 4206 Deo
2412 4149 2789 4205 confitendum
2819 4165 2886 4203 ex
2917 4148 3150 4203 diversis
3203 4148 3410 4219 probat

155 4238 243 4294 SS.
270 4241 502 4295 Patrum
533 4241 988 4295 auctoritatibus.

214 4353 456 4425 Rogatus
485 4371 656 4426 super
684 4355 1005 4425 virginitate
1033 4356 1231 4409 matris
1263 4357 1539 4423 Ecclesiae,
1587 4374 1729 4428 quo-
1749 4341 1791 4400 C
1815 4356 2101 4428 baptismi,
2123 4354 2400 4410 Dominici
2418 4353 3414 4425 corporisetsanguinis,peccatorum

152 4441 302 4496 modo
334 4445 489 4514 virgo
519 4449 622 4511 est,
653 4461 775 4514 quae
807 4461 919 4498 non
948 4444 1129 4498 solum
1178 4462 1242 4498 ex
1274 4445 1603 4516 virginibus,
1632 4446 1728 4500 sed
1811 4445 2175 4499 confessionis
2195 4444 2373 4498 divisa
2400 4459 2510 4497 non
2534 4443 2982 4513 est,etquiavere
2999 4459 3130 4506 una,
3167 4459 3296 4498 vere
3323 4449 3409 4498 est

151 4529 306 4584 etiam
347 4549 410 4586 ex
467 4534 804 4604 conjugatis,
864 4551 928 4588 ex
957 4535 1258 4605 corruptis,
1303 4540 1360 4588 et
1392 4535 1730 4606 incorruptis
1810 4533 2315 4604 virgo,quiaomnis
2336 4533 2582 4601 virgo,ex
2601 4549 2666 4586 eo
2687 4532 2836 4602 quod
2852 4535 3005 4602 virgo
3023 4531 3408 4593 est,induodi-

150 4632 302 4672 came
331 4627 568 4688 constat,
622 4639 828 4692 negare
861 4639 972 4677 non
1001 4623 1169 4677 debui
1202 4623 1461 4677 charitati
1494 4624 1630 4676 dare
1661 4624 1728 4677 de
1811 4623 1922 4675 vidi
1953 4638 2066 4675 non
2088 4627 2288 4692 potest;
2323 4622 2532 4675 etenim
2555 4637 2685 4674 caro
2715 4638 2837 4691 quae
2859 4621 3016 4690 virgo
3037 4626 3141 4687 est,
3164 4620 3407 4692 perfecte

149 4706 450 4777 virginitate
478 4711 887 4765 testimonium.
940 4713 1109 4782 Virgo
1149 4713 1299 4766 enim
1348 4719 1453 4777 est,
1511 4719 1567 4766 et
1599 4729 1724 4766 vere
1807 4718 1892 4765 est
1922 4711 2106 4780 virgo;
2136 4710 2445 4779 beataergo
2468 4711 2592 4779 [at.,
2624 4711 2776 4779 vero]
2807 4717 2990 4764 mater
3019 4709 3264 4763 Ecclesia
3292 4725 3407 4764 una

149 4795 319 4866 virgo;
347 4816 497 4863 nam,
523 4800 572 4853 si
601 4800 998 4854 intueamurin
1027 4802 1252 4871 speculo
1275 4801 1537 4871 puritatis
1558 4806 1615 4854 et
1639 4818 1722 4854 ve-
1806 4800 2113 4869 eademque
2140 4799 2199 4852 in
2231 4797 2686 4861 sacramentis,et
2707 4798 2835 4862 ﬁde,
2858 4798 2994 4851 dum
3020 4797 3159 4850 nihil
3177 4813 3404 4868 corrup-

149 4883 335 4953 ritatis,
374 4895 432 4943 et
451 4905 579 4942 vere
599 4889 754 4959 virgo
782 4889 1086 4959 imaginem
1136 4889 1346 4943 habens
1385 4889 1506 4958 [al.,
1532 4890 1722 4959 hujus]
1805 4893 1926 4942 tum
1957 4888 2014 4941 in
2043 4886 2401 4948 conscientia,
2429 4885 2573 4940 sicut
2603 4901 2706 4938 nec
2725 4885 2878 4955 virgo
2900 4885 3001 4939 Dei
3029 4884 3272 4954 genitrix
3300 4902 3404 4956 pa-

147 4972 482 5043 virginitatis,
518 4978 666 5048 quod
690 4983 775 5032 est
803 4994 971 5032 carne
997 4978 1160 5032 beata
1191 4979 1345 5047 virgo
1384 4978 1578 5043 Maria,
1605 4995 1726 5032 ma-
1808 4976 1974 5042 titur;
2008 4982 2072 5030 ut
2091 4975 2186 5028 illa
2210 4975 2267 5028 in
2299 4989 2549 5044 corpore,
2579 4973 2659 5026 ita
2685 4974 2808 5043 ipsa
2837 4989 3060 5044 quoque
3091 4987 3262 5028 sensu
3291 4974 3404 5028 vir-

148 5064 227 5115 ter
247 5070 328 5118 est
364 5067 608 5120 Ecclesia
629 5067 986 5121 conscientia.
1028 5069 1199 5136 Cujus
1221 5068 1300 5121 rei
1327 5067 1384 5120 in
1406 5067 1611 5120 lineam
1642 5067 1720 5119 ci-
1802 5082 1894 5134 go,
1923 5070 2026 5118 est.
2056 5065 2119 5118 In
2148 5064 2314 5133 hujus
2340 5062 2532 5132 itaque
2565 5061 2902 5131 virginitatis
2926 5062 3152 5132 speculo
3197 5062 3268 5116 ad
3315 5061 3405 5116 in-

148 5149 248 5204 tius
281 5153 592 5224 dirigimus,
623 5155 670 5209 si
691 5161 933 5226 quatuor
961 5156 1334 5210 ecclesiastica
1370 5160 1723 5209 sacramenta
1804 5153 2073 5206 tuendam
2104 5151 2302 5205 faciem
2333 5150 2581 5204 veritatis
2616 5150 2676 5203 in
2705 5149 3071 5203 sacramentis
3106 5150 3408 5206 confessio-

147 5237 430 5309 diligenter
456 5243 804 5314 inspicimus,
835 5244 1023 5310 ﬁdem,
1053 5244 1414 5314 baptismum,
1446 5244 1722 5297 Dominici
1804 5242 1892 5296 nis
1921 5240 2194 5302 nonnulli,
2225 5246 2281 5294 et
2325 5240 2473 5310 quod
2527 5239 2754 5309 gravius
2809 5244 2913 5304 est,
2971 5239 3068 5310 qui
3096 5239 3403 5310 imaginem

147 5330 378 5397 corporis
426 5337 483 5384 et
518 5333 806 5402 sanguinis
839 5333 1335 5394 consecrationem,
1368 5339 1721 5402 peccatorum
1802 5330 2064 5384 videntur
2084 5329 2290 5382 habere
2322 5327 2628 5398 religionis,
2683 5328 2930 5398 caligant
2960 5346 2973 5395 ;
3016 5344 3139 5399 quae
3171 5327 3406 5398 diligen-

149 5417 536 5474 remissionem.
559 5421 855 5475 Fideenim
869 5426 955 5475 est
975 5427 1156 5475 mater
1172 5421 1434 5487 Ecclesia,
1461 5421 1608 5491 quod
1639 5427 1726 5474 est
1806 5419 1918 5472 tius
1944 5418 2285 5483 intueamur,
2317 5423 2394 5471 .et
2448 5432 2613 5470 omne
2656 5417 2806 5486 quod
2861 5432 3037 5470 unum
3086 5432 3200 5471 non
3230 5421 3318 5471 est
3343 5415 3404 5471 in

147 5518 298 5557 carne
319 5504 478 5561 beata
493 5509 682 5574 Maria,
719 5509 851 5581 quia
885 5510 1033 5580 quod
1060 5509 1155 5564 illa
1181 5510 1238 5562 in
1270 5509 1484 5580 Spiritu
1520 5510 1723 5563 Sancto
1807 5512 1999 5572 330
2025 5513 2219 5560 sancta
2241 5505 2499 5560 Ecclesia.
2536 5503 2606 5558 ab
2630 5505 2788 5558 oculo
2809 5505 3060 5559 veritatis
3090 5511 3404 5564 evanescat.

146 5594 403 5667 concepit,
433 5596 541 5652 ista
569 5597 626 5653 in
650 5598 864 5670 Spiritu
894 5604 1086 5653 sancto
1117 5599 1310 5653 credit.
1347 5597 1724 5653 Sacramentis
1877 5595 2009 5649 Tria
2039 5611 2161 5649 esse
2217 5598 2568 5650 sacramenta
2625 5593 2681 5668 (θ)
2720 5593 3083 5650 confessionis
3132 5593 3408 5649 Dominus
