3892 6386
493 333 502 340 _
516 322 555 335 εἴ.

1420 349 1524 403 'B.
1565 332 1980 403 LANFRANCI
2019 326 2378 403 CANTUAR.
2418 338 2755 404 ARGHIEP.

3670 336 3791 399 628

471 452 534 524 iri
562 468 665 524 sua
685 454 927 540 p'ét‘sbha
953 460 1271 535 declaravit,
1306 464 1547 547 ﬁguram
1575 468 1855 540 baptismi,
1893 466 2126 526 unamA
2138 470 2337 524 eil’ectu
2365 471 2615 533 tractari,
2647 469 2834 541 palam
2860 469 3145 540 loquimur
3175 465 3233 522 et
3262 470 3585 527 testamur.
3629 452 3711 518 Et
3728 460 3795 516 in

475 552 875 631 conscientiam
905 557 974 611 de
1007 554 1243 622 duobus,
1277 554 1457 612 Deum
1486 566 1544 612 et
1574 554 1857 612 hominem
1888 558 1947 611 in
1973 571 2067 611 eo-

479 632 606 700 dem
623 643 855 719 judiCio.
883 646 947 700 In
971 647 1152 714 ﬁgura
1174 645 1434 717 baptismi
1459 646 1542 719 (2),
1565 647 1614 701 is
1637 648 1731 717 qui
1751 647 2066 711 conﬁtetur,

479 728 842 788 a’brenuntiat
869 732 970 813 per
999 734 1406 805 paenitentiam,
1440 741 1496 789 et
1524 737 1702 790 credit
1743 754 1843 807 per
1878 736 2066 802 ﬁdem,

480 822 627 878 sicut
649 823 697 876 is
728 816 824 894 qui
856 816 1168 893 baptizatur
1182 822 1236 892 (³)
1253 816 1612 878 abrenuntiat
1637 824 1894 879 etcredit.
1913 825 2071 879 Unde

483 906 541 966 et
570 912 845 967 Dominus
872 912 1020 964 idem
1053 910 1439 966 testimonium
1487 915 1706 984 accepit
1739 931 1774 967 a
1809 914 1975 968 Patre
2012 914 2072 968 in

481 994 993 1070 transﬁguratione,
1025 998 1171 1075 Quod
1205 1002 1262 1053 et
1294 1000 1353 1058 in
1396 1000 1695 1075 baptismo,
1736 1008 1794 1057 et
1820 1003 2073 1057 additum

483 1082 571 1141 est
600 1107 617 1141 :
640 1064 824 1163 Ip—sum
854 1064 1287 1157 audite—(Halm.
1320 1064 1490 1160 ιινιι,⁸
1508 1090 1586 1163 6).
1625 1064 1706 1145 De
1734 1108 1799 1145 eo
1829 1092 1979 1145 enim
2006 1093 2074 1145 de

484 1178 594 1246 quo
624 1151 881 1230 audierat
907 1151 1149 1231 JOannes
1182 1196 1192 1230 :
1222 1170 1325 1232 Hic
1352 1151 1567 1247 est’qu'i
1613 1182 1855 1248 baptz'zat
1889 1180 2071 1249 (Joan.

483 1258 524 1329 ἰ,
557 1261 664 1329 33),
697 1264 997 1319 audierunt
1024 1265 1282 1336 discipuli
1318 1284 1329 1318 :
1364 1270 1548 1334 Ipsum
1584 1271 1788 1333 audite,
1822 1270 1953 1337 quia
1983 1267 2076 1337 qui

481 1340 730 1422 baptiiat
755 1352 812 1405 in
838 1352 1193 1423 baptismate.
1226 1354 1344 1425 ipse
1372 1356 1600 1409 auditur
1618 1357 1674 1409 in
1691 1357 2074 1427 paenitentiam

484 1434 654 1494 dante
681 1436 761 1509 (⁸).
780 1434 915 1494 Duae
942 1438 1291 1496 conscientiae
1318 1443 1377 1496 in
1407 1461 1576 1497 unam
1608 1444 1922 1507 transeunt,
1945 1460 2078 1497 con-

485 1526 700 1581 fitentis
730 1520 943 1581 scilicet
969 1529 1026 1581 in
1057 1530 1177 1598 ejus
1208 1530 1297 1583 cui
1335 1526 1649 1598 conﬁtetur,
1695 1539 1750 1586 et
1772 1532 2080 1602 judicantis

482 1615 543 1668 in
572 1614 821 1697 ejusdem
844 1617 939 1685 qui
962 1617 1263 1685 judicatur.
1313 1619 1469 1673 Hanc
1496 1621 1770 1697 unitatem
1810 1622 2082 1691 impreca-

487 1704 586 1756 tur
628 1692 802 1757 Filius
834 1700 939 1758 Dei
991 1706 1139 1775 apud
1172 1706 1395 1760 Patrem
1428 1725 1438 1759 :
1481 1692 1550 1762 Ut
1577 1715 1624 1761 et
1664 1712 1771 1777 ipsi
1803 1713 1866 1763 in
1900 1711 2072 1775 nobis,

2149 558 2344 613 Veteri
2363 561 2722 614 Testamento
2744 558 2842 612 bos
2863 562 3165 628 cornupeta
3176 556 3385 610 recludi
3417 555 3798 626 praecipitur

2153 644 2338 719 (Exod.
2356 663 2466 713 xxI,
2488 649 2580 713 29)
2604 667 2616 715 ;
2639 649 2686 702 si
2707 649 2857 710 enim
2877 663 2988 700 non
3006 647 3254 699 reclusus
3273 645 3331 699 in
3348 661 3569 715 campo
3587 642 3800 714 publi-

2152 737 2385 790 cationis
2442 737 2684 807 aliquem
2727 735 3009 799 occiderit,
3050 734 3105 797 id
3136 739 3240 798 est,
3276 733 3335 786 in
3365 731 3796 803 suspicionem

2152 826 2405 879 mortalis
2435 825 2683 879 criminis
2711 823 3025 892 adduxerit,
3056 823 3316 877 dominus
3344 823 3500 890 ejus,
3540 821 3597 873 is
3632 820 3800 873 vide-

2153 914 2284 968 licet
2329 915 2420 967 cui
2476 931 2577 984 per
2629 914 3035 977 confessionem
3083 929 3143 966 se
3180 909 3440 974 credidit,
3484 909 3635 979 quia
3667 924 3791 962 non

2157 1019 2281 1056 eum
2306 1003 2554 1067 reclusit,
2588 1002 2815 1072 aliquod
2831 1001 3086 1054 videlicet
3104 1001 3159 1053 in
3178 998 3543 1053 confessione
3557 998 3797 1051 dictum

2157 1095 2466 1160 peccatum,
2512 1090 2598 1142 vel
2631 1104 2968 1158 quemquam
3007 1086 3338 1158 simpliciter
3375 1101 3409 1138 a
3446 1085 3800 1155 derogante

2158 1178 2529 1238 nominatum,
2560 1177 2618 1230 in
2639 1192 2863 1230 causam
2894 1176 3171 1246 publicam
3206 1190 3561 1245 quocunque
3616 1173 3803 1225 modo

2160 1266 2406 1331 adducit,
2426 1270 2601 1318 morte
2620 1266 2761 1318 mori
2782 1265 3118 1334 praecipitur.
3146 1262 3444 1316 Rlevelator
3457 1261 3630 1314 enim
3652 1276 3802 1313 con-

2157 1355 2435 1414 fessionis.
2461 1353 2974 1407 mortaliscriminis
3004 1370 3134 1406 reus
3156 1358 3275 1405 est:
3310 1352 3489 1405 ﬁdem
3522 1366 3797 1419 namque

2162 1444 2450 1507 mentitur,
2493 1447 2843 1495 sacramenta
2862 1441 3222 1494 confessionis
3250 1457 3359 1494 non
3386 1439 3706 1496 obserVat.
3739 1437 3797 1489 in

2161 1534 2435 1591 unitatem
2466 1532 2648 1585 Patris
2703 1534 2759 1584 et
2794 1530 2918 1584 Filii
2973 1536 3182 1600 peccat,
3216 1529 3271 1582 in
3307 1528 3603 1598 Spiritum
3668 1542 3798 1579 san-

2162 1626 2332 1685 ctum,
2367 1621 2569 1692 quiest
2595 1636 2729 1673 vera
2774 1620 3049 1679 remissio,
3102 1618 3485 1688 blasphemat,
3546 1620 3613 1668 et
3663 1630 3798 1667 cum

2160 1710 2364 1764 Judaais
2389 1709 2626 1762 Domino
2642 1708 2805 1761 dicit:
2828 1710 3021 1762 Nonne
3060 1710 3186 1759 bene
3220 1709 3464 1759 dicimus
3499 1720 3610 1757 nos
3656 1705 3796 1771 quia

488 1788 771 1861 inquiens,
821 1809 1003 1846 unum
1040 1794 1171 1858 sint,
1214 1796 1355 1848 sicut
1394 1801 1454 1848 tu
1487 1796 1655 1850 Pater
1682 1801 1745 1851 in
1774 1815 1877 1864 me,
1916 1803 1965 1851 et
1990 1771 2143 1865 egoB
2164 1800 2555 1855 Samaritanus
2580 1816 2630 1850 es
2652 1803 2740 1859 tu;
2773 1803 2822 1850 et
2846 1798 3179 1850 dannonium
3217 1796 3406 1847 habes?
3424 1795 3637 1864 (Joan.
3667 1805 3794 1854 vm,

490 1876 557 1933 in
590 1876 637 1933 te
658 1883 843 1948 (Joan.
875 1895 1005 1947 xvn,
1035 1879 1146 1948 21).
1174 1883 1323 1937 Deus
1344 1882 1400 1938 et
1427 1884 1594 1939 homo
1625 1887 1682 1938 in
1711 1886 1905 1939 eodem
1928 1887 2082 1955 judi-

490 1966 577 2021 cio
626 1969 979 2035 conveniunt,
1016 1971 1148 2041 quia
1176 1972 1271 2041 qui
1304 1990 1364 2027 se
1388 1974 1623 2043 judicat,
1664 1976 1784 2045 jam
1814 1993 1940 2029 cum
1968 1977 2082 2030 Deo

489 2056 624 2110 facit
654 2056 813 2126 (Aug.
851 2063 1009 2112 tract.
1050 2058 1220 2123 12,1'71
1251 2063 1409 2115 Joan.
1453 2061 1556 2116 sub
1589 2063 1802 2134 ﬁnem).
1844 2064 2002 2118 Unde
2029 2070 2086 2117 et

492 2144 638 2198 latro
657 2145 714 2199 in
739 2162 903 2200 cruce
922 2163 1048 2201 cum
1079 2148 1309 2202 dixisset
1342 2169 1352 2204 :
1386 2153 1496 2204 Nos
1525 2154 1746 2219 quidem
1773 2156 1944 2221 digna
2001 2155 2086 2220 fa-

492 2237 595 2287 ctis
628 2237 925 2303 recipimus
956 2238 1104 2302 (Luc.
1136 2252 1291 2304 χχιιι,
1320 2237 1431 2304 41),
1451 2241 1584 2310 quia
1610 2257 1738 2294 cum
1758 2242 1996 2296 Domino
2025 2260 2086 2296 se

493 2321 782 2390 judicavit,
808 2339 934 2377 cum
956 2325 1192 2378 Domino
1214 2326 1273 2389 in
1293 2327 1554 2403 paradiso
1571 2334 1675 2385 est.

570 2409 636 2462 In
663 2409 750 2463 his
778 2413 1142 2467 sacramentis
1173 2414 1271 2484 qui
1302 2430 1635 2487 quocunque
1661 2417 1826 2477 modo
1855 2418 1925 2477 dc
1955 2436 2087 2477 con-

497 2496 659 2550 fessis
688 2497 794 2551 sibi
831 2500 1079 2569 aliquam
1115 2503 1489 2572 suspicionem
1536 2505 1593 2558 in
1620 2506 1906 2579 publicum
1953 2510 2089 2562 oriri

498 2586 744 2640 scienter
778 2587 1008 2651 faciunt,
1052 2590 1136 2642 vel
1174 2590 1455 2646 confessos
1484 2588 1778 2663 infamant,
1812 2599 2087 2668 caligant;

501 2680 562 2728 et
576 2674 634 2728 hi
650 2675 745 2745 qui
762 2675 822 2728 in
837 2676 1240 2739 confessionem
1270 2679 1537 2757 aliquam.
1568 2684 1653 2743 vel
1674 2692 1986 2743 consortem
2007 2689 2091 2741 sui

501 2763 754 2817 criminis
778 2765 1041 2835 produnt,
1066 2760 1333 2837 peccant;
1366 2776 1422 2829 et
1449 2770 1531 2824 illi
1570 2768 1667 2842 qui
1706 2773 1764 2827 in
1791 2772 2085 2835 confessio-

501 2867 633 2906 nem
646 2853 717 2923 [Γ.
750 2853 1127 2917 confessione;
1161 2860 1240 2910 vel
1260 2860 1376 2911 sic:
1406 2867 1657 2929 peccant,
1682 2868 1738 2916 et
1767 2863 1846 2916 illi
1875 2864 1932 2917 in
1962 2882 2094 2918 con-

499 2941 823 3009 fessionem,
856 2943 954 3012 qui
983 2942 1147 3009 facta,
1172 2946 1302 3015 etc.]
1324 2947 1472 3001 facta
1490 2949 1725 3004 aliorum
1741 2954 2091 3023 perquirunt.
2118 3002 2121 3005 .

504 3030 647 3084 Cum
676 3031 825 3084 enim
874 3033 1145 3087 confessio
1182 3035 1419 3104 ﬁguram
1462 3036 1730 3108 baptismi
1770 3046 1960 3096 teneat
2015 3043 2093 3111 (⁵),

504 3119 714 3177 scimus
733 3120 866 3191 quia
884 3120 942 3179 in
952 3123 1164 3193 peccati
1185 3122 1695 3194 abrenuntiatione,
1722 3145 1845 3198 non.
1864 3132 2098 3186 alterius

505 3207 853 3261 detractione
878 3209 1247 3279 baptizamur.
1283 3213 1349 3265 In
1381 3214 1536 3268 Judaa
1574 3216 1743 3270 etiam
1798 3220 2099 3288 proditoris

505 3296 731 3350 Domini
743 3303 1043 3351 censentur
1072 3299 1380 3370 participio,
1391 3302 1677 3370 quia,licet
1689 3304 1737 3358 is
1752 3307 1840 3359 cui
1862 3308 2106 3364 detrahi-

506 3388 717 3469 tur,hex
743 3400 809 3437 eo
838 3385 987 3463 quod
1018 3387 1278 3465 peccavit,
1313 3405 1610 3459 personam
1640 3392 1863 3449 Domini
1891 3414 2001 3452 non
2033 3400 2106 3453 si-

506 3472 829 3555 gniﬁcet,ex
850 3490 915 3527 eo
936 3478 1124 3529 tamen
1142 3476 1289 3553 quod
1302 3478 1547 3532 traditur
1560 3479 1876 3551 signiﬁcare
1896 3493 2099 3557 potest.

508 3560 783 3645 Dominus
829 3578 1092 3639 namque,
1128 3563 1233 3643 etsi
1273 3581 1385 3620 non
1414 3569 1679 3643 peccavit,
1707 3576 1898 3628 tamen
1928 3577 2107 3630 tradi-

506 3655 600 3735 tus
629 3656 732 3729 est,
756 3650 825 3704 de
874 3667 983 3722 quo
1028 3651 1202 3707 Judas
1229 3654 1309 3707 ait
1349 3672 1360 3707 :
1412 3657 1795 3730 Quemcunque
1832 3666 2106 3719 osculatus

506 3740 687 3809 fuero,
710 3741 821 3819 ipse
844 3745 937 3807 est,
973 3745 1139 3821 tenete
1175 3759 1301 3796 eum
1325 3743 1517 3804 (Marc.
1550 3760 1657 3812 XIV,
1682 3745 1807 3818 44);
1841 3757 1897 3804 et
1925 3752 1971 3807 is
1994 3754 2102 3821 cui,

509 3844 642 3883 cum
678 3827 923 3909 imagine
953 3828 1079 3909 [al.,
1112 3830 1439 3907 imaginem]
1488 3832 1904 3905 familiaritatis,
1946 3842 2107 3911 quasi

509 3918 763 3993 osculum
786 3918 871 3971 vel
898 3914 1138 3989 ex'hibet,
1174 3920 1260 3974 vel
1302 3920 1533 3987 exibuit,
1577 3922 1647 3976 de
1685 3924 1918 3981 crimine
1948 3934 2109 3998 rogat

508 4007 692 4062 teneri
739 4007 807 4089 in.
853 4007 1199 4087 confessione
1250 4009 1331 4077 (δ).
1387 4010 1457 4063 Et
1493 4013 1793 4081 Apostolus
1817 4016 2103 4079 Joannes:

510 4094 679 4175 omni
709 4098 808 4177 qui
830 4098 969 4167 facit
984 4103 1289 4165 peccatum,
1321 4114 1385 4151 ea:
1412 4100 1626 4153 diabolo
1655 4107 1729 4155 est
1756 4109 1939 4168 natus,
1975 4110 2107 4174 quia

511 4185 579 4238 ab
609 4187 776 4238 initio
795 4186 1045 4238 diabolus
1062 4191 1246 4253 peccat
1277 4187 1323 4255 (Ι
1346 4189 1513 4244 Joan.
1543 4203 1623 4250 ιιι,
1658 4207 1706 4245 v.
1730 4188 1782 4255 8)
1807 4211 1820 4258 ;
1856 4193 1960 4246 hoc
1986 4212 2106 4264 pec-

511 4279 699 4326 catum
728 4272 1086 4327 violationem
1117 4274 1407 4328 charitatis
1451 4277 1836 4347 intelligimus,
1879 4283 2010 4351 quia
2034 4284 2103 4337 ab

2162 1885 2275 1956 48.)
2297 1887 2490 1940 Fidem
2510 1885 2799 1948 mentitur,
2823 1900 2971 1943 cum.
2996 1883 3143 1953 quod
3164 1882 3293 1935 ﬁdei
3315 1878 3793 1934 Christianitatis

2165 1977 2287 2046 ejus
2316 1975 2590 2028 creditum
2612 1980 2696 2027 est
2721 1990 2833 2026 non
2870 1977 3084 2038 servat;
3110 1971 3178 2024 de
3206 1987 3316 2041 qua
3344 1969 3563 2023 beatus
3598 1970 3797 2036 Augu-

2166 2065 2345 2121 stinus
2374 2064 2433 2117 in
2468 2063 2700 2116 homiiia
2745 2059 2814 2117 10
2869 2076 3037 2129 super
3083 2059 3242 2130 epist.
3305 2057 3555 2111 Joannis
3607 2055 3789 2108 dicit:

2172 2175 2193 2205 ι
2218 2154 2325 2218 Qui
2356 2169 2467 2206 non
2511 2153 2765 2214 credunt,
2797 2150 2852 2204 id
2885 2155 2986 2215 est,
3036 2149 3132 2219 qui
3180 2146 3349 2201 ﬁdem
3377 2162 3501 2199 non
3544 2144 3790 2205 habent,

2166 2244 2385 2314 pejores
2408 2247 2538 2295 sunt
2568 2257 2735 2310 quam
2756 2240 3055 2301 daemones,
3082 2244 3140 2290 et
3169 2236 3469 2290 tardiores.
3513 2254 3538 2283 ι

2241 2332 2605 2393 Sacramenta
2633 2327 2991 2387 confessionis
3006 2326 3192 2388 violat,
3210 2324 3344 2394 quia
3359 2339 3469 2375 nec
3495 2321 3791 2391 poeniten-

2168 2425 2285 2477 tem
2309 2420 2366 2476 in
2398 2418 2739 2473 confessione
2758 2416 3098 2486 baptizatum
3124 2413 3301 2466 credit
3327 2430 3339 2478 ;
3364 2413 3689 2480 ipsumque
3705 2423 3790 2460 se-

2172 2509 2415 2561 cundum
2436 2507 2798 2578 baptismum,
2848 2505 2901 2557 id
2933 2509 3018 2557 est
3043 2500 3472 2558 confessionem,
3502 2502 3789 2569 quantum

2172 2598 2231 2650 in
2258 2597 2378 2666 ipso
2408 2601 2510 2657 est,
2548 2595 2805 2657 destruit,
2839 2609 2941 2646 nec
2980 2591 3252 2645 unitatem
3294 2587 3665 2641 conscientiae
3696 2601 3790 2638 cu-

2174 2685 2364 2750 stodit,
2398 2700 2499 2737 nec
2535 2685 2705 2737 Deum
2735 2682 2793 2749 in
2835 2681 2952 2735 suis
2995 2678 3224 2749 judiciis
3265 2676 3607 2730 convenisse
3642 2689 3787 2725 vere-

2175 2779 2294 2830 tur.
2324 2775 2389 2828 In
2414 2772 2689 2827 unitatem
2720 2770 2904 2827 Patris
2932 2774 2989 2821 et
3012 2767 3135 2821 Filii
3182 2770 3392 2846 peccat,
3427 2780 3567 2817 cum
3610 2761 3789 2816 unita-

2176 2867 2289 2915 tem
2321 2878 2443 2931 qua:
2470 2865 2555 2913 est
2584 2859 2732 2912 inter
2756 2858 2933 2910 Deum
2960 2857 3185 2909 Patrem
3215 2860 3271 2907 et
3297 2852 3537 2917 Filium,
3578 2852 3641 2904 in
3664 2866 3786 2903 con-

2179 2950 2373 3003 ﬁtente
2400 2947 2505 3002 sibi
2536 2950 3014 3016 repraesentatam,
3046 2958 3377 3013 quacunque
3396 2939 3786 3011 publicatione

2182 3037 2402 3093 dividit.
2433 3037 2573 3089 Cum
2606 3034 2754 3088 enim
2796 3034 2971 3087 Filius
3000 3033 3070 3085 ad
3099 3033 3325 3085 Patrem
3354 3030 3513 3082 dicat
3543 3045 3560 3076 :
3596 3029 3663 3081 Et
3685 3028 3786 3094 ipsi

2181 3128 2245 3179 in
2275 3126 2427 3179 nobis
2458 3139 2637 3177 unum
2667 3125 2799 3188 sint,
2845 3125 2985 3175 sicut
3037 3127 3116 3186 tu,
3168 3122 3350 3185 Pater,
3384 3121 3448 3172 in
3474 3135 3588 3184 me,
3621 3122 3669 3169 ct
3700 3130 3784 3180 ego

2182 3216 2310 3267 inte
2332 3213 2664 3281 (Joan.xv11,
2687 3210 2777 3277 2-1)
2805 3228 2818 3276 ;
2851 3215 2950 3263 aut
2966 3210 3145 3263 Deum
3166 3224 3361 3269 unum,
3385 3212 3491 3260 aut
3511 3223 3573 3260 se
3592 3207 3651 3259 in
3668 3204 3781 3266 illo,

2186 3303 2282 3373 qui
2309 3318 2456 3355 unus
2494 3306 2598 3365 est,
2645 3306 2743 3353 aut
2772 3300 3211 3369 omnipotentem
3233 3298 3293 3350 in
3322 3297 3444 3367 ipso
3462 3311 3635 3366 posse
3664 3308 3785 3363 ope-

2185 3392 2297 3445 rari
2333 3390 2604 3444 unitatem
2659 3394 2845 3459 negat.
2887 3388 2996 3442 Sed
3026 3387 3159 3458 quia
3185 3388 3335 3441 Deus
3378 3401 3533 3439 unus
3576 3388 3680 3447 est,
3732 3383 3783 3432 et

2184 3480 2438 3536 membra
2483 3478 2691 3533 Christi
2749 3478 2807 3531 in
2854 3494 3028 3531 unum
3059 3475 3415 3539 conveniunt,
3451 3468 3781 3545 profectoli-

2187 3568 2482 3640 quetquia.
2514 3568 2646 3620 dum
2668 3566 2736 3621 ab
2760 3567 2977 3622 unitate
3006 3564 3285 3629 Ecclesiae,
3319 3580 3442 3634 quae
3469 3567 3562 3616 est
3589 3572 3782 3628 corpus

2187 3656 2414 3722 Christi,
2450 3672 2550 3726 per
2575 3655 2718 3709 tanti
2756 3654 3114 3709 violationem
3157 3650 3501 3707 sacramenti
3531 3666 3593 3703 se
3618 3661 3779 3719 praes-

2188 3747 2380 3811 cindit,
2415 3760 2527 3798 non
2557 3744 2614 3796 in
2650 3744 2779 3809 Deo,
2812 3760 2915 3797 nec
2940 3760 3003 3796 ex
3026 3743 3161 3809 Deo,
3185 3758 3288 3795 nec
3306 3757 3431 3794 cum
3456 3741 3577 3794 Deo
3606 3734 3779 3791 est.In

2190 3835 2463 3906 Spiritum
2495 3838 2749 3886 sanctum
2779 3832 3150 3902 blasphemat,
3180 3831 3312 3884 dum
3330 3829 3476 3899 quod
3501 3828 3562 3881 in
3595 3825 3702 3879 ﬁde
3729 3826 3778 3874 et

2191 3924 2552 3978 advocatione
2581 3922 2700 3991 ejus
2728 3922 2823 3991 qui
2864 3927 2949 3975 est
2978 3920 3233 3973 remissio
3265 3924 3647 3990 peccatorum,
3682 3908 3776 3965 sibi

2191 3998 2467 4066 creditum
2500 4016 2585 4064 est
2611 4009 2838 4074 revelat,
2877 4008 3173 4061 ostendens
3193 4006 3325 4077 quia
3354 4006 3502 4076 apud
3532 4019 3661 4057 eum
3684 4013 3773 4052 nec

2192 4101 2432 4171 Spiritus
2462 4104 2686 4153 sanctus
2731 4104 2817 4151 est
2841 4098 3158 4151 advocatus.
3213 4094 3375 4169 Apud
3428 4094 3774 4148 Salomonem

2190 4206 2412 4260 quoque
2444 4194 2618 4253 31-5.
2660 4187 3051 4240 fraudulentus
3082 4190 3308 4238 vocatur
3333 4183 3427 4254 qui
3458 4182 3667 4236 revelat
3691 4190 3773 4229 ar—

2185 4295 2343 4344 cana,
2377 4284 2434 4331 et
2462 4275 2641 4330 ﬁdelis
2672 4276 2769 4347 qui
2815 4274 2989 4328 animi
3019 4274 3162 4327 celat
3185 4272 3546 4327 commissum
3602 4271 3767 4333 (Prov.

509 4360 673 4414 initio
700 4359 954 4413 diabolus
1000 4366 1192 4430 peccat
1233 4361 1312 4432 [at
1328 4406 1336 4418 .
1355 4405 1367 4427 ,
1417 4363 1707 4437 perdidit].
1744 4368 2098 4424 Horrendum
2116 4390 2165 4447 Β
2182 4380 2257 4433 xI,
2280 4367 2391 4434 13).
2417 4367 2486 4419 Et
2504 4365 2561 4418 in
2585 4364 3113 4429 Ecclesiasticozgui
3133 4360 3600 4415 denudalarcana
3617 4356 3766 4447 aniici

511 4454 643 4503 vero
673 4454 759 4502 est
785 4449 961 4513 valde,
998 4466 1125 4503 cum
1163 4450 1231 4517 is,
1268 4452 1364 4521 qui
1415 4469 1518 4521 per
1551 4455 1954 4511 confessionem
2012 4442 2157 4530 ριι-⁷
2188 4458 2373 4526 perdit
2395 4457 2557 4521 ﬁdem
2598 4454 2761 4506 Eccli.
2797 4466 2959 4515 xxvn,
2994 4451 3096 4517 l7),
3123 4467 3247 4522 quae
3273 4455 3360 4503 est
3387 4450 3546 4519 origo
3576 4451 3631 4500 et
3658 4442 3768 4495 fun-

511 4540 637 4592 ra‘m
664 4538 733 4591 de
759 4536 972 4608 Spiritu
1001 4540 1193 4592 sancto
1223 4540 1442 4594 renasci
1469 4541 1754 4609 debuerat,
1791 4545 1849 4599 in
1878 4548 2109 4604 alterius

512 4623 861 4681 detractione
879 4642 978 4696 per
1005 4626 1361 4681 violationem
1381 4628 1668 4685 charitatis
1690 4633 1759 4686 de
1778 4634 1998 4690 diabolo
2020 4654 2108 4690 re-

514 4706 870 4769 ﬁhs'citui'.Et
899 4715 1189 4786 Scriptura
1217 4734 1229 4769 :
1261 4719 1453 4771 Justus
1490 4718 1553 4772 in
1578 4722 1857 4789 principio
1890 4728 1981 4776 sui
1988 4775 1995 4781 ,
2024 4741 2111 4777 ac-

516 4804 740 4858 cusator
765 4806 843 4857 est
869 4805 1049 4871 (Prov.
1088 4816 1236 4872 vau,
1278 4804 1362 4872 17)
1403 4824 1415 4858 :
1448 4807 1556 4871 sui.
1598 4824 1711 4863 non
1747 4808 1999 4866 alterius.
2048 4814 2112 4866 Et

515 4892 651 4948 item
685 4890 1042 4952 Ucnﬂtemim’
1066 4895 1409 4948 alterutrum
1430 4902 1651 4964 peccata
1680 4903 1859 4953 vestra
1893 4903 2023 4963 (Jac.
2056 4919 2106 4966 v,

512 4981 605 5054 16)
641 4982 843 5051 vestra,
874 4999 987 5037 non
1015 4984 1220 5038 aliena.

591 5070 658 5129 Ih'
695 5073 805 5145 qii'o
836 5082 1161 5127 revecemus
1196 5070 1268 5127 ad
1304 5074 1634 5128 memoriam
1681 5076 1813 5146 quia
1850 5076 2025 5130 Judas
2058 5093 2117 5130 se

517 5160 700 5236 selum
717 5158 919 5237 laqueo
939 5158 1532 5237 suspendit;derog_ans
1543 5163 1753 5217 enimin
1769 5162 2112 5218 confessione

517 5232 700 5306 so'ldiii
722 5232 828 5305 sibi
848 5257 1030 5319 nocet,
1042 5232 1190 5322 quia
1207 5249 1274 5315 is,
1300 5252 1388 5305 cui
1402 5232 1724 5322 derogatur,
1750 5269 1853 5305 nec
1874 5251 2114 5322 publica-

516 5337 631 5406 tiir,
650 5338 819 5394 necln
842 5342 1235 5411 quamcunque
1251 5339 1625 5410 suspicionem
1642 5356 1974 5410 quocunque
1999 5357 2114 5395 mo-

518 5428 589 5482 do
614 5426 815 5483 adduci
835 5427 999 5483 salvis
1020 5430 1387 5484 sacramentis
1408 5426 1592 5499 potest
1614 5428 2112 5484 contessionis.Un-

521 5507 677 5585 de,lii
698 5512 869 5570 sacris
883 5516 1191 5572 caiionibus
1211 5516 1266 5571 et
1295 5517 1479 5571 causis
1508 5516 1917 5581 ecclesiasticis,
1943 5519 2011 5571 de
2026 5517 2114 5571 his

520 5594 743 5659 tantum
772 5599 894 5674 quae
941 5608 1000 5660 in
1042 5612 1287 5661 tractatu
1317 5605 1650 5672 audivimus,
1684 5611 1743 5661 et
1768 5606 2020 5661 videmus
2056 5608 2115 5662 in

2193 4545 2520 4598 damentum
2550 4542 2800 4595 omnium
2832 4541 3123 4604 virtutum,
3158 4538 3505 4608 incurritque
3534 4536 3768 4603 despera-

2192 4633 2423 4696 tionem,
2458 4648 2580 4702 quae
2610 4637 2697 4684 est
2736 4628 3085 4699 blasphemia
3135 4628 3396 4698 Spiritus,
3438 4630 3495 4680 et
3525 4623 3766 4678 ultimum

2193 4721 2611 4790 maximumque
2643 4719 2894 4773 omnium
2921 4716 3237 4771 criminum.
3272 4717 3411 4770 Cum
3440 4710 3642 4769 Judaeis
3669 4706 3766 4759 D0-

2193 4809 2345 4861 mino
2373 4808 2507 4860 dicit
2536 4825 2546 4859 :
2583 4808 2775 4860 Nonne
2806 4807 2935 4858 bene
2962 4805 3202 4857 dicimus
3240 4818 3337 4856 nos
3365 4803 3499 4870 quia
3538 4799 3765 4854 Samari-

2195 4903 2359 4950 tanus
2384 4914 2436 4949 es
2467 4902 2546 4960 tu,
2567 4901 2613 4948 et
2634 4893 3174 4947 damoniumhabes?
3191 4893 3372 4958 (Joan.
3396 4902 3513 4953 vIn,
3546 4885 3647 4951 48).
3674 4880 3765 4933 Per

2193 4985 2532 5039 daemonium
2557 4988 2848 5054 peccatum
2886 4987 3070 5052 potest
3098 4979 3353 5049 intelligi,
3379 4985 3521 5033 teste
3546 4982 3760 5037 evange-

2192 5074 2341 5139 lista,
2366 5073 2461 5143 qui
2488 5073 2556 5125 de
2574 5071 2754 5126 Maria
2779 5061 3105 5141 Magdalena
3127 5075 3339 5140 septem
3369 5063 3637 5121 daemonia
3666 5057 3758 5124 eje-

2195 5166 2285 5215 cta
2311 5161 2479 5227 dicit;
2511 5167 2568 5215 et
2595 5160 2867 5214 Dominus
2887 5159 3272 5214 Samaritanus
3307 5173 3447 5221 esse,
3495 5158 3549 5208 et
3577 5151 3755 5205 diemO'

2197 5251 2355 5304 nium
2387 5250 2591 5303 habere
2613 5249 2834 5312 dicitur,
2860 5265 2988 5302 cum
3010 5247 3243 5300 confessi
3266 5246 3431 5315 culpa
3452 5238 3715 5297 reducitur
3740 5249 3749 5293 ς

2195 5339 2326 5408 quia
2350 5338 2445 5408 qui
2476 5337 2863 5392 Samaritanus
2893 5341 2995 5399 est,
3027 5336 3081 5387 id
3121 5340 3207 5388 est
3234 5339 3417 5386 custos
3447 5346 3543 5401 per
3569 5321 3749 5407 confes-

2195 5426 2427 5481 sionem.
2458 5427 2517 5480 in
2578 5443 2642 5479 eo
2688 5414 2854 5496 quem
2900 5424 3159 5489 custodit,
3214 5420 3545 5475 daemonium
3573 5411 3749 5467 habere

2195 5516 2540 5586 improperat
2570 5531 2669 5585 per
2696 5513 2905 5584 peccati
2933 5513 3403 5566 communionem.

2270 5605 2329 5658 Si
2359 5621 2488 5659 vero
2517 5605 2566 5657 is
2596 5604 2693 5675 qui
2743 5604 3041 5657 conﬁtetur
3067 5601 3126 5656 in
3155 5601 3318 5672 culpa
3357 5593 3672 5671 perseverat.
3701 5586 3746 5634 εί
