3892 6358
59 337 195 397 629

1151 338 1289 425 Lis.
1326 342 1426 419 De
1462 343 1800 408 causam
1836 346 2359 409 oomsszose.

62 466 271 562 et?“
741 468 791 524 is
816 471 911 562 Fui,
938 474 1254 529 confessum
1286 481 1387 537 εδδ·
1427 492 1553 533 cum
1582 480 2023 553 DO'Adiuntur
2061 499 2364 551 tentorium
2390 490 2571 562 illius,
2612 500 2664 549 et
2696 474 2962 549 universa
2993 498 3124 547 eam
3150 498 3270 561 qua
3292 485 3379 547 ιω

62 556 252 609 mino
273 570 458 627 usque
475 557 547 611 ad
576 558 786 613 exitum
808 561 836 613 J
842 561 1008 617 udam
1031 564 1309 633 patiatur;
1330 583 1432 620 nec
1451 568 1622 622 etiam
1640 569 1699 622 in

65 644 223 699 illos
268 646 580 717 aliquando
636 645 911 719 [aliquam
958 653 1184 706 omnino
1221 655 1329 723 vel]
1373 668 1472 726 per
1506 673 1565 710 se
1613 658 1699 710 vel

65 749 191 803 per
216 734 477 805 aliquem
504 735 808 791 vindictam
835 747 1107 806 exerceat,
1127 742 1222 812 qui
1252 744 1355 798 sibi
1384 745 1701 799 denuntiati

70 827 232 879 sunt
259 823 323 877 in
346 824 599 890 crimine,
633 826 719 879 vel
767 834 866 896 per
891 830 1280 885 conﬁtentium
1310 834 1583 888 malitiam
1616 834 1700 888 vei

76 911 546 981 simplicitatem,
562 925 635 967 ne
658 922 1009 971 sacramenta
1025 920 1388 974 confessionis
1403 922 1696 976 violentur.

78 998 244 1053 Sunt
258 1001 414 1054 enim
430 1001 657 1072 quidam
684 1003 779 1074 qui
805 1016 915 1059 non
938 1006 1703 1080 arbitranturindulgentiam

76 1089 393 1159 consequi,
423 1090 533 1144 nisi
560 1093 840 1148 sociorum
862 1110 1090 1148 suorum
1113 1097 1342 1151 nomina
1371 1099 1700 1156 detexerint.

162 1177 326 1231 Sunt
351 1184 409 1231 et
434 1170 530 1232 alii
552 1180 648 1249 qui
675 1181 1080 1237 studiosissime
1101 1185 1159 1238 in
1181 1187 1529 1242 confessione
1558 1189 1705 1243 facta

84 1265 445 1335 perquirunt
477 1268 713 1323 aliorum
746 1271 893 1339 quod
921 1272 1341 1328 vitiosissimum
1367 1276 1529 1330 nobis
1555 1277 1705 1331 vider

86 1360 195 1406 tur
226 1370 375 1419 esse,
394 1356 544 1425 quia,
573 1359 878 1412 secundum
900 1376 1103 1429 papam
1125 1362 1460 1432 Gregorium
1484 1369 1497 1421 t
1504 1367 1567 1417 in
1581 1368 1699 1427 Job,

88 1441 128 1493 l.
166 1458 225 1506 ν,
257 1459 309 1495 c.
346 1441 397 1504 3,
428 1460 568 1497 vers.
595 1446 988 1516 40;,magnum
1014 1450 1355 1504 curiositatis
1373 1457 1458 1504 est
1483 1452 1699 1506 vitium.

90 1528 229 1582 1am
258 1531 333 1584 de
365 1531 451 1585 his
472 1533 569 1602 qui
598 1535 680 1586 vel
709 1535 849 1588 alios
878 1536 936 1589 in
963 1538 1308 1592 confessione
1332 1541 1595 1609 produnt,
1617 1542 1704 1595 vel

91 1619 257 1687 quod
274 1620 592 1675 confessum
623 1628 708 1675 est
733 1623 793 1676 in
812 1639 1037 1678 causam
1066 1626 1345 1696 publicam
1371 1642 1704 1699 quocunque

92 1706 277 1760 modo
295 1708 601 1775 adducunt,
616 1710 1149 1768 velaconﬁtentibus
1168 1716 1406 1770 crimina
1427 1718 1703 1772 sociorum

1780 593 1930 652 sunt,
1958 590 2176 655 polluta
2220 590 2387 639 erunt
2437 589 2635 652 septem
2682 584 2888 636 diebus.
2930 580 3043 635 Vas
3073 581 3217 650 quod
3258 588 3375 635 non

1781 677 2035 729 habuerit
2055 677 2391 743 operculum,
2418 687 2514 726 nec
2530 674 2837 740 ligaturam
2856 670 3104 738 desuper,
3127 669 3376 723 immun-

1782 766 1915 817 dum
1944 766 2068 816 erit.
2092 758 2156 818 Si
2182 758 2304 831 quis
2328 765 2391 815 in
2411 776 2546 829 agro
2578 757 2815 827 tetigerit
2846 758 3079 813 cadaver
3099 754 3379 812 cccisihd-r

1781 855 1973 917 minis,
1990 854 2090 905 aut
2098 866 2202 925 per
2221 866 2274 904 se
2298 851 2511 903 mortui
2527 851 2637 902 sive
2657 860 2711 901 o‘s
2738 848 3014 914 ittius,uet
3035 847 3372 915 sepulcrum,

1781 942 2110 994 immundus
2139 942 2246 993 erit
2283 944 2480 1007 septem
2510 939 2716 994 diebus.
2764 934 2974 991 Totlertt
3000 936 3065 989 de
3095 926 3377 990 eineribm

1784 1030 2172 1082 combustionis
2199 1032 2362 1096 atque
2395 1029 2621 1096 peccati,
2653 1031 2703 1079 et
2753 1028 2971 1079 mittent
3019 1034 3196 1093 aquas
3221 1026 3377 1077 usus

1784 1134 1947 1186 super
1964 1133 2048 1170 eos
2068 1120 2132 1170 in
2160 1132 2274 1183 cas,
2300 1121 2363 1169 in
2386 1116 2585 1184 quibus
2604 1128 2730 1168 cum
2750 1115 2907 1167 homo
2926 1114 3175 1167 mundus
3198 1115 3375 1166 ιιηωσι

1784 1209 1863 1259 rit
1910 1207 2219 1274 hyssopum,
2266 1204 2511 1273 asperget
2559 1218 2623 1257 ex
2666 1218 2723 1257 eo
2764 1212 2923 1256 omne
2972 1202 3292 1267 tentorium,
3325 1199 3378 1254 et

1785 1299 2040 1348 cunctam
2069 1292 2454 1362 supellectilem
2484 1291 2618 1360 ejus,
2651 1290 2701 1345 et
2722 1286 2970 1365 homines
2997 1288 3379 1358 hujuscemodi

1785 1385 2101 1449 contagione
2112 1383 2349 1450 pollutos
2362 1400 2377 1445 ;
2395 1386 2557 1450 atque
2578 1382 2673 1434 hoc
2688 1380 2844 1433 modo
2855 1375 3101 1433 mundus
3114 1376 3378 1433 lustrabit

1785 1472 2144 1524 immundum
2164 1473 2340 1533 tertio,
2356 1468 2405 1523 et
2425 1472 2651 1541 septimo
2665 1471 2753 1522 die
2770 1464 3087 1535 (Num.xrx,
3100 1477 3149 1521 ε.
3165 1462 3378 1543 44-19},

1787 1561 2039 1629 Longum
2062 1564 2148 1613 est
2172 1572 2271 1629 per
2297 1550 2520 1629 singula
2542 1552 2940 1628 aiiegoriarum
2958 1555 3231 1627 mysteria
3253 1563 3382 1610 eum

1786 1664 1929 1702 rere.
1963 1640 2071 1701 Sed
2100 1646 2401 1717 diligenter
2426 1645 2759 1700 intuendum
2792 1634 2927 1715 quid
2958 1648 3046 1698 est
3080 1643 3228 1715 quod
3257 1643 3380 1699 sine

1788 1736 2255 1790 determinatione
2296 1737 2624 1805 cujusquam
2671 1732 2886 1788 ordinis
2917 1728 3086 1809 homo
3136 1732 3382 1787 mundus

91 1793 426 1893 inqilii‘unt’
479 1813 608 1852 mm
655 1800 901 1870 quidem’
959 1818 1062 1893 mit.)
1117 1804 1423 1858 secundum
1459 1806 1702 1875 rigorem
2681 1785 3385 1893 stiiqnesdamseuetorem

89 1882 547 1954 Scripturarum,
585 1900 689 1941 nec
716 1904 882 1943 aures
927 1890 1143 1961 audire,
1188 1906 1357 1962 quam
1408 1894 1702 1949 horribiles

90 1970 219 2025 sint
244 1972 592 2031 horreScant.

167 2062 392 2116 Tamen
437 2066 993 2138 quantulumcunque
1033 2069 1243 2123 dictum
1275 2074 1377 2135 est,
1411 2071 1698 2126 videamus

93 2147 311 2217 quibus
364 2157 501 2206 tunc
546 2156 925 2211 conﬁtendum
977 2157 1051 2210 sit
1082 2158 1162 2227 (⁷).
1197 2158 1267 2211 Hi
1296 2159 1354 2212 in
1398 2160 1594 2229 primis
1633 2161 1703 2214 de

91 2237 311 2306 quibus
330 2240 573 2295 diximus
588 2244 817 2298 cavendi
832 2248 965 2298 sunt
985 2247 1064 2311 (3;,
1091 2247 1372 2316 quoniam,
1392 2248 1438 2300 si
1460 2249 1519 2301 Β.
1540 2249 1704 2302 Joan-

93 2326 188 2379 nis
224 2328 474 2397 Epistola
520 2331 703 2401 prima
747 2334 1057 2403 requiritur
1088 2345 1226 2405 (cap.
1262 2352 1320 2400 ιι,
1353 2338 1428 2400 2|,
1478 2337 1535 2389 in
1578 2352 1699 2390 om-

92 2415 270 2468 nibus
300 2421 663 2474 sacramentis
683 2422 932 2476 moribus
958 2424 1285 2477 Antichristi
1310 2430 1461 2478 sunt.
1485 2425 1700 2489 Quibus

92 2506 515 2574 praetermissis,
550 2507 608 2561 in
655 2510 843 2563 Veteri
898 2513 1260 2565 Testamento
1316 2514 1699 2567 sacerdotibus

92 2594 261 2662 lepra
302 2596 617 2650 ostenditur
646 2600 827 2663 (Levii.
881 2612 993 2664 χιιι,
1036 2599 1169 2668 49);
1215 2602 1392 2654 levitas
1435 2601 1699 2656 taberna-

90 2683 291 2736 culum
321 2683 544 2738 fuederis
572 2692 943 2757 comportant,
975 2689 1218 2758 erigunt,
1251 2689 1557 2759 deponunt.
1591 2692 1699 2745 Ta-

93 2770 424 2826 bernaculis
453 2775 644 2843 populi
674 2788 708 2828 a
751 2776 1111 2831 tabernaculo
1141 2778 1363 2831 foederis
1394 2780 1699 2833 terminum

93 2865 340 2929 ponunt,
394 2877 463 2914 ne
506 2862 806 2918 indiscrete
845 2866 1295 2936 appropinquent
1333 2867 1403 2919 ad
1434 2867 1697 2921 taberna-

91 2951 312 3015 culum,
333 2956 388 3004 et
414 2952 928 3015 morianturtNum.
955 2968 993 3019 1,
1020 2954 1234 3023 50,53).
1251 2954 1696 3010 Tabernaculum

90 3039 326 3092 {cedetis
355 3052 555 3110 corpus
584 3044 668 3095 est
712 3042 811 3096 Dei
864 3044 920 3096 et
971 3042 1261 3097 hominum
1292 3044 1631 3099 Mediatoris.
1664 3061 1700 3098 a

92 3144 214 3198 quo
235 3129 416 3183 levita
431 3130 634 3200 populo
645 3131 950 3185 terminum
972 3137 1206 3204 ponunt,
1222 3133 1355 3187 dum
1376 3148 1475 3203 pro
1495 3126 1696 3204 quibus

90 3217 344 3288 peccatis
369 3232 403 3271 a
440 3226 636 3272 mensa
666 3219 888 3273 Domini
914 3220 1197 3274 abstinere
1220 3221 1439 3283 debeat,
1473 3222 1691 3277 docent.

90 3306 178 3359 De
206 3304 634 3360 subdiaconibus
654 3308 859 3361 dicitur
875 3330 887 3364 :
906 3309 964 3361 Μ
966 3308 1269 3362 undamini
1288 3314 1386 3377 qui
1396 3310 1552 3377 fertis
1566 3318 1696 3365 vasa

94 3396 332 3448 Domini
353 3396 505 3451 mai.
541 3410 633 3461 L11,
664 3395 769 3463 il).
802 3396 950 3449 Vasa
979 3397 1149 3450 corda
1173 3397 1523 3467 signiﬁcant;
1546 3400 1697 3453 unde

92 3482 155 3535 in
189 3481 488 3552 Evangelia
519 3502 531 3535 :
570 3486 867 3538 Prudentes
888 3500 1010 3538 vero
1045 3492 1368 3552 acceperunt
1404 3491 1583 3540 oleum
1633 3491 1696 3542 in

92 3570 243 3620 vasis
271 3570 387 3620 suis
416 3585 542 3621 cum
572 3570 920 3637 lampadibus
943 3571 1156 3635 (Matth.
1190 3587 1309 3637 xxv,
1344 3568 1421 3637 4).
1456 3570 1695 3626 Subdia-

94 3656 225 3709 coni
251 3656 443 3726 itaque
487 3673 620 3709 vasa
646 3657 874 3711 Domini
914 3658 1121 3721 lavant,
1164 3674 1291 3711 cum
1326 3660 1692 3714 conscientias

94 3744 406 3810 inundant;
440 3746 682 3816 acolythi
732 3746 1033 3803 luminaria
1069 3747 1385 3802 accendunt
1415 3748 1689 3808 Ecclesiae.

96 3834 513 3889 Exorcistarum
555 3842 643 3890 est
681 3835 926 3891 ofﬁcium
978 3853 1043 3890 ex
1074 3834 1314 3891 obsessis
1366 3838 1693 3906 corporibus

95 3922 374 3977 daemonia
421 3925 706 3993 eﬁ‘ugare;
752 3925 1023 3978 lectorum
1080 3931 1165 3978 est
1200 3925 1427 3978 verbum
1461 3926 1560 3979 Dei
1602 3943 1692 3979 re-

96 4012 279 4077 ferre;
314 4012 674 4066 ostiariorum
723 4018 809 4066 est
837 4012 1125 4066 ecclesiam
1176 4013 1419 4083 aperire.
1478 4014 1612 4077 Quae
1643 4015 1690 4067 si

97 4099 288 4152 omnia
312 4099 610 4168 diligenter
638 4100 949 4165 intuentur,
984 4100 1053 4153 ad
1082 4100 1186 4153 hoc
1207 4101 1351 4153 ﬁunt
1380 4100 1688 4166 visibiliter,

98 4196 159 4241 ut
191 4188 260 4241 ab
283 4180 370 4241 his
395 4204 428 4240 a
450 4188 651 4258 quibus
670 4190 815 4242 ﬁunt
834 4191 974 4242 ﬁant
1000 4205 1102 4259 per
1123 4188 1544 4242 mundationem
1567 4202 1695 4256 con-

97 4276 459 4330 scientiarum
515 4276 884 4331 invisibiliter.
936 4277 1097 4331 Unde
1137 4278 1197 4331 B.
1248 4278 1597 4347 Augustinus
1634 4279 1690 4332 in

98 4370 341 4418 tractatu
370 4370 524 4419 sexto
556 4366 813 4436 Epistolas
845 4366 901 4419 S.
935 4365 1163 4419 Joannis
1213 4366 1484 4436 Apostoli,
1517 4366 1595 4419 sic
1622 4368 1691 4420 de

98 4453 384 4523 Baptismo
420 4466 431 4500 ε
469 4476 489 4500 ι
526 4458 692 4523 Aqua
734 4455 1072 4507 sacramenti
1124 4454 1353 4507 visibilis
1404 4460 1505 4517 est,
1545 4472 1693 4525 aqua

98 4542 327 4611 spiritus
356 4542 676 4607 invisibilis;
710 4542 818 4596 ista
863 4542 1043 4596 abluit
1070 4558 1289 4611 corpus,
1322 4546 1379 4594 et
1415 4541 1693 4611 signiﬁcat

100 4632 230 4702 quid
252 4632 353 4687 ﬁat
382 4631 504 4707 [at.,
530 4632 676 4701 quod
703 4630 798 4703 sit]
826 4631 884 4685 in
904 4631 1157 4689 anima.»
1182 4630 1435 4685 Visibilia
1448 4646 1691 4699 namque

100 4725 446 4776 sacramenta
462 4727 518 4774 et
547 4727 942 4790 aperantur,et
961 4720 1390 4789 signiﬁcant[at.
1404 4758 1418 4785 ,
1441 4719 1685 4788 signant]

102 4808 411 4865 invisibilia.
465 4807 532 4867 In
582 4809 686 4865 hoc
736 4808 1122 4878 cognoscimus
1161 4808 1295 4878 quia
1343 4808 1412 4863 de
1460 4807 1688 4861 occultis

102 4898 245 4953 omni
278 4898 647 4955 ecclesiastico
675 4897 858 4953 ordini
896 4897 1150 4953 conﬁteri
1181 4896 1448 4951 debemus
1476 4897 1576 4964 t9);
1618 4895 1687 4951 de

102 4986 305 5056 apertis
332 5003 462 5041 vero
501 4987 633 5041 solis
661 4985 918 5045 convenit
968 4986 1372 5049 sacerdotibus,
1400 5002 1500 5055 per
1549 5001 1687 5054 quos

104 5075 355 5140 Ecclesia,
390 5091 512 5145 quae
541 5075 757 5145 publice
788 5075 960 5141 novit,
994 5081 1051 5128 et
1078 5075 1243 5129 solvit
1270 5080 1327 5128 et
1351 5075 1505 5143 ligat.

170 5165 266 5219 Sin
298 5180 401 5220 nec
427 5164 484 5219 in
515 5163 802 5220 ordinibus
832 5164 1221 5218 ecclesiasticis
1249 5164 1339 5217 cui
1369 5162 1687 5217 conﬁtearis

106 5252 329 5316 invenis,
347 5252 432 5307 vir
456 5253 698 5309 mundus
720 5252 1038 5322 ubicunque
1060 5253 1153 5318 sit,
1177 5253 1517 5321 requiratur,
1543 5252 1689 5305 sicut

106 5340 157 5395 in
178 5340 364 5396 Veteri
389 5342 746 5399 Testamento
777 5341 1096 5411 praecipitur
1130 5359 1140 5394 :
1172 5344 1284 5397 Ista
1310 5344 1394 5394 lea:
1420 5345 1493 5393 est
1527 5342 1697 5399 hami.

106 5434 185 5485 nis
219 5434 319 5499 qui
354 5434 599 5486 moritur
636 5434 699 5485 in
739 5432 1111 5486 tabernaculo.
1148 5431 1343 5486 Omnes
1374 5432 1472 5499 qui
1504 5432 1692 5496 ingrc—

175 5543 281 5614 (68)
315 5544 425 5599 Hoc
457 5545 607 5599 idem
635 5545 807 5600 etiam
832 5544 887 5600 S.
919 5544 1114 5600 Ambr.
1152 5544 1286 5599 dicit
1331 5557 1501 5616 super
1514 5546 1741 5613 Lucam,

107 5632 247 5689 tione
275 5629 445 5687 Petri.

1782 1912 2016 1968 Patrum
2051 1913 2291 1984 legimus
2345 1914 2440 1983 qui
2466 1906 2706 1983 [animas
2756 1914 3142 1987 rexerant.“
3186 1907 3385 1964 tamen

1781 2019 1973 2056 eorum
2003 2003 2227 2063 ordines
2250 2001 2530 2056 nescimus
2561 1996 2671 2071 (‘0):

1854 2092 2013 2155 Quod
2034 2093 2080 2146 si
2105 2108 2271 2145 nemo
2296 2092 2386 2144 cui
2413 2082 2735 2145 conﬁtearis
2757 2080 3059 2156 invenitur,
3082 2094 3155 2143 ne
3180 2081 3376 2161 despa-

1783 2197 1873 2234 res
1918 2174 2022 2249 (ίί),
2074 2181 2207 2255 quia
2251 2180 2310 2234 in
2356 2174 2459 2234 hoc
2501 2170 2735 2232 Patrum
2777 2171 3116 2232 conveniunt
3155 2174 3379 2231 senten-

1784 2269 1875 2322 tiae
1904 2268 2017 2341 (¹²),
2063 2272 2126 2323 ut
2168 2268 2405 2323 Domino
2444 2264 2783 2321 conﬁtearis.
2818 2260 2979 2320 Unde
3019 2260 3079 2320 Β.
3133 2267 3379 2320 Joannes

1783 2356 2214 2428 Cbrysostomus
2243 2374 2413 2427 super
2432 2352 2475 2410 L
2503 2356 2784 2427 psalmum
2816 2346 3031 2422 (homil.
3062 2353 3117 2421 2,
3136 2346 3207 2409 ad
3228 2348 3380 2410 hunc

1781 2463 2005 2505 versum
2037 2464 2047 2498 :
2083 2444 2148 2499 Et
2171 2450 2451 2513 peccatum
2478 2459 2661 2497 meum
2692 2446 2886 2497 contra
2922 2452 3008 2495 me
3034 2446 3109 2496 est
3145 2449 3378 2511 θατήρων,

1783 2541 1913 2588 ante
1941 2532 2217 2603 medium)
2250 2558 2261 2599 ;
2299 2551 2324 2584 α
2358 2530 2417 2587 Si
2456 2531 2813 2586 confunderis
2842 2524 3011 2585 alicui
3042 2525 3228 2585 dicere
3256 2538 3381 2601 quas

1785 2623 1908 2693 [ut.,
1945 2616 2099 2699 quia]
2132 2622 2391 2693 peccasti,
2425 2621 2513 2674 dic
2556 2636 2623 2673 ea
2652 2613 2903 2690 quotidie
2930 2618 2989 2673 in
3038 2614 3229 2674 anima
3252 2619 3377 2674 tua.

1782 2712 1908 2765 Non
1937 2711 2060 2765 dico
2082 2716 2147 2764 ut
2175 2710 2494 2764 conﬁtearis
2522 2725 2786 2762 conservo
2814 2712 2932 2770 tuo,
2961 2714 3026 2762 ut
3050 2701 3157 2762 tibi
3187 2718 3384 2779 eXpro-

1780 2798 1922 2859 bret,
1963 2800 2061 2852 sed
2090 2799 2355 2852 conﬁtere
2385 2790 2519 2863 Deo,
2554 2796 2649 2867 qui
2678 2812 2745 2850 ea
2773 2800 2948 2850 curet.
2983 2814 3010 2850 »
3052 2797 3196 2852 Item
3224 2791 3379 2852 idem

1779 2904 1948 2958 super
1963 2886 2276 2958 Epistolam
2302 2886 2371 2940 ad
2398 2886 2660 2939 Hebraeos
2676 2897 2864 2956 (super
2881 2892 3003 2956 cap.
3032 2878 3099 2941 19
3113 2886 3264 2941 hom.
3284 2880 3375 2955 Si,

1779 2983 1907 3053 post
1936 2970 2203 3042 medium)
2232 2994 2242 3028 :
2280 2997 2303 3025 ιι
2335 2976 2461 3037 Non
2493 2966 2615 3028 dico
2649 2964 2747 3027 tibi
2768 2978 2833 3027 ut
2858 2968 2915 3028 te
2944 2966 3149 3045 prodas
3178 2972 3238 3028 in
3266 2984 3377 3046 plr-

1713 3096 1756 3155 Β
1782 3065 2007 3155 blicum,
2030 3082 2212 3137 neque
2239 3069 2304 3118 ut
2320 3069 2378 3118 te
2406 3056 2555 3135 apud
2578 3063 2718 3117 alios
2741 3072 2997 3155 accuses;
3023 3055 3123 3117 sed
3147 3055 3377 3118 obedire

1778 3160 1834 3208 te
1857 3146 1980 3211 volo
2000 3154 2293 3231 Propheta:
2308 3152 2515 3207 dicenti
2555 3171 2582 3205 ιο
2600 3146 2789 3231 Revela
2805 3144 3038 3206 Domino
3050 3152 3201 3206 siam
3217 3155 3376 3207 tuam

1776 3236 1939 3305 (Psal.
1978 3230 2153 3309 xxxvi,
2182 3242 2257 3314 5),
2293 3240 2481 3313 ε’δῄ
2509 3245 2567 3295 et
2593 3247 2727 3295 tunc
2754 3230 2981 3295 demum
3008 3257 3174 3314 spera
3200 3232 3378 3295 missu-

1778 3332 2076 3386 ricordiam
2095 3338 2151 3386 te
2176 3340 2338 3407 posse
2365 3322 2650 3402 consequi.
2675 3322 2815 3393 Etin
2835 3332 3050 3405 septem
3070 3320 3378 3386 collationﬁ-

1777 3410 1882 3475 bus
1910 3421 2124 3479 ultimis
2152 3422 2395 3476 Joannes
2422 3412 2727 3475 Cassianus
2754 3416 2963 3492 (col/at.
3002 3415 3094 3487 20,
3122 3428 3243 3491 Cap.
3273 3414 3372 3489 ὣς

1781 3528 1807 3563 α
1842 3511 1900 3564 Si
1942 3510 2279 3564 verecundia
2325 3508 2649 3563 retrahente
2704 3508 2953 3562 revelare
2994 3504 3224 3579 peccata
3274 3506 3379 3563 tua

1775 3614 1966 3652 coram
2004 3598 2325 3652 hominibus
2351 3598 2651 3664 erubescis,
2682 3597 2783 3660 illi,
2814 3613 2983 3668 quem
3031 3598 3211 3651 latere
3259 3614 3376 3653 non

1775 3693 2027 3756 possunt,
2054 3687 2308 3741 conﬁteri
2336 3704 2403 3740 ea
2412 3687 2536 3757 jugi
2564 3686 2973 3757 supplicatione
2992 3702 3106 3740 non
3127 3686 3370 3753 desinas,

1776 3776 1871 3846 qui
1900 3782 1957 3830 et
1976 3776 2187 3851 absque
2201 3775 2371 3833 ullius
2394 3774 2741 3831 verecundiae
2754 3773 3129 3844 publicatione
3148 3790 3366 3841 curare,

1774 3872 1831 3918 et
1858 3865 1981 3918 sine
2008 3863 2348 3935 improperio
2371 3868 2600 3934 peccata
2626 3862 2837 3915 donare
2871 3862 3159 3915 consuevit
3200 3862 3373 3916 Maxi-

1774 3970 1900 4007 mus
1926 3954 1983 4007 in
2021 3970 2279 4007 sermone
2301 3951 2551 4023 paschali
2588 3951 2724 4004 dicit
2739 3949 2821 4021 (⁸³)
2856 3967 2869 4001 :
2906 3949 3189 4003 «Invenio
3218 3949 3372 4020 quod

1777 4045 1975 4097 Petrus
2004 4040 2235 4107 fleverit,
2267 4059 2380 4096 non
2408 4040 2629 4095 invenio
2659 4040 2792 4111 quid
2818 4038 3024 4093 dixerit
3050 4057 3063 4092 :
3088 4039 3371 4110 lacrymas

1777 4135 1899 4203 ejus
1925 4135 2068 4202 lego,
2098 4131 2534 4187 satisfactionem
2558 4145 2670 4187 non
2699 4130 2822 4203 lego
2852 4128 2982 4201 (68).
3019 4148 3042 4181 ι
3079 4127 3151 4183 Et
3176 4127 3372 4198 lingua

1776 4223 2018 4291 Spiritus
2045 4221 2223 4279 sancti
2252 4222 2399 4277 Leo:
2444 4242 2465 4268 α
2500 4218 2787 4289 Lacrymis
2835 4217 3058 4271 lavatur
3101 4217 3371 4271 delictum

1776 4311 1922 4380 quod
1955 4326 2082 4364 voce
2129 4309 2311 4380 pudor
2346 4312 2432 4361 est
2478 4307 2749 4362 conﬁteri.
2793 4306 3108 4361 Misericors
3159 4306 3371 4360 etenim

1709 4408 1756 4465 D
1774 4400 2062 4459 Dominus,
2079 4404 2135 4452 et
2144 4398 2354 4469 absque
2367 4399 2481 4452 ulla
2493 4396 2840 4451 confessione
2850 4396 3097 4467 respexit
3110 4395 3366 4464 Petrum,

1775 4494 1831 4541 et
1851 4488 2085 4541 indulsit
2112 4488 2162 4541 ei
2188 4488 2353 4540 trinae
2374 4486 2692 4557 negationis
2721 4484 3046 4540 admissum.
3076 4502 3105 4539 ι

1831 4644 2129 4701 Sciendum
2150 4658 2280 4697 vero
2300 4642 2611 4697 minoribus
2636 4650 2993 4713 summbpere
3013 4643 3371 4702 «tuscanico

1772 4734 1943 4797 tibus,
1973 4739 2029 4787 et
2072 4732 2315 4785 maxime
2359 4731 2627 4801 praelatis.
2668 4737 2741 4786 ne
2787 4732 3011 4802 culpem
3052 4732 3261 4791 dictum
3310 4732 3372 4790 in

1769 4823 1984 4876 occulto
2022 4821 2125 4875 sub
2148 4820 2376 4879 nomine
2402 4819 2636 4873 alterius
2664 4819 2841 4889 culp.
2869 4818 3150 4874 vindicent
3176 4818 3237 4876 in
3268 4825 3369 4889 pili-

1769 4911 1931 4965 blioo.
1955 4911 2116 4964 Unde
2146 4909 2205 4963 in
2226 4909 2373 4962 linea
2402 4907 2672 4972 veritatis,
2700 4908 2885 4977 sigillo
2912 4907 3170 4964 videlicet
3196 4918 3369 4966 ovum-

1767 5001 1963 5071 gelico,
1988 5016 2114 5053 cum
2133 4998 2307 5052 Filius
2322 4997 2423 5051 Dei
2437 4996 2693 5051 dixisset:
2718 4996 2781 5051 Ut
2800 4998 2911 5064 ipsi
2925 4998 2991 5050 in
3012 4996 3167 5053 nobis
3186 5005 3370 5054 unum

1768 5093 1902 5149 sint,
1932 5092 2074 5143 sicut
2105 5093 2165 5141 tu
2194 5090 2356 5141 Pater
2375 5089 2551 5149 inme,
2577 5088 2626 5139 et
2649 5100 2741 5152 ego
2762 5087 2828 5138 in
2851 5089 2899 5139 te
2919 5085 3101 5151 (lacn.
3124 5096 3261 5147 ινα,
3276 5082 3367 5153 21)

1768 5194 1882 5233 non
1908 5178 2032 5232 sine
2059 5190 2266 5247 magno
2297 5175 2652 5230 sacramento
2681 5173 2860 5233 tacuit
2884 5180 3094 5228 nomen
3124 5172 3370 5244 Spiritus

1769 5268 1968 5333 sancti,
2001 5283 2127 5321 cum
2180 5266 2366 5331 Pater,
2417 5269 2475 5319 et
2513 5264 2707 5329 Filius,
2743 5268 2801 5317 et
2846 5261 3089 5334 Spiritus
3143 5265 3371 5318 suum

1779 5372 1953 5409 unum
1973 5355 2101 5408 sint.
2115 5354 2313 5408 Unitas
2332 5354 2483 5407 enim
2503 5352 2821 5406 conﬁtentis
2840 5352 2899 5405 in
2917 5350 3143 5405 tertiam
3168 5349 3372 5407 adduci

1777 5459 2074 5514 personam
2098 5454 2211 5496 non
2238 5441 2421 5508 debet,
2439 5457 2543 5495 nec
2560 5440 2665 5495 sub
2689 5440 2918 5496 numine
2933 5439 3166 5499 alterius
3193 5438 3370 5509 culpa

1795 5558 1896 5613 lib.
1955 5564 1991 5611 'x
2043 5550 2104 5612 in
2149 5558 2261 5613 ﬁne
2309 5552 2699 5612 commentarii
2741 5554 2812 5610 ad
2860 5564 2908 5612 δ.
2956 5550 3029 5613 22
3083 5554 3154 5609 de
3213 5558 3381 5625 nega-
