3892 6346
524 321 625 380 631

1509 325 1570 378 Β.
1615 323 2026 378 LANFRANCI
2067 320 2426 376 CANTUAR.
2469 321 2804 376 ARCHIEP.

3690 322 3794 381 63'2

516 451 631 506 ista
671 451 892 524 puritas
940 450 1221 518 infamari,
1261 451 1354 506 sed
1398 455 1610 504 secrete
1655 451 1867 522 Spiritu
1921 453 2316 510 sanctoAtate
2362 449 2578 518 praediti
2615 466 2736 502 esse
2782 447 3070 502 debemus.
3103 447 3262 501 Unde
3289 447 3592 517 aliquando
3612 446 3794 502 homi-

518 541 816 596 committi.

591 627 806 684 Omitto
837 628 907 681 de
944 628 1031 682 his
1061 645 1183 699 quae
1214 628 1466 682 confessa
1495 631 1647 692 sunt,
1682 630 1903 680 tantum
1943 626 2113 696 loqui,

522 734 651 772 cum
683 717 1046 787 Evangelium
1075 717 1143 770 de
1183 716 1268 770 his
1315 733 1438 786 quae
1485 716 1734 769 videmus
1765 721 1822 768 et
1870 715 2119 785 patimur

521 805 709 861 dicat:
752 806 816 861 Si
839 809 1136 873 peccaverit
1165 808 1227 858 in
1258 811 1305 857 te
1346 807 1526 870 frater
1561 810 1706 868 tuus,
1742 807 1955 870 corripe
1990 819 2117 856 eum

520 896 674 948 inter
705 899 750 946 te
784 899 830 947 et
861 896 1043 961 ipsum
1069 895 1249 944 solum
1296 892 1511 956 (Matth.
1561 905 1715 957 xvnl,
1746 891 1858 958 15).
1892 891 1972 943 De
2010 906 2121 959 qua

522 982 804 1036 sententia
831 982 893 1035 B.
923 980 1269 1050 Augustinus
1296 979 1375 1034 sic
1392 980 1451 1032 in
1481 978 1662 1032 verbis
1684 977 1956 1047 evangelii
1983 978 2120 1030 dicit

525 1071 728 1138 (Serm.
760 1070 827 1122 16
849 1071 912 1123 de
939 1065 1343 1128 verb.Domini.
1367 1085 1415 1121 c.
1443 1069 1494 1133 ὅ,
1529 1073 1667 1121 tom.
1700 1072 1752 1133 x)
1781 1084 1792 1119 :
1830 1086 1851 1116 ι
1891 1067 2121 1136 Corripe

517 1158 752 1212 fratrem
768 1163 929 1212 tuum
960 1157 1108 1210 inter
1124 1162 1182 1210 te
1212 1161 1269 1210 et
1293 1156 1478 1226 ipsum
1506 1155 1708 1218 solum,
1741 1155 1966 1207 intuens
1993 1155 2116 1223 [al.,

518 1244 846 1317 intendens]
875 1245 1226 1308 correctioni,
1258 1260 1490 1314 parcens
1525 1243 1755 1313 pudori;
1799 1243 1942 1296 forte
1969 1242 2118 1296 enim

517 1351 634 1406 prae
653 1333 988 1388 verecundia
1015 1333 1243 1404 incipiet
1269 1332 1567 1386 defendere
1588 1331 1808 1402 culpam
1831 1347 2011 1393 suam,
2034 1332 2120 1385 vel

519 1428 811 1495 peccatum
848 1438 1053 1488 suum;
1098 1427 1156 1474 et
1207 1420 1304 1491 qui
1343 1421 1426 1473 vis
1486 1421 1668 1474 facere
1716 1419 2118 1474 correctionem

517 1510 650 1584 [al.,
685 1527 852 1582 quem
881 1511 966 1564 vis
1004 1509 1186 1563 facere
1213 1509 1648 1577 correctiorem].
1677 1507 1814 1562 facis
1843 1509 2111 1577 pejorem.

518 1600 753 1670 Corripe
782 1615 916 1669 ergo
942 1598 1092 1652 inter
1123 1603 1179 1651 te
1208 1603 1266 1651 et
1291 1597 1475 1668 ipsum
1501 1597 1703 1654 solum.
1731 1617 1753 1643 η
1792 1595 1935 1650 Item
1965 1597 2115 1650 idem

516 1687 729 1755 (ibid.):
763 1706 786 1738 ι
809 1689 895 1741 Tu
923 1686 1030 1740 scis
1051 1687 1183 1757 quia
1211 1686 1473 1756 peccavit,
1499 1685 1631 1755 quia
1658 1685 1810 1739 enim
1837 1689 2114 1739 secretum

2200 553 2298 591 nes
2323 538 2741 607 reprehendunt
2755 555 2875 603 nos,
2905 537 3054 607 quia,
3087 536 3248 606 quasi
3273 553 3385 590 non
3409 537 3794 606 corripiamus,

2200 632 2299 680 aut
2348 631 2550 696 putant
2586 643 2688 679 nos
2739 626 2880 679 scire
2927 625 3076 695 quod
3116 625 3414 689 nescimus,
3457 631 3556 679 aut
3598 631 3799 695 putant

2200 732 2301 768 nos
2329 719 2514 768 tacere
2559 715 2708 784 quod
2745 715 2972 767 scimus.
3009 713 3116 766 Sed
3147 713 3290 766 forte
3323 714 3469 784 quod
3498 713 3636 768 dicis
3668 713 3792 786 [al.,

2201 804 2330 872 scis]
2363 809 2420 856 et
2447 819 2549 871 ego
2578 803 2719 868 scio;
2767 802 2866 855 sed
2906 817 3019 855 non
3061 817 3249 855 coram
3278 807 3334 855 te
3361 802 3620 871 corripio,
3668 803 3799 872 quia

2201 908 2400 944 curare
2429 891 2572 956 volo,
2621 907 2732 944 non
2779 906 3058 943 accusare.
3096 889 3241 943 Sunt
3271 891 3526 944 homines
3557 891 3799 944 adulteri

2199 979 2258 1033 in
2279 979 2536 1033 domibus
2554 979 2690 1042 suis,
2713 979 2772 1032 in
2793 984 3010 1033 secreto
3029 983 3290 1049 peccant;
3316 979 3618 1050 aliquando
3639 979 3799 1033 nobis

2202 1067 2519 1138 produntur
2547 1066 2616 1119 ab
2645 1067 2910 1120 uxoribus
2937 1067 3070 1131 suis,
3106 1067 3437 1138 plerumque
3465 1066 3798 1132 zelantibus,

2203 1156 2504 1226 aliquando
2522 1155 2854 1208 maritorum
2871 1155 3110 1208 salutem
3131 1155 3526 1224 quaerentibus.
3550 1157 3669 1210 Nos
3689 1173 3798 1210 non

2201 1245 2490 1314 prodimus
2519 1245 2725 1313 palam,
2753 1243 2851 1296 sed
2876 1243 2933 1295 in
2963 1249 3176 1296 secreto
3205 1245 3521 1313 arguimus;
3547 1243 3645 1297 ubi
3675 1261 3798 1298 con-

2200 1332 2367 1402 tingit
2388 1333 2618 1396 malum,
2643 1331 2720 1384 ibi
2751 1332 2962 1384 malum
2991 1332 3282 1385 moriatur.
3317 1334 3441 1386 Non
3465 1339 3659 1386 tamen
3693 1335 3798 1386 vul-

2201 1437 2308 1474 nus
2349 1421 2485 1473 illud
2512 1420 2868 1489 negligimus,
2902 1426 3033 1472 ante
3081 1421 3272 1474 omnia
3300 1421 3662 1474 ostendentes
3707 1421 3796 1474 ho-

2202 1509 2340 1562 mini
2369 1509 2426 1561 in
2451 1509 2551 1561 tali
2577 1514 2798 1578 peccato
2828 1509 3154 1574 constituto,
3189 1510 3550 1578 sauciamque
3578 1511 3793 1579 gerenti

2197 1596 2613 1662 conscientiam,
2627 1597 2765 1650 illud
2786 1597 2984 1650 vulnus
3006 1613 3127 1650 esse
3149 1599 3520 1672 mortiferum.
3541 1618 3564 1647 ι
3583 1599 3650 1651 Β.
3675 1599 3795 1651 Hie-

2198 1702 2467 1756 ronymus
2491 1685 2569 1738 sic
2597 1701 2766 1755 super
2795 1685 3121 1738 Matthazum
3166 1685 3300 1739 dicit
3323 1685 3406 1756 (in
3435 1703 3558 1756 cap.
3614 1685 3696 1751 18,
3741 1687 3795 1740 in

518 1775 631 1830 fuit
658 1775 880 1846 quando
919 1775 977 1828 in
1006 1780 1063 1828 te
1109 1774 1381 1846 peccavit;
1414 1778 1690 1827 secretum
1731 1790 1936 1844 quaere,
1988 1764 2178 1827 cumB
2202 1774 2404 1838 medio,
2438 1774 2509 1826 ad
2538 1773 2633 1826 illa
2681 1773 2848 1826 verba
2881 1793 2892 1825 :
2952 1774 3014 1827 Si
3045 1777 3344 1842 peccaverit
3378 1777 3440 1827 in
3489 1779 3554 1838 te,
3597 1780 3729 1840 etc.)
3781 1794 3791 1826 :

519 1863 752 1933 corrigis
776 1864 924 1934 quod
945 1863 1220 1935 peccavit:
1245 1879 1376 1916 nam
1407 1863 1455 1915 si
1473 1862 1624 1915 solus
1644 1861 1790 1915 nosti
1816 1862 1965 1930 quod
1993 1878 2120 1932 pec-

519 1951 668 2005 cavit
685 1951 744 2005 in
758 1956 833 2018 te,
858 1957 916 2006 et
940 1968 1069 2006 eum
1089 1951 1170 2004 vis
1190 1967 1377 2004 coram
1400 1950 1660 2004 omnibus
1677 1951 1978 2019 corrigere,
2005 1967 2119 2003 non

516 2056 580 2098 es
633 2045 933 2106 corrector,
966 2039 1063 2094 sed
1114 2039 1384 2110 proditor.
1433 2057 1460 2090 (ί
1510 2040 1651 2092 Item
1710 2037 1858 2091 idem
1913 2037 2111 2108 (bid.):

522 2148 550 2179 α
575 2129 706 2199 Ipsa
731 2128 1084 2199 corripienda
1110 2133 1244 2181 sunt
1262 2143 1450 2180 coram
1478 2125 1820 2191 hominibus,
1855 2143 1977 2196 quae
1998 2142 2120 2195 pec-

516 2221 721 2272 cantur
766 2232 956 2270 coram
1010 2214 1370 2280 hominibus;
1429 2214 1554 2284 ipsa
1597 2214 1952 2284 corripienda
1989 2219 2122 2267 sunt

515 2304 811 2367 secretius,
840 2321 962 2373 quae
984 2307 1288 2374 peccantur
1312 2303 1581 2356 secretius
1605 2320 1616 2353 :
1641 2301 1960 2355 distribuite
1983 2307 2119 2355 tem-

516 2408 677 2464 pora,
707 2398 766 2446 et
791 2391 1093 2445 concordat
1114 2391 1422 2462 Scriptura.
1457 2391 1548 2444 Sic
1577 2390 1795 2460 agimus
1819 2389 1946 2461 [at.,
1980 2407 2116 2460 aga-

516 2482 690 2551 mus],
714 2487 772 2535 et
790 2483 869 2534 sic
896 2482 1176 2551 agendum
1201 2486 1306 2545 est,
1329 2497 1441 2534 non
1473 2480 1652 2533 solum
1681 2479 1904 2548 quando
1933 2479 1990 2532 in
2015 2496 2115 2533 nos

511 2575 794 2642 peccatur,
828 2571 926 2623 sed
951 2570 1172 2639 quando
1204 2574 1467 2639 peccatur
1495 2567 1563 2621 ab
1594 2569 1802 2637 aliquo,
1850 2567 1930 2620 ita
1957 2573 2021 2621 ut
2047 2567 2117 2621 ab

516 2661 696 2713 altero
724 2658 1024 2712 nesciatur.
1058 2677 1080 2708 ι
1138 2657 1296 2725 (Ibid.
1325 2654 1401 2724 8.)
1433 2676 1461 2706 α
1493 2657 1556 2710 In
1601 2661 1816 2710 secreto
1847 2655 2113 2709 debemus

517 2747 818 2818 corripere,
852 2746 913 2800 in
945 2750 1159 2799 secreto
1189 2762 1446 2815 arguere,
1479 2761 1567 2808 ne,
1615 2745 1864 2798 volentes
1894 2744 2111 2813 publice

515 2850 774 2906 arguere,
787 2834 1091 2906 prodamus
1108 2833 1407 2887 hominem.
1427 2834 1543 2887 Nos
1562 2833 1819 2886 volumus
1831 2833 2111 2903 corripere

513 2929 575 2978 et
615 2923 930 2993 corrigere;
988 2922 1119 2993 quid
1149 2921 1195 2976 si
1234 2921 1498 2976 inimicus
1549 2921 1750 2990 quaerit.
1791 2921 2007 2987 audire,
2061 2927 2118 2996 et

515 3013 796 3083 corripere
817 3011 988 3083 [quod
1015 3009 1280 3082 puniat]?
1308 3010 1475 3064 Novit
1521 3009 1672 3063 enim
1719 3010 1907 3064 nescio
1947 3027 2116 3079 quem

2206 1883 2228 1912 ι
2264 1861 2662 1931 Corripiendus
2709 1866 2794 1914 est
2843 1861 3016 1915 frater
3059 1878 3331 1922 seorsum,
3387 1878 3478 1927 ne,
3529 1863 3577 1916 si
3627 1863 3796 1916 semel

2200 1951 2470 2020 pudorem
2510 1966 2574 2003 ac
2612 1950 3004 2003 verecundiam
3055 1950 3327 2016 amiserit,
3360 1959 3697 2022 permaneat
3741 1953 3796 2006 in

2200 2045 2448 2108 peccato.
2488 2058 2509 2088 ι

2273 2128 2337 2181 In
2367 2127 2453 2180 his
2482 2126 2617 2180 satis
2664 2127 2839 2197 liquet
2883 2126 3013 2196 quia
3064 2127 3112 2180 si
3141 2144 3265 2197 quae
3295 2127 3547 2182 videmus
3577 2134 3638 2183 et
3666 2130 3797 2201 pati-

2202 2232 2347 2279 mur,
2394 2216 2544 2268 salvo
2575 2215 2863 2268 Dominico
2895 2221 3191 2286 praecepto,
3224 2217 3446 2270 nonnisi
3494 2218 3650 2271 inter
3699 2235 3796 2272 nos

2203 2310 2261 2357 et
2289 2305 2492 2356 fratres
2515 2308 2736 2356 nostros
2758 2309 3047 2373 peccantes
3076 2310 3352 2358 secretum
3383 2305 3591 2360 habere
3612 2324 3799 2376 possu-

2200 2408 2345 2444 mus.
2381 2391 2458 2456 Si,
2504 2390 2782 2460 corrigere
2828 2392 3126 2457 voluerint,
3178 2393 3516 2447 omnimodis
3547 2396 3798 2449 confessa

2200 2480 2535 2549 detegimus,
2563 2485 2706 2533 teste
2737 2480 2948 2550 Spiritu
2987 2486 3200 2545 sancto,
3233 2482 3562 2536 Antichristi
3594 2491 3655 2538 et
3683 2501 3797 2554 pro-

2200 2567 2409 2620 ditores
2448 2567 2738 2620 habemur.
2784 2568 2862 2621 De
2916 2567 3116 2637 quibus
3158 2569 3308 2622 Felix
3361 2587 3506 2640 papa
3552 2572 3715 2641 (FEL.
3753 2572 3794 2636 1,

2195 2673 2281 2726 ep.
2323 2655 2368 2720 ι,
2390 2655 2446 2708 in
2473 2655 2655 2709 medio
2677 2667 2813 2708 tom.
2839 2671 2857 2709 Ι
2889 2657 3264 2710 Conciliorum
3291 2659 3556 2712 editionis
3577 2661 3794 2731 regiae):

2201 2764 2223 2794 ι
2253 2744 2612 2797 Proditorum
2643 2760 2744 2796 nec
2773 2761 2891 2806 vox,
2928 2761 3028 2797 nec
3053 2746 3334 2800 calumnia
3359 2747 3651 2804 audiatur.
3689 2770 3711 2800 ι

2273 2832 2432 2895 Quod
2461 2848 2590 2884 vero
2621 2847 2742 2901 qua:
2764 2833 3014 2886 confessa
3039 2840 3172 2886 sunt
3200 2835 3302 2888 sub
3327 2837 3555 2890 nomine
3567 2838 3796 2892 alterius

2199 2921 2374 2990 culpae
2404 2919 2692 2985 vindicari,
2711 2921 2794 2973 vel
2822 2927 3032 2974 secrete
3052 2923 3170 2974 visa
3189 2923 3375 2993 detegi
3405 2941 3517 2978 non
3537 2926 3794 2991 debeant,

2200 3010 2278 3063 sic
2297 3009 2432 3063 dicit
2462 3009 2821 3063 Innocentius
2851 3026 2996 3080 papa
3028 3027 3038 3059 2
3085 3030 3113 3062 α
3143 3012 3403 3065 Latentia
3430 3021 3665 3083 peccata
3692 3032 3796 3070 non

513 3101 856 3155 homicidam
884 3100 1195 3170 episcopus,
1247 3103 1305 3151 et
1353 3099 1495 3151 alius
1528 3114 1695 3152 nemo
1747 3098 1906 3151 illum
1942 3099 2109 3151 novit.
2131 3115 2175 3175 ο
2198 3099 2444 3152 habeant
2463 3097 2783 3162 vindictam,
2809 3104 2882 3162 et,
2908 3098 3520 3168 probationecessaute,
3540 3104 3796 3158 vindicta:

515 3189 634 3259 Ego
680 3188 900 3260 publice
954 3187 1256 3258 corripere,
1297 3193 1356 3240 at
1400 3193 1463 3240 tu
1520 3187 1722 3256 qumris
1763 3186 2107 3240 inscribere:

515 3293 747 3348 prorsus
771 3293 873 3330 nec
902 3276 1096 3346 prodo,
1119 3291 1222 3328 nec
1240 3275 1484 3344 negligo.
1518 3275 1773 3344 Corripio
1793 3275 1850 3327 in
1876 3281 2108 3341 secreto,

517 3380 666 3437 pono
691 3369 822 3418 ante
872 3364 1060 3419 oculos
1116 3363 1218 3417 Dei
1258 3363 1554 3432 judicium,
1600 3369 1784 3417 terreo
1823 3370 2114 3417 cruentam

518 3452 939 3519 conscientiam,
991 3451 1301 3522 persuadeo
1349 3451 1756 3522 paenitentiam.
1790 3451 1907 3505 Hac
1935 3452 2116 3505 chari-

2198 3187 2340 3240 ratio
2367 3187 2742 3256 conquiescat.
2771 3205 2796 3238 »
2812 3187 2875 3240 In
2894 3187 2978 3240 his
2994 3189 3253 3242 omnibus
3275 3191 3453 3260 liquet
3476 3193 3611 3262 quia
3626 3210 3797 3246 unum

2197 3292 2322 3328 cum
2355 3276 2569 3346 Sponso
2601 3291 2702 3328 suo
2733 3280 2912 3328 mater
2937 3282 3024 3328 est
3046 3277 3310 3343 Ecclesia,
3334 3285 3392 3332 et
3415 3280 3675 3335 membra
3703 3299 3799 3335 sua

2198 3380 2310 3417 non
2339 3363 2616 3429 divisioni,
2633 3363 2730 3416 sed
2753 3363 2957 3416 unitati
2978 3365 3127 3434 parit
3151 3366 3208 3418 in
3221 3366 3426 3421 saecula
3445 3369 3793 3423 saeculorum.

2198 3454 2398 3510 Amen.

1053 3748 1666 3880 DOMNI
1756 3750 2276 3878 LUCXE
2369 3752 3260 3882 DACHERII

1619 3996 2011 4042 BENEDICTINI
2042 3996 2411 4044 CONGREGAT.
2447 4001 2498 4045 S.
2534 4000 2728 4044 MAURI

644 4139 748 4199 AD
790 4138 855 4201 Β.
911 4141 1362 4202 LANFRANCI
1423 4142 2042 4204 CANTUARIENSIS
2087 4145 2687 4206 ARCHIEPISCOPI
2732 4144 3116 4208 LIBELLUM
3161 4146 3263 4207 DE
3316 4147 3684 4208 CELANDA

1487 4247 2026 4309 CONFESSIONE
2067 4249 2841 4312 ANIMADVERSIONES.

594 4537 784 4599 383
799 4533 857 4601 (ί)
884 4531 1016 4587 Tria
1034 4549 1139 4588 esse
1157 4538 1526 4588 sacramenta.
1547 4535 1911 4606 Perspicuum
1934 4543 2019 4592 est
2037 4554 2122 4592 sa-
2137 4545 2186 4602 D
2205 4541 2555 4611 praeparatio.
2589 4541 2720 4595 Ideo
2752 4541 2874 4612 subj
2885 4542 3110 4611 ungitur
3146 4559 3157 4594 :
3206 4544 3258 4596 Is
3301 4544 3400 4609 qui
3441 4537 3795 4594 abrenuntiat

523 4627 873 4677 cramentum
903 4621 1009 4676 hoc
1036 4623 1156 4676 loco
1184 4623 1290 4690 (uti
1335 4628 1392 4676 et
1439 4623 1714 4694 superius)
1751 4642 1851 4694 pro
1879 4643 1940 4679 re
1965 4644 2124 4681 sacra

523 4710 806 4780 usurpari,
836 4709 1062 4764 sublimi
1078 4711 1350 4776 videlicet,
1377 4727 1602 4774 arcana,
1635 4718 1692 4766 et
1719 4714 2039 4774 recondita;
2064 4715 2122 4768 id

524 4798 704 4854 Graeci
726 4802 988 4870 μυστήριον
1008 4801 1313 4871 appellant.
1328 4800 1416 4855 Sic
1433 4800 1859 4871 intelligendum
1879 4807 1960 4856 est
1981 4803 2121 4856 illud

521 4887 840 4959 Sapientiae,
859 4903 916 4954 Π,
936 4887 1010 4944 22
1027 4911 1039 4945 :
1057 4891 1381 4942 Ncscierunt
1401 4896 1748 4944 sacramenta
1764 4893 1863 4944 Dei
1873 4911 1889 4954 ;
1916 4892 2116 4959 Ephes.

523 4995 566 5048 1,
591 4977 645 5044 9,
675 4977 736 5030 Ut
766 4982 961 5030 notum
986 4979 1190 5045 faceret
1211 4979 1365 5031 nobis
1384 4984 1798 5032 sacramentum
1815 4981 2118 5032 voluntatis

521 5082 664 5129 suae;
696 5070 754 5119 et
789 5065 1046 5119 Collectae
1090 5065 1148 5119 in
1181 5066 1534 5120 solemnitate
1582 5067 2116 5136 Transﬁgurationis

517 5152 743 5207 Domini
777 5170 788 5206 :
827 5172 850 5202 ι
883 5153 1054 5220 Deus,
1085 5153 1180 5223 qui
1211 5153 1339 5206 fidei
1370 5160 1724 5207 sacramenta
1750 5155 1808 5207 in
1833 5155 2119 5222 Unigeniti

521 5241 606 5294 tui
638 5241 1134 5310 transﬁguratione
1155 5242 1388 5296 Patrum
1410 5242 1731 5296 testimonio
1756 5242 2054 5309 roborasti,
2090 5265 2116 5292 »ι

525 5334 632 5384 etc.

599 5418 666 5488 β)
689 5421 756 5473 In
785 5423 969 5488 ﬁgura
1009 5422 1286 5489 baptismi,
1318 5420 1425 5474 hoc
1473 5425 1576 5482 est,
1628 5419 1686 5472 in
1733 5420 1963 5473 Joannis
1991 5420 2123 5491 bap-

524 5505 774 5573 tismate,
803 5509 952 5578 quod
981 5509 1183 5564 umbra
1224 5510 1331 5564 fuit
1367 5515 1423 5563 et
1473 5509 1654 5579 ﬁgura
1680 5507 1942 5578 baptismi
1968 5526 2122 5564 novae

524 5593 664 5662 legis
689 5613 702 5660 ;
725 5595 864 5652 illud
913 5597 1065 5652 enim
1119 5598 1464 5670 poenitentiae
1499 5601 1641 5662 erat,
1674 5602 1732 5651 et
1759 5597 1828 5651 ad
1875 5599 2117 5668 gratiam

2203 4645 2305 4698 per
2332 4630 2737 4699 paenitentiam,
2791 4636 2847 4684 et
2891 4631 3068 4684 credit
3093 4646 3192 4700 per
3229 4630 3396 4683 ﬁdem
3423 4649 3435 4696 ;
3471 4630 3679 4700 quippe
3708 4628 3794 4697 qui

2204 4717 2575 4771 initiabantur
2594 4717 2868 4787 baptismo
2899 4719 3148 4783 Joannis,
3184 4723 3412 4788 peccata
3444 4735 3550 4771 sua
3579 4717 3796 4772 conﬁte-

2201 4805 2425 4869 bantur,
2445 4807 2623 4876 iisque
2645 4807 3140 4870 abrenuntiabant,
3157 4813 3214 4860 et
3233 4807 3290 4860 in
3310 4807 3596 4860 Christum
3619 4805 3798 4859 crede-

2202 4893 2338 4947 bant
2357 4903 2649 4948 venturum
2668 4940 2679 4951 .
2714 4896 2793 4948 De
2820 4912 3064 4949 consecr.
3095 4895 3224 4948 dist.
3245 4900 3300 4960 4,
3317 4912 3366 4948 c.
3391 4895 3500 4950 135
3518 4914 3530 4960 ;
3551 4892 3790 4948 Durand.

2201 4983 2270 5036 de
2303 4985 2359 5037 S.
2393 4984 2652 5037 Portiano
2682 4984 2740 5036 in
2768 4985 2797 5036 ἦ
2830 4985 3008 5050 Sent.,
3059 4984 3189 5037 dist.
3221 4985 3272 5050 3,
3317 5000 3371 5053 (ι.
3405 4985 3437 5037 3
3468 5003 3485 5048 ;
3520 4984 3653 5038 Soto
3682 4983 3736 5035 in
3771 4980 3790 5034 ’1

2201 5071 2354 5134 Sent,
2388 5071 2500 5124 dist
2542 5071 2596 5135 2,
2629 5078 2736 5125 art.
2769 5071 2821 5127 ‘2.

2271 5158 2333 5227 (³)
2370 5159 2523 5212 Sicut
2554 5162 2600 5211 is
2631 5162 2728 5226 qui
2765 5161 3100 5227 baptizatur.
3141 5159 3350 5213 Christi
3379 5159 3634 5214 videlicet
3666 5159 3793 5226 bap-

2202 5247 2368 5300 tismo
2393 5253 2618 5316 peccata
2648 5248 3020 5310 condonante,
3046 5247 3286 5316 gratiam
3317 5253 3373 5300 et
3395 5249 3630 5301 virtutes
3651 5249 3794 5301 theo-

2203 5336 2408 5405 logicas
2458 5335 2797 5396 conferente,
2833 5342 2914 5401 ut,
2960 5353 3107 5404 aqua
3137 5336 3451 5389 Christiana
3493 5337 3674 5403 tincti,
3710 5336 3793 5388 Su-

2203 5431 2349 5477 tanm
2381 5424 2588 5476 mundo
2619 5429 2676 5476 et
2701 5425 2918 5494 pompis
2947 5426 3070 5494 ejus
3100 5424 3516 5478 abrenuntient.
3545 5426 3631 5480 Ita
3659 5437 3793 5477 com-

2204 5512 2452 5566 muniter
2478 5512 2752 5581 theologi.

2273 5600 2341 5670 (⁴)
2371 5602 2511 5668 Quia
2552 5603 2650 5668 qui
2673 5601 2933 5669 baptizat,
2965 5602 3028 5656 in
3057 5603 3392 5671 baptismate,
3432 5603 3544 5670 ipse
3567 5602 3789 5655 auditur
