3892 6354
116 352 223 414 633

849 357 987 430 LIB,
1028 360 1122 416 DE
1160 359 1501 418 CELANDA
1537 356 1877 418 CONFESS,
1920 385 1983 396 —
2022 350 2371 411 DACHERII
2409 353 2643 409 NOTIE.

3274 348 3380 407 634

113 484 183 535 in
205 485 588 551 paenitentiam
606 485 791 539 dante.
822 484 1077 539 Christus
1104 485 1377 540 Dominus
1403 485 1492 538 hic
1513 482 1702 538 innui-
1722 484 1773 541 A
1789 496 1914 535 usu.
1950 497 1978 533 ›)
1992 479 2113 544 Illa,
2135 485 2192 533 et
2207 495 2331 550 quae
2355 478 2611 550 sequitur
2629 477 2929 546 sententia,
2943 474 3382 547 quadrupliciter

113 573 230 637 tur,
260 572 539 643 siquidem
563 573 702 644 ipse,
729 577 794 627 ut
820 589 992 627 causa
1010 573 1355 644 principalis,
1378 578 1436 628 et
1462 571 1711 643 baptizat

117 662 175 712 et
197 659 440 714 absolvit
462 678 497 715 a
526 661 766 731 peccatis
794 661 1106 715 ministerio
1125 662 1447 716 sacerdotis.

190 749 246 815 (⁵)
279 750 417 803 Cum
452 752 603 802 enim
636 751 896 816 confessio
935 753 1178 817 ﬁguram
1209 752 1469 818 baptismi
1508 754 1704 803 teneat.

115 834 219 890 Est
236 852 481 907 namque
498 837 673 891 veluti
684 838 962 891 secundus
983 836 1310 908 baptismus,
1332 842 1389 891 et
1414 856 1437 888 ι
1463 836 1709 890 secunda

110 928 242 993 post
276 924 634 995 naufragium
682 924 895 991 tabula,
936 941 1066 979 cum
1117 924 1452 996 peccaveris,
1501 923 1707 978 erube-

111 1026 290 1077 scere,
307 1012 495 1083 inquit
515 1013 580 1066 B.
606 1012 1003 1084 Hieronymus,
1031 1014 1070 1066 ι.
1098 1030 1154 1079 v,
1184 1013 1242 1067 in
1258 1030 1380 1084 cap.
1418 1011 1486 1069 16
1508 1013 1702 1067 Ezech.

108 1098 238 1154 sub.
268 1101 421 1154 med.
453 1100 939 1165 Quemadmodum
959 1102 1109 1155 enim
1128 1101 1188 1156 in
1206 1101 1483 1172 baptismo
1510 1117 1708 1172 pecca-

108 1191 238 1241 tum
258 1189 534 1259 originale
561 1196 619 1244 et
645 1191 862 1244 actuale
887 1190 1154 1257 abluitur,
1173 1190 1253 1245 sic
1280 1191 1338 1244 in
1366 1189 1708 1262 pmnitentiee

108 1283 466 1331 sacramento
511 1278 774 1332 universa
820 1279 1062 1333 actualia
1110 1284 1339 1349 peccata
1395 1280 1705 1333 solvuntur.

108 1364 323 1419 Verum
352 1366 682 1436 poenitentia
706 1366 1089 1420 omnimodam
1111 1365 1373 1437 baptismi
1394 1366 1547 1420 haud
1568 1382 1709 1436 qua-

109 1468 286 1523 quam
310 1470 427 1524 prae
451 1470 512 1508 se
535 1454 645 1508 fert
674 1455 932 1524 ﬁguram,
964 1460 1030 1508 ut
1050 1454 1292 1525 probant
1311 1455 1366 1508 S.
1392 1454 1710 1508 Thomasin

107 1537 143 1594 4
173 1544 347 1607 sent.,
380 1541 513 1595 dist.
535 1541 624 1606 17,
652 1557 703 1596 a.
734 1540 788 1607 3,
817 1541 888 1594 ad
907 1539 1264 1609 2Dominic.;
1301 1542 1706 1596 Sotoin4dist.

107 1626 200 1693 18,
239 1644 295 1699 q.
333 1627 388 1694 4,
422 1634 530 1682 art.
552 1631 606 1684 1.
637 1629 706 1682 Et
729 1628 825 1682 alii
858 1629 1085 1699 passim.

184 1716 243 1787 (⁸)
275 1719 351 1772 De
377 1721 618 1773 crimine
645 1724 803 1787 rogat
835 1723 1011 1773 teneri
1038 1723 1102 1774 in
1132 1721 1484 1787 confessione.
1522 1720 1585 1774 Id
1625 1724 1711 1773 est

1789 573 1976 640 potest
1993 568 2248 638 intelligi.
2264 568 2452 623 Primo
2472 568 2698 639 quidem
2719 567 2937 622 occulta
2963 564 3098 620 dicit
3114 563 3382 619 Lanfran-

1719 671 1723 675 '
1789 674 1889 712 cus
1935 657 2251 712 conﬁtenda
2278 657 2433 710 omni
2478 656 2594 710 viro
2637 653 3175 721 ecclesiastico,«seu
3212 651 3383 706 etiam

1790 746 1932 801 laico
1984 745 2155 813 fideli,
2201 745 2273 799 ad
2320 745 2424 798 hoc
2468 750 2533 799 ut
2579 745 2851 799 confitens
2877 742 3192 797 instruatur
3213 754 3385 810 quam

1786 839 1980 907 gravia
1993 838 2263 893 nimirum
2279 838 2392 893 sint
2410 854 2445 892 a
2467 854 2527 893 se
2545 838 2845 893 commissa
2864 840 3110 908 peccata,
3125 848 3383 906 quaenam

1788 944 1824 982 a
1849 928 2164 984 divinorum
2197 933 2426 983 arceant
2438 929 2868 1001 participatione
2878 929 3379 991 sacramentorum,

1789 1022 1847 1072 et
1870 1017 2105 1089 posthac
2144 1017 2422 1089 quomodo
2450 1034 2575 1072 sese
2603 1034 2638 1071 a
2665 1017 2782 1071 suis
2810 1015 3029 1070 delictis
3057 1019 3377 1084 temperare

1788 1105 2006 1159 debeat.
2038 1107 2103 1159 Et
2132 1106 2185 1159 id
2222 1122 2289 1159 ex
2333 1110 2523 1160 mente
2548 1110 2870 1159 sanctorum
2899 1103 3153 1158 Patrum.
3183 1101 3242 1155 S.
3274 1101 3383 1155 Be-

1789 1193 2047 1249 nedictus
2073 1194 2279 1264 regulae
2308 1210 2358 1248 c.
2391 1195 2421 1248 7
2454 1193 2874 1248 dehumilitate
2903 1210 2915 1246 :
2944 1211 2967 1244 ι
3010 1191 3252 1255 Quintus
3281 1189 3385 1242 hu-

1790 1281 2045 1336 militatis
2073 1283 2283 1352 gradus
2328 1288 2434 1345 est,
2478 1283 2527 1336 si
2573 1298 2768 1336 omnes
2807 1280 3176 1351 cogitationes
3204 1277 3383 1331 malas

1790 1370 1943 1423 cordi
1973 1387 2074 1425 suo
2103 1371 2482 1437 advenientes,
2519 1371 2602 1423 vel
2634 1370 2784 1424 mala
2809 1386 2842 1423 a
2873 1385 2935 1423 se
2959 1367 3383 1422 absconsecom-

1791 1457 1980 1521 missa,
2015 1474 2116 1528 per
2145 1457 2414 1512 humilem
2453 1457 2859 1512 confessionem
2888 1455 3076 1510 abbati
3098 1470 3211 1508 non
3241 1453 3383 1506 cela-

1790 1546 1935 1599 verit
1951 1562 2072 1601 suo.
2120 1566 2142 1595 ι
2168 1546 2302 1609 Quae
2323 1561 2458 1600 sane
2477 1546 2802 1600 directionis
2827 1543 3013 1615 gratia
3037 1540 3243 1613 aperiri
3265 1540 3386 1595 vult

1792 1634 2149 1689 beatissimus
2189 1636 2375 1699 Pater,
2408 1651 2538 1689 nam
2580 1635 2640 1689 in
2680 1634 3028 1689 confessione
3063 1645 3382 1685 sacramen-

1792 1723 1892 1777 tali
1936 1739 2049 1777 non
2095 1723 2275 1776 solum
2303 1723 2538 1788 occulta,
2589 1723 2688 1777 sed
2734 1727 2791 1777 et
2837 1726 3035 1792 aperta
3084 1716 3387 1773 revelanda

101 1805 201 1875 (ut
233 1808 380 1876 reor)
409 1811 640 1878 peccata
661 1808 1019 1861 conﬁtentem
1058 1809 1290 1878 posthac
1319 1808 1532 1862 eisdem
1554 1789 1943 1879 optatBsunt.
1994 1812 2209 1866 Docent
2246 1812 2364 1866 haec
2406 1811 2577 1866 etiam
2633 1816 2859 1865 sanctus
2876 1789 3139 1865 _Basilius
3176 1805 3385 1876 regula:

105 1895 317 1962 teneri,
349 1895 563 1950 scilicet
594 1912 694 1966 pro
738 1895 911 1966 impio
956 1895 1171 1962 haberi,
1216 1912 1281 1950 ac
1321 1897 1381 1949 in
1423 1912 1707 1949 summum

105 1983 238 2036 vitae
276 1983 583 2036 discrimen
620 1983 845 2040 adduci.
885 1984 1012 2037 Non
1052 1999 1211 2037 secus
1256 1983 1406 2036 enim
1435 1999 1500 2037 ac
1535 1984 1709 2038 Judas

105 2071 287 2125 osculi
317 2071 481 2140 signo
511 2071 695 2125 effecit
734 2076 799 2125 ut
840 2071 899 2124 in
937 2071 1227 2126 Christum
1269 2089 1470 2125 manus
1510 2072 1707 2142 injice-

106 2164 238 2213 rent
250 2159 454 2226 Judaei,
472 2164 642 2229 atque
663 2159 803 2213 adeo
820 2160 988 2213 morti
1008 2160 1299 2214 traderent
1320 2178 1331 2213 :
1355 2160 1437 2213 ita
1453 2161 1711 2215 sacerdos

105 2246 407 2317 paenitenti
475 2247 633 2317 quasi
695 2248 947 2301 osculum
1005 2247 1245 2312 exhibet,
1289 2248 1421 2302 dum
1483 2247 1713 2303 sinistra

106 2340 302 2390 mente
322 2334 431 2406 ipsi
450 2336 510 2389 in
538 2335 884 2390 confessione
908 2341 1207 2407 paternum
1241 2337 1522 2402 affectum,
1546 2336 1713 2391 bene-

106 2424 438 2491 volentiam,
483 2440 656 2494 seque
703 2424 975 2494 singulari
1024 2425 1144 2494 ejus
1192 2425 1390 2478 salutis
1436 2425 1711 2479 desiderio

107 2513 693 2584 flagrare,proﬁtetur,
711 2513 795 2567 uti
805 2513 876 2567 ab
892 2514 1086 2567 eodem
1106 2514 1411 2584 poenitente
1441 2515 1711 2583 majorem

107 2606 473 2672 peccatorum
500 2601 757 2655 notitiam
789 2601 966 2672 possit
994 2602 1212 2666 elicere,
1254 2608 1312 2656 et
1353 2603 1709 2673 postmodum

107 2706 193 2756 ea,
210 2706 339 2760 quae
359 2695 571 2744 aeterna
593 2689 867 2743 oblivione
896 2689 1206 2743 debuerant
1234 2689 1469 2757 obvolvi,
1488 2691 1710 2761 evulgat
1738 2692 1747 2701 ’

103 2780 164 2834 in
192 2780 507 2850 publicum,
540 2780 729 2850 sicque
768 2779 929 2833 illum
960 2780 1029 2832 ab
1054 2779 1181 2833 aliis
1211 2779 1453 2834 intendit
1484 2779 1708 2834 sceleris

106 2868 296 2938 argui,
338 2867 637 2940 opprobrio
685 2867 849 2935 afﬁci,
894 2883 960 2922 ac
997 2868 1228 2922 tandem
1269 2868 1466 2923 mortis
1508 2869 1711 2939 dignus

104 2956 373 3025 judicari.

184 3046 247 3116 (⁷)
286 3046 576 3101 Videamus
602 3046 802 3114 quibus
833 3050 966 3100 tunc
1001 3047 1371 3114 conﬁtendum
1403 3048 1494 3099 sit.
1539 3046 1714 3101 Notes

106 3134 281 3189 velim
298 3134 407 3188 hoc
420 3134 540 3188 loco
560 3150 673 3188 non
692 3134 822 3198 dici,
837 3133 1136 3188 videndum
1157 3135 1387 3204 quinam
1415 3140 1566 3200 tunc,
1580 3140 1717 3204 puta

110 3223 174 3278 in
207 3239 276 3278 eo
299 3238 435 3277 casu
467 3239 577 3293 quo
607 3223 868 3294 proprius
912 3223 1171 3277 sacerdos
1207 3223 1463 3293 infringit
1499 3223 1714 3277 confes-

108 3310 291 3365 sionis
317 3310 584 3380 sigillum,
604 3311 847 3365 habeant
874 3316 1209 3382 potestatem
1238 3312 1582 3377 absolvendi,
1612 3311 1713 3366 sed

108 3399 534 3465 tantummodo,
583 3402 783 3468 quibus
826 3406 959 3454 tunc
1008 3403 1378 3468 conﬁtendum
1419 3404 1510 3454 sit.
1554 3401 1713 3455 Unde

104 3487 355 3557 intelligi
398 3487 571 3541 datur
610 3487 696 3554 iis,
748 3504 888 3560 quos
932 3494 1126 3559 postea
1174 3489 1367 3553 refert,
1402 3489 1714 3560 detegenda

108 3576 393 3631 duntaxat
446 3575 647 3631 humili
693 3577 1039 3631 confessione
1090 3583 1336 3647 peccata,
1395 3583 1460 3632 ut
1516 3579 1713 3633 exinde

108 3663 520 3736 paenitentibus
547 3666 729 3735 magis
773 3666 1028 3720 contritis
1072 3667 1222 3720 Deus
1269 3666 1710 3722 misericordiam

109 3752 426 3824 impendat,
460 3758 631 3824 atque
656 3754 883 3809 interna
901 3754 1168 3821 subsidia,
1199 3753 1345 3808 vires
1374 3761 1432 3808 et
1459 3756 1708 3821 consilia,

111 3841 324 3913 quibus
350 3841 411 3895 in
435 3846 722 3912 posterum
742 3843 813 3897 ad
841 3844 1132 3898 meliorem
1155 3843 1374 3913 frugem
1400 3844 1585 3899 redire
1617 3862 1714 3898 va-

110 3929 385 3998 leant,mb
414 3930 786 3986 ecclesiastico
814 3932 953 3999 viro,
986 3949 1087 3988 seu
1118 3932 1288 3987 etiam
1318 3948 1352 3985 a
1379 3931 1519 3987 laico
1539 3934 1713 4005 probo

110 4016 636 4073 subministrentur.

185 4106 250 4176 (⁸)
281 4108 355 4162 Hi
381 4110 447 4161 in
461 4109 766 4176 primis,de
793 4112 992 4179 quibus
1020 4112 1531 4180 dicimus,cavendi
1557 4118 1710 4168 sunt.

116 4195 586 4266 Quandoquidem
638 4195 725 4265 in,
749 4198 1219 4268 consequentibus
1266 4215 1461 4254 omnes
1489 4200 1714 4254 ordines

115 4288 376 4338 recenset
414 4283 478 4337 B.
522 4283 893 4350 Lanfrancus,
926 4286 996 4339 de
1019 4287 1246 4358 proprio
1268 4288 1556 4342 sacerdote
1583 4289 1713 4343 inﬁ-

1789 1901 2058 1970 interrog.
2088 1898 2211 1955 2'29.
2234 1900 2507 1954 Concord.
2538 1900 2884 1970 regularum,
2908 1914 3028 1968 cap.
3058 1895 3122 1952 15
3151 1914 3163 1949 :
3194 1914 3216 1946 ι
3243 1895 3386 1948 Con-

1788 1988 1954 2043 fessio
1983 1994 2339 2060 peccatorum
2363 1990 2508 2043 hanc
2527 1988 2699 2042 habet
2716 1987 2991 2041 rationem
3013 1998 3183 2055 quam
3212 1981 3384 2036 habet

1792 2077 1993 2131 vulnus
2022 2077 2249 2147 aliquod
2274 2077 2545 2148 corporis,
2589 2077 2674 2130 vel
2717 2075 2903 2147 passio
2942 2089 3065 2145 quae
3093 2071 3382 2125 medicinae

1793 2167 2230 2221 demonstranda
2282 2172 2386 2220 est.
2440 2167 2597 2221 Sicut
2647 2181 2780 2236 ergo
2818 2180 2931 2219 non
2968 2161 3227 2218 omnibus
3257 2160 3383 2231 quis

1791 2255 1927 2308 vitia
1953 2256 2039 2309 vel
2071 2256 2302 2309 vulnera
2328 2255 2578 2326 corporis
2606 2254 2695 2309 sui
2723 2253 2952 2319 revelat,
2980 2267 3085 2307 nec
3113 2248 3383 2322 quibusli-

1793 2342 1905 2410 bet,
1934 2345 2032 2398 sed
2054 2345 2142 2398 his
2169 2344 2561 2398 tantummodo
2591 2343 2689 2414 qui
2719 2358 2955 2396 summae
2984 2340 3199 2412 peritiae
3225 2339 3382 2393 testi-

1794 2433 2046 2487 monium
2081 2432 2312 2497 habent,
2342 2438 2400 2486 et
2427 2449 2573 2486 cura;
2617 2438 2675 2486 et
2720 2429 2951 2484 medelas
2989 2426 3378 2499 disciplinam;

1793 2522 1875 2577 ita
1904 2527 1959 2575 et
1988 2521 2261 2575 confessio
2290 2527 2647 2592 peccatorum
2677 2520 2798 2574 ﬁeri
2828 2517 2978 2589 apud
3009 2533 3103 2571 eos
3131 2521 3384 2571 tantum-

1794 2611 1960 2664 modo
2013 2609 2198 2675 debet,
2233 2610 2329 2680 qui
2373 2626 2569 2664 curare
2620 2608 2737 2663 haec
2779 2607 3083 2678 praevalent
3109 2610 3168 2660 et
3191 2620 3384 2659 emen-

1791 2700 1946 2764 dare,
1983 2704 2087 2752 etc.
2124 2698 2181 2753 S.
2217 2697 2435 2764 lsidor.,
2466 2714 2515 2751 c.
2546 2697 2615 2753 13
2642 2697 2884 2767 regulae:
2923 2714 2946 2746 ε
2976 2694 3083 2759 Qui
3109 2698 3385 2748 nocturna

1788 2786 2049 2841 illusione
2080 2785 2372 2857 polluitur,
2407 2784 2693 2856 publicare
2720 2785 2826 2838 hoc
2854 2781 3010 2838 Patri
3055 2780 3385 2835 monasterii

1795 2892 1907 2929 non
1931 2880 2216 2941 moretur;
2253 2874 2539 2944 culpaeque
2564 2890 2678 2927 sum
2708 2872 2925 2926 meritis
2956 2869 3188 2935 tribuat,
3217 2873 3274 2922 et
3299 2885 3386 2922 oc-

1796 2963 1944 3018 culte
1988 2962 2373 3034 paenitentiam
2421 2967 2572 3031 agat,
2608 2979 2631 3011 »
2663 2967 2769 3015 etc.
2803 2961 2859 3014 S.
2888 2960 3248 3023 Fructuosus,
3292 2973 3384 3012 re-

1794 3052 1939 3123 gula:
1967 3068 2089 3123 cap.
2123 3049 2190 3107 13
2222 3068 2233 3104 :
2271 3068 2299 3103 α
2330 3051 2540 3104 Omnes
2565 3054 2723 3103 actus
2763 3048 2876 3102 sive
2899 3046 3253 3102 occasionum
3283 3062 3385 3099 ne-

1799 3140 2170 3196 cessitudines
2196 3155 2418 3209 semper
2445 3154 2670 3192 necesse
2695 3142 2780 3191 est
2814 3142 2880 3191 ut
2898 3135 3206 3190 monachus
3230 3134 3386 3188 Patri

1797 3234 2031 3296 reseret,
2050 3234 2108 3282 et
2135 3246 2199 3282 ex
2230 3228 2380 3282 illius
2402 3230 2700 3297 cognoscat
2712 3224 3047 3280 discretione
3067 3224 3154 3276 vel
3174 3221 3385 3294 judicio

1804 3318 1938 3388 quid
1972 3317 2248 3372 attendat.
2290 3315 2693 3386 Cogitationes,
2734 3313 3119 3379 revelationes,
3168 3311 3387 3366 illusio-

1796 3424 1896 3461 nes
1922 3413 1978 3460 et
2003 3406 2374 3475 negligentias
2402 3404 2659 3475 proprias
2693 3403 2901 3458 seniori
2928 3402 3116 3456 nullus
3141 3400 3382 3465 obcelet;

1797 3495 1894 3550 sed
1916 3512 2137 3565 semper
2164 3492 2554 3564 hujuscemodi
2580 3492 2717 3546 vitia
2752 3508 2879 3545 cum
2929 3490 3192 3561 lacrymis
3219 3495 3389 3560 atque

1794 3583 2224 3654 compunctione
2250 3582 2436 3636 cordis
2450 3588 2621 3652 atque
2647 3580 2966 3635 humilitate
2988 3579 3272 3634 verissime
3296 3578 3390 3633 ab-

1792 3670 1928 3736 bati,
1960 3671 2280 3742 praeposito,
2311 3670 2425 3725 sive
2456 3670 2701 3741 praelatis
2742 3668 3056 3723 senioribus
3093 3667 3392 3722 revelanda

1795 3766 1948 3823 sunt,
1999 3764 2057 3814 et
2101 3759 2504 3823 consolatione,
2542 3758 2816 3827 oratione,
2857 3757 3224 3827 castigatione
3274 3757 3389 3812 sive

1795 3848 1965 3902 etiam
2006 3848 2403 3903 exercitatione
2440 3847 2628 3902 idonei
2655 3845 2840 3916 operis
2866 3845 3210 3915 castiganda.
3261 3864 3284 3897 ι
3311 3845 3389 3899 Ex

1793 3938 1992 4008 regula
2014 3937 2306 4008 cujusdam
2336 3952 2456 4006 cap.
2487 3937 2542 3993 7.
2573 3935 2632 3988 in
2660 3950 2781 4005 cap.
2809 3933 2881 3987 15
2920 3931 3192 3987 Concord.
3221 3948 3389 4003 regu-

1794 4026 1978 4080 larum
2018 4044 2030 4080 :
2066 4044 2092 4078 α
2124 4025 2332 4094 Abbas,
2374 4024 2461 4078 vel
2506 4022 2856 4094 praepositus,
2906 4022 2994 4076 vel
3031 4020 3264 4092 quilibet
3306 4038 3391 4076 se-

1796 4113 2017 4169 niorum
2064 4115 2326 4179 fratrum,
2356 4112 2445 4168 cui
2477 4112 2547 4166 ab
2582 4111 2783 4165 abbate
2820 4110 3181 4165 commissum
3218 4109 3390 4166 fuerit

1794 4208 1860 4257 ut
1879 4203 2252 4258 confessiones
2281 4202 2534 4274 recipiat,
2568 4200 2804 4255 crimina
2824 4200 3043 4270 majora
3060 4199 3150 4253 vel
3171 4199 3390 4255 minora

1795 4292 2117 4347 nullatenus
2153 4290 2492 4358 manifestat,
2545 4290 2653 4344 nisi
2695 4289 2800 4344 soli
2847 4290 3001 4359 justo
3039 4288 3242 4360 judici,
3292 4290 3389 4360 qui

118 4371 249 4440 deli,
283 4372 393 4426 hoc
439 4375 527 4426 est
572 4379 801 4443 peccata
840 4374 1194 4430 subditarum
1239 4375 1348 4430 sibi
1399 4377 2052 4437 animarumDomnium
2093 4380 2482 4435 conﬁtentium
2507 4379 2745 4433 crimina
2785 4379 2953 4433 lavat.
2990 4398 3013 4430 ι
3044 4379 3225 4443 Quam
3253 4395 3389 4434 sane

119 4461 451 4532 propalante
479 4461 739 4532 superius
764 4462 939 4517 fuisse
963 4464 1234 4531 locutum,
1256 4467 1572 4521 necessario
1599 4468 1715 4521 col-

118 4548 410 4619 ligendum
455 4548 713 4615 videtur;
759 4552 1165 4623 consulereque
1193 4570 1264 4607 ne
1294 4555 1568 4625 ejusmodi
1595 4561 1713 4610 tra-

119 4638 310 4704 ditori,
338 4637 442 4692 Dei
470 4638 797 4700 Ecclesiam,
832 4656 955 4710 quae
977 4657 1090 4695 una
1129 4648 1216 4696 est
1239 4650 1296 4696 et
1314 4651 1486 4710 casta,
1510 4645 1717 4698 divide-

119 4742 182 4780 re
222 4732 398 4797 atque
436 4726 712 4781 infamare
761 4730 1006 4797 conanti,
1060 4731 1455 4786 conscientiam
1497 4734 1718 4804 aperiat

121 4816 216 4886 qui
240 4814 539 4870 consilium
572 4818 838 4887 postulat.

190 4905 250 4973 (θ)
274 4907 344 4959 In
372 4905 470 4959 hoc
495 4909 866 4972 cognoscimus
894 4909 1027 4974 quia
1058 4907 1119 4961 (te
1150 4911 1372 4962 occultis
1386 4913 1542 4963 omni
1561 4914 1717 4964 eccle-

121 4995 340 5048 siastico
370 4994 565 5047 ordini
593 4997 844 5061 conﬁteri
868 4996 1139 5049 debemus.
1165 4997 1283 5051 Hoc
1308 4997 1538 5052 verbum
1568 5000 1717 5053 debe-

122 5096 247 5136 mus
266 5097 383 5136 non
408 5097 629 5153 semper
654 5082 1044 5137 necessitatem
1071 5090 1171 5138 aut
1198 5091 1536 5156 praeceptum
1565 5087 1720 5157 inge-

123 5168 214 5236 rit,
259 5170 360 5224 sed
417 5170 715 5224 consilium
756 5171 1091 5242 quandoque
1119 5174 1391 5243 suggerit,
1437 5174 1519 5229 uti
1568 5175 1718 5230 inter

125 5256 442 5312 aliosdocet
461 5263 647 5324 334
665 5258 1109 5326 Sotoinltsent,
1143 5261 1277 5319 dist.
1328 5262 1406 5318 18.
1433 5280 1487 5333 q.
1517 5264 1570 5329 Δ,
1604 5269 1712 5318 art.

122 5343 180 5410 1,
221 5346 282 5402 in
335 5347 468 5412 ﬁne,
520 5362 692 5416 agens
735 5348 804 5402 de
847 5348 1194 5403 confessione
1223 5351 1365 5405 laico
1413 5352 1711 5406 facienda:

129 5449 157 5484 α
193 5434 441 5489 Verbum
472 5434 657 5501 debet,
690 5436 772 5490 ait
796 5436 911 5501 ille,
946 5454 1058 5491 non
1082 5447 1247 5492 sonat
1269 5445 1628 5511 praeceptum,
1653 5445 1718 5495 ut

126 5523 380 5577 nonnulli
400 5539 465 5578 ex
484 5524 805 5579 Summistis
837 5523 1207 5592 arbitrantur,
1252 5527 1352 5581 sed
1381 5528 1716 5597 decentiam,

131 5622 249 5679 qua
303 5614 559 5680 tempore
605 5612 784 5666 sancti
831 5612 1058 5668 Thomm
1101 5613 1452 5686 frequentior
1496 5621 1620 5673 erat
1662 5616 1721 5671 in

1798 4468 2109 4522 doctrinam
2132 4472 2380 4521 mentem
2400 4469 2623 4539 assequi
2644 4467 3035 4532 auctoris,non
3055 4467 3137 4523 ita
3157 4467 3391 4523 obscure

1796 4557 2052 4627 superior
2089 4556 2324 4627 mystica
2349 4557 2610 4611 ordinum
2628 4556 3041 4628 interpretatio,
3075 4574 3141 4611 ex
3170 4556 3390 4612 Veteris

1794 4645 2140 4700 Tcstamenti
2169 4645 2354 4699 allatis
2378 4646 2664 4715 exemplis,
2695 4647 3066 4702 demonstrat.

1867 4733 1926 4791 2.
1957 4734 2067 4786 Per
2084 4733 2303 4786 occulta
2329 4740 2557 4804 peccata
2604 4735 2860 4800 venialia,
2900 4752 3001 4805 per
3038 4740 3251 4806 aperta,
3286 4735 3392 4791 hoc

1798 4827 1883 4876 est
1909 4827 2101 4891 aperte
2132 4822 2299 4884 mala,
2352 4822 2584 4875 lethalia
2615 4828 2852 4892 possunt
2890 4823 3152 4892 intelligi.
3187 4824 3277 4877 Sic
3300 4823 3385 4877 in-

1798 4915 2076 4982 terpretor
2105 4911 2162 4965 S.
2195 4910 2357 4964 Bedae
2394 4910 2596 4975 locum,
2632 4909 2687 4963 in
2716 4928 2764 4964 c.
2801 4911 2832 4965 5
2870 4911 3029 4981 Epist
3078 4913 3140 4966 Β.
3176 4911 3388 4978 Jacobi,

1799 4999 1866 5053 ad
1885 5000 1997 5054 haec
2009 4998 2177 5053 verba
2199 5018 2210 5053 :
2235 4999 2520 5066 Gonﬁtemi
2523 5000 2587 5051 ni
2598 5000 2941 5052 alterutrum
2951 5004 3170 5067 peccata
3189 5005 3392 5067 vestra;

1799 5089 1935 5143 dicit
1965 5107 2020 5140 τι
2054 5089 2118 5143 In
2147 5089 2251 5141 hac
2278 5092 2466 5141 autem
2501 5087 2782 5142 sententia
2810 5088 2907 5142 illa
2944 5087 3111 5143 debet
3147 5105 3269 5142 esse
3312 5090 3395 5143 di-

1799 5178 2002 5232 scretio
2033 5183 2094 5231 ut
2122 5177 2450 5248 quotidiana
2487 5177 2742 5248 levisque
2786 5184 3013 5248 peccata
3054 5178 3393 5232 alterutrum

1798 5265 2170 5336 coaequalibus
2190 5267 2584 5337 ponﬁteamur,
2601 5282 2907 5337 eorumque
2937 5266 3263 5336 quotidiana
3281 5283 3397 5320 cre-

1799 5354 1997 5408 damus
2028 5354 2281 5408 oratione
2319 5355 2545 5409 salvari.
2577 5355 2752 5409 Porro
2780 5354 3054 5425 gravioris
3088 5355 3257 5425 lepra:
3284 5355 3394 5409 im-

1801 5442 2136 5496 munditiam
2163 5444 2325 5512 juxta
2352 5443 2532 5513 legem
2564 5443 2839 5497 sacerdoti
2870 5443 3206 5513 pendamus,
3227 5449 3397 5514 atque

1802 5529 1870 5583 ad
1893 5531 2014 5599 ejus
2043 5530 2363 5596 arbitrium,
2393 5531 2636 5601 qualiter
2665 5537 2723 5585 et
2749 5536 2960 5602 quanto
2993 5536 3248 5602 tempore
3278 5534 3401 5603 jus-

1803 5618 1960 5685 serit,
1983 5619 2282 5688 puriticare
2318 5636 2598 5675 curemus.
2627 5636 2656 5674 θ
2677 5620 2881 5675 Vener.
2911 5620 3076 5675 Bede
3105 5622 3399 5677 sententiae
