3892 6354
562 333 671 393 επ
1549 343 1614 397 Β.
1654 343 2069 398 LANFIIANCI
2106 341 2468 401 GANTUAB.
2507 345 2842 401 ARCHIEP.
3698 341 3783 401 636

566 461 843 516 calculum
875 464 1086 534 adjicit.
1123 466 1345 536 Suppar
1372 467 1434 520 Β.
1471 469 1783 532 Lanfranco
1817 471 2030 533 auctor,
2056 467 2225 527 Ra-A
2241 468 2516 524 fulcienda
2544 467 3064 537 corroborandaque'
3088 466 3532 522 auctoritatibus.
3557 466 3785 523 Liberi):

568 550 814 620 dulpbus
842 552 1081 618 Ardeas,
1137 556 1403 609 concione
1451 556 1509 609 in
1552 556 1750 609 litania
1788 558 2002 625 majore
2035 561 2160 625 post
2239 572 2372 613 vera
2400 564 2457 613 et
2483 559 2624 615 falsa
2649 557 2905 611 doctrina
2952 556 3198 618 (nomine
3228 556 3289 619 Β.
3321 555 3615 625 Augustini
3639 573 3670 611 a
3699 557 3787 626 pls-

569 637 795 692 initium
847 660 859 693 :
898 659 925 697 α
979 640 1083 695 Oui
1130 643 1253 697 fieri
1307 643 1473 697 debet
1519 644 1826 697 confessio?
1874 644 2159 697 Confessio
2241 649 2429 718 risque
2457 648 2707 711 citatus),
2732 662 2779 697 c.
2816 643 2901 710 10,
2934 644 2992 698 in
3018 644 3476 714 appendicetom.
3509 644 3788 714 lVoperum

568 726 947 783 criminalium
977 730 1142 784 debet
1165 732 1286 785 ﬂeri
1304 732 1601 796 sacerdoti,-
1623 735 1680 785 et
1698 731 2047 795 nominatim,
2063 731 2161 801 qui
2242 737 2496 806 ejusdem
2523 734 2843 804 Augustini,
2883 734 2999 787 hac
3026 732 3349 803 suppeditat
3372 747 3383 783 :
3421 752 3444 785 ι
3485 732 3790 789 Verecundia

573 814 728 870 solus
780 816 989 875 habeat
1029 824 1364 888 potestatem
1412 821 1622 890 ligandi
1662 819 1831 891 atljue
1884 821 2153 887 solvendi,
2242 840 2450 895 magna
2473 829 2559 877 est
2588 839 2787 893 pinna;
2820 822 2914 892 qui
2944 820 3225 876 erubescit
3246 837 3349 890 pro
3379 820 3595 875 Christo
3622 820 3791 890 dignus

572 901 718 959 sicut
746 909 802 961 et
842 905 1009 975 leprte
1040 907 1316 975 judicium
1364 908 1497 964 solis
1540 909 1922 966 sacerdotibus
1950 910 2009 965 in
2037 910 2160 979 lege
2243 916 2326 967 est
2346 912 2641 967 venia.»Et
2653 916 2779 979 post
2794 925 3033 979 pauoazx
3052 908 3235 962 Tanta
3248 908 3794 977 itaquevisconfessio-

571 996 694 1047 erat
709 993 1088 1053 commissum.
1114 996 1539 1053 (Ionfessiovero
1556 998 1876 1059 venialium,
1900 998 2158 1054 alterutri
2242 1002 2329 1055 nis
2365 1007 2454 1054 est
2497 1004 2559 1053 ut
2601 999 2647 1051 si
2690 999 2850 1052 deest
2885 997 3164 1055 sacerdos,
3191 997 3527 1050 conﬁteatur
3552 996 3791 1067 proximo.

571 1085 626 1132 et
675 1080 921 1148 cuilibet,
975 1082 1146 1141 etiam
1202 1084 1406 1140 minori
1442 1091 1628 1156 potest
1668 1087 1790 1140 ﬁeri
1826 1104 1836 1138 :
1890 1086 2155 1156 quoniam
2244 1091 2402 1160 Sapo
2448 1088 2597 1142 enim
2643 1086 2919 1155 contingit
2970 1086 3119 1156 quod
3164 1085 3443 1155 pauitans
3492 1098 3599 1138 non
3642 1088 3795 1155 potest

567 1173 796 1237 propter
823 1170 1060 1227 venialia
1107 1188 1220 1229 non
1266 1179 1563 1242 separatur
1601 1175 1768 1229 homo
1806 1191 1841 1228 a
1872 1176 2006 1239 Deo,
2048 1175 2157 1229 nisi
2242 1177 2495 1232 conﬁteri
2524 1192 2714 1230 coram
2764 1175 3071 1231 sacerdote.
3123 1189 3291 1244 quem
3338 1172 3667 1233 desideranti
3708 1188 3792 1226 nec

568 1268 669 1325 per
697 1257 969 1316 incuriam
1003 1278 1015 1312 :
1048 1260 1195 1314 sicut
1240 1278 1342 1316 nec
1381 1279 1482 1331 per
1511 1262 1773 1329 scabiem,
1806 1263 1891 1316 vel
1922 1280 2022 1332 per
2048 1263 2158 1316 im-
2243 1268 2395 1319 locus
2424 1282 2527 1318 nec
2554 1269 2777 1333 tempus
2815 1263 2995 1315 offert.
3036 1262 3106 1315 Et
3147 1261 3193 1315 si
3240 1261 3338 1314 ille
3367 1261 3456 1313 cui
3482 1259 3795 1315 confitebitur

570 1344 894 1413 petiginem.
927 1347 1131 1416 aliquis
1152 1348 1210 1403 in
1230 1349 1352 1417 lege
1375 1350 1743 1419 separabatur
1767 1367 1799 1403 a
1825 1350 2039 1403 castris.
2073 1350 2162 1403 Fit
2242 1359 2577 1425 potestatem
2619 1350 2869 1405 solvendi
2919 1366 3031 1403 non
3083 1349 3272 1410 habet,
3306 1350 3372 1403 ﬁt
3407 1355 3592 1402 tamen
3626 1348 3792 1417 dignus

568 1436 756 1487 autem
787 1434 903 1489 haec
927 1435 1217 1499 confessio,
1251 1453 1363 1491 non
1387 1438 1535 1506 quod
1566 1439 1791 1507 possita
1818 1439 2055 1507 peccatis
2068 1437 2161 1493 ab-
2242 1443 2402 1497 venia
2427 1459 2489 1495 ex
2522 1440 2800 1493 desiderio
2833 1437 3159 1502 sacerdotis,
3202 1437 3301 1507 qui
3349 1437 3496 1491 socio
3537 1436 3793 1497 conﬁtetur

570 1520 801 1585 Solvere,
824 1523 920 1575 sed
945 1524 1079 1592 quia
1107 1531 1337 1594 propter
1364 1526 1645 1595 prepriam
1681 1527 2150 1592 humiliationem,
2237 1530 2648 1602 turpitudinem
2679 1527 2949 1581 criminis.
2984 1526 3240 1585 Mundati
3268 1526 3421 1580 enim
3450 1530 3579 1578 sunt
3601 1523 3790 1594 leprosi,

568 1611 625 1665 et
671 1615 1028 1676 peccatorum
1073 1618 1396 1669 nostrorum
1435 1614 1866 1679 accusationem,
1917 1615 2156 1670 munda-
2239 1622 2374 1674 dum
2406 1620 2554 1672 irent
2582 1616 2878 1670 ostendere
2899 1631 2995 1668 ora
3015 1613 3421 1677 sacerdotibus,
3445 1611 3794 1681 antequammi

568 1710 697 1751 mur
728 1713 762 1751 a
792 1699 1031 1767 peccatis
1064 1718 1075 1753 :
1108 1700 1266 1754 Unde
1299 1706 1355 1757 et
1382 1718 1493 1757 non
1518 1702 1907 1769 dicimuszEgo
1937 1705 2156 1758 dimitto
2175 1772 2213 1778 _
2239 1726 2334 1763 eos
2372 1706 2733 1778 pervenirent
2765 1706 2918 1773 (Luc.
2949 1717 3084 1768 xvn,
3122 1702 3228 1769 l4).
3262 1701 3425 1756 Unde
3462 1706 3611 1772 patet
3636 1699 3795 1757 Domi-

573 1784 676 1839 “bt'
699 1792 915 1852 peccata
955 1793 1081 1849 tua:
1124 1789 1223 1845 sed
1273 1789 1509 1844 dicimus
1538 1791 1749 1845 orando
1786 1810 1797 1843 :
1830 1772 2223 1847 MisereaturB
2241 1772 2473 1857 num.ad
2497 1810 2593 1848 cor
2616 1793 2910 1862 respicere,
2930 1791 3065 1844 dum
3086 1806 3153 1844 ex
3166 1790 3501 1844 necessitate
3536 1787 3796 1859 prohiben-

575 1875 664 1929 ιιιί
698 1877 1039 1941 omnipotens
1065 1878 1229 1946 Deus,
1263 1896 1286 1931 ι
1320 1884 1424 1933 etc.
1453 1880 1575 1932 Huc
1603 1896 1780 1949 usque
1810 1879 2156 1949 Radulphus.
2242 1892 2337 1939 tur
2382 1885 2453 1938 ad
2501 1882 2821 1936 sacerdotes
2867 1880 3149 1932 accedere.
3200 1897 3222 1928 ι
3272 1878 3477 1931 Petrus
3515 1874 3793 1940 Lembard.,

574 1960 670 2030 qui
698 1962 904 2019 mirum
934 1964 991 2020 in
1017 1965 1245 2023 modum
1293 1967 1628 2023 sententiam
1658 1968 1802 2023 hanc
1832 1968 1901 2023 de
1930 1967 2161 2021 occultis
2244 1971 2369 2027 libr.
2402 1987 2475 2025 1v.
2509 1972 2784 2033 Sentent.,
2832 1968 3079 2021 distinct.
3116 1964 3201 2019 l7.
3239 1982 3266 2017 α
3308 1965 3370 2019 Si
3397 1962 3627 2019 defuerit
3649 1977 3796 2015 sacer-

575 2053 631 2103 θῖ
660 2050 869 2118 ﬁFertis
889 2052 1106 2106 delictis
1134 2053 1397 2109 illustrat.
2245 2062 2365 2127 dos,
2398 2060 2649 2130 proximo
2705 2057 2793 2111 vel
2840 2056 2989 2109 socio
3040 2060 3127 2108 est
3165 2053 3424 2107 facienda
3471 2050 3736 2107 confessio.
3770 2068 3792 2101 ι

640 2137 693 2195 3.
727 2138 836 2198 Per
856 2140 954 2197 illa
982 2141 1168 2209 verba,
1198 2148 1502 2205 occulta,et
1514 2150 1723 2212 aperta,
1757 2146 2164 2201 confessionem
2246 2151 2411 2211 Item,
2442 2147 2588 2201 infra
2621 2165 2631 2198 :
2668 2164 2691 2196 ι
2741 2143 3086 2208 Quaerendus
3114 2147 3200 2195 est
3227 2141 3490 2196 sacerdos
3520 2139 3721 2209 sapiens
3752 2142 3797 2189 et

570 2224 630 2288 in
656 2240 863 2295 genere
894 2245 959 2289 ac
988 2229 1043 2285 in
1074 2231 1255 2300 specie
1300 2232 1483 2290 notari
1522 2233 1715 2290 volunt
1754 2234 2010 2289 nonnulli
2043 2253 2055 2287 :
2086 2235 2163 2289 si-
2245 2239 2540 2299 discretus,
2575 2234 2671 2305 qui
2692 2246 2815 2287 cum
2840 2236 3117 2303 potestate
3130 2230 3301 2284 simul
3322 2229 3526 2283 haheat
3538 2226 3792 2298 judicium;

574 2313 799 2383 Πυλάδη]
839 2333 966 2375 cum
1002 2318 1060 2374 in
1098 2336 1304 2388 genere
1334 2320 1573 2376 dicimus
1606 2339 1615 2372 :
1652 2322 1770 2389 Ego
1797 2323 2162 2390 gravissimus
2244 2327 2339 2396 qui
2362 2327 2409 2378 si
2432 2325 2576 2377 forte
2597 2321 2855 2385 defuerit,
2885 2319 3138 2373 conﬁteri
3158 2318 3326 2372 debet
3354 2318 3520 2372 socio.
3562 2335 3583 2366 υ
3615 2313 3792 2369 Deinde

576 2409 836 2470 peccator
883 2405 940 2463 in
980 2407 1170 2463 multis
1198 2408 1527 2465 criminibus
1566 2410 1811 2467 divinam
1850 2410 2161 2467 bonitatem
2246 2414 2438 2468 multis
2468 2410 2799 2479 interjectis,
2842 2425 2906 2461 ex
2929 2409 2995 2461 D.
3018 2408 3419 2478 Chrysostomo
3439 2405 3639 2475 profert
3668 2402 3790 2456 ista:

574 2491 779 2547 offendi
812 2511 823 2545 :
855 2509 980 2551 cum
1010 2496 1309 2552 recitamus
1337 2498 1619 2553 Conﬁteor
1636 2499 1750 2551 Deo
1772 2499 2160 2567 omnipotenti,
2252 2522 2274 2553 ι
2318 2502 2423 2565 Qui
2461 2501 2623 2554 timet
2648 2498 2917 2567 judicium
2950 2496 3070 2559 Dei,
3104 2501 3396 2565 peccatum
3426 2506 3534 2548 non
3560 2488 3794 2545 erubescit

575 2584 703 2643 etc,
744 2582 1084 2639 occultemus
1127 2592 1372 2655 peccata,
1406 2586 1860 2655 quandoquidem
1894 2603 1959 2640 ea
1988 2587 2163 2645 nomi-
2246 2590 2520 2645 confiteri.
2555 2588 2842 2649 Perfectus
2865 2586 3036 2638 timor
3075 2584 3242 2638 solvit
3270 2598 3495 2637 omnem
3526 2580 3789 2651 pudorem;

576 2668 752 2729 natim
788 2669 1019 2731 minime
1068 2673 1440 2731 declaramus.
1482 2674 1782 2742 Speciatim
1822 2681 2010 2731 autem
2061 2675 2165 2729 cri-
2246 2679 2516 2733 confessio
2534 2676 2742 2747 peccati
2766 2675 3036 2745 pudorem
3052 2672 3437 2742 habet,etipsa
3455 2664 3794 2724 erubescentia

575 2756 729 2815 mina
760 2775 861 2812 sua
884 2760 1008 2829 quis
1038 2762 1257 2832 aperire
1288 2762 1557 2823 noscitur,
1598 2762 1731 2819 dum
1778 2780 1828 2815 ν.
1867 2779 1922 2831 g.
1956 2762 2166 2819 fatetur
2247 2774 2333 2821 est
2353 2767 2538 2837 gravis
2566 2781 2746 2836 poena.
2778 2765 3020 2833 Ideoque
3034 2762 3302 2831 jubemur
3320 2757 3567 2814 conﬁteri
3586 2758 3792 2827 peccata:

577 2861 636 2898 se
663 2844 719 2905 in
751 2846 1177 2918 blasphemiam,
1222 2850 1665 2916 fornicationem,
1708 2856 1838 2915 εἰει,
1874 2851 2042 2905 toties
2085 2852 2167 2907 in-
2246 2855 2763 2911 uterubescentiam
2787 2851 3184 2923 patiamurpro
3198 2866 3381 2919 poena.
3408 2841 3795 2903 )S.Thoma9in

575 2933 795 2993 cidisse.
832 2936 899 2995 Et
928 2937 1227 3006 posteriori
1269 2938 1374 2991 hoc
1406 2939 1571 2995 modo
1604 2945 1830 3008 peccata
1858 2940 1960 2993 soli
1990 2956 2169 2997 sacer-
2249 2943 2280 2999 4
2312 2949 2490 3007 sent.,
2510 2943 2638 2995 dist.
2666 2940 2749 3003 17,
2780 2957 2831 3009 q.
2862 2938 2913 3003 3,
2946 2944 3049 2991 art.
3085 2938 3136 3002 3,
3174 2937 3243 2990 ad
3282 2954 3301 2989 Ι
3331 2951 3501 3005 agens
3528 2933 3594 2987 de
3621 2928 3795 2988 confes-

571 3022 708 3087 doti,
738 3024 833 3093 qui
850 3025 1060 3093 ligandi
1085 3024 1289 3083 habeat
1317 3032 1647 3096 potestatem
1674 3034 1727 3080 et
1748 3028 2015 3093 solvendi,
2036 3034 2169 3083 sunt
2250 3034 2405 3086 sione
2433 3032 2575 3083 laico
2588 3028 2859 3089 facienda,
2887 3026 2982 3080 ubi
3012 3026 3171 3079 deest
3190 3025 3353 3094 copia
3366 3020 3674 3083 sacerdotis,
3699 3016 3791 3070 sit:

572 3112 909 3171 conﬁtenda.
943 3114 1029 3172 ita
1066 3114 1381 3173 Alexander
1403 3115 1472 3169 de
1488 3114 1618 3169 Ales
1650 3116 1710 3171 in
1735 3116 1787 3173 4.
1816 3124 1962 3171 sent.
1994 3134 2047 3187 q.
2074 3116 2161 3174 78.
2185 3121 2228 3181 Ο
2256 3142 2277 3174 ι
2322 3120 2557 3184 Quando
2580 3118 2880 3171 necessitas
2896 3112 3356 3179 imminet,debet
3371 3106 3793 3179 fecet‘epmnitens

571 3205 679 3259 ειη.
713 3198 762 3256 1ο
2247 3211 2393 3280 quod
2431 3226 2495 3261 ex
2521 3213 2679 3278 parte
2708 3222 2809 3259 sua
2839 3210 2942 3267 est,
2989 3203 3201 3259 scilicet
3237 3201 3453 3257 conteri
3493 3205 3547 3255 et
3581 3192 3793 3255 conﬁteri

644 3288 703 3343 4.
734 3289 1028 3349 Rationem
1058 3308 1159 3346 cur
1182 3292 1314 3350 olim
1343 3293 1515 3349 fuerit
1528 3309 1634 3348 usu
1646 3300 1870 3364 recepta
1897 3294 2164 3351 confessio
2246 3299 2338 3351 cui
2366 3302 2567 3368 potest,
2601 3296 2693 3366 qui
2722 3294 2975 3365 quamvis
2995 3298 3412 3348 sacramentum
3440 3289 3688 3360 perﬁcere
3704 3296 3794 3336 non

573 3391 763 3431 coram
781 3377 944 3439 laico,
966 3379 1233 3433 adferunt
1252 3380 1395 3438 hanc
1421 3381 1689 3449 theologi,
1716 3382 1863 3451 quod
1887 3382 2163 3451 ejusmodi
2247 3386 2423 3456 possit
2453 3391 2517 3437 ut
2545 3384 2712 3437 faciat
2744 3383 2800 3436 id
2839 3381 2987 3451 quod
3017 3396 3086 3433 ex
3116 3384 3277 3449 parte
3320 3376 3633 3438 sacerdotis,
3661 3370 3796 3429 abso-

572 3464 849 3525 confessio
863 3465 933 3523 ad
944 3468 1324 3525 confusionem
1340 3474 1398 3523 et
1412 3470 1852 3525 erubescentiam
1863 3510 1877 3537 ,
1898 3488 2020 3540 quae
2035 3484 2163 3541 pars
2246 3475 2516 3536 lutionem
2538 3472 2960 3533 scilicet,tamen
2980 3468 3254 3525 defectum
3267 3465 3569 3523 sacerdotis
3578 3470 3794 3518 summus

574 3556 663 3604 est
695 3572 736 3613 ξ,
756 3559 881 3618 με
906 3555 1321 3618 satisfactionis,
1373 3557 1690 3625 ordinetur;
1718 3560 1800 3617 illi
1830 3561 2038 3617 etenim
2068 3560 2164 3629 qui
2249 3562 2523 3616 Sacerdos
2555 3560 2811 3631 supplet;
2845 3557 3209 3614 nihilominus
3254 3553 3524 3610 cantessio
3571 3549 3698 3606 laico
3743 3559 3795 3597 ex

572 3639 734 3706 laiCO,
765 3658 865 3699 seu
913 3659 1023 3703 non
1069 3645 1367 3709 sacerdoti,
1413 3653 1470 3701 et
1516 3646 1622 3705 sibi
1665 3649 1864 3718 aequali
1903 3649 2165 3719 aperiunt
2246 3651 2523 3705 desiderio
2571 3648 2874 3703 sacerdotis
2904 3647 3070 3710 facta,
3103 3643 3525 3701 sacramentalis
3565 3643 3643 3696 est
3679 3648 3793 3704 quo-

573 3729 785 3789 Scelera
812 3746 931 3798 sua,
968 3732 1025 3793 id
1051 3750 1116 3787 ex
1146 3734 1482 3793 contritione
1507 3742 1681 3807 agant
1703 3754 1929 3793 necesse
1968 3744 2072 3795 est.
2100 3754 2165 3793 ac
2245 3738 2833 3809 dammodo,quamvis
2850 3752 2963 3791 non
2980 3736 3056 3789 sit
3072 3738 3487 3790 sacramentum
3503 3727 3789 3809 perfectum.

571 3817 809 3887 Pl‘OindB
847 3820 1052 3881 virtute
1102 3823 1438 3883 humilitatis
1479 3826 1740 3895 supplere
1789 3827 1938 3881 Deus
1988 3826 2164 3880 vicem
2248 3829 2382 3898 quia
2424 3829 2582 3881 deest
2627 3827 2678 3881 ei
2727 3826 2872 3896 quod
2924 3831 3011 3879 est
3056 3840 3121 3879 ex
3170 3829 3329 3893 parte
3354 3816 3661 3878 sacerdotis.
3690 3831 3711 3865 ι
3740 3808 3793 3861 Et

572 3908 898 3975 sacerdotis,
946 3916 1004 3965 et
1047 3913 1288 3981 gratiam
1337 3918 1469 3981 (non
1508 3930 1642 3971 sane
1675 3916 2161 3980 sacramentalem,
2246 3918 2413 3988 paulo
2436 3919 2561 3987 post
2615 3935 2639 3966 «
2683 3914 2946 3978 Quamvis
2977 3914 3071 3971 ille
3113 3912 3209 3982 qui
3255 3911 3399 3967 laico
3440 3906 3702 3965 confessus
3726 3900 3793 3951 est

571 4013 701 4059 cum
725 4002 1148 4059 sacramentalis
1176 4002 1406 4061 minime
1444 4003 1613 4059 fuerit
1640 4005 1928 4071 confessio)
1962 4006 2166 4075 imper-
2245 3987 2305 4058 in
2342 3999 3392 4069 articulonecessitatis,consecutussit
3410 3995 3618 4054 veniam
3637 3987 3787 4075 αΠςον

571 4084 667 4145 tiri
723 4087 933 4143 eisdem
990 4092 1365 4159 praisumitur.
1401 4094 1486 4147 Ita
1535 4109 1667 4162 ergo
1717 4094 1772 4151 η.
1821 4073 2165 4149 Lanfrancus
2247 4110 2312 4147 eo
2337 4093 2483 4163 quod
2511 4091 2860 4163 propositum
2904 4089 3223 4152 conﬁtendi,
3271 4086 3572 4143 secundum
3600 4073 3792 4138 manda-

574 4175 792 4231 060111ῐᾶ
839 4178 1020 4237 solum
1076 4180 1229 4237 omni
1277 4180 1395 4239 viro
1442 4180 1811 4237 ecclesiastico
1854 4182 2164 4250 detegenda
2246 4188 2365 4236 tum
2395 4182 2515 4245 Dei,
2539 4181 2683 4251 quod
2713 4179 2981 4249 concepit,
3011 4179 3156 4233 sicut
3183 4176 3385 4247 potuit,
3417 4168 3665 4243 implevit;
3701 4174 3790 4219 n0“

573 4264 834 4328 consulit,
868 4265 1144 4334 siquidem
1171 4284 1235 4321 ex
1264 4268 1951 4338 hujusmodipeccatorum
1982 4269 2165 4339 prodi-
2246 4276 2434 4324 tamen
2464 4270 2646 4323 adhuc
2677 4269 2931 4322 Ecclesiae
2951 4266 3454 4326 reconciliatusest,
3476 4267 3539 4316 tit
3555 4257 3622 4314 ad
3643 4264 3792 4310 8861⁵8·

574 4353 728 4405 tione
775 4359 1083 4420 generatur
1107 4357 1439 4415 verecundia
1482 4364 1538 4413 et
1564 4358 1652 4417 sui
1680 4358 1855 4427 ipsius
1884 4357 2119 4427 abjectio
2146 4376 2158 4418 ς
2181 4364 2438 4455 Dmenta
2470 4358 2724 4412 Ecclesiae
2755 4357 2974 4411 admitti
3001 4355 3219 4411 debeat.
3254 4354 3362 4408 nisi
3395 4352 3544 4422 prius
3578 4362 3610 4402 a
3644 4348 3789 4455 sima"

573 4440 723 4495 unde
751 4442 1023 4505 conﬁtens
1070 4443 1259 4502 divina
1311 4445 1695 4504 misericordia
1740 4452 1907 4516 atque
1946 4434 2379 4516 integraudote
2409 4446 2729 4501 absolvatur
2782 4464 2803 4499 ι
2839 4444 3135 4499 Rationem
3158 4441 3381 4497 affertS
3425 4434 3786 4516 Beneventurf.

572 4535 925 4598 peccatorum
960 4531 1120 4593 venia
1164 4535 1228 4593 ﬁt
1268 4534 1491 4603 dignus.
1534 4535 1614 4587 De
1655 4510 1862 4604 apertis
1893 4552 2039 4600 vero,
2066 4510 2167 4590 seu
2251 4552 2425 4606 quare
2453 4534 2727 4589 confessio
2757 4534 2877 4587 fieri
2898 4532 3076 4602 possit
3094 4531 3242 4585 socio
3260 4530 3319 4584 in
3344 4531 3376 4584 4
3400 4531 3559 4585 sent.,
3587 4520 3700 4577 dist.
3722 4510 3785 4573 17,

575 4618 812 4688 publicis
828 4621 1052 4679 nonita.
1071 4622 1176 4686 Qui
1196 4624 1347 4677 enim
1376 4622 1716 4678 suffunditur
1730 4624 2167 4693 humiliaturque
2250 4634 2367 4695 par.
2402 4639 2485 4688 Ill,
2518 4623 2650 4678 dub.
2682 4622 2710 4675 1
2735 4637 2793 4676 :1
2819 4623 2943 4676 Non
2970 4622 3035 4676 ﬁt
3052 4619 3222 4683 socio,
3251 4625 3315 4673 ut
3343 4606 3787 4695 suppleaturloclls

574 4707 764 4774 homo,
792 4726 921 4769 cum
951 4727 1019 4763 ea
1056 4728 1179 4782 qua:
1214 4711 1473 4766 omnibus
1516 4718 1649 4767 sunt
1688 4719 1821 4769 nota
1871 4720 1928 4768 et
1976 4691 2165 4767 coram
2247 4691 2567 4776 sacerdotis,
2595 4712 2682 4766 vel
2737 4718 2800 4764 ut
2843 4708 3115 4765 confessio
3161 4711 3570 4762 sacramentum
3609 4712 3667 4753 ex
3705 4691 3788 4782 110‘?

576 4795 850 4850 universis
871 4779 1099 4868 peracta
1118 4800 1418 4855 confitetur
1439 4798 1693 4869 ?Nempe
1727 4801 1773 4853 si
1803 4801 2085 4856 hominem
2107 4801 2167 4854 in
2251 4802 2543 4864 habeatur,
2591 4800 2687 4853 sed
2730 4804 2795 4852 ut
2832 4800 3089 4851 voluntas
3119 4795 3437 4851 conﬁtentis
3461 4788 3718 4862 probetur.
3745 4779 3788 4829 θί

572 4884 692 4939 foro
741 4886 866 4955 quis
927 4887 1210 4953 occiderit,
1271 4891 1498 4956 propter
1547 4886 1949 4958 blasphemiam
1998 4889 2169 4943 fuerit
2249 4891 2581 4953 innotescat,
2616 4894 2680 4942 ut
2706 4893 2888 4941 totum
2928 4887 3077 4956 quod
3122 4885 3181 4939 in
3222 4902 3282 4939 se
3321 4890 3407 4938 est
3450 4878 3623 4937 faciat,
3652 4889 3672 4922 ι
3701 4870 3784 4958 etc.

573 4951 1103 5039 morte—damnatus,
1126 4976 1183 5033 in
1200 4951 1610 5046 domo-propria
1626 4951 1909 5047 publicum
1932 4978 2166 5047 lupanar
2249 4980 2549 5032 Durandus
2572 4951 2651 5031 de
2670 4977 2724 5033 Ξ.
2745 4951 3035 5037 Porciano,
3060 4975 3118 5027 in
3140 4973 3232 5029 lib.
3264 4988 3337 5028 IV.
3375 4973 3508 5026 Sent
3532 5009 3544 5029 ,
3571 4962 3685 5019 dist.
3718 4951 3783 5047 ii,

574 5063 775 5128 foveat,
797 5070 901 5121 etc.
926 5064 1065 5125 nihil
1086 5065 1283 5121 exinde
1305 5039 1503 5122 sumet.
1525 5039 1859 5123 humilitatis
1888 5039 2167 5119 aut-vere-
2250 5084 2303 5136 q.
2335 5067 2346 5122 Ι
2369 5066 2412 5129 l,
2431 5083 2495 5119 ex
2523 5065 2785 5135 opinione
2806 5063 3177 5133 quorumdam
3208 5063 3325 5117 hmo
3341 5059 3506 5116 habet
3526 5074 3568 5110 τι
3591 5039 3786 5136 Ωιιριξάίξ

572 5153 811 5218 ουηάὶξε,
844 5153 940 5215 ubi
963 5170 1027 5211 ea
1058 5154 1208 5207 socio
1237 5155 1580 5221 revelaverit,
1598 5172 1781 5225 neque
1803 5154 2165 5209 confessionis
2249 5155 2406 5209 deest
2436 5153 2739 5207 sacerdotis
2771 5152 3020 5221 copia,et
3036 5150 3341 5205 necessitas
3368 5143 3627 5203 imminet.
3651 5129 3785 5225 dei”?

572 5242 778 5299 virtute
805 5242 1137 5299 delictorum
1173 5218 1580 5313 indulgentiam
1616 5218 1925 5321 mergebitur
1951 5243 2159 5308 ullam;
2245 5244 2428 5298 facere
2460 5242 2737 5313 paenitens
2778 5218 2922 5309 quod
2963 5240 3020 5294 in
3055 5256 3113 5293 se
3158 5246 3243 5293 est
3275 5238 3499 5306 (scilicet
3532 5218 3783 5321 αςιηΐςεΐίξξ

572 5332 778 5402 quippe
808 5332 983 5396 deest,
1023 5331 1113 5387 cui
1142 5299 1378 5401 aperuit,
1413 5299 1767 5402 peccatorum
1812 5299 2163 5399 ligandorum
2246 5299 2499 5385 confiteri
2565 5329 2652 5383 cui
2728 5299 2927 5398 potest,
2978 5327 3178 5381 clerico
3232 5299 3345 5383 non
3398 5312 3669 5378 sacerdoti.
3712 5299 3780 5399 νει

573 5421 1078 5490 solvendorumque
1106 5426 1354 5491 potestas
1395 5437 1517 5491 qua:
1547 5420 1649 5477 soli
1679 5420 1949 5488 competit
1985 5434 2163 5475 sacer-
2246 5418 2429 5484 laico).
2472 5418 2577 5472 Sed
2626 5417 2774 5471 istud
2822 5433 2933 5470 non
2990 5416 3209 5472 videtur
3260 5403 3779 5491 necessarium._liu.“il

572 5507 712 5565 doti.
750 5511 932 5577 Atque
961 5486 1077 5565 haec
1106 5486 1385 5579 posterior
1412 5486 1716 5565 sententiae
1753 5486 1825 5561 Βί
1868 5507 2163 5564 Lanfranci
2244 5512 2497 5563 cessante
2518 5505 2808 5576 principali
2827 5511 3006 5560 cessat
3018 5504 3416 5568 accessol‘ium;
3439 5496 3530 5553 33d
3549 5486 3776 5586 0011‘???

571 5566 962 5665 ἱιιίθτρτθάιιίο
974 5566 1311 5667 ωἰῒιὶιωβεὶδ
1323 5566 1554 5663 arridet;
1570 5613 1760 5651 verum
1774 5596 2165 5666 theologorum
2246 5597 2311 5652 ﬁt
2328 5566 2717 5667 principaliter
2739 5599 2970 5664 propter
2997 5566 3411 5649 absolutionem?
3431 5607 3444 5656 ι
3468 5596 3591 5651 ergo
3603 5575 3647 5630 si
3662 5566 3777 5628 desii
