3892 6350
69 342 161 418 637

1211 310 1451 411 saturo
1495 352 1657 409 SIVE
1695 344 2143 407 SENTENTIAE.

3208 327 3355 414 638'

67 485 215 557 copia
235 485 535 543 sacerdotis
551 484 905 549 absolventis,
927 484 1023 556 qui
1042 483 1193 537 solus
1214 484 1400 553 potest
1427 483 1485 535 in
1515 480 1635 539 foro
1653 482 1701 539 A
1720 481 1979 546 desperes.
2038 477 2157 530 Hoc
2202 476 2322 530 loco
2371 472 2487 529 non
2537 475 2770 530 obscure
2817 476 2979 533 docet
3029 476 3224 534 auctor
3252 480 3322 535 de

69 574 392 645 poenitentiae
437 573 742 635 absolvere,
788 572 1075 626 absolutus
1128 577 1214 626 est
1252 572 1529 642 paenitens
1572 568 1641 629 ab

68 662 387 732 obligatione
418 661 796 716 confessionis.
838 661 1079 733 Pr0pter
1114 661 1218 718 hoc
1258 664 1443 731 potest
1478 659 1643 712 aliter

68 752 165 803 dici
195 752 337 821 quod
369 766 660 821 nunquam
700 754 785 803 est
827 749 1205 803 necessarium
1236 748 1489 802 confiteri
1528 763 1639 805 non

67 839 339 905 sacerdoti;
361 843 449 891 est
468 844 654 893 tamen
673 838 965 905 licitum,si
990 839 1087 891 ﬁat
1107 855 1171 891 ex
1184 838 1300 890 sola
1318 836 1638 893 humilitate

67 923 127 976 ad
161 921 477 976 habendum
515 922 829 987 consilium,
884 922 971 975 vel
1024 921 1097 975 ad
1154 920 1638 974 verecundandum

67 1017 275 1081 propter
298 1011 500 1075 Deum,
534 1027 660 1063 cum
690 1010 1023 1064 verecundia
1053 1009 1125 1064 sit
1151 1025 1279 1079 pars
1310 1009 1639 1061 satisfactio-

68 1099 158 1164 nis,
177 1098 478 1152 dummodo
501 1100 770 1152 confitens
802 1116 915 1157 non
948 1115 1006 1152 se
1037 1097 1295 1167 subjiciat
1319 1114 1431 1150 non
1461 1113 1641 1149 sacer-

68 1186 167 1239 doti
194 1188 677 1241 sacramentaliter
700 1193 765 1240 ut
790 1187 1067 1250 ministro,
1113 1206 1134 1237 ι
1177 1192 1280 1239 etc.
1318 1186 1641 1240 Dominicus

71 1275 185 1328 Soto
213 1274 269 1328 in
297 1278 331 1328 4
360 1282 531 1346 sent.,
562 1276 685 1328 dist.
727 1276 811 1339 i8,
844 1293 878 1345 q
944 1281 993 1338 si,
1038 1292 1088 1328 a.
1137 1277 1179 1335 l,
1222 1274 1326 1328 sub
1369 1274 1635 1338 medium,

68 1363 125 1414 de
171 1364 269 1417 hac
308 1380 369 1417 re
419 1364 571 1417 inter
599 1365 710 1417 alia
743 1366 857 1417 haec
891 1365 1101 1434 profert
1132 1383 1142 1415 :
1182 1382 1203 1408 «
1240 1362 1641 1416 Erubescentia

68 1452 365 1517 conﬁtendi,
399 1458 457 1505 et
495 1453 783 1506 humilitas
822 1453 1110 1521 augebunt
1148 1452 1227 1505 illi
1260 1452 1541 1514 meritum,
1584 1457 1642 1503 et

70 1540 330 1610 poteritab
344 1540 442 1595 illo
459 1542 638 1594 amico
655 1541 951 1594 consilium
980 1541 1252 1610 accipere,
1267 1546 1321 1592 et
1362 1540 1638 1591 medelam

67 1628 166 1680 suis
180 1629 440 1682 curandis
468 1629 697 1682 morbis.
729 1649 751 1678 ι›
780 1629 1023 1698 Etpaulo
1046 1634 1172 1699 post
1197 1632 1387 1692 336
1408 1643 1640 1697 respon-

66 1717 147 1771 det
170 1716 346 1779 Scoto,
392 1717 488 1786 qui
519 1717 794 1786 ejusmodi
825 1717 1229 1770 confessionem
1258 1716 1313 1768 in
1344 1716 1643 1769 detrimen-

1725 568 2068 623 confessione
2123 567 2180 619 in
2226 570 2475 619 extrema
2512 566 2847 620 necessitate
2880 565 3138 629 facienda
3168 570 3323 641 prius

1724 656 1894 710 fuisse
1940 658 2218 719 locutum;
2253 669 2355 706 nec
2385 670 2498 707 non
2544 660 2599 707 et
2624 655 2820 707 eadem
2852 672 3082 724 prorsus
3107 662 3322 724 mente,

1724 762 1846 816 qua:
1857 751 2169 817 sequuntur
2179 751 2509 797 sanctorum
2521 744 2754 798 Patrum
2769 744 3133 799 auctoritates
3146 745 3327 817 subje-

1722 834 1862 887 cisse
1890 853 1902 901 ;
1960 835 2353 888 necessitatem
2382 851 2512 887 vero
2539 832 2807 902 intelligit
2849 848 2995 896 eam,
3027 834 3163 888 dum
3194 851 3320 905 pro-

1720 922 2172 993 prium,aliumve
2186 940 2339 977 sacer
2352 923 2623 985 dotem,et
2642 941 2781 994 quos
2815 940 2984 995 supra
3008 923 3310 991 recensuit,

1724 1009 1927 1082 quibus
1972 1016 2095 1063 tuto
2125 1017 2182 1065 et
2207 1012 2416 1082 absque
2462 1010 2854 1081 publicationis
2877 1012 3078 1071 timore
3106 1013 3321 1071 scelera

1724 1115 1825 1151 sua
1851 1099 2112 1168 deponat,
2139 1100 2400 1171 nuspiam
2431 1105 2617 1170 potest
2644 1100 2912 1154 invenire.

1796 1186 1878 1254 (¹²)
1912 1189 2053 1253 Quia
2107 1190 2169 1240 in
2217 1190 2314 1241 hoc
2358 1190 2595 1241 Patrum
2645 1192 2977 1242 conveniunt
3015 1189 3321 1244 sententias.

1722 1273 1991 1342 Magister
2014 1275 2418 1327 sententiarum
2449 1274 2544 1328 ubi
2567 1291 2755 1345 supra,
2789 1281 2846 1328 et
2861 1270 3162 1328 cardirialis
3192 1274 3325 1328 Bel-

1722 1362 1994 1415 larminus
2019 1380 2138 1433 cap.
2183 1367 2238 1415 IT;
2278 1368 2334 1416 et
2361 1363 2450 1421 20,
2488 1364 2525 1415 l.
2563 1377 2625 1415 Ill
2656 1364 2733 1416 De
2764 1363 3119 1433 paenitentia,
3153 1363 3324 1417 hasce

1724 1450 1951 1504 Patrum
1980 1451 2287 1505 sententias
2318 1452 2386 1504 de
2416 1451 2635 1522 publica
2665 1451 3009 1505 confessione
3040 1451 3321 1523 interpre-

1722 1544 1934 1592 tantur.
1970 1538 2101 1593 Illos
2131 1540 2377 1604 consule,
2411 1541 2456 1593 si
2482 1539 2655 1593 lubet.
2697 1539 2930 1593 Easdem
2956 1536 3322 1593 nihilominus

1723 1628 2030 1681 sententias
2060 1628 2129 1681 de
2156 1629 2497 1681 revelatione
2514 1645 2613 1681 seu
2643 1627 2975 1681 infractione
3006 1627 3175 1696 sigilli
3194 1643 3323 1691 con-

1722 1717 1976 1769 fessionis
2021 1732 2141 1769 esse
2178 1716 2589 1785 intelligendas,
2624 1716 2963 1769 contendere
3002 1715 3223 1768 videtur
3256 1700 3320 1769 Β.

67 1810 169 1856 tum
197 1804 311 1858 fore
332 1806 535 1859 salutis
561 1805 806 1858 afﬁrmat
838 1823 849 1857 :
896 1825 917 1855 ι
953 1805 1294 1859 Moderatius
1323 1809 1533 1870 tamen,
1558 1804 1704 1899 in-B
1725 1805 2097 1873 Lanfrancus;
2127 1807 2222 1861 ubi
2252 1807 2505 1860 videlicet
2518 1822 2731 1871 secure,
2750 1808 2840 1860 cui
2868 1805 3044 1877 possit
3062 1805 3318 1858 commit-

69 1892 173 1962 quit
192 1892 301 1959 ille,
329 1894 518 1947 dicere
552 1910 848 1964 possumus
866 1894 984 1962 jam
1016 1910 1128 1946 non
1160 1910 1279 1945 esse
1302 1893 1359 1945 in
1389 1910 1517 1951 usu.
1539 1909 1638 1945 ne-

67 1997 157 2051 que
191 1997 308 2034 esse
339 1983 764 2045 consulendam,
814 2002 835 2031 ι
894 1987 998 2034 etc.
1040 1982 1257 2034 Videsis
1309 1981 1478 2034 etiam
1511 1982 1639 2034 Ale-

70 2069 320 2123 xandrum
346 2071 417 2124 de
446 2072 585 2124 Ales
613 2070 671 2125 in
699 2070 736 2123 4
767 2075 897 2123 sent
928 2087 1000 2140 .q.
1024 2069 1433 2136 78,membr01,
1457 2068 1594 2123 art.l
1621 2089 1633 2137 ;

71 2156 382 2224 Gabrielem,
434 2159 553 2212 dist
620 2159 710 2221 17,
749 2176 797 2228 q.
834 2159 883 2223 l,
925 2158 1056 2211 dub.
1101 2159 1162 2223 7;
1219 2159 1562 2227 Sylvestrum
1590 2158 1638 2209 ν

72 2243 356 2300 Confessor.
385 2234 438 2315 i,
488 2264 540 2318 q.
582 2252 633 2313 l;
677 2246 913 2300 Navarri
944 2262 1119 2313 man.,
1151 2262 1272 2317 cap.
1315 2246 1401 2307 21,
1445 2263 1500 2299 n.
1533 2250 1593 2302 ιιι
1623 2265 1635 2312 ;

72 2333 217 2387 Guill.
242 2335 460 2389 Estium
498 2336 555 2388 in
579 2334 632 2387 4.
666 2340 833 2399 sent.,
867 2334 975 2386 dist
1035 2336 1117 2399 I7,
1150 2334 1178 2405 §
1207 2337 1255 2387 1.
1295 2354 1315 2383 »

132 2420 210 2492 (¹⁰)
238 2424 300 2477 Et
328 2426 596 2491 quosdam
627 2427 948 2475 sanctorum
986 2426 1221 2475 Patrum
1258 2425 1512 2490 legimus,
1543 2426 1641 2491 qui

72 2514 267 2563 animas
284 2518 571 2577 rexerant,
595 2518 645 2565 et
668 2516 851 2564 tamen
875 2510 1063 2563 eorum
1095 2512 1315 2563 ordines
1346 2514 1634 2564 ncscz'nms.

75 2596 208 2659 Quod
238 2606 591 2669 compertum
618 2597 923 2651 habeturin
942 2597 1314 2663 SS.Antonio,
1333 2599 1636 2665 Hilarione,

76 2685 279 2751 Pambo,
311 2688 581 2751 Macario,
636 2687 931 2740 Francisco
969 2686 1038 2739 de
1095 2688 1287 2749 Paula,
1324 2694 1490 2757 atque
1517 2688 1641 2740 aliis

76 2776 512 2847 quamplurimis;
570 2774 638 2827 de
686 2790 925 2844 quorum
985 2774 1269 2828 ordinibus
1308 2792 1376 2828 ne
1406 2775 1639 2829 verbum

76 2861 274 2931 quidem
303 2864 451 2934 apud
487 2863 747 2933 probatos
768 2863 1067 2932 scriptores
1089 2862 1405 2918 offenderis.
1439 2863 1641 2917 Coram

76 2948 166 3003 illis
195 2952 369 3015 modo,
403 2969 518 3023 quo
546 2968 715 3022 supra
736 2952 793 3003 in
824 2951 1010 3021 priore
1041 2952 1405 3022 explicatione
1430 2953 1639 3007 dictum

78 3043 148 3090 est
170 3040 231 3093 de
256 3042 487 3095 occultis
517 3047 573 3096 et
615 3039 824 3110 apertis
872 3040 1114 3110 peccatis
1143 3041 1432 3104 (nimirum
1462 3041 1643 3096 direc-

79 3126 222 3180 tionis
247 3130 470 3198 gratia),
508 3128 716 3183 ﬁebant
743 3128 1137 3183 confessiones.

138 3218 216 3286 (Η)
242 3221 391 3285 Quod
416 3222 471 3273 si
502 3236 680 3285 nemo,
723 3220 816 3270 cui
844 3220 1174 3284 conﬁtearis,
1224 3221 1531 3284 invenitur,
1576 3237 1640 3274 ne

1724 1899 1841 1947 tere
1888 1911 1991 1948 sua
2033 1901 2277 1965 peccata,
2313 1897 2471 1949 adest
2497 1913 2703 1963 nemo;
2748 1896 2901 1950 velut
2947 1897 3066 1966 ipse
3096 1895 3322 1949 disertis

1720 1983 1901 2036 verbis
1922 1983 2109 2037 innuit
2138 2004 2150 2038 :
2186 2002 2210 2035 ι
2247 1985 2403 2047 Quod
2430 1984 2475 2036 si
2506 2000 2669 2037 nemo
2701 1985 2790 2037 cui
2816 1983 3134 2039 conﬁtearis
3166 1983 3318 2037 inve-

1721 2072 1893 2136 nitur,
1920 2088 1990 2124 ne
2015 2072 2293 2143 desperes,
2326 2073 2458 2143 quia
2491 2073 2549 2125 in
2582 2074 2687 2126 hoc
2728 2073 2962 2126 Patrum
2982 2072 3321 2129 conveniunt

1721 2159 2029 2223 sententiae,
2058 2167 2122 2212 ut
2160 2160 2396 2213 Domino
2427 2160 2764 2213 Conﬁtearis.
2791 2178 2818 2211 ι

1795 2247 1881 2315 (⁸³)
1905 2249 2182 2301 Mamimus
2204 2251 2265 2301 in
2286 2265 2531 2301 sermone
2556 2249 2823 2316 paschali.
2843 2248 2953 2302 Seu
2973 2248 3039 2304 B.
3070 2247 3313 2308 Ambro-

1722 2335 1858 2400 sius,
1886 2335 1982 2388 lib.
2016 2353 2052 2389 Χ
2082 2337 2140 2390 in
2172 2336 2379 2390 Lucam
2407 2353 2530 2406 cap.
2558 2337 2646 2390 96.
2667 2332 2795 2390 Haec
2825 2342 2881 2390 et
2910 2354 3032 2408 quae
3060 2337 3319 2408 sequitur

1724 2425 1779 2477 S.
1830 2424 2031 2477 Leonis
2089 2426 2389 2485 sententia,
2423 2425 2641 2478 duobus
2688 2425 2866 2478 modis
2907 2444 2937 2479 a
2970 2418 3316 2483 Bellarmino

1722 2513 2050 2583 explicatur,
2084 2513 2203 2567 loco
2228 2513 2416 2578 citato,
2442 2531 2488 2566 c.
2524 2517 2608 2575 20,
2630 2512 2733 2566 sub
2764 2514 2933 2566 ﬁnem
2960 2529 2972 2566 :
2996 2504 3017 2565 i
3033 2533 3079 2566 .(
3111 2513 3322 2566 Eodem

1723 2605 1976 2671 tempore
2032 2602 2281 2654 nondum
2340 2601 2653 2655 institutam
2694 2601 2867 2655 fuisse
2905 2598 3320 2659 confessionem

1724 2690 2207 2752 sacramentalem,
2265 2708 2329 2743 ac
2378 2708 2478 2761 per
2519 2691 2625 2744 hoc
2662 2691 2800 2743 nihil
2839 2707 2961 2743 esse
3001 2690 3227 2755 mirum,
3271 2690 3320 2747 si

1724 2778 1875 2831 Petri
1900 2778 2174 2832 confessio
2204 2795 2318 2832 non
2347 2779 2585 2848 legatur.
2620 2779 2832 2833 Deinde
2862 2779 2919 2837 S.
2954 2778 3320 2837 Ambrosium

1724 2866 1875 2935 loqui
1929 2867 1998 2919 de
2051 2868 2334 2936 lacrymis,
2385 2884 2506 2937 quae
2552 2867 2959 2927 confessionem
3016 2866 3321 2938 quamdam

1723 2954 2047 3022 continent;
2090 2955 2168 3008 sic
2192 2954 2340 3007 enim
2368 2954 2424 3008 S.
2455 2948 2674 3019 Petrus,
2702 2958 2828 3009 cum
2870 2956 3039 3009 sciret
3097 2954 3321 3008 Christo

1727 3049 1921 3096 notum
1952 3043 2122 3097 fuisse
2151 3044 2361 3097 crimen
2392 3059 2578 3101 suum.
2604 3060 2716 3097 non
2740 3042 3005 3106 voce,sed
3025 3042 3312 3124 lacrymis,

1667 3145 1711 3205 ο
1731 3133 2014 3185 confessus
2054 3138 2166 3199 est;
2196 3132 2247 3185 id
2275 3128 2423 3207 quod
2449 3132 2676 3185 omnino
2698 3133 2905 3185 sufficit
2934 3133 2993 3185 in
3021 3132 3323 3211 confessio-

1722 3236 1792 3274 ne
1817 3237 1939 3290 quae
1969 3221 2034 3273 ﬁt
2062 3222 2198 3288 Deo,
2225 3222 2319 3292 qui
2348 3220 2537 3274 omnia
2565 3221 2743 3289 novit,
2779 3242 2804 3273 »
2839 3225 2945 3279 etc.

1257 3333 1386 3380 SOLI
1413 3336 1530 3379 Ι)Εο
1565 3335 1765 3380 HONOR
1792 3336 1868 3377 ΕΤ
1890 3334 2137 3381 GDORIA.

926 3606 1028 3664 DE
1058 3603 1470 3667 OPUSCULO
1503 3594 2041 3670 SUBSEQUENTI
2073 3585 2459 3661 MONITUM.

1138 3734 1322 3817 (Hist.
1359 3733 1476 3799 litt.
1509 3733 1582 3795 de‘
1612 3733 1673 3792 la
1706 3732 1958 3813 France,
1995 3734 2155 3805 VIII,
2181 3732 2351 3814 293.)

141 3974 233 4065 ξιθὲ
252 3977 501 4059 demiers
526 3977 775 4031 éditcurs
801 3976 869 4029 de
890 3977 946 4065 la
972 3973 1362 4065 Bibliotheque
1386 3974 1483 4027 des
1508 3974 1676 4065 Feres
1707 3979 1805 4065 qut
1830 3975 2020 4065 ajouté
2044 3986 2155 4065 ἔξω(
2184 3972 2350 4065 ecrits
2380 3970 2749 4065 de'Lanfranc
2766 3969 2994 4065 publica)

3032 3983 3137 4038 par
3177 3965 3322 4019 Dom

85 4043 311 4101 d’Acheri
350 4065 426 4102 un
468 4055 629 4102 autre
674 4046 939 4118 opusculo
984 4043 1207 4099 intitulé
1248 4038 1477 4098 S’crmon
1512 4062 1583 4098 ou
1615 4038 1897 4099 Sententiis
1947 4048 2010 4098 de
2041 4043 2317 4097 l’archcrét
2342 4059 2405 4095 uc
2436 4043 2732 4106 Lan/‘ranc.
2766 4038 2904 4093 Dom
2928 4038 3218 4097 d’Archer,
3252 4050 3326 4118 ne

86 4113 267 4165 l'avant
292 4120 590 4165 démnvert
618 4136 728 4165 mm
757 4119 879 4165 nlns
908 4117 976 4165 de
1002 4117 1175 4165 douze
1206 4133 1305 4165 ans
1337 4115 1497 4165 aures
1528 4115 1879 4165 avoirdonné
1909 4133 2009 4165 son
2048 4114 2278 4165 édition.
2312 4062 2498 4165 {’avait
2520 4111 2647 4165 déia
2668 4110 2854 4165 nublié
2886 4111 3029 4163 dans
3059 4124 3160 4162 son
3203 4108 3325 4165 Sm-

86 4113 267 4188 l'ayant
292 4120 590 4174 découvert
618 4113 728 4187 que
757 4119 879 4188 plus
908 4117 976 4170 de
1002 4117 1175 4169 douze
1206 4133 1313 4188 ansr
1337 4115 1497 4184 apres
1528 4115 1879 4188 avoirdonné
1909 4133 2010 4168 son
2048 4114 2278 4188 edition,

2335 4112 2498 4165 ’avait
2520 4111 2647 4189 déja
2668 4110 2854 4189 publ‘ié
2886 4111 3031 4189 dans
3059 4124 3166 4189 son
3203 4107 3325 4189 Spi:

86 4178 232 4260 ciliége
254 4194 290 4242 t.
328 4192 418 4255 1V.
454 4208 510 4260 p.
543 4178 664 4249 327',
696 4178 821 4252 θές,
848 4189 1131 4260 lorsqu’on
1154 4187 1346 4260 l’a_fait
1371 4178 1565 4260 entrer
1584 4187 1724 4260 dans
1750 4187 1949 4260 lq’au‘trle
1974 4186 2356 4260 recueil_.C’es_t_
2377 4200 2451 4241 un
2478 4178 3138 4260 cou_rt,'mais_excellent
3154 4178 3324 4260 tranite

88 4258 351 4329 ascétique,
375 4255 584 4315 oh-l’on
613 4261 899 4314 reconnait
921 4255 1195 4311 aisémcnt
1233 4258 1287 4311 la
1332 4258 1519 4327 plume
1561 4263 1617 4309 et
1646 4259 1701 4310 la
1725 4257 1870 4329 piété
1892 4257 1959 4309 de
1990 4256 2130 4329 celui
2159 4255 2296 4329 dont
2322 4256 2359 4307 il

2395 4259 2551 4339 porte
2581 4253 2631 4306 le
2646 4269 2810 4339 ‘nom‘.
2829 4253 3122 4337 ‘Lanfranc
3148 4267 3184 4339 γ

90 4341 148 4378 un
169 4322 636 4385 detailadmirable
661 4332 730 4383 de
760 4337 943 4383 toutes
973 4331 1054 4402 les
1086 4322 1420 4402 principales
1448 4322 1739 4402 pratiques
1760 4328 1854 4402 qui
1885 4334 2012 4380 sont
2037 4326 2377 4402 necessaires
2396 4322 2430 4377 ἒι
2447 4341 2523 4378 un
2545 4324 2729 4402 ascete
2753 4322 3324 4402 etraun‘moine‘pour

88 4402 737 4475 $0l_1_t_enir_dignementla
768 4401 1073 4475 profession
1105 4400 1391 4475 qu’_ilsont
1420 4399 1752 4475 embrassée.
1784 4400 1835 4475 ll_
1857 4416 1893 4468 y

1922 4399 2122 4450 touche
2151 4397 2184 4449 ἐι
2218 4398 2271 4449 la
2314 4398 2389 4448 ﬁn
2418 4412 2480 4448 ce
2512 4395 2645 4463 qu’il
2680 4395 2827 4448 avait
2856 4394 2985 4463 déja
3027 4392 3203 4446 établi
3251 4408 3325 4446 ou

89 4446 421 4543 quiil‘et‘abli?
1188 4446 1390 4523 lettres
1675 4446 2389 4543 “touchan-t'fidebat-istic:
2420 4446 2813 4543 qu’i‘l'estbon
2858 4446 2943 4518 de.
2958 4446 3181 4519 donner
3218 4479 3327 4517 aux

88 4539 294 4608 enfants,
326 4547 465 4599 mais
494 4536 588 4615 qui
620 4560 691 4599 ne
712 4545 835 4597 leur
863 4548 949 4596 est
969 4559 1067 4613 pas
1099 4542 1453 4594 absolument
1480 4536 1794 4594 nece'ssaire
1817 4556 1959 4609 pour
1984 4540 2035 4592 le
2061 4539 2209 4592 salut
2240 4544 2409 4595 avant
2433 4537 2576 4606 l’ﬁge
2600 4536 2669 4591 de
2689 4537 2903 4596 raison.

81 4715 819 4741 Ἠ

830 4727 1083 4739 ...ι-.-

827 4826 1389 4948 BEATI
1461 4823 2548 4955 LANPRANGI

501 5036 1116 5177 SEBMO
1218 5042 1493 5171 SIV
1525 5045 1613 5166 Ε
1701 5039 2585 5167 SENTENTI
2621 5034 2815 5165 ΛΕ.

153 5344 271 5405 Octo
293 5359 420 5409 sunt
443 5373 583 5427 quae,
609 5356 654 5410 si
678 5357 979 5426 diligenter
1004 5371 1038 5408 a
1059 5354 1337 5423 religiosis
1354 5354 1645 5406 observen-
1729 5358 1923 5413 neant,
1958 5367 2139 5420 neque
2166 5350 2235 5403 de
2256 5350 2352 5402 illo
2377 5349 2489 5402 ullo
2522 5347 2689 5400 modo
2720 5347 2841 5399 sine
2857 5342 3082 5397 licentia
3099 5346 3319 5410 exeant,

99 5436 188 5497 ίυτν
230 5454 323 5507 per
351 5441 547 5497 horum
580 5444 989 5498 observantiam
1022 5458 1134 5497 non
1165 5459 1285 5496 esse
1316 5459 1515 5511 segnes
1559 5442 1647 5494 sui
1729 5458 1910 5511 neque
1929 5440 2096 5493 etiam
2116 5438 2385 5503 tunc,nisi
2407 5434 2798 5489 rationabilem
2820 5448 3045 5487 causam
3058 5431 3321 5486 habeant.

99 5522 276 5579 ordinis
305 5534 571 5597 custodes,
609 5533 677 5587 ab
706 5534 776 5587 iis
821 5533 916 5603 qui
948 5548 1147 5587 sanum
1193 5532 1438 5601 sapiunt,
1488 5530 1648 5584 facile
1732 5530 2047 5583 Secundum
2076 5535 2180 5589 est,
2205 5533 2268 5580 ut
2299 5525 2585 5579 silentium
2614 5538 2777 5579 suum
2799 5522 3053 5576 districta
3073 5522 3323 5588 teneant,

98 5606 475 5675 iudicabuntur.
517 5622 769 5677 Primum
798 5627 902 5689 est,
942 5628 1008 5677 ut
1031 5623 1341 5675 claustrum
1372 5634 1535 5673 suum
1561 5624 1648 5671 te-
1731 5632 1831 5671 nec
1863 5617 2003 5672 illud
2023 5632 2125 5687 pro
2145 5616 2262 5669 ulla
2289 5615 2519 5669 omnino
2546 5629 2625 5679 re,
2661 5611 2773 5667 nisi
2798 5611 3147 5675 rationabilis
3172 5626 3330 5665 occa-

1481 5249 1885 5263 ----
