3920 6358
591 304 696 363 639
1543 311 1640 366 AD
1680 308 1919 365 OPERA
1955 308 2020 364 B.
2062 307 2477 367 LANFRANCI
2512 304 2902 367 APPENDIX.
3755 301 3845 362 610

586 430 673 485 sio
699 436 757 486 et
773 431 1113 490 inevitabilis
1135 435 1375 502 eveniat,
1407 434 1571 492 facile
1609 439 1895 506 rumpant.
1930 433 2179 489 Tertium
2197 433 2513 503 Ajucunda
2539 434 2604 488 ﬁt
2631 432 2901 501 laudatio,
2917 432 2965 488 si
2989 431 3139 505 quod
3158 448 3257 487 ore
3271 430 3734 502 canimus,opere
3744 443 3843 484 non

590 524 695 586 est,
720 527 785 576 ut
816 524 1030 578 nullam
1047 525 1451 595 proprietatem
1471 524 1736 589 habeant,
1764 540 1867 577 nec
1888 523 2057 577 etiam
2079 538 2178 593 per
2258 521 2823 593 impugnamus.Cum
2845 522 3122 593 psalmum
3138 521 3297 587 dicis,
3318 522 3477 591 cujus
3488 518 3663 574 verba
3676 519 3849 589 loque-

587 608 874 665 licentiam
904 614 1030 684 plus
1060 614 1268 668 habere
1280 626 1448 684 quam
1478 613 1779 667 necessitas
1802 612 2066 682 postulat,
2088 626 2178 663 ex-
2257 609 2337 665 ris
2364 626 2621 681 agnosce,
2655 616 2712 665 et
2739 610 2794 664 in
2823 610 3251 682 compunctione
3282 609 3461 680 magis
3480 607 3661 663 animi
3693 623 3845 677 quam

588 702 806 768 petant.
838 701 1113 764 Quartum
1162 707 1270 770 est,
1299 708 1360 756 ut
1395 701 1640 772 praelatis
1680 701 1797 754 suis
1824 699 1882 753 in
1917 699 2177 753 omnibus
2258 697 2319 753 in
2375 698 2627 752 tremulze
2661 698 2811 752 vocis
2862 698 3163 752 dulcedine
3200 698 3479 752 delectare
3510 713 3524 750 :
3574 696 3846 764 lacrymas

589 784 874 853 obediant,
909 789 1017 843 nisi
1043 790 1185 844 forte
1204 790 1379 860 (quod
1407 789 1553 844 absit
1576 789 1617 857 !)
1645 788 1716 842 iis
1744 787 1957 858 aliquid
1984 792 2180 841 contra
2259 785 2408 840 enim
2422 786 2712 856 psallentis
2733 787 2883 841 Deus
2909 786 3088 856 magis
3107 803 3276 857 quam
3304 785 3581 856 garritum
3599 798 3848 852 compro-

590 874 936 931 voluntatem
966 877 1066 931 Dei
1095 878 1451 948 praecipiant;
1482 882 1618 931 tunc
1642 877 1793 931 enim
1830 876 1985 930 nullo
2013 874 2179 928 modo
2258 872 2374 928 bat.
2403 875 2527 928 Non
2554 879 2712 929 vacet
2739 892 2898 929 mens
2921 881 3022 930 tua
3048 875 3107 930 in
3134 874 3301 930 variis
3313 870 3845 946 perturbationibus;

591 962 672 1015 eis
704 963 760 1016 in
789 964 895 1018 hac
933 981 994 1018 re
1038 964 1410 1020 obediendum
1440 970 1561 1030 est;
1608 964 1759 1035 quia,
1793 964 1938 1018 sicut
1984 962 2181 1017 beatus

589 1051 895 1121 Gregorius
913 1053 1010 1119 ait,
1026 1055 1236 1109 malum
1250 1060 1481 1125 propter
1497 1052 1871 1108 obedientiam
1892 1068 2178 1123 nunquam

588 1139 712 1194 fieri
732 1140 925 1208 debet;
957 1141 1166 1196 bonum
1186 1158 1317 1197 vero
1346 1141 1954 1213 aliquandointermitti
1972 1146 2175 1212 potest.

590 1227 861 1292 Quintum
888 1234 993 1295 est,
1036 1236 1100 1284 ut
1126 1247 1227 1301 pro
1260 1231 1417 1285 nulla
1444 1247 1631 1295 causa,
1664 1230 1883 1284 etiamsi
1912 1230 1993 1283 eis
2025 1230 2181 1301 justa

586 1313 864 1382 videatur,
907 1334 1261 1372 murmurare
1287 1320 1371 1372 vel
1408 1319 1813 1372 detractionem
1860 1318 2041 1373 facere
2087 1335 2182 1373 au-

589 1400 781 1470 deant,
803 1422 875 1459 ne
906 1422 1072 1460 omne
1094 1405 1325 1467 bonum,
1343 1408 1391 1461 si
1414 1407 1563 1477 quod
1579 1407 1761 1461 facere
1792 1407 2066 1469 videntur,
2081 1423 2183 1477 per

2263 962 2410 1034 quod
2430 963 2476 1017 si
2508 963 2721 1034 pectori
2734 970 2833 1018 tuo
2853 963 3180 1029 insederint,
3203 961 3653 1018 dominabuntur
3671 959 3778 1025 tui,
3798 964 3847 1013 et

2262 1051 2539 1105 deducent
2562 1056 2618 1106 te
2651 1052 2721 1106 ad
2749 1052 3015 1107 delictum
3040 1052 3369 1110 maximum.

2333 1139 2599 1206 Dixit....,
2638 1156 2835 1194 verum
2866 1140 3075 1195 Christi
3099 1140 3374 1212 templum
3403 1143 3488 1193 est
3518 1137 3721 1191 anima
3748 1151 3853 1188 cre-

2262 1227 2466 1281 dentis.
2499 1228 2680 1282 Etiam
2702 1229 2760 1282 in
2783 1228 3033 1283 minimis
3062 1234 3226 1283 caute
3248 1245 3351 1298 age
3377 1247 3388 1282 :
3430 1242 3543 1281 non
3566 1225 3727 1280 enim
3757 1223 3852 1276 mi-

2266 1318 2485 1371 nimum
2532 1317 2590 1370 in
2629 1318 2741 1371 vita
2788 1318 3001 1372 homini
3040 1318 3324 1389 negligere
3355 1316 3611 1371 minima.
3656 1312 3851 1368 Otiosaa

2264 1406 2438 1460 menti
2466 1405 2695 1475 maligni
2710 1406 2942 1476 spiritus
2962 1423 3160 1478 pravas
3177 1405 3542 1476 cogitationes
3571 1403 3847 1465 inserunt,

590 1493 739 1547 hanc
781 1494 1094 1564 nequitiam
1142 1496 1402 1566 perdant.
1450 1495 1678 1549 Sextum
1710 1500 1814 1559 est,
1854 1501 1919 1549 ut
1944 1496 2179 1550 invicem
2262 1500 2326 1548 ut
2362 1494 2408 1548 si
2448 1494 2697 1565 quiescat
2734 1495 2803 1548 ab
2841 1511 3028 1566 opere,
3063 1511 3174 1549 non
3214 1495 3466 1565 quiescat
3501 1509 3537 1546 a
3574 1491 3855 1546 malorum

589 1581 900 1636 secundum
930 1583 1107 1637 Deum
1139 1600 1199 1638 se
1228 1584 1484 1653 diligant,
1518 1589 1578 1637 et
1595 1601 1761 1638 omne
1789 1584 1999 1638 bonum
2030 1585 2180 1654 quod
2261 1596 2493 1654 operum
2523 1583 2910 1637 delectatione.
2937 1583 3140 1639 Omnia
3162 1599 3285 1654 quae
3311 1581 3724 1643 blandimento,
3744 1594 3857 1648 qua:

591 1668 801 1739 singuli
835 1669 939 1724 sibi
970 1670 1043 1725 ab
1090 1671 1218 1726 aliis
1248 1672 1497 1743 impendi
1525 1673 1866 1738 desiderant,
1914 1673 2020 1743 ipsi
2054 1673 2180 1727 aliis
2261 1672 2481 1725 occulta
2518 1671 2804 1726 voluntate
2827 1671 3080 1725 animum
3102 1672 3356 1737 trahunt,
3373 1669 3561 1740 rejice.
3585 1667 3712 1723 Ede
3729 1667 3860 1719 citra

592 1756 850 1812 hilariter
873 1764 930 1813 et
956 1776 1083 1814 cum
1119 1761 1326 1831 gaudio
1356 1761 1700 1832 impendant.
1735 1762 2045 1832 Septimum
2074 1767 2177 1829 est,
2198 1744 2242 1796 Β
2263 1761 2639 1825 saturitatem,
2659 1760 2786 1814 bibe
2815 1760 2958 1814 citra
2969 1759 3327 1825 ebrietatem;
3353 1774 3457 1812 nec
3486 1753 3859 1827 praesentibus

591 1849 658 1899 ut
677 1846 1041 1901 constitutum
1056 1848 1342 1902 servitium
1365 1849 1673 1903 secundum
1695 1865 1909 1903 morem
1927 1849 2182 1903 Ecclesiae

591 1948 727 1999 suae,
764 1934 811 1988 si
842 1938 1059 2005 possint
1086 1937 1337 2001 reddere,
1364 1954 1474 1991 non
1505 1937 1825 2007 negligant;
1873 1942 1931 1991 et
1971 1938 2030 1991 in
2078 1938 2183 1992 hoc

589 2022 809 2092 agendo
848 2023 1051 2079 intenti
1084 2031 1142 2079 et
1180 2042 1293 2079 non
1320 2026 1445 2096 vagi
1489 2026 1789 2093 assistant;
1823 2042 1894 2080 ne
1933 2026 2182 2095 vagando

589 2111 778 2165 oculos
825 2111 1024 2166 divinae
1054 2115 1386 2184 majestatis,
1440 2120 1571 2169 ante
1618 2115 1779 2185 cujus
1823 2118 2181 2186 conspectum

584 2198 850 2273 videntur
864 2201 1146 2267 assistere,
1166 2202 1471 2256 offendant.
1486 2203 1754 2257 Octavum
1786 2207 1886 2267 est,
1905 2207 1969 2257 ut
1981 2219 2180 2273 puram

589 2286 990 2341 confessionem
1010 2289 1080 2342 de
1099 2288 1358 2343 omnibus
1375 2290 1613 2360 peccatis
1624 2290 1741 2345 suis
1751 2290 1962 2344 faciant
1981 2303 1992 2336 :
2013 2306 2182 2360 quam

588 2381 783 2429 tamen
815 2375 1216 2430 confessionem
1248 2393 1362 2430 non
1393 2377 1597 2447 passim
1619 2377 1879 2431 omnibus
1899 2383 2064 2448 prout
2092 2378 2180 2432 cui

590 2461 839 2528 libuerit,
872 2463 979 2517 nisi
1001 2464 1393 2518 tantummodo
1422 2464 1540 2518 suis
1576 2465 1837 2535 praelatis,
1866 2466 1950 2518 vel
1981 2464 2183 2535 quibus

592 2551 761 2604 fidem
783 2552 999 2622 praelati
1023 2558 1356 2623 potestatem
1386 2553 1660 2619 tribuunt,
1680 2554 1903 2608 faciant.
1927 2554 2181 2623 Regnum

2263 1848 2481 1903 deliciis
2508 1848 2826 1912 inhaerebis,
2848 1865 2950 1902 nec
2979 1847 3238 1902 absentes
3274 1844 3647 1900 desiderabis.
3675 1843 3858 1898 Victus

2263 1937 2368 1991 tibi
2393 1954 2458 1990 ex
2490 1937 2639 1991 facili
2669 1937 2762 2000 sit,
2796 1953 2897 1990 nec
2925 1936 2996 1990 ad
3034 1936 3400 2005 voluptatem,
3434 1932 3532 1988 sed
3570 1932 3651 1988 ad
3681 1931 3857 1986 cibum

2268 2025 2488 2093 accede;
2516 2025 2796 2079 desideria
2812 2030 2914 2079 tua
2937 2041 3106 2095 parvo
3118 2021 3493 2092 redime,quia
3510 2022 3625 2076 hoc
3637 2025 3852 2075 tantum

2263 2130 2460 2169 curare
2481 2113 2649 2168 debes
2674 2118 2739 2167 ut
2756 2112 3040 2167 desinant.
3066 2111 3301 2165 Gravior
3319 2110 3603 2182 appetitus
3635 2125 3706 2163 ex
3728 2107 3858 2162 indi-

2265 2203 2534 2273 gnatione
2562 2202 2739 2256 nimia
2766 2201 3034 2266 nascitur,
3071 2216 3235 2271 quem
3262 2203 3499 2269 acceptae
3518 2199 3854 2269 plerumque

2263 2291 2519 2345 accendit
2540 2290 2617 2361 inj
2626 2290 2762 2344 urite
2782 2290 2959 2343 dolor.
2979 2289 3131 2344 Nulli
3152 2294 3239 2342 est
3253 2288 3613 2358 aliquatenus
3636 2285 3858 2355 abigen-

2262 2379 2397 2433 dum
2429 2394 2888 2449 unumquemque
2916 2377 3166 2431 fidelium
3209 2375 3455 2446 corporis
3484 2380 3544 2429 et
3564 2373 3855 2444 sanguinis

2263 2467 2539 2522 Dominici
2567 2472 2702 2521 tunc
2734 2483 2860 2520 esse
2890 2466 3238 2537 participem,
3274 2481 3401 2518 cum
3440 2464 3498 2517 in
3521 2463 3855 2534 baptismate

2264 2555 2581 2610 membrum
2610 2555 2851 2610 efficitur
2878 2554 3126 2626 corporis
3156 2553 3384 2620 Christi,
3407 2568 3510 2606 nec
3539 2551 3782 2605 alienari
3793 2549 3852 2603 ab

594 2638 703 2693 Dei
733 2645 793 2693 et
811 2640 1091 2709 justitiam
1116 2642 1235 2710 ejus
1273 2658 1542 2713 quaerere,
1587 2647 1673 2695 est
1701 2642 1939 2696 caelestis
1984 2643 2180 2712 patriae
2266 2644 2418 2698 illius
2444 2644 2607 2716 panis
2647 2643 2946 2713 calicisque
2997 2642 3295 2705 consortio,
3349 2650 3407 2694 et
3444 2639 3513 2704 si,
3556 2645 3853 2709 antequam

596 2720 749 2781 bona
776 2728 1117 2796 desiderare,
1153 2734 1210 2783 et
1239 2728 1439 2800 quibus
1460 2729 1694 2799 justitiae
1723 2729 1937 2783 meritis
1974 2729 2045 2783 ad
2076 2730 2182 2784 hoc
2269 2749 2473 2804 panem
2521 2732 2681 2786 illum
2719 2730 2978 2786 comedat
3031 2730 3374 2800 calicemque
3410 2727 3592 2795 bibat,
3643 2729 3715 2783 de
3765 2728 3857 2783 hoc

591 2816 870 2887 perveniri
899 2816 1101 2871 debeat
1127 2817 1511 2874 indesinenter
1543 2818 1846 2889 inquiram.
1892 2819 2102 2873 Docere
2131 2823 2188 2873 et
2270 2821 2471 2876 saeculo
2498 2820 2841 2892 migraverit,
2876 2820 2935 2873 in
2962 2819 3181 2873 unitate
3208 2817 3456 2888 corporis
3489 2816 3707 2872 Christi
3731 2831 3854 2871 con-

593 2923 709 2962 non
737 2908 1036 2963 conviciari
1059 2910 1384 2980 ignorantes
1412 2909 1698 2975 debemus,
1722 2910 1868 2964 sicut
1886 2926 2057 2964 caecos
2073 2927 2186 2964 non
2269 2908 2493 2976 stituto;
2543 2907 2880 2963 sacramenti
2914 2923 3137 2978 quoque
3159 2906 3311 2960 illius
3334 2904 3775 2976 participatione
3802 2920 3857 2957 ac

595 2996 995 3065 conviciamur,
1025 2998 1123 3052 sed
1161 3014 1332 3052 manu
1360 2998 1636 3055 ducimus.
1678 2999 1899 3063 Quanto
1940 2999 2185 3068 graviori
2267 2997 2536 3051 beneﬁcio
2566 3013 2680 3051 non
2709 2997 2978 3070 privatur,
3020 3012 3148 3051 cum
3179 2995 3239 3048 in
3278 3010 3339 3048 se
3386 2993 3494 3047 hoc
3525 2994 3683 3065 quod
3728 2992 3852 3047 illud

601 3086 852 3139 tumultu
880 3086 1282 3156 cogitationum
1314 3087 1626 3142 carnalium
1660 3088 1991 3158 premimur,
2025 3093 2184 3144 tanto
2265 3091 2682 3140 sacramentum
2710 3085 3007 3157 significat,
3043 3083 3325 3141 invenitur
3352 3082 3587 3140 habere.

595 3174 838 3228 orationi
880 3175 1171 3229 ardentius
1213 3175 1476 3230 insistere
1512 3175 1798 3232 debemus.
1843 3177 1959 3231 Deo
1996 3169 2249 3233 nostroC

1026 3720 1181 3816 AD
1243 3722 2040 3819 lLLUSTRANDA
2124 3723 2225 3817 B.
2296 3723 2957 3819 LANFRANCI
3026 3726 3441 3818 OPERA.

1392 4018 1940 4113 CHRONICON
1999 4017 2512 4112 BECGENSIS
2577 4016 3071 4133 ABBATIJE,

894 4177 992 4238 Ab
1022 4179 1151 4260 zjusa
1176 4178 1530 4260 fundatz'one
1558 4177 1640 4239 ad
1665 4197 1765 4239 an.
1802 4182 1981 4255 1467,
2017 4196 2091 4238 ea:
2123 4177 2311 4237 veteri
2333 4176 2735 4257 manuscripto
2764 4173 2960 4235 codice
2993 4171 3259 4252 ejusdem
3289 4166 3558 4231 cwnobz'i.
3638 4232 3649 4241 κ

677 4448 716 4509 Ι
758 4445 921 4498 Anno
940 4442 1012 4497 ab
1030 4443 1421 4498 Incarnatione
1444 4444 1669 4499 Domini
1687 4443 1846 4510 4035,
1867 4444 2093 4498 Henrici
2104 4459 2190 4497 re-
2208 4444 2255 4503 D
2270 4441 2544 4512 originem
2568 4440 2730 4495 duxit
2751 4444 2914 4510 pater
2932 4439 3053 4508 ejus
3075 4454 3090 4502 ;
3109 4442 3294 4491 mater
3312 4441 3503 4490 autem
3523 4436 3650 4506 ejus
3684 4430 3856 4507 proxi-

596 4531 684 4602 gis
706 4532 1052 4586 Francorum
1080 4532 1228 4585 anno
1260 4539 1479 4602 quarto,
1509 4533 1773 4598 Roberto,
1812 4533 1924 4586 tilio
1953 4531 2185 4586 secundi
2267 4546 2421 4584 mam
2476 4529 2682 4583 ducum
2724 4527 3001 4583 Flandriaa
3041 4525 3589 4595 consanguinitatem
3657 4522 3851 4592 attigit.

596 4619 880 4686 Richardi,
924 4625 983 4673 et
1027 4620 1200 4673 fratre
1246 4620 1402 4674 tertii
1442 4621 1705 4674 Richardi
1751 4621 1997 4676 habenas
2041 4622 2187 4675 Nor-
2266 4620 2550 4689 Ansgotus
2586 4618 2701 4683 ille,
2735 4617 2843 4670 ista
2884 4617 3103 4686 llelloys
3134 4631 3338 4668 nomen
3384 4612 3647 4667 habebat.
3691 4612 3854 4676 Quem

593 4708 902 4762 thmannia:
926 4707 1298 4779 gubernante,
1319 4710 1621 4763 Herluinus
1640 4711 1968 4764 venerandae
1988 4709 2190 4764 sancti-

592 4797 730 4853 tatis
758 4796 932 4852 abbas
979 4797 1271 4851 Beccensis
1301 4797 1556 4852 Ecclesiae
1603 4798 1837 4869 primus,
1880 4798 2189 4869 inspirante

590 4886 834 4942 Domino
865 4891 1057 4941 nostro
1087 4887 1219 4940 Jesu
1250 4887 1473 4941 Christo
1505 4888 1757 4942 omnium
1787 4887 2062 4942 bonorum
2093 4904 2190 4941 au-

591 4981 766 5041 ctore,
799 4975 1110 5047 postposita
1136 4975 1428 5030 nobilitate
1456 4982 1699 5041 terrena,
1718 4993 1829 5046 qua
1854 4976 1992 5030 satis
2021 4976 2187 5046 polle-

596 5065 709 5133 bat,
740 5064 957 5135 abjecta
991 5064 1178 5118 saeculi
1218 5082 1441 5136 pompa,
1487 5082 1599 5135 qua
1649 5071 1780 5118 ante
1832 5081 1947 5118 non
1986 5080 2186 5135 parum

585 5154 743 5224 justa
771 5153 1000 5208 modum
1028 5169 1196 5206 suum
1235 5154 1522 5218 ﬂoruerat,
1550 5154 1813 5223 fastuque
1838 5161 2064 5207 terreno
2094 5169 2183 5207 re-

589 5242 744 5309 licto,
774 5243 880 5296 hoc
909 5257 1058 5296 anno
1094 5242 1318 5311 cingulo
1356 5241 1570 5294 militiae
1599 5240 1873 5310 deposito,
1893 5240 1963 5294 ad
1976 5241 2183 5295 Christi

593 5335 986 5402 paupertatem
1010 5336 1128 5385 tota
1163 5330 1457 5384 devotione
1505 5345 1565 5382 se
1611 5329 1865 5394 contulit,
1893 5334 1968 5395 et,
1999 5336 2060 5383 ut
2085 5330 2187 5383 soli

593 5421 712 5475 Deo
741 5420 971 5477 liberius
1008 5426 1250 5485 vacaret,
1284 5420 1405 5473 sola
1451 5417 1552 5473 Dei
1593 5417 1892 5472 dilectione
1930 5417 2187 5473 habitum

595 5508 984 5563 monachalem
1014 5525 1140 5563 cum
1158 5507 1366 5579 gaudio
1392 5507 1653 5578 suscepit.

667 5597 715 5650 A
744 5597 936 5664 Danis,
970 5598 1065 5668 qui
1102 5597 1271 5669 primi
1298 5596 1771 5654 Northmanniam
1801 5596 2184 5664 obtinuerunt,

2271 4711 2594 4765 Guilbertus
2628 4709 2950 4764 Brionensis
2978 4725 3184 4772 comes,
3218 4707 3387 4777 primi
3414 4706 3683 4760 Richardi
3721 4705 3855 4759 Nor-

2271 4802 2672 4854 thmannorum
2693 4797 2848 4852 ducis
2863 4814 3036 4868 nepos
3050 4814 3113 4850 ex
3136 4797 3251 4850 lilio
3280 4795 3510 4850 consule
3540 4792 3851 4854 Godefrido,

2270 4888 2431 4943 illum
2464 4888 2773 4942 enutritum
2820 4903 2990 4958 penes
3019 4902 3079 4939 se
3109 4886 3258 4939 inter
3298 4900 3492 4938 omnes
3541 4883 3715 4937 curiae
3752 4896 3854 4934 sua:

2269 4978 2541 5048 primates
2560 4975 2759 5030 habuit
2783 4975 3187 5046 acceptissime.
3219 4973 3437 5027 Habilis
3472 4971 3565 5025 ille
3607 4972 3680 5025 ad
3707 4983 3853 5024 arma

2268 5066 2570 5138 plurimum
2597 5071 2737 5129 erat,
2753 5081 2856 5119 nec
2885 5064 3102 5117 minore
3119 5080 3184 5117 ea
3206 5061 3564 5116 animositate
3582 5057 3849 5129 gestabat.

2268 5155 2474 5209 Omnes
2522 5153 2772 5208 omnium
2803 5152 2978 5207 totius
3019 5151 3446 5206 Northmanniae
3494 5149 3775 5218 majorum
3802 5144 3850 5198 in

2264 5243 2456 5297 electis
2485 5242 2642 5297 illum
2672 5241 2972 5295 habebant.
2990 5242 3055 5295 In
3084 5240 3255 5294 armis
3282 5239 3575 5308 omnisque
3603 5237 3688 5290 rei
3713 5233 3851 5289 mili-

2268 5332 2409 5386 taris
2434 5348 2539 5385 usu
2570 5336 2628 5384 et
2653 5332 2807 5385 cultu
2835 5330 3085 5401 corporis
3114 5329 3203 5383 sui
3235 5326 3588 5382 attollebant.
3611 5324 3774 5380 Domi
3801 5326 3849 5374 et

2271 5421 2484 5475 militia;
2501 5420 2948 5475 commilitonum
2967 5435 3196 5473 suorum
3210 5415 3705 5489 praestantissimus
3716 5414 3843 5467 erat.

2271 5509 2485 5575 Quibus
2514 5510 2584 5563 de
2605 5509 2793 5574 rebus,
2825 5524 2939 5564 non
2961 5507 3144 5562 solum
3176 5506 3521 5576 singularem
3539 5501 3749 5559 domini
3767 5495 3844 5552 sui

2272 5598 2593 5654 obtinuerat
2639 5598 2907 5665 favorem,
2964 5612 3163 5651 verum
3216 5601 3275 5651 et
3327 5593 3473 5665 apud
3524 5592 3838 5649 Robertum,
