  <div class='ocr_page' id='page_1' title='image "/cluster/home/n/w/nwhite01/storage/ocr_20150623/150/umn.31951002477443u/378.png"; bbox 0 0 3920 6380; ppageno 0'>
   <div class='ocr_carea' id='block_1_1' title="bbox 80 363 179 420">
    <p class='ocr_par' dir='ltr' id='par_1_1' title="bbox 80 363 179 420">
     <span class='ocr_line' id='line_1_1' title="bbox 80 363 179 420; baseline 0 -1"><span class='ocrx_word' id='word_1_1' title='bbox 80 363 179 420; x_wconf 63' lang='grc'>611</span> 
     </span>
    </p>
   </div>
   <div class='ocr_carea' id='block_1_2' title="bbox 1287 358 2137 418">
    <p class='ocr_par' dir='ltr' id='par_1_2' title="bbox 1287 358 2137 418">
     <span class='ocr_line' id='line_1_2' title="bbox 1287 358 2137 418; baseline -0.004 -1"><span class='ocrx_word' id='word_1_2' title='bbox 1287 363 1379 417; x_wconf 87' lang='lat' dir='ltr'>CH</span> <span class='ocrx_word' id='word_1_3' title='bbox 1388 360 1713 418; x_wconf 79' lang='lat' dir='ltr'>RONICON</span> <span class='ocrx_word' id='word_1_4' title='bbox 1750 358 2137 418; x_wconf 84' lang='lat' dir='ltr'>BECCENSE.</span> 
     </span>
    </p>
   </div>
   <div class='ocr_carea' id='block_1_3' title="bbox 3242 362 3350 423">
    <p class='ocr_par' dir='ltr' id='par_1_3' title="bbox 3242 362 3350 423">
     <span class='ocr_line' id='line_1_3' title="bbox 3242 362 3350 423; baseline 0.019 -2"><span class='ocrx_word' id='word_1_5' title='bbox 3242 362 3350 423; x_wconf 72' lang='grc'>642</span> 
     </span>
    </p>
   </div>
   <div class='ocr_carea' id='block_1_4' title="bbox 79 482 3352 559">
    <p class='ocr_par' dir='ltr' id='par_1_4' title="bbox 79 482 3352 559">
     <span class='ocr_line' id='line_1_4' title="bbox 79 482 3352 559; baseline 0.002 -17"><span class='ocrx_word' id='word_1_6' title='bbox 79 487 257 542; x_wconf 81' lang='lat' dir='ltr'>totius</span> <span class='ocrx_word' id='word_1_7' title='bbox 274 484 698 541; x_wconf 69' lang='lat' dir='ltr'>Northmannize</span> <span class='ocrx_word' id='word_1_8' title='bbox 719 484 938 552; x_wconf 91' lang='lat' dir='ltr'>ducem,</span> <span class='ocrx_word' id='word_1_9' title='bbox 970 489 1028 539; x_wconf 93' lang='lat' dir='ltr'>et</span> <span class='ocrx_word' id='word_1_10' title='bbox 1047 485 1196 556; x_wconf 87' lang='lat' dir='ltr'>apud</span> <span class='ocrx_word' id='word_1_11' title='bbox 1222 490 1542 541; x_wconf 80' lang='lat' dir='ltr'>exterarum</span> <span class='ocrx_word' id='word_1_12' title='bbox 1573 485 1674 540; x_wconf 89' lang='lat' dir='ltr'>do-</span> <span class='ocrx_word' id='word_1_13' title='bbox 1690 485 1743 544; x_wconf 88' lang='lat' dir='ltr'><strong>A</strong></span> <span class='ocrx_word' id='word_1_14' title='bbox 1763 484 2187 555; x_wconf 83' lang='lat' dir='ltr'>peritissimum,</span> <span class='ocrx_word' id='word_1_15' title='bbox 2216 482 2418 537; x_wconf 89' lang='lat' dir='ltr'>deinde</span> <span class='ocrx_word' id='word_1_16' title='bbox 2445 484 2775 539; x_wconf 88' lang='lat' dir='ltr'>Anselmum</span> <span class='ocrx_word' id='word_1_17' title='bbox 2814 485 2996 540; x_wconf 90' lang='lat' dir='ltr'>virum</span> <span class='ocrx_word' id='word_1_18' title='bbox 3023 503 3125 559; x_wconf 92' lang='lat' dir='ltr'>per</span> <span class='ocrx_word' id='word_1_19' title='bbox 3160 493 3352 548; x_wconf 83' lang='lat' dir='ltr'>omnia</span> 
     </span>
    </p>
   </div>
   <div class='ocr_carea' id='block_1_5' title="bbox 80 573 1675 646">
    <p class='ocr_par' dir='ltr' id='par_1_5' title="bbox 80 573 1675 646">
     <span class='ocr_line' id='line_1_5' title="bbox 80 573 1675 646; baseline -0.001 -17"><span class='ocrx_word' id='word_1_20' title='bbox 80 575 267 629; x_wconf 91' lang='lat' dir='ltr'>minos</span> <span class='ocrx_word' id='word_1_21' title='bbox 302 574 593 644; x_wconf 88' lang='lat' dir='ltr'>regionum</span> <span class='ocrx_word' id='word_1_22' title='bbox 619 580 917 644; x_wconf 84' lang='lat' dir='ltr'>pepererat</span> <span class='ocrx_word' id='word_1_23' title='bbox 952 573 1060 628; x_wconf 89' lang='lat' dir='ltr'>sibi</span> <span class='ocrx_word' id='word_1_24' title='bbox 1114 590 1319 629; x_wconf 88' lang='lat' dir='ltr'>nomen</span> <span class='ocrx_word' id='word_1_25' title='bbox 1366 575 1675 646; x_wconf 89' lang='lat' dir='ltr'>plurimum</span> 
     </span>
    </p>
   </div>
   <div class='ocr_carea' id='block_1_6' title="bbox 82 660 820 716">
    <p class='ocr_par' dir='ltr' id='par_1_6' title="bbox 82 660 820 716">
     <span class='ocr_line' id='line_1_6' title="bbox 82 660 820 716; baseline -0.003 0"><span class='ocrx_word' id='word_1_26' title='bbox 82 668 138 716; x_wconf 89' lang='lat' dir='ltr'>et</span> <span class='ocrx_word' id='word_1_27' title='bbox 155 676 441 716; x_wconf 88' lang='lat' dir='ltr'>accessum</span> <span class='ocrx_word' id='word_1_28' title='bbox 464 660 820 715; x_wconf 83' lang='lat' dir='ltr'>familiarem.</span> 
     </span>
    </p>
   </div>
   <div class='ocr_carea' id='block_1_7' title="bbox 151 748 1677 830">
    <p class='ocr_par' dir='ltr' id='par_1_7' title="bbox 151 748 1677 830">
     <span class='ocr_line' id='line_1_7' title="bbox 151 748 1677 830; baseline -0.001 -25"><span class='ocrx_word' id='word_1_29' title='bbox 151 751 261 830; x_wconf 74' lang='lat' dir='ltr'>Hic</span> <span class='ocrx_word' id='word_1_30' title='bbox 281 749 413 805; x_wconf 87' lang='lat' dir='ltr'>talis</span> <span class='ocrx_word' id='word_1_31' title='bbox 443 754 502 804; x_wconf 91' lang='lat' dir='ltr'>et</span> <span class='ocrx_word' id='word_1_32' title='bbox 524 754 714 805; x_wconf 87' lang='lat' dir='ltr'>tantus</span> <span class='ocrx_word' id='word_1_33' title='bbox 736 750 819 803; x_wconf 90' lang='lat' dir='ltr'>vir</span> <span class='ocrx_word' id='word_1_34' title='bbox 835 766 963 804; x_wconf 91' lang='lat' dir='ltr'>cum</span> <span class='ocrx_word' id='word_1_35' title='bbox 991 750 1215 821; x_wconf 77' lang='lat' dir='ltr'>praediis</span> <span class='ocrx_word' id='word_1_36' title='bbox 1242 755 1301 805; x_wconf 92' lang='lat' dir='ltr'>et</span> <span class='ocrx_word' id='word_1_37' title='bbox 1320 748 1677 805; x_wconf 86' lang='lat' dir='ltr'>facultatibus</span> 
     </span>
    </p>
   </div>
   <div class='ocr_carea' id='block_1_8' title="bbox 81 831 1677 895">
    <p class='ocr_par' dir='ltr' id='par_1_8' title="bbox 81 831 1677 895">
     <span class='ocr_line' id='line_1_8' title="bbox 81 831 1677 895; baseline -0.001 -1"><span class='ocrx_word' id='word_1_38' title='bbox 81 839 148 894; x_wconf 89' lang='lat' dir='ltr'>ad</span> <span class='ocrx_word' id='word_1_39' title='bbox 180 844 398 894; x_wconf 87' lang='lat' dir='ltr'>statum</span> <span class='ocrx_word' id='word_1_40' title='bbox 434 831 834 893; x_wconf 78' lang='lat' dir='ltr'>monachorum</span> <span class='ocrx_word' id='word_1_41' title='bbox 865 838 1054 893; x_wconf 87' lang='lat' dir='ltr'>venire</span> <span class='ocrx_word' id='word_1_42' title='bbox 1081 840 1379 895; x_wconf 81' lang='lat' dir='ltr'>desiderat.</span> <span class='ocrx_word' id='word_1_43' title='bbox 1414 841 1477 895; x_wconf 91' lang='lat' dir='ltr'>In</span> <span class='ocrx_word' id='word_1_44' title='bbox 1505 839 1677 893; x_wconf 88' lang='lat' dir='ltr'>fundo</span> 
     </span>
    </p>
   </div>
   <div class='ocr_carea' id='block_1_9' title="bbox 77 926 1677 999">
    <p class='ocr_par' dir='ltr' id='par_1_9' title="bbox 77 926 1677 999">
     <span class='ocr_line' id='line_1_9' title="bbox 77 926 1677 999; baseline -0.002 -17"><span class='ocrx_word' id='word_1_45' title='bbox 77 927 225 997; x_wconf 81' lang='lat' dir='ltr'>juris</span> <span class='ocrx_word' id='word_1_46' title='bbox 255 927 345 982; x_wconf 91' lang='lat' dir='ltr'>sui</span> <span class='ocrx_word' id='word_1_47' title='bbox 370 927 467 999; x_wconf 88' lang='lat' dir='ltr'>qui</span> <span class='ocrx_word' id='word_1_48' title='bbox 497 927 816 981; x_wconf 90' lang='lat' dir='ltr'>Burnevilla</span> <span class='ocrx_word' id='word_1_49' title='bbox 836 926 1059 993; x_wconf 90' lang='lat' dir='ltr'>dicitur,</span> <span class='ocrx_word' id='word_1_50' title='bbox 1088 927 1235 982; x_wconf 87' lang='lat' dir='ltr'><strong>haud</strong></span> <span class='ocrx_word' id='word_1_51' title='bbox 1256 928 1498 999; x_wconf 87' lang='lat' dir='ltr'>procula</span> <span class='ocrx_word' id='word_1_52' title='bbox 1518 926 1677 981; x_wconf 91' lang='lat' dir='ltr'>Brio-</span> 
     </span>
    </p>
   </div>
   <div class='ocr_carea' id='block_1_10' title="bbox 83 1014 1678 1091">
    <p class='ocr_par' dir='ltr' id='par_1_10' title="bbox 83 1014 1678 1091">
     <span class='ocr_line' id='line_1_10' title="bbox 83 1014 1678 1091; baseline -0.001 -21"><span class='ocrx_word' id='word_1_53' title='bbox 83 1017 195 1082; x_wconf 90' lang='lat' dir='ltr'>nio,</span> <span class='ocrx_word' id='word_1_54' title='bbox 236 1016 423 1091; x_wconf 81' lang='lat' dir='ltr'>volens</span> <span class='ocrx_word' id='word_1_55' title='bbox 442 1014 754 1070; x_wconf 68' lang='lat' dir='ltr'>coenobium</span> <span class='ocrx_word' id='word_1_56' title='bbox 786 1021 1130 1082; x_wconf 82' lang='lat' dir='ltr'>construere,</span> <span class='ocrx_word' id='word_1_57' title='bbox 1175 1016 1462 1071; x_wconf 78' lang='lat' dir='ltr'>ecclesiam</span> <span class='ocrx_word' id='word_1_58' title='bbox 1510 1014 1678 1070; x_wconf 71' lang='lat' dir='ltr'>aelidi-</span> 
     </span>
    </p>
   </div>
   <div class='ocr_carea' id='block_1_11' title="bbox 82 1102 1684 1174">
    <p class='ocr_par' dir='ltr' id='par_1_11' title="bbox 82 1102 1684 1174">
     <span class='ocr_line' id='line_1_11' title="bbox 82 1102 1684 1174; baseline -0.001 -17"><span class='ocrx_word' id='word_1_59' title='bbox 82 1104 229 1158; x_wconf 85' lang='lat' dir='ltr'>cavit</span> <span class='ocrx_word' id='word_1_60' title='bbox 246 1102 307 1156; x_wconf 90' lang='lat' dir='ltr'>in</span> <span class='ocrx_word' id='word_1_61' title='bbox 332 1103 546 1157; x_wconf 84' lang='lat' dir='ltr'><strong>honore</strong></span> <span class='ocrx_word' id='word_1_62' title='bbox 576 1107 781 1157; x_wconf 73' lang='lat' dir='ltr'>sanctae</span> <span class='ocrx_word' id='word_1_63' title='bbox 801 1103 1009 1168; x_wconf 77' lang='lat' dir='ltr'>Mariae,</span> <span class='ocrx_word' id='word_1_64' title='bbox 1052 1103 1239 1174; x_wconf 90' lang='lat' dir='ltr'>ibique</span> <span class='ocrx_word' id='word_1_65' title='bbox 1270 1103 1558 1174; x_wconf 84' lang='lat' dir='ltr'>religionis</span> <span class='ocrx_word' id='word_1_66' title='bbox 1588 1102 1684 1155; x_wconf 86' lang='lat' dir='ltr'>ha-</span> 
     </span>
    </p>
   </div>
   <div class='ocr_carea' id='block_1_12' title="bbox 82 1190 1685 1263">
    <p class='ocr_par' dir='ltr' id='par_1_12' title="bbox 82 1190 1685 1263">
     <span class='ocr_line' id='line_1_12' title="bbox 82 1190 1685 1263; baseline 0 -19"><span class='ocrx_word' id='word_1_67' title='bbox 82 1191 281 1246; x_wconf 90' lang='lat' dir='ltr'>bitum-</span> <span class='ocrx_word' id='word_1_68' title='bbox 295 1191 541 1262; x_wconf 89' lang='lat' dir='ltr'>suscepit</span> <span class='ocrx_word' id='word_1_69' title='bbox 564 1190 635 1244; x_wconf 88' lang='lat' dir='ltr'>ab</span> <span class='ocrx_word' id='word_1_70' title='bbox 664 1191 921 1263; x_wconf 91' lang='lat' dir='ltr'>episcopo</span> <span class='ocrx_word' id='word_1_71' title='bbox 941 1192 1567 1257; x_wconf 86' lang='lat' dir='ltr'>Lexoviensi,Herberto</span> <span class='ocrx_word' id='word_1_72' title='bbox 1586 1207 1685 1244; x_wconf 89' lang='lat' dir='ltr'>no-</span> 
     </span>
    </p>
   </div>
   <div class='ocr_carea' id='block_1_13' title="bbox 83 1281 1685 1353">
    <p class='ocr_par' dir='ltr' id='par_1_13' title="bbox 83 1281 1685 1353">
     <span class='ocr_line' id='line_1_13' title="bbox 83 1281 1685 1353; baseline -0.001 -17"><span class='ocrx_word' id='word_1_73' title='bbox 83 1283 259 1349; x_wconf 87' lang='lat' dir='ltr'>mine,</span> <span class='ocrx_word' id='word_1_74' title='bbox 287 1282 529 1336; x_wconf 82' lang='lat' dir='ltr'>maxime</span> <span class='ocrx_word' id='word_1_75' title='bbox 553 1282 868 1337; x_wconf 85' lang='lat' dir='ltr'>sanctitatis</span> <span class='ocrx_word' id='word_1_76' title='bbox 896 1283 1033 1348; x_wconf 91' lang='lat' dir='ltr'>viro,</span> <span class='ocrx_word' id='word_1_77' title='bbox 1053 1282 1482 1353; x_wconf 84' lang='lat' dir='ltr'>quadragesimo</span> <span class='ocrx_word' id='word_1_78' title='bbox 1505 1281 1685 1337; x_wconf 64' lang='lat' dir='ltr'>aetatis</span> 
     </span>
    </p>
   </div>
   <div class='ocr_carea' id='block_1_14' title="bbox 85 1370 1689 1442">
    <p class='ocr_par' dir='ltr' id='par_1_14' title="bbox 85 1370 1689 1442">
     <span class='ocr_line' id='line_1_14' title="bbox 85 1370 1689 1442; baseline -0.001 -17"><span class='ocrx_word' id='word_1_79' title='bbox 85 1388 200 1426; x_wconf 66' lang='lat' dir='ltr'>sua:</span> <span class='ocrx_word' id='word_1_80' title='bbox 229 1387 399 1438; x_wconf 79' lang='lat' dir='ltr'>anno,</span> <span class='ocrx_word' id='word_1_81' title='bbox 429 1370 736 1441; x_wconf 90' lang='lat' dir='ltr'>devoteque</span> <span class='ocrx_word' id='word_1_82' title='bbox 756 1371 1028 1442; x_wconf 75' lang='lat' dir='ltr'>portavit;</span> <span class='ocrx_word' id='word_1_83' title='bbox 1053 1388 1156 1425; x_wconf 91' lang='lat' dir='ltr'>nec</span> <span class='ocrx_word' id='word_1_84' title='bbox 1173 1371 1349 1426; x_wconf 91' lang='lat' dir='ltr'>multo</span> <span class='ocrx_word' id='word_1_85' title='bbox 1369 1376 1496 1442; x_wconf 91' lang='lat' dir='ltr'>post</span> <span class='ocrx_word' id='word_1_86' title='bbox 1511 1371 1581 1423; x_wconf 89' lang='lat' dir='ltr'>ab</span> <span class='ocrx_word' id='word_1_87' title='bbox 1599 1386 1689 1424; x_wconf 91' lang='lat' dir='ltr'>eo-</span> 
     </span>
    </p>
   </div>
   <div class='ocr_carea' id='block_1_15' title="bbox 85 1458 1686 1530">
    <p class='ocr_par' dir='ltr' id='par_1_15' title="bbox 85 1458 1686 1530">
     <span class='ocr_line' id='line_1_15' title="bbox 85 1458 1686 1530; baseline -0.001 -17"><span class='ocrx_word' id='word_1_88' title='bbox 85 1460 213 1514; x_wconf 90' lang='lat' dir='ltr'>dem</span> <span class='ocrx_word' id='word_1_89' title='bbox 240 1459 483 1530; x_wconf 72' lang='lat' dir='ltr'>przesule</span> <span class='ocrx_word' id='word_1_90' title='bbox 513 1459 772 1513; x_wconf 89' lang='lat' dir='ltr'>sacerdos</span> <span class='ocrx_word' id='word_1_91' title='bbox 792 1459 1084 1513; x_wconf 89' lang='lat' dir='ltr'>ordinatus</span> <span class='ocrx_word' id='word_1_92' title='bbox 1096 1465 1181 1513; x_wconf 92' lang='lat' dir='ltr'>est</span> <span class='ocrx_word' id='word_1_93' title='bbox 1204 1465 1262 1514; x_wconf 91' lang='lat' dir='ltr'>et</span> <span class='ocrx_word' id='word_1_94' title='bbox 1283 1459 1454 1513; x_wconf 88' lang='lat' dir='ltr'>abbas</span> <span class='ocrx_word' id='word_1_95' title='bbox 1482 1458 1686 1513; x_wconf 87' lang='lat' dir='ltr'>consti-</span> 
     </span>
    </p>
   </div>
   <div class='ocr_carea' id='block_1_16' title="bbox 83 1546 1684 1619">
    <p class='ocr_par' dir='ltr' id='par_1_16' title="bbox 83 1546 1684 1619">
     <span class='ocr_line' id='line_1_16' title="bbox 83 1546 1684 1619; baseline 0 -18"><span class='ocrx_word' id='word_1_96' title='bbox 83 1554 265 1615; x_wconf 91' lang='lat' dir='ltr'>tutus,</span> <span class='ocrx_word' id='word_1_97' title='bbox 298 1548 448 1619; x_wconf 88' lang='lat' dir='ltr'>quia,</span> <span class='ocrx_word' id='word_1_98' title='bbox 485 1552 714 1618; x_wconf 84' lang='lat' dir='ltr'>prOpter</span> <span class='ocrx_word' id='word_1_99' title='bbox 742 1552 1129 1618; x_wconf 85' lang='lat' dir='ltr'>paupertatem</span> <span class='ocrx_word' id='word_1_100' title='bbox 1156 1547 1262 1602; x_wconf 93' lang='lat' dir='ltr'>loci</span> <span class='ocrx_word' id='word_1_101' title='bbox 1289 1548 1457 1614; x_wconf 90' lang='lat' dir='ltr'>illius,</span> <span class='ocrx_word' id='word_1_102' title='bbox 1501 1546 1684 1618; x_wconf 84' lang='lat' dir='ltr'>quivis</span> 
     </span>
    </p>
   </div>
   <div class='ocr_carea' id='block_1_17' title="bbox 82 1635 1306 1715">
    <p class='ocr_par' dir='ltr' id='par_1_17' title="bbox 82 1635 1306 1715">
     <span class='ocr_line' id='line_1_17' title="bbox 82 1635 1306 1715; baseline -0.003 -24"><span class='ocrx_word' id='word_1_103' title='bbox 82 1637 229 1691; x_wconf 86' lang='lat' dir='ltr'>alius</span> <span class='ocrx_word' id='word_1_104' title='bbox 258 1636 514 1706; x_wconf 87' lang='lat' dir='ltr'>regimen</span> <span class='ocrx_word' id='word_1_105' title='bbox 545 1635 727 1715; x_wconf 83' lang='lat' dir='ltr'>ipsum</span> <span class='ocrx_word' id='word_1_106' title='bbox 752 1635 979 1690; x_wconf 87' lang='lat' dir='ltr'>nolebat</span> <span class='ocrx_word' id='word_1_107' title='bbox 1002 1637 1306 1707; x_wconf 87' lang='lat' dir='ltr'>suscipere.</span> 
     </span>
    </p>
   </div>
   <div class='ocr_carea' id='block_1_18' title="bbox 1758 572 3346 645">
    <p class='ocr_par' dir='ltr' id='par_1_18' title="bbox 1758 572 3346 645">
     <span class='ocr_line' id='line_1_18' title="bbox 1758 572 3346 645; baseline 0.006 -17"><span class='ocrx_word' id='word_1_108' title='bbox 1758 574 2151 645; x_wconf 84' lang='lat' dir='ltr'>approbatum,</span> <span class='ocrx_word' id='word_1_109' title='bbox 2180 572 2483 644; x_wconf 88' lang='lat' dir='ltr'>pollentem</span> <span class='ocrx_word' id='word_1_110' title='bbox 2515 573 2782 640; x_wconf 90' lang='lat' dir='ltr'>moribus,</span> <span class='ocrx_word' id='word_1_111' title='bbox 2800 574 3028 629; x_wconf 91' lang='lat' dir='ltr'>consilio</span> <span class='ocrx_word' id='word_1_112' title='bbox 3047 578 3346 644; x_wconf 68' lang='lat' dir='ltr'>amabilem,</span> 
     </span>
    </p>
   </div>
   <div class='ocr_carea' id='block_1_19' title="bbox 1758 660 3355 728">
    <p class='ocr_par' dir='ltr' id='par_1_19' title="bbox 1758 660 3355 728">
     <span class='ocr_line' id='line_1_19' title="bbox 1758 660 3355 728; baseline 0.007 -13"><span class='ocrx_word' id='word_1_113' title='bbox 1758 661 2194 725; x_wconf 89' lang='lat' dir='ltr'>misericordem,</span> <span class='ocrx_word' id='word_1_114' title='bbox 2228 666 2464 725; x_wconf 89' lang='lat' dir='ltr'>castum,</span> <span class='ocrx_word' id='word_1_115' title='bbox 2518 660 2785 728; x_wconf 89' lang='lat' dir='ltr'>sobrium,</span> <span class='ocrx_word' id='word_1_116' title='bbox 2821 661 2878 716; x_wconf 89' lang='lat' dir='ltr'>in</span> <span class='ocrx_word' id='word_1_117' title='bbox 2927 665 3082 719; x_wconf 91' lang='lat' dir='ltr'>omni</span> <span class='ocrx_word' id='word_1_118' title='bbox 3108 668 3355 726; x_wconf 90' lang='lat' dir='ltr'>clericali</span> 
     </span>
    </p>
   </div>
   <div class='ocr_carea' id='block_1_20' title="bbox 1760 748 3354 829">
    <p class='ocr_par' dir='ltr' id='par_1_20' title="bbox 1760 748 3354 829">
     <span class='ocr_line' id='line_1_20' title="bbox 1760 748 3354 829; baseline 0.006 -25"><span class='ocrx_word' id='word_1_119' title='bbox 1760 750 1941 804; x_wconf 75' lang='lat' dir='ltr'>ofﬁcio</span> <span class='ocrx_word' id='word_1_120' title='bbox 1967 748 2303 803; x_wconf 87' lang='lat' dir='ltr'>mirabiliter</span> <span class='ocrx_word' id='word_1_121' title='bbox 2343 749 2627 804; x_wconf 80' lang='lat' dir='ltr'>eruditum</span> <span class='ocrx_word' id='word_1_122' title='bbox 2654 770 2667 818; x_wconf 88' lang='lat'><strong>;</strong></span> <span class='ocrx_word' id='word_1_123' title='bbox 2700 751 2796 822; x_wconf 88' lang='lat' dir='ltr'>qui</span> <span class='ocrx_word' id='word_1_124' title='bbox 2824 752 3008 819; x_wconf 91' lang='lat' dir='ltr'>ambo,</span> <span class='ocrx_word' id='word_1_125' title='bbox 3049 755 3152 810; x_wconf 91' lang='lat' dir='ltr'>Dei</span> <span class='ocrx_word' id='word_1_126' title='bbox 3189 758 3354 829; x_wconf 89' lang='lat' dir='ltr'>adju-</span> 
     </span>
    </p>
   </div>
   <div class='ocr_carea' id='block_1_21' title="bbox 1757 836 3356 913">
    <p class='ocr_par' dir='ltr' id='par_1_21' title="bbox 1757 836 3356 913">
     <span class='ocr_line' id='line_1_21' title="bbox 1757 836 3356 913; baseline 0.008 -23"><span class='ocrx_word' id='word_1_127' title='bbox 1757 842 1923 891; x_wconf 87' lang='lat' dir='ltr'>vante</span> <span class='ocrx_word' id='word_1_128' title='bbox 1956 836 2182 902; x_wconf 86' lang='lat' dir='ltr'>auxilio,</span> <span class='ocrx_word' id='word_1_129' title='bbox 2205 837 2605 909; x_wconf 89' lang='lat' dir='ltr'>archiepiscopi</span> <span class='ocrx_word' id='word_1_130' title='bbox 2653 839 2969 896; x_wconf 76' lang='lat' dir='ltr'>Cantuariae</span> <span class='ocrx_word' id='word_1_131' title='bbox 2994 848 3193 913; x_wconf 88' lang='lat' dir='ltr'>postea</span> <span class='ocrx_word' id='word_1_132' title='bbox 3218 863 3356 902; x_wconf 88' lang='lat' dir='ltr'>con-</span> 
     </span>
    </p>
   </div>
   <div class='ocr_carea' id='block_1_22' title="bbox 1758 926 2129 980">
    <p class='ocr_par' dir='ltr' id='par_1_22' title="bbox 1758 926 2129 980">
     <span class='ocr_line' id='line_1_22' title="bbox 1758 926 2129 980; baseline 0 -2"><span class='ocrx_word' id='word_1_133' title='bbox 1758 926 1957 979; x_wconf 90' lang='lat' dir='ltr'>secrati</span> <span class='ocrx_word' id='word_1_134' title='bbox 1978 930 2129 980; x_wconf 91' lang='lat' dir='ltr'>sunt.</span> 
     </span>
    </p>
   </div>
   <div class='ocr_carea' id='block_1_23' title="bbox 1835 1014 3355 1078">
    <p class='ocr_par' dir='ltr' id='par_1_23' title="bbox 1835 1014 3355 1078">
     <span class='ocr_line' id='line_1_23' title="bbox 1835 1014 3355 1078; baseline 0.007 -11"><span class='ocrx_word' id='word_1_135' title='bbox 1835 1014 1971 1068; x_wconf 90' lang='lat' dir='ltr'>Inde</span> <span class='ocrx_word' id='word_1_136' title='bbox 1988 1015 2055 1068; x_wconf 90' lang='lat' dir='ltr'>ad</span> <span class='ocrx_word' id='word_1_137' title='bbox 2079 1015 2338 1069; x_wconf 90' lang='lat' dir='ltr'>eumdem</span> <span class='ocrx_word' id='word_1_138' title='bbox 2364 1014 2549 1068; x_wconf 91' lang='lat' dir='ltr'>locum</span> <span class='ocrx_word' id='word_1_139' title='bbox 2596 1015 2926 1070; x_wconf 89' lang='lat' dir='ltr'>Beccensem</span> <span class='ocrx_word' id='word_1_140' title='bbox 2972 1022 3061 1073; x_wconf 90' lang='lat' dir='ltr'>tot</span> <span class='ocrx_word' id='word_1_141' title='bbox 3103 1024 3161 1075; x_wconf 88' lang='lat' dir='ltr'>et</span> <span class='ocrx_word' id='word_1_142' title='bbox 3208 1022 3355 1078; x_wconf 85' lang='lat' dir='ltr'>tanti</span> 
     </span>
    </p>
   </div>
   <div class='ocr_carea' id='block_1_24' title="bbox 1765 1101 3356 1177">
    <p class='ocr_par' dir='ltr' id='par_1_24' title="bbox 1765 1101 3356 1177">
     <span class='ocr_line' id='line_1_24' title="bbox 1765 1101 3356 1177; baseline 0.007 -22"><span class='ocrx_word' id='word_1_143' title='bbox 1765 1102 1889 1165; x_wconf 91' lang='lat' dir='ltr'>viri,</span> <span class='ocrx_word' id='word_1_144' title='bbox 1917 1107 2034 1156; x_wconf 89' lang='lat' dir='ltr'>tam</span> <span class='ocrx_word' id='word_1_145' title='bbox 2063 1103 2248 1157; x_wconf 90' lang='lat' dir='ltr'>clerici</span> <span class='ocrx_word' id='word_1_146' title='bbox 2277 1119 2442 1174; x_wconf 92' lang='lat' dir='ltr'>quam</span> <span class='ocrx_word' id='word_1_147' title='bbox 2474 1101 2621 1169; x_wconf 88' lang='lat' dir='ltr'>laici,</span> <span class='ocrx_word' id='word_1_148' title='bbox 2673 1119 2739 1156; x_wconf 86' lang='lat' dir='ltr'>ex</span> <span class='ocrx_word' id='word_1_149' title='bbox 2791 1104 2962 1158; x_wconf 90' lang='lat' dir='ltr'>nobili</span> <span class='ocrx_word' id='word_1_150' title='bbox 3006 1123 3213 1177; x_wconf 84' lang='lat' dir='ltr'>genere</span> <span class='ocrx_word' id='word_1_151' title='bbox 3234 1111 3356 1166; x_wconf 90' lang='lat' dir='ltr'>nati</span> 
     </span>
    </p>
   </div>
   <div class='ocr_carea' id='block_1_25' title="bbox 1764 1190 3356 1254">
    <p class='ocr_par' dir='ltr' id='par_1_25' title="bbox 1764 1190 3356 1254">
     <span class='ocr_line' id='line_1_25' title="bbox 1764 1190 3356 1254; baseline 0.006 -10"><span class='ocrx_word' id='word_1_152' title='bbox 1764 1191 2170 1254; x_wconf 84' lang='lat' dir='ltr'>conﬂuxere,ut</span> <span class='ocrx_word' id='word_1_153' title='bbox 2189 1196 2380 1244; x_wconf 91' lang='lat' dir='ltr'>sancto</span> <span class='ocrx_word' id='word_1_154' title='bbox 2401 1191 2672 1245; x_wconf 90' lang='lat' dir='ltr'>Herluino</span> <span class='ocrx_word' id='word_1_155' title='bbox 2703 1190 2893 1246; x_wconf 89' lang='lat' dir='ltr'>abbati</span> <span class='ocrx_word' id='word_1_156' title='bbox 2925 1194 3063 1249; x_wconf 88' lang='lat' dir='ltr'>satis</span> <span class='ocrx_word' id='word_1_157' title='bbox 3090 1195 3356 1253; x_wconf 87' lang='lat' dir='ltr'>decenter</span> 
     </span>
    </p>
   </div>
   <div class='ocr_carea' id='block_1_26' title="bbox 1765 1277 3353 1348">
    <p class='ocr_par' dir='ltr' id='par_1_26' title="bbox 1765 1277 3353 1348">
     <span class='ocr_line' id='line_1_26' title="bbox 1765 1277 3353 1348; baseline 0.006 -16"><span class='ocrx_word' id='word_1_158' title='bbox 1765 1284 1956 1348; x_wconf 92' lang='lat' dir='ltr'>posset</span> <span class='ocrx_word' id='word_1_159' title='bbox 1969 1279 2077 1332; x_wconf 88' lang='lat' dir='ltr'>dici</span> <span class='ocrx_word' id='word_1_160' title='bbox 2102 1293 2113 1326; x_wconf 87' lang='lat'><strong>:</strong></span> <span class='ocrx_word' id='word_1_161' title='bbox 2137 1296 2162 1331; x_wconf 77' lang='grc' dir='ltr'><strong><em>α</em></strong></span> <span class='ocrx_word' id='word_1_162' title='bbox 2187 1279 2268 1331; x_wconf 84' lang='lat' dir='ltr'>Ab</span> <span class='ocrx_word' id='word_1_163' title='bbox 2287 1277 2544 1332; x_wconf 88' lang='lat' dir='ltr'>ubertate</span> <span class='ocrx_word' id='word_1_164' title='bbox 2573 1279 2774 1334; x_wconf 90' lang='lat' dir='ltr'>domus</span> <span class='ocrx_word' id='word_1_165' title='bbox 2811 1286 2921 1335; x_wconf 81' lang='lat' dir='ltr'>tuae</span> <span class='ocrx_word' id='word_1_166' title='bbox 2947 1281 3238 1340; x_wconf 87' lang='lat' dir='ltr'>inebriasti</span> <span class='ocrx_word' id='word_1_167' title='bbox 3266 1286 3353 1342; x_wconf 85' lang='lat' dir='ltr'>fa-</span> 
     </span>
    </p>
   </div>
   <div class='ocr_carea' id='block_1_27' title="bbox 1767 1365 3357 1443">
    <p class='ocr_par' dir='ltr' id='par_1_27' title="bbox 1767 1365 3357 1443">
     <span class='ocr_line' id='line_1_27' title="bbox 1767 1365 3357 1443; baseline 0.007 -25"><span class='ocrx_word' id='word_1_168' title='bbox 1767 1365 1906 1435; x_wconf 82' lang='lat' dir='ltr'>ciem</span> <span class='ocrx_word' id='word_1_169' title='bbox 1928 1371 2111 1431; x_wconf 72' lang='lat' dir='ltr'>terrze,</span> <span class='ocrx_word' id='word_1_170' title='bbox 2147 1372 2203 1420; x_wconf 89' lang='lat' dir='ltr'>et</span> <span class='ocrx_word' id='word_1_171' title='bbox 2230 1371 2531 1420; x_wconf 87' lang='lat' dir='ltr'>atorrente</span> <span class='ocrx_word' id='word_1_172' title='bbox 2571 1366 2858 1437; x_wconf 83' lang='lat' dir='ltr'>sapientiae</span> <span class='ocrx_word' id='word_1_173' title='bbox 2891 1385 3084 1424; x_wconf 89' lang='lat' dir='ltr'>eorum</span> <span class='ocrx_word' id='word_1_174' title='bbox 3125 1374 3357 1443; x_wconf 86' lang='lat' dir='ltr'>replesti</span> 
     </span>
    </p>
   </div>
   <div class='ocr_carea' id='block_1_28' title="bbox 1768 1452 3355 1526">
    <p class='ocr_par' dir='ltr' id='par_1_28' title="bbox 1768 1452 3355 1526">
     <span class='ocr_line' id='line_1_28' title="bbox 1768 1452 3355 1526; baseline 0.008 -21"><span class='ocrx_word' id='word_1_175' title='bbox 1768 1452 1957 1507; x_wconf 91' lang='lat' dir='ltr'>orbem</span> <span class='ocrx_word' id='word_1_176' title='bbox 1971 1460 2272 1507; x_wconf 87' lang='lat' dir='ltr'>terrarum.</span> <span class='ocrx_word' id='word_1_177' title='bbox 2286 1472 2308 1504; x_wconf 71' lang='grc' dir='ltr'><strong>ι</strong></span> <span class='ocrx_word' id='word_1_178' title='bbox 2324 1453 2479 1507; x_wconf 91' lang='lat' dir='ltr'>Inter</span> <span class='ocrx_word' id='word_1_179' title='bbox 2498 1469 2637 1523; x_wconf 91' lang='lat' dir='ltr'>quos</span> <span class='ocrx_word' id='word_1_180' title='bbox 2665 1455 2879 1509; x_wconf 86' lang='lat' dir='ltr'>exstitit</span> <span class='ocrx_word' id='word_1_181' title='bbox 2894 1457 3122 1526; x_wconf 93' lang='lat' dir='ltr'>quidam</span> <span class='ocrx_word' id='word_1_182' title='bbox 3152 1460 3355 1517; x_wconf 91' lang='lat' dir='ltr'>nobilis</span> 
     </span>
    </p>
   </div>
   <div class='ocr_carea' id='block_1_29' title="bbox 1769 1541 3359 1612">
    <p class='ocr_par' dir='ltr' id='par_1_29' title="bbox 1769 1541 3359 1612">
     <span class='ocr_line' id='line_1_29' title="bbox 1769 1541 3359 1612; baseline 0.007 -18"><span class='ocrx_word' id='word_1_183' title='bbox 1769 1541 1868 1606; x_wconf 89' lang='lat' dir='ltr'>vir,</span> <span class='ocrx_word' id='word_1_184' title='bbox 1890 1543 2116 1596; x_wconf 89' lang='lat' dir='ltr'>nomine</span> <span class='ocrx_word' id='word_1_185' title='bbox 2142 1542 2581 1612; x_wconf 84' lang='lat' dir='ltr'>Willelmus,qui</span> <span class='ocrx_word' id='word_1_186' title='bbox 2604 1542 2810 1596; x_wconf 88' lang='lat' dir='ltr'>ibidem</span> <span class='ocrx_word' id='word_1_187' title='bbox 2830 1545 3056 1601; x_wconf 87' lang='lat' dir='ltr'>veniens</span> <span class='ocrx_word' id='word_1_188' title='bbox 3072 1548 3142 1602; x_wconf 91' lang='lat' dir='ltr'>ad</span> <span class='ocrx_word' id='word_1_189' title='bbox 3165 1565 3359 1606; x_wconf 85' lang='lat' dir='ltr'>mona-</span> 
     </span>
    </p>
   </div>
   <div class='ocr_carea' id='block_1_30' title="bbox 1764 1630 3358 1706">
    <p class='ocr_par' dir='ltr' id='par_1_30' title="bbox 1764 1630 3358 1706">
     <span class='ocr_line' id='line_1_30' title="bbox 1764 1630 3358 1706; baseline 0.006 -23"><span class='ocrx_word' id='word_1_190' title='bbox 1764 1630 2012 1693; x_wconf 90' lang='lat' dir='ltr'>chatum,</span> <span class='ocrx_word' id='word_1_191' title='bbox 2031 1630 2185 1684; x_wconf 87' lang='lat' dir='ltr'>dedit</span> <span class='ocrx_word' id='word_1_192' title='bbox 2213 1630 2394 1683; x_wconf 88' lang='lat' dir='ltr'>eidem</span> <span class='ocrx_word' id='word_1_193' title='bbox 2420 1631 2760 1685; x_wconf 86' lang='lat' dir='ltr'>monasterio</span> <span class='ocrx_word' id='word_1_194' title='bbox 2792 1632 3052 1688; x_wconf 89' lang='lat' dir='ltr'>Beccensi</span> <span class='ocrx_word' id='word_1_195' title='bbox 3082 1637 3358 1706; x_wconf 66' lang='lat' dir='ltr'>prazdium</span> 
     </span>
    </p>
   </div>
   <div class='ocr_carea' id='block_1_31' title="bbox 153 1718 3360 1793">
    <p class='ocr_par' dir='ltr' id='par_1_31' title="bbox 153 1718 3360 1793">
     <span class='ocr_line' id='line_1_31' title="bbox 153 1718 3360 1793; baseline 0.001 -16"><span class='ocrx_word' id='word_1_196' title='bbox 153 1723 319 1777; x_wconf 89' lang='lat' dir='ltr'>Unde</span> <span class='ocrx_word' id='word_1_197' title='bbox 335 1722 719 1776; x_wconf 89' lang='lat' dir='ltr'>sciendumest</span> <span class='ocrx_word' id='word_1_198' title='bbox 735 1723 883 1793; x_wconf 88' lang='lat' dir='ltr'>quod</span> <span class='ocrx_word' id='word_1_199' title='bbox 921 1723 980 1777; x_wconf 93' lang='lat' dir='ltr'>in</span> <span class='ocrx_word' id='word_1_200' title='bbox 1017 1724 1213 1778; x_wconf 89' lang='lat' dir='ltr'>Galliis</span> <span class='ocrx_word' id='word_1_201' title='bbox 1258 1728 1383 1777; x_wconf 91' lang='lat' dir='ltr'>erat</span> <span class='ocrx_word' id='word_1_202' title='bbox 1433 1727 1490 1777; x_wconf 92' lang='lat' dir='ltr'>et</span> <span class='ocrx_word' id='word_1_203' title='bbox 1536 1739 1737 1793; x_wconf 66' lang='lat' dir='ltr'>quae-_</span> <span class='ocrx_word' id='word_1_204' title='bbox 1762 1718 1859 1772; x_wconf 88' lang='lat' dir='ltr'>ubi</span> <span class='ocrx_word' id='word_1_205' title='bbox 1887 1719 2168 1789; x_wconf 90' lang='lat' dir='ltr'>quondam</span> <span class='ocrx_word' id='word_1_206' title='bbox 2212 1719 2399 1772; x_wconf 87' lang='lat' dir='ltr'>fuerat</span> <span class='ocrx_word' id='word_1_207' title='bbox 2453 1719 2857 1773; x_wconf 90' lang='lat' dir='ltr'>monasterium</span> <span class='ocrx_word' id='word_1_208' title='bbox 2902 1721 3093 1776; x_wconf 90' lang='lat' dir='ltr'>Sancti</span> <span class='ocrx_word' id='word_1_209' title='bbox 3146 1724 3360 1780; x_wconf 87' lang='lat' dir='ltr'>Ebrulﬁ</span> 
     </span>
    </p>
   </div>
   <div class='ocr_carea' id='block_1_32' title="bbox 83 1789 3363 1883">
    <p class='ocr_par' dir='ltr' id='par_1_32' title="bbox 83 1789 3363 1883">
     <span class='ocr_line' id='line_1_32' title="bbox 83 1789 3363 1883; baseline 0.001 -18"><span class='ocrx_word' id='word_1_210' title='bbox 83 1812 215 1865; x_wconf 87' lang='lat' dir='ltr'>dam</span> <span class='ocrx_word' id='word_1_211' title='bbox 244 1810 534 1882; x_wconf 85' lang='lat' dir='ltr'>provincia</span> <span class='ocrx_word' id='word_1_212' title='bbox 557 1811 690 1864; x_wconf 92' lang='lat' dir='ltr'>olim</span> <span class='ocrx_word' id='word_1_213' title='bbox 730 1789 925 1865; x_wconf 70' lang='lat' dir='ltr'>vocata</span> <span class='ocrx_word' id='word_1_214' title='bbox 962 1812 1244 1873; x_wconf 88' lang='lat' dir='ltr'>Neustria,</span> <span class='ocrx_word' id='word_1_215' title='bbox 1277 1817 1405 1882; x_wconf 92' lang='lat' dir='ltr'>post</span> <span class='ocrx_word' id='word_1_216' title='bbox 1431 1828 1463 1865; x_wconf 91' lang='lat' dir='ltr'><strong>a</strong></span> <span class='ocrx_word' id='word_1_217' title='bbox 1486 1789 1749 1864; x_wconf 80' lang='lat' dir='ltr'>North-B</span> <span class='ocrx_word' id='word_1_218' title='bbox 1769 1807 1918 1877; x_wconf 91' lang='lat' dir='ltr'>apud</span> <span class='ocrx_word' id='word_1_219' title='bbox 1946 1806 2190 1871; x_wconf 92' lang='lat' dir='ltr'>Uticum,</span> <span class='ocrx_word' id='word_1_220' title='bbox 2208 1806 2278 1859; x_wconf 88' lang='lat' dir='ltr'>ad</span> <span class='ocrx_word' id='word_1_221' title='bbox 2300 1822 2464 1877; x_wconf 89' lang='lat' dir='ltr'>quem</span> <span class='ocrx_word' id='word_1_222' title='bbox 2483 1807 2667 1860; x_wconf 91' lang='lat' dir='ltr'>locum</span> <span class='ocrx_word' id='word_1_223' title='bbox 2692 1807 3059 1864; x_wconf 88' lang='lat' dir='ltr'>habitandum</span> <span class='ocrx_word' id='word_1_224' title='bbox 3072 1817 3130 1866; x_wconf 93' lang='lat' dir='ltr'>et</span> <span class='ocrx_word' id='word_1_225' title='bbox 3155 1829 3363 1883; x_wconf 91' lang='lat' dir='ltr'>procu-</span> 
     </span>
    </p>
   </div>
   <div class='ocr_carea' id='block_1_33' title="bbox 85 1897 1689 1969">
    <p class='ocr_par' dir='ltr' id='par_1_33' title="bbox 85 1897 1689 1969">
     <span class='ocr_line' id='line_1_33' title="bbox 85 1897 1689 1969; baseline -0.001 -17"><span class='ocrx_word' id='word_1_226' title='bbox 85 1898 333 1964; x_wconf 90' lang='lat' dir='ltr'>mannis,</span> <span class='ocrx_word' id='word_1_227' title='bbox 366 1897 464 1968; x_wconf 92' lang='lat' dir='ltr'>qui</span> <span class='ocrx_word' id='word_1_228' title='bbox 492 1914 526 1951; x_wconf 88' lang='lat' dir='ltr'>a</span> <span class='ocrx_word' id='word_1_229' title='bbox 545 1899 718 1952; x_wconf 87' lang='lat' dir='ltr'>Norst</span> <span class='ocrx_word' id='word_1_230' title='bbox 745 1898 976 1969; x_wconf 82' lang='lat' dir='ltr'>regione</span> <span class='ocrx_word' id='word_1_231' title='bbox 995 1898 1689 1969; x_wconf 88' lang='lat' dir='ltr'>venerunt,cognominata</span> 
     </span>
    </p>
   </div>
   <div class='ocr_carea' id='block_1_34' title="bbox 86 1984 1690 2056">
    <p class='ocr_par' dir='ltr' id='par_1_34' title="bbox 86 1984 1690 2056">
     <span class='ocr_line' id='line_1_34' title="bbox 86 1984 1690 2056; baseline -0.001 -17"><span class='ocrx_word' id='word_1_232' title='bbox 86 1984 523 2049; x_wconf 88' lang='lat' dir='ltr'>Northmannia,</span> <span class='ocrx_word' id='word_1_233' title='bbox 553 1985 611 2039; x_wconf 91' lang='lat' dir='ltr'>in</span> <span class='ocrx_word' id='word_1_234' title='bbox 640 2001 748 2055; x_wconf 91' lang='lat' dir='ltr'>qua</span> <span class='ocrx_word' id='word_1_235' title='bbox 770 1990 856 2039; x_wconf 89' lang='lat' dir='ltr'>est</span> <span class='ocrx_word' id='word_1_236' title='bbox 885 1986 1111 2056; x_wconf 90' lang='lat' dir='ltr'>quidam</span> <span class='ocrx_word' id='word_1_237' title='bbox 1144 1987 1298 2040; x_wconf 93' lang='lat' dir='ltr'>locus</span> <span class='ocrx_word' id='word_1_238' title='bbox 1339 1985 1435 2056; x_wconf 89' lang='lat' dir='ltr'>qui</span> <span class='ocrx_word' id='word_1_239' title='bbox 1482 1985 1690 2039; x_wconf 90' lang='lat' dir='ltr'>dicitur</span> 
     </span>
    </p>
   </div>
   <div class='ocr_carea' id='block_1_35' title="bbox 89 2071 1688 2143">
    <p class='ocr_par' dir='ltr' id='par_1_35' title="bbox 89 2071 1688 2143">
     <span class='ocr_line' id='line_1_35' title="bbox 89 2071 1688 2143; baseline -0.001 -16"><span class='ocrx_word' id='word_1_240' title='bbox 89 2073 322 2140; x_wconf 86' lang='lat' dir='ltr'>Beccus,</span> <span class='ocrx_word' id='word_1_241' title='bbox 342 2077 400 2127; x_wconf 89' lang='lat' dir='ltr'>et</span> <span class='ocrx_word' id='word_1_242' title='bbox 411 2071 493 2126; x_wconf 90' lang='lat' dir='ltr'>ita</span> <span class='ocrx_word' id='word_1_243' title='bbox 514 2072 786 2126; x_wconf 89' lang='lat' dir='ltr'>vocitatus</span> <span class='ocrx_word' id='word_1_244' title='bbox 804 2089 839 2126; x_wconf 91' lang='lat' dir='ltr'>a</span> <span class='ocrx_word' id='word_1_245' title='bbox 871 2073 1050 2127; x_wconf 87' lang='lat' dir='ltr'>rivulo</span> <span class='ocrx_word' id='word_1_246' title='bbox 1096 2072 1175 2126; x_wconf 90' lang='lat' dir='ltr'>ibi</span> <span class='ocrx_word' id='word_1_247' title='bbox 1217 2073 1568 2137; x_wconf 68' lang='lat' dir='ltr'>decurrente,</span> <span class='ocrx_word' id='word_1_248' title='bbox 1591 2073 1688 2143; x_wconf 88' lang='lat' dir='ltr'>qui</span> 
     </span>
    </p>
   </div>
   <div class='ocr_carea' id='block_1_36' title="bbox 87 2159 1688 2231">
    <p class='ocr_par' dir='ltr' id='par_1_36' title="bbox 87 2159 1688 2231">
     <span class='ocr_line' id='line_1_36' title="bbox 87 2159 1688 2231; baseline 0 -16"><span class='ocrx_word' id='word_1_249' title='bbox 87 2162 273 2215; x_wconf 88' lang='lat' dir='ltr'>adhuc</span> <span class='ocrx_word' id='word_1_250' title='bbox 312 2159 603 2215; x_wconf 86' lang='lat' dir='ltr'>hodiernis</span> <span class='ocrx_word' id='word_1_251' title='bbox 640 2160 987 2231; x_wconf 91' lang='lat' dir='ltr'>temporibus</span> <span class='ocrx_word' id='word_1_252' title='bbox 1031 2161 1277 2215; x_wconf 89' lang='lat' dir='ltr'>decurrit</span> <span class='ocrx_word' id='word_1_253' title='bbox 1308 2162 1470 2231; x_wconf 85' lang='lat' dir='ltr'>juxta</span> <span class='ocrx_word' id='word_1_254' title='bbox 1498 2179 1688 2217; x_wconf 91' lang='lat' dir='ltr'>muros</span> 
     </span>
    </p>
   </div>
   <div class='ocr_carea' id='block_1_37' title="bbox 86 2247 1689 2321">
    <p class='ocr_par' dir='ltr' id='par_1_37' title="bbox 86 2247 1689 2321">
     <span class='ocr_line' id='line_1_37' title="bbox 86 2247 1689 2321; baseline 0 -18"><span class='ocrx_word' id='word_1_255' title='bbox 86 2248 239 2321; x_wconf 88' lang='lat' dir='ltr'>prati</span> <span class='ocrx_word' id='word_1_256' title='bbox 271 2247 373 2302; x_wconf 91' lang='lat' dir='ltr'>ubi</span> <span class='ocrx_word' id='word_1_257' title='bbox 393 2249 703 2302; x_wconf 86' lang='lat' dir='ltr'>construxit</span> <span class='ocrx_word' id='word_1_258' title='bbox 755 2248 1077 2313; x_wconf 88' lang='lat' dir='ltr'>Herluinus,</span> <span class='ocrx_word' id='word_1_259' title='bbox 1104 2248 1199 2319; x_wconf 90' lang='lat' dir='ltr'>qui</span> <span class='ocrx_word' id='word_1_260' title='bbox 1227 2254 1351 2302; x_wconf 88' lang='lat' dir='ltr'>erat</span> <span class='ocrx_word' id='word_1_261' title='bbox 1377 2249 1448 2302; x_wconf 93' lang='lat' dir='ltr'>de</span> <span class='ocrx_word' id='word_1_262' title='bbox 1482 2265 1689 2319; x_wconf 83' lang='lat' dir='ltr'>genere</span> 
     </span>
    </p>
   </div>
   <div class='ocr_carea' id='block_1_38' title="bbox 86 2336 1689 2404">
    <p class='ocr_par' dir='ltr' id='par_1_38' title="bbox 86 2336 1689 2404">
     <span class='ocr_line' id='line_1_38' title="bbox 86 2336 1689 2404; baseline 0 -13"><span class='ocrx_word' id='word_1_263' title='bbox 86 2336 719 2403; x_wconf 90' lang='lat' dir='ltr'>Danorum,secundam</span> <span class='ocrx_word' id='word_1_264' title='bbox 739 2336 1051 2404; x_wconf 88' lang='lat' dir='ltr'>ecclesiam,</span> <span class='ocrx_word' id='word_1_265' title='bbox 1075 2336 1206 2391; x_wconf 91' lang='lat' dir='ltr'>inde</span> <span class='ocrx_word' id='word_1_266' title='bbox 1235 2342 1489 2391; x_wconf 83' lang='lat' dir='ltr'>vocatam</span> <span class='ocrx_word' id='word_1_267' title='bbox 1519 2337 1689 2391; x_wconf 84' lang='lat' dir='ltr'>eccle—</span> 
     </span>
    </p>
   </div>
   <div class='ocr_carea' id='block_1_39' title="bbox 88 2424 442 2479">
    <p class='ocr_par' dir='ltr' id='par_1_39' title="bbox 88 2424 442 2479">
     <span class='ocr_line' id='line_1_39' title="bbox 88 2424 442 2479; baseline -0.003 0"><span class='ocrx_word' id='word_1_268' title='bbox 88 2424 233 2479; x_wconf 87' lang='lat' dir='ltr'>siam</span> <span class='ocrx_word' id='word_1_269' title='bbox 257 2424 442 2479; x_wconf 90' lang='lat' dir='ltr'>Becci.</span> 
     </span>
    </p>
   </div>
   <div class='ocr_carea' id='block_1_40' title="bbox 156 2510 1689 2583">
    <p class='ocr_par' dir='ltr' id='par_1_40' title="bbox 156 2510 1689 2583">
     <span class='ocr_line' id='line_1_40' title="bbox 156 2510 1689 2583; baseline -0.001 -18"><span class='ocrx_word' id='word_1_270' title='bbox 156 2511 367 2566; x_wconf 90' lang='lat' dir='ltr'>Tribus</span> <span class='ocrx_word' id='word_1_271' title='bbox 389 2511 460 2565; x_wconf 92' lang='lat' dir='ltr'>de</span> <span class='ocrx_word' id='word_1_272' title='bbox 484 2510 668 2565; x_wconf 88' lang='lat' dir='ltr'>causis</span> <span class='ocrx_word' id='word_1_273' title='bbox 694 2516 809 2564; x_wconf 91' lang='lat' dir='ltr'>tam</span> <span class='ocrx_word' id='word_1_274' title='bbox 832 2527 1003 2582; x_wconf 90' lang='lat' dir='ltr'>parvo</span> <span class='ocrx_word' id='word_1_275' title='bbox 1037 2516 1291 2583; x_wconf 90' lang='lat' dir='ltr'>tempore</span> <span class='ocrx_word' id='word_1_276' title='bbox 1320 2511 1526 2565; x_wconf 88' lang='lat' dir='ltr'>dicitur</span> <span class='ocrx_word' id='word_1_277' title='bbox 1566 2526 1689 2564; x_wconf 91' lang='lat' dir='ltr'>cre-</span> 
     </span>
    </p>
   </div>
   <div class='ocr_carea' id='block_1_41' title="bbox 89 2598 1690 2671">
    <p class='ocr_par' dir='ltr' id='par_1_41' title="bbox 89 2598 1690 2671">
     <span class='ocr_line' id='line_1_41' title="bbox 89 2598 1690 2671; baseline 0.001 -20"><span class='ocrx_word' id='word_1_278' title='bbox 89 2599 236 2655; x_wconf 87' lang='lat' dir='ltr'>visse</span> <span class='ocrx_word' id='word_1_279' title='bbox 258 2616 372 2654; x_wconf 92' lang='lat' dir='ltr'>non</span> <span class='ocrx_word' id='word_1_280' title='bbox 400 2600 583 2654; x_wconf 90' lang='lat' dir='ltr'>solum</span> <span class='ocrx_word' id='word_1_281' title='bbox 611 2599 834 2664; x_wconf 88' lang='lat' dir='ltr'>divitiis,</span> <span class='ocrx_word' id='word_1_282' title='bbox 867 2600 963 2654; x_wconf 90' lang='lat' dir='ltr'>sed</span> <span class='ocrx_word' id='word_1_283' title='bbox 993 2600 1161 2654; x_wconf 90' lang='lat' dir='ltr'>etiam</span> <span class='ocrx_word' id='word_1_284' title='bbox 1216 2600 1504 2671; x_wconf 83' lang='lat' dir='ltr'>religione,</span> <span class='ocrx_word' id='word_1_285' title='bbox 1536 2598 1690 2653; x_wconf 87' lang='lat' dir='ltr'>intus</span> 
     </span>
    </p>
   </div>
   <div class='ocr_carea' id='block_1_42' title="bbox 93 2687 1694 2759">
    <p class='ocr_par' dir='ltr' id='par_1_42' title="bbox 93 2687 1694 2759">
     <span class='ocr_line' id='line_1_42' title="bbox 93 2687 1694 2759; baseline -0.001 -17"><span class='ocrx_word' id='word_1_286' title='bbox 93 2689 288 2744; x_wconf 83' lang='lat' dir='ltr'>studio</span> <span class='ocrx_word' id='word_1_287' title='bbox 312 2688 497 2759; x_wconf 91' lang='lat' dir='ltr'>operis</span> <span class='ocrx_word' id='word_1_288' title='bbox 526 2687 645 2753; x_wconf 93' lang='lat' dir='ltr'>Dei,</span> <span class='ocrx_word' id='word_1_289' title='bbox 661 2692 719 2741; x_wconf 92' lang='lat' dir='ltr'>et</span> <span class='ocrx_word' id='word_1_290' title='bbox 754 2688 969 2741; x_wconf 87' lang='lat' dir='ltr'>fervore</span> <span class='ocrx_word' id='word_1_291' title='bbox 993 2687 1282 2758; x_wconf 86' lang='lat' dir='ltr'>religionis</span> <span class='ocrx_word' id='word_1_292' title='bbox 1308 2707 1321 2756; x_wconf 87' lang='lat'><strong>;</strong></span> <span class='ocrx_word' id='word_1_293' title='bbox 1347 2687 1482 2741; x_wconf 91' lang='lat' dir='ltr'>foris</span> <span class='ocrx_word' id='word_1_294' title='bbox 1510 2687 1694 2742; x_wconf 88' lang='lat' dir='ltr'>studio</span> 
     </span>
    </p>
   </div>
   <div class='ocr_carea' id='block_1_43' title="bbox 94 2775 1698 2847">
    <p class='ocr_par' dir='ltr' id='par_1_43' title="bbox 94 2775 1698 2847">
     <span class='ocr_line' id='line_1_43' title="bbox 94 2775 1698 2847; baseline -0.002 -16"><span class='ocrx_word' id='word_1_295' title='bbox 94 2776 411 2843; x_wconf 85' lang='lat' dir='ltr'>charitatis,</span> <span class='ocrx_word' id='word_1_296' title='bbox 433 2776 493 2830; x_wconf 92' lang='lat' dir='ltr'>in</span> <span class='ocrx_word' id='word_1_297' title='bbox 551 2792 662 2847; x_wconf 90' lang='lat' dir='ltr'>qua</span> <span class='ocrx_word' id='word_1_298' title='bbox 704 2775 892 2845; x_wconf 91' lang='lat' dir='ltr'>gratia</span> <span class='ocrx_word' id='word_1_299' title='bbox 934 2775 1035 2830; x_wconf 76' lang='lat' dir='ltr'>Dri</span> <span class='ocrx_word' id='word_1_300' title='bbox 1063 2775 1132 2829; x_wconf 93' lang='lat' dir='ltr'>ab</span> <span class='ocrx_word' id='word_1_301' title='bbox 1163 2775 1323 2830; x_wconf 89' lang='lat' dir='ltr'>initio</span> <span class='ocrx_word' id='word_1_302' title='bbox 1351 2791 1529 2846; x_wconf 88' lang='lat' dir='ltr'>usque</span> <span class='ocrx_word' id='word_1_303' title='bbox 1547 2791 1698 2830; x_wconf 91' lang='lat' dir='ltr'>nunc</span> 
     </span>
    </p>
   </div>
   <div class='ocr_carea' id='block_1_44' title="bbox 98 2863 1270 2937">
    <p class='ocr_par' dir='ltr' id='par_1_44' title="bbox 98 2863 1270 2937">
     <span class='ocr_line' id='line_1_44' title="bbox 98 2863 1270 2937; baseline -0.003 -16"><span class='ocrx_word' id='word_1_304' title='bbox 98 2867 297 2937; x_wconf 87' lang='lat' dir='ltr'>plures</span> <span class='ocrx_word' id='word_1_305' title='bbox 329 2864 563 2919; x_wconf 84' lang='lat' dir='ltr'>virtutes</span> <span class='ocrx_word' id='word_1_306' title='bbox 590 2869 726 2917; x_wconf 85' lang='lat' dir='ltr'>sunt</span> <span class='ocrx_word' id='word_1_307' title='bbox 751 2863 905 2918; x_wconf 83' lang='lat' dir='ltr'>factae</span> <span class='ocrx_word' id='word_1_308' title='bbox 931 2868 990 2917; x_wconf 86' lang='lat' dir='ltr'>et</span> <span class='ocrx_word' id='word_1_309' title='bbox 1013 2868 1270 2918; x_wconf 84' lang='lat' dir='ltr'>ostensae.</span> 
     </span>
    </p>
   </div>
   <div class='ocr_carea' id='block_1_45' title="bbox 172 2951 1695 3022">
    <p class='ocr_par' dir='ltr' id='par_1_45' title="bbox 172 2951 1695 3022">
     <span class='ocr_line' id='line_1_45' title="bbox 172 2951 1695 3022; baseline -0.002 -14"><span class='ocrx_word' id='word_1_310' title='bbox 172 2955 297 3008; x_wconf 84' lang='lat' dir='ltr'>Hoc</span> <span class='ocrx_word' id='word_1_311' title='bbox 318 2951 633 3007; x_wconf 74' lang='lat' dir='ltr'>coenobium</span> <span class='ocrx_word' id='word_1_312' title='bbox 663 2952 733 3006; x_wconf 92' lang='lat' dir='ltr'>de</span> <span class='ocrx_word' id='word_1_313' title='bbox 781 2968 890 3022; x_wconf 92' lang='lat' dir='ltr'>quo</span> <span class='ocrx_word' id='word_1_314' title='bbox 946 2951 1250 3021; x_wconf 89' lang='lat' dir='ltr'>loquimur,</span> <span class='ocrx_word' id='word_1_315' title='bbox 1286 2953 1344 3006; x_wconf 90' lang='lat' dir='ltr'>in</span> <span class='ocrx_word' id='word_1_316' title='bbox 1391 2951 1552 3006; x_wconf 87' lang='lat' dir='ltr'>initio</span> <span class='ocrx_word' id='word_1_317' title='bbox 1581 2966 1695 3005; x_wconf 81' lang='lat' dir='ltr'>suae</span> 
     </span>
    </p>
   </div>
   <div class='ocr_carea' id='block_1_46' title="bbox 98 3038 1699 3109">
    <p class='ocr_par' dir='ltr' id='par_1_46' title="bbox 98 3038 1699 3109">
     <span class='ocr_line' id='line_1_46' title="bbox 98 3038 1699 3109; baseline -0.002 -14"><span class='ocrx_word' id='word_1_318' title='bbox 98 3039 451 3095; x_wconf 81' lang='lat' dir='ltr'>fundationis</span> <span class='ocrx_word' id='word_1_319' title='bbox 480 3038 768 3108; x_wconf 90' lang='lat' dir='ltr'>aliquanto</span> <span class='ocrx_word' id='word_1_320' title='bbox 797 3044 1048 3109; x_wconf 91' lang='lat' dir='ltr'>tempore</span> <span class='ocrx_word' id='word_1_321' title='bbox 1078 3038 1136 3092; x_wconf 92' lang='lat' dir='ltr'>in</span> <span class='ocrx_word' id='word_1_322' title='bbox 1182 3039 1425 3093; x_wconf 82' lang='lat' dir='ltr'>maxima</span> <span class='ocrx_word' id='word_1_323' title='bbox 1451 3043 1699 3109; x_wconf 84' lang='lat' dir='ltr'>egestate</span> 
     </span>
    </p>
   </div>
   <div class='ocr_carea' id='block_1_47' title="bbox 1770 1891 3365 1966">
    <p class='ocr_par' dir='ltr' id='par_1_47' title="bbox 1770 1891 3365 1966">
     <span class='ocr_line' id='line_1_47' title="bbox 1770 1891 3365 1966; baseline 0.005 -19"><span class='ocrx_word' id='word_1_324' title='bbox 1770 1893 2010 1947; x_wconf 87' lang='lat' dir='ltr'>randum</span> <span class='ocrx_word' id='word_1_325' title='bbox 2023 1891 2352 1946; x_wconf 89' lang='lat' dir='ltr'>venerabilis</span> <span class='ocrx_word' id='word_1_326' title='bbox 2369 1893 2672 1947; x_wconf 81' lang='lat' dir='ltr'>Herluinus</span> <span class='ocrx_word' id='word_1_327' title='bbox 2689 1895 2844 1948; x_wconf 90' lang='lat' dir='ltr'>misit</span> <span class='ocrx_word' id='word_1_328' title='bbox 2871 1897 3195 1966; x_wconf 71' lang='lat' dir='ltr'>praedictum</span> <span class='ocrx_word' id='word_1_329' title='bbox 3212 1901 3365 1955; x_wconf 84' lang='lat' dir='ltr'><strong>Lan-</strong></span> 
     </span>
    </p>
   </div>
   <div class='ocr_carea' id='block_1_48' title="bbox 1768 1979 3365 2046">
    <p class='ocr_par' dir='ltr' id='par_1_48' title="bbox 1768 1979 3365 2046">
     <span class='ocr_line' id='line_1_48' title="bbox 1768 1979 3365 2046; baseline 0.006 -11"><span class='ocrx_word' id='word_1_330' title='bbox 1768 1982 2044 2046; x_wconf 87' lang='lat' dir='ltr'>francum,</span> <span class='ocrx_word' id='word_1_331' title='bbox 2063 1996 2188 2034; x_wconf 86' lang='lat' dir='ltr'>cum</span> <span class='ocrx_word' id='word_1_332' title='bbox 2210 1979 2389 2034; x_wconf 90' lang='lat' dir='ltr'>tribus</span> <span class='ocrx_word' id='word_1_333' title='bbox 2414 1982 2701 2035; x_wconf 87' lang='lat' dir='ltr'>monachis</span> <span class='ocrx_word' id='word_1_334' title='bbox 2741 1983 3125 2040; x_wconf 89' lang='lat' dir='ltr'>Beccensibus.</span> <span class='ocrx_word' id='word_1_335' title='bbox 3157 1988 3365 2045; x_wconf 89' lang='lat' dir='ltr'>Postea</span> 
     </span>
    </p>
   </div>
   <div class='ocr_carea' id='block_1_49' title="bbox 1769 2068 3364 2146">
    <p class='ocr_par' dir='ltr' id='par_1_49' title="bbox 1769 2068 3364 2146">
     <span class='ocr_line' id='line_1_49' title="bbox 1769 2068 3364 2146; baseline 0.004 -23"><span class='ocrx_word' id='word_1_336' title='bbox 1769 2069 1917 2123; x_wconf 91' lang='lat' dir='ltr'>idem</span> <span class='ocrx_word' id='word_1_337' title='bbox 1941 2068 2281 2134; x_wconf 90' lang='lat' dir='ltr'>Willelmus,</span> <span class='ocrx_word' id='word_1_338' title='bbox 2332 2074 2388 2122; x_wconf 91' lang='lat' dir='ltr'>et</span> <span class='ocrx_word' id='word_1_339' title='bbox 2412 2074 2643 2139; x_wconf 86' lang='lat' dir='ltr'>nepotes</span> <span class='ocrx_word' id='word_1_340' title='bbox 2670 2070 2757 2123; x_wconf 90' lang='lat' dir='ltr'>sui</span> <span class='ocrx_word' id='word_1_341' title='bbox 2787 2070 3083 2139; x_wconf 89' lang='lat' dir='ltr'>Robertus,</span> <span class='ocrx_word' id='word_1_342' title='bbox 3117 2078 3175 2127; x_wconf 91' lang='lat' dir='ltr'>et</span> <span class='ocrx_word' id='word_1_343' title='bbox 3196 2076 3364 2146; x_wconf 89' lang='lat' dir='ltr'>Hugo</span> 
     </span>
    </p>
   </div>
   <div class='ocr_carea' id='block_1_50' title="bbox 1770 2156 3366 2229">
    <p class='ocr_par' dir='ltr' id='par_1_50' title="bbox 1770 2156 3366 2229">
     <span class='ocr_line' id='line_1_50' title="bbox 1770 2156 3366 2229; baseline 0.006 -20"><span class='ocrx_word' id='word_1_344' title='bbox 1770 2156 1839 2210; x_wconf 93' lang='lat' dir='ltr'>de</span> <span class='ocrx_word' id='word_1_345' title='bbox 1861 2156 2257 2220; x_wconf 87' lang='lat' dir='ltr'>Grentimenti,</span> <span class='ocrx_word' id='word_1_346' title='bbox 2298 2161 2760 2211; x_wconf 89' lang='lat' dir='ltr'>restauraverunt</span> <span class='ocrx_word' id='word_1_347' title='bbox 2787 2159 3114 2229; x_wconf 65' lang='lat' dir='ltr'>praedictum</span> <span class='ocrx_word' id='word_1_348' title='bbox 3134 2178 3366 2218; x_wconf 87' lang='lat' dir='ltr'>monas-</span> 
     </span>
    </p>
   </div>
   <div class='ocr_carea' id='block_1_51' title="bbox 1769 2243 3365 2310">
    <p class='ocr_par' dir='ltr' id='par_1_51' title="bbox 1769 2243 3365 2310">
     <span class='ocr_line' id='line_1_51' title="bbox 1769 2243 3365 2310; baseline 0.006 -12"><span class='ocrx_word' id='word_1_349' title='bbox 1769 2245 1975 2298; x_wconf 89' lang='lat' dir='ltr'>terium</span> <span class='ocrx_word' id='word_1_350' title='bbox 2006 2243 2195 2298; x_wconf 91' lang='lat' dir='ltr'>Sancti</span> <span class='ocrx_word' id='word_1_351' title='bbox 2224 2243 2452 2310; x_wconf 86' lang='lat' dir='ltr'>Ebrulﬁ,</span> <span class='ocrx_word' id='word_1_352' title='bbox 2486 2250 2541 2298; x_wconf 86' lang='lat' dir='ltr'>et</span> <span class='ocrx_word' id='word_1_353' title='bbox 2599 2245 2876 2301; x_wconf 88' lang='lat' dir='ltr'>dederunt</span> <span class='ocrx_word' id='word_1_354' title='bbox 2919 2248 3165 2304; x_wconf 69' lang='lat' dir='ltr'>ecclesiae</span> <span class='ocrx_word' id='word_1_355' title='bbox 3203 2250 3365 2307; x_wconf 91' lang='lat' dir='ltr'>Becci</span> 
     </span>
    </p>
   </div>
   <div class='ocr_carea' id='block_1_52' title="bbox 1769 2331 3366 2406">
    <p class='ocr_par' dir='ltr' id='par_1_52' title="bbox 1769 2331 3366 2406">
     <span class='ocr_line' id='line_1_52' title="bbox 1769 2331 3366 2406; baseline 0.006 -21"><span class='ocrx_word' id='word_1_356' title='bbox 1769 2332 1959 2386; x_wconf 90' lang='lat' dir='ltr'>villam</span> <span class='ocrx_word' id='word_1_357' title='bbox 2008 2331 2271 2386; x_wconf 87' lang='lat' dir='ltr'>Russerie</span> <span class='ocrx_word' id='word_1_358' title='bbox 2323 2348 2425 2402; x_wconf 90' lang='lat' dir='ltr'>pro</span> <span class='ocrx_word' id='word_1_359' title='bbox 2473 2334 2910 2388; x_wconf 87' lang='lat' dir='ltr'>commutatione</span> <span class='ocrx_word' id='word_1_360' title='bbox 2965 2337 3218 2406; x_wconf 70' lang='lat' dir='ltr'>praedicti</span> <span class='ocrx_word' id='word_1_361' title='bbox 3256 2338 3366 2396; x_wconf 89' lang='lat' dir='ltr'>loci</span> 
     </span>
    </p>
   </div>
   <div class='ocr_carea' id='block_1_53' title="bbox 1771 2417 3369 2497">
    <p class='ocr_par' dir='ltr' id='par_1_53' title="bbox 1771 2417 3369 2497">
     <span class='ocr_line' id='line_1_53' title="bbox 1771 2417 3369 2497; baseline 0.004 -23"><span class='ocrx_word' id='word_1_362' title='bbox 1771 2419 1960 2474; x_wconf 90' lang='lat' dir='ltr'>Sancti</span> <span class='ocrx_word' id='word_1_363' title='bbox 1976 2417 2182 2474; x_wconf 82' lang='lat' dir='ltr'>Ebrulﬁ</span> <span class='ocrx_word' id='word_1_364' title='bbox 2194 2419 2343 2490; x_wconf 88' lang='lat' dir='ltr'>apud</span> <span class='ocrx_word' id='word_1_365' title='bbox 2356 2420 2574 2473; x_wconf 84' lang='lat' dir='ltr'>Uticum</span> <span class='ocrx_word' id='word_1_366' title='bbox 2585 2421 2709 2485; x_wconf 85' lang='lat' dir='ltr'>.Qui</span> <span class='ocrx_word' id='word_1_367' title='bbox 2722 2422 2878 2477; x_wconf 91' lang='lat' dir='ltr'>locus</span> <span class='ocrx_word' id='word_1_368' title='bbox 2893 2424 3183 2479; x_wconf 89' lang='lat' dir='ltr'>Beccensis</span> <span class='ocrx_word' id='word_1_369' title='bbox 3193 2443 3264 2497; x_wconf 93' lang='lat' dir='ltr'>qu</span> <span class='ocrx_word' id='word_1_370' title='bbox 3271 2443 3369 2481; x_wconf 86' lang='lat' dir='ltr'>an-</span> 
     </span>
    </p>
   </div>
   <div class='ocr_carea' id='block_1_54' title="bbox 1770 2508 3368 2585">
    <p class='ocr_par' dir='ltr' id='par_1_54' title="bbox 1770 2508 3368 2585">
     <span class='ocr_line' id='line_1_54' title="bbox 1770 2508 3368 2585; baseline 0.004 -23"><span class='ocrx_word' id='word_1_371' title='bbox 1770 2513 1891 2563; x_wconf 89' lang='lat' dir='ltr'>tum</span> <span class='ocrx_word' id='word_1_372' title='bbox 1915 2508 2097 2562; x_wconf 91' lang='lat' dir='ltr'>adhuc</span> <span class='ocrx_word' id='word_1_373' title='bbox 2156 2508 2365 2561; x_wconf 87' lang='lat' dir='ltr'>nostris</span> <span class='ocrx_word' id='word_1_374' title='bbox 2409 2509 2757 2579; x_wconf 89' lang='lat' dir='ltr'>temporibus</span> <span class='ocrx_word' id='word_1_375' title='bbox 2786 2511 3077 2566; x_wconf 88' lang='lat' dir='ltr'>charitatis</span> <span class='ocrx_word' id='word_1_376' title='bbox 3112 2515 3368 2585; x_wconf 83' lang='lat' dir='ltr'>resplen-</span> 
     </span>
    </p>
   </div>
   <div class='ocr_carea' id='block_1_55' title="bbox 1774 2596 3281 2667">
    <p class='ocr_par' dir='ltr' id='par_1_55' title="bbox 1774 2596 3281 2667">
     <span class='ocr_line' id='line_1_55' title="bbox 1774 2596 3281 2667; baseline 0.005 -17"><span class='ocrx_word' id='word_1_377' title='bbox 1774 2596 1907 2651; x_wconf 87' lang='lat' dir='ltr'>deat</span> <span class='ocrx_word' id='word_1_378' title='bbox 1929 2596 2226 2662; x_wconf 87' lang='lat' dir='ltr'>radicibus,</span> <span class='ocrx_word' id='word_1_379' title='bbox 2256 2597 2497 2667; x_wconf 84' lang='lat' dir='ltr'>expertis</span> <span class='ocrx_word' id='word_1_380' title='bbox 2517 2597 2902 2653; x_wconf 89' lang='lat' dir='ltr'>disserendum</span> <span class='ocrx_word' id='word_1_381' title='bbox 2923 2600 3281 2657; x_wconf 88' lang='lat' dir='ltr'>dimittimus.</span> 
     </span>
    </p>
   </div>
   <div class='ocr_carea' id='block_1_56' title="bbox 1849 2684 3363 2759">
    <p class='ocr_par' dir='ltr' id='par_1_56' title="bbox 1849 2684 3363 2759">
     <span class='ocr_line' id='line_1_56' title="bbox 1849 2684 3363 2759; baseline 0.005 -21"><span class='ocrx_word' id='word_1_382' title='bbox 1849 2684 2099 2739; x_wconf 84' lang='lat' dir='ltr'>Audiens</span> <span class='ocrx_word' id='word_1_383' title='bbox 2114 2685 2459 2739; x_wconf 88' lang='lat' dir='ltr'>Lanfrancus</span> <span class='ocrx_word' id='word_1_384' title='bbox 2481 2685 2690 2739; x_wconf 87' lang='lat' dir='ltr'>famam</span> <span class='ocrx_word' id='word_1_385' title='bbox 2704 2687 3363 2759; x_wconf 83' lang='lat' dir='ltr'>regionisNorthmaniae,</span> 
     </span>
    </p>
   </div>
   <div class='ocr_carea' id='block_1_57' title="bbox 1779 2772 3368 2847">
    <p class='ocr_par' dir='ltr' id='par_1_57' title="bbox 1779 2772 3368 2847">
     <span class='ocr_line' id='line_1_57' title="bbox 1779 2772 3368 2847; baseline 0.006 -21"><span class='ocrx_word' id='word_1_386' title='bbox 1779 2790 1902 2844; x_wconf 68' lang='lat' dir='ltr'>quze</span> <span class='ocrx_word' id='word_1_387' title='bbox 1930 2774 2086 2843; x_wconf 90' lang='lat' dir='ltr'>prius</span> <span class='ocrx_word' id='word_1_388' title='bbox 2114 2772 2382 2827; x_wconf 89' lang='lat' dir='ltr'>Neustria</span> <span class='ocrx_word' id='word_1_389' title='bbox 2410 2773 2717 2836; x_wconf 88' lang='lat' dir='ltr'>dicebatur,</span> <span class='ocrx_word' id='word_1_390' title='bbox 2749 2775 2808 2829; x_wconf 92' lang='lat' dir='ltr'>in</span> <span class='ocrx_word' id='word_1_391' title='bbox 2855 2793 2969 2847; x_wconf 89' lang='lat' dir='ltr'>qua</span> <span class='ocrx_word' id='word_1_392' title='bbox 2994 2777 3261 2834; x_wconf 90' lang='lat' dir='ltr'>ducatum</span> <span class='ocrx_word' id='word_1_393' title='bbox 3287 2786 3368 2835; x_wconf 86' lang='lat' dir='ltr'>te-</span> 
     </span>
    </p>
   </div>
   <div class='ocr_carea' id='block_1_58' title="bbox 1781 2859 3371 2937">
    <p class='ocr_par' dir='ltr' id='par_1_58' title="bbox 1781 2859 3371 2937">
     <span class='ocr_line' id='line_1_58' title="bbox 1781 2859 3371 2937; baseline 0.004 -22"><span class='ocrx_word' id='word_1_394' title='bbox 1781 2860 1952 2915; x_wconf 89' lang='lat' dir='ltr'>nebat</span> <span class='ocrx_word' id='word_1_395' title='bbox 1975 2859 2327 2915; x_wconf 73' lang='lat' dir='ltr'>hzereditario</span> <span class='ocrx_word' id='word_1_396' title='bbox 2371 2862 2501 2930; x_wconf 88' lang='lat' dir='ltr'>jure</span> <span class='ocrx_word' id='word_1_397' title='bbox 2548 2862 2865 2917; x_wconf 91' lang='lat' dir='ltr'>Willelmus</span> <span class='ocrx_word' id='word_1_398' title='bbox 2912 2864 3007 2919; x_wconf 91' lang='lat' dir='ltr'>ille</span> <span class='ocrx_word' id='word_1_399' title='bbox 3049 2866 3145 2935; x_wconf 91' lang='lat' dir='ltr'>qui</span> <span class='ocrx_word' id='word_1_400' title='bbox 3174 2872 3371 2937; x_wconf 88' lang='lat' dir='ltr'>postea</span> 
     </span>
    </p>
   </div>
   <div class='ocr_carea' id='block_1_59' title="bbox 1778 2948 3368 3019">
    <p class='ocr_par' dir='ltr' id='par_1_59' title="bbox 1778 2948 3368 3019">
     <span class='ocr_line' id='line_1_59' title="bbox 1778 2948 3368 3019; baseline 0.004 -16"><span class='ocrx_word' id='word_1_401' title='bbox 1778 2948 2097 3019; x_wconf 86' lang='lat' dir='ltr'>subjugavit</span> <span class='ocrx_word' id='word_1_402' title='bbox 2124 2948 2228 3002; x_wconf 89' lang='lat' dir='ltr'>sibi</span> <span class='ocrx_word' id='word_1_403' title='bbox 2257 2953 2434 3002; x_wconf 89' lang='lat' dir='ltr'>totam</span> <span class='ocrx_word' id='word_1_404' title='bbox 2466 2949 2727 3018; x_wconf 88' lang='lat' dir='ltr'>Angliam</span> <span class='ocrx_word' id='word_1_405' title='bbox 2775 2952 2967 3016; x_wconf 87' lang='lat' dir='ltr'>armis,</span> <span class='ocrx_word' id='word_1_406' title='bbox 3001 2952 3181 3007; x_wconf 88' lang='lat' dir='ltr'>sciens</span> <span class='ocrx_word' id='word_1_407' title='bbox 3213 2960 3368 3010; x_wconf 87' lang='lat' dir='ltr'>certo</span> 
     </span>
    </p>
   </div>
   <div class='ocr_carea' id='block_1_60' title="bbox 1778 3035 3370 3105">
    <p class='ocr_par' dir='ltr' id='par_1_60' title="bbox 1778 3035 3370 3105">
     <span class='ocr_line' id='line_1_60' title="bbox 1778 3035 3370 3105; baseline 0.004 -16"><span class='ocrx_word' id='word_1_408' title='bbox 1778 3036 1962 3090; x_wconf 90' lang='lat' dir='ltr'>relatu</span> <span class='ocrx_word' id='word_1_409' title='bbox 1990 3035 2105 3089; x_wconf 92' lang='lat' dir='ltr'>illic</span> <span class='ocrx_word' id='word_1_410' title='bbox 2138 3035 2378 3088; x_wconf 90' lang='lat' dir='ltr'>multum</span> <span class='ocrx_word' id='word_1_411' title='bbox 2409 3036 2716 3105; x_wconf 89' lang='lat' dir='ltr'>collapsum</span> <span class='ocrx_word' id='word_1_412' title='bbox 2748 3037 2996 3092; x_wconf 90' lang='lat' dir='ltr'>studium</span> <span class='ocrx_word' id='word_1_413' title='bbox 3036 3038 3370 3096; x_wconf 71' lang='lat' dir='ltr'>litteratum</span> 
     </span>
    </p>
   </div>
   <div class='ocr_carea' id='block_1_61' title="bbox 102 3122 3372 3201">
    <p class='ocr_par' dir='ltr' id='par_1_61' title="bbox 102 3122 3372 3201">
     <span class='ocr_line' id='line_1_61' title="bbox 102 3122 3372 3201; baseline -0 -17"><span class='ocrx_word' id='word_1_414' title='bbox 102 3138 158 3184; x_wconf 91' lang='lat' dir='ltr'>et</span> <span class='ocrx_word' id='word_1_415' title='bbox 171 3128 420 3201; x_wconf 88' lang='lat' dir='ltr'>penuria</span> <span class='ocrx_word' id='word_1_416' title='bbox 436 3126 736 3193; x_wconf 87' lang='lat' dir='ltr'>exstitit,ut</span> <span class='ocrx_word' id='word_1_417' title='bbox 750 3143 984 3181; x_wconf 89' lang='lat' dir='ltr'>monens</span> <span class='ocrx_word' id='word_1_418' title='bbox 996 3144 1091 3182; x_wconf 92' lang='lat' dir='ltr'>eos</span> <span class='ocrx_word' id='word_1_419' title='bbox 1113 3127 1376 3198; x_wconf 89' lang='lat' dir='ltr'>probaret</span> <span class='ocrx_word' id='word_1_420' title='bbox 1403 3127 1696 3194; x_wconf 89' lang='lat' dir='ltr'>Dominus,</span> <span class='ocrx_word' id='word_1_421' title='bbox 1721 3133 1764 3192; x_wconf 77' lang='grc' dir='ltr'>ο</span> <span class='ocrx_word' id='word_1_422' title='bbox 1780 3123 2083 3178; x_wconf 68' lang='lat' dir='ltr'>barbaricae</span> <span class='ocrx_word' id='word_1_423' title='bbox 2096 3123 2301 3192; x_wconf 84' lang='lat' dir='ltr'>gentis,</span> <span class='ocrx_word' id='word_1_424' title='bbox 2321 3128 2378 3177; x_wconf 92' lang='lat' dir='ltr'>et</span> <span class='ocrx_word' id='word_1_425' title='bbox 2403 3122 2721 3193; x_wconf 90' lang='lat' dir='ltr'>intelligens</span> <span class='ocrx_word' id='word_1_426' title='bbox 2750 3125 3091 3196; x_wconf 89' lang='lat' dir='ltr'>providentis</span> <span class='ocrx_word' id='word_1_427' title='bbox 3136 3127 3254 3182; x_wconf 89' lang='lat' dir='ltr'>ima</span> <span class='ocrx_word' id='word_1_428' title='bbox 3289 3129 3372 3184; x_wconf 87' lang='lat' dir='ltr'>in-</span> 
     </span>
    </p>
   </div>
   <div class='ocr_carea' id='block_1_62' title="bbox 101 3214 1694 3289">
    <p class='ocr_par' dir='ltr' id='par_1_62' title="bbox 101 3214 1694 3289">
     <span class='ocr_line' id='line_1_62' title="bbox 101 3214 1694 3289; baseline -0.002 -17"><span class='ocrx_word' id='word_1_429' title='bbox 101 3224 157 3272; x_wconf 91' lang='lat' dir='ltr'>et</span> <span class='ocrx_word' id='word_1_430' title='bbox 188 3216 484 3289; x_wconf 88' lang='lat' dir='ltr'>probando</span> <span class='ocrx_word' id='word_1_431' title='bbox 503 3216 833 3287; x_wconf 88' lang='lat' dir='ltr'>impleretur</span> <span class='ocrx_word' id='word_1_432' title='bbox 860 3214 1000 3270; x_wconf 92' lang='lat' dir='ltr'>illud</span> <span class='ocrx_word' id='word_1_433' title='bbox 1030 3215 1088 3270; x_wconf 92' lang='lat' dir='ltr'>in</span> <span class='ocrx_word' id='word_1_434' title='bbox 1123 3216 1203 3269; x_wconf 91' lang='lat' dir='ltr'>eis</span> <span class='ocrx_word' id='word_1_435' title='bbox 1250 3215 1354 3269; x_wconf 89' lang='lat' dir='ltr'>viri</span> <span class='ocrx_word' id='word_1_436' title='bbox 1381 3214 1650 3286; x_wconf 84' lang='lat' dir='ltr'>sapientis</span> <span class='ocrx_word' id='word_1_437' title='bbox 1679 3235 1694 3269; x_wconf 88' lang='lat'><strong>:</strong></span> 
     </span>
    </p>
   </div>
   <div class='ocr_carea' id='block_1_63' title="bbox 104 3303 1701 3372">
    <p class='ocr_par' dir='ltr' id='par_1_63' title="bbox 104 3303 1701 3372">
     <span class='ocr_line' id='line_1_63' title="bbox 104 3303 1701 3372; baseline -0.004 -12"><span class='ocrx_word' id='word_1_438' title='bbox 104 3306 284 3361; x_wconf 87' lang='lat' dir='ltr'>Omne</span> <span class='ocrx_word' id='word_1_439' title='bbox 306 3304 452 3372; x_wconf 85' lang='lat' dir='ltr'>quod</span> <span class='ocrx_word' id='word_1_440' title='bbox 474 3305 802 3372; x_wconf 74' lang='lat' dir='ltr'>applicitum</span> <span class='ocrx_word' id='word_1_441' title='bbox 836 3304 939 3355; x_wconf 88' lang='lat' dir='ltr'>tibi</span> <span class='ocrx_word' id='word_1_442' title='bbox 964 3304 1158 3369; x_wconf 83' lang='lat' dir='ltr'>fuerit,</span> <span class='ocrx_word' id='word_1_443' title='bbox 1181 3303 1286 3368; x_wconf 85' lang='lat' dir='ltr'>ﬁli,</span> <span class='ocrx_word' id='word_1_444' title='bbox 1310 3304 1509 3369; x_wconf 78' lang='lat' dir='ltr'>accipe,</span> <span class='ocrx_word' id='word_1_445' title='bbox 1550 3306 1600 3354; x_wconf 78' lang='lat' dir='ltr'>et</span> <span class='ocrx_word' id='word_1_446' title='bbox 1636 3303 1701 3354; x_wconf 87' lang='lat' dir='ltr'>in</span> 
     </span>
    </p>
   </div>
   <div class='ocr_carea' id='block_1_64' title="bbox 102 3391 1699 3458">
    <p class='ocr_par' dir='ltr' id='par_1_64' title="bbox 102 3391 1699 3458">
     <span class='ocr_line' id='line_1_64' title="bbox 102 3391 1699 3458; baseline -0.003 -11"><span class='ocrx_word' id='word_1_447' title='bbox 102 3394 295 3448; x_wconf 83' lang='lat' dir='ltr'>dolore</span> <span class='ocrx_word' id='word_1_448' title='bbox 312 3394 545 3457; x_wconf 74' lang='lat' dir='ltr'>sustine,</span> <span class='ocrx_word' id='word_1_449' title='bbox 577 3395 626 3444; x_wconf 78' lang='lat' dir='ltr'>et</span> <span class='ocrx_word' id='word_1_450' title='bbox 654 3394 719 3444; x_wconf 82' lang='lat' dir='ltr'>in</span> <span class='ocrx_word' id='word_1_451' title='bbox 743 3391 1059 3444; x_wconf 79' lang='lat' dir='ltr'>humilitate</span> <span class='ocrx_word' id='word_1_452' title='bbox 1075 3395 1171 3444; x_wconf 79' lang='lat' dir='ltr'>tua</span> <span class='ocrx_word' id='word_1_453' title='bbox 1200 3392 1529 3458; x_wconf 81' lang='lat' dir='ltr'>patientiam</span> <span class='ocrx_word' id='word_1_454' title='bbox 1546 3391 1699 3455; x_wconf 86' lang='lat' dir='ltr'>habe,</span> 
     </span>
    </p>
   </div>
   <div class='ocr_carea' id='block_1_65' title="bbox 104 3478 1704 3549">
    <p class='ocr_par' dir='ltr' id='par_1_65' title="bbox 104 3478 1704 3549">
     <span class='ocr_line' id='line_1_65' title="bbox 104 3478 1704 3549; baseline -0.003 -14"><span class='ocrx_word' id='word_1_455' title='bbox 104 3482 382 3549; x_wconf 85' lang='lat' dir='ltr'>quoniam</span> <span class='ocrx_word' id='word_1_456' title='bbox 404 3482 468 3533; x_wconf 86' lang='lat' dir='ltr'>in</span> <span class='ocrx_word' id='word_1_457' title='bbox 480 3481 606 3546; x_wconf 86' lang='lat' dir='ltr'>igne</span> <span class='ocrx_word' id='word_1_458' title='bbox 619 3480 891 3548; x_wconf 83' lang='lat' dir='ltr'>probatur</span> <span class='ocrx_word' id='word_1_459' title='bbox 900 3492 1112 3531; x_wconf 85' lang='lat' dir='ltr'>aurum</span> <span class='ocrx_word' id='word_1_460' title='bbox 1129 3482 1505 3544; x_wconf 82' lang='lat' dir='ltr'>etargentum;</span> <span class='ocrx_word' id='word_1_461' title='bbox 1528 3478 1651 3531; x_wconf 87' lang='lat' dir='ltr'>hom</span> <span class='ocrx_word' id='word_1_462' title='bbox 1660 3480 1704 3531; x_wconf 88' lang='lat' dir='ltr'>i-</span> 
     </span>
    </p>
   </div>
   <div class='ocr_carea' id='block_1_66' title="bbox 101 3566 1700 3635">
    <p class='ocr_par' dir='ltr' id='par_1_66' title="bbox 101 3566 1700 3635">
     <span class='ocr_line' id='line_1_66' title="bbox 101 3566 1700 3635; baseline -0.003 -12"><span class='ocrx_word' id='word_1_463' title='bbox 101 3578 195 3623; x_wconf 66' lang='lat' dir='ltr'>nts</span> <span class='ocrx_word' id='word_1_464' title='bbox 225 3583 355 3622; x_wconf 82' lang='lat' dir='ltr'>vero</span> <span class='ocrx_word' id='word_1_465' title='bbox 384 3568 716 3635; x_wconf 75' lang='lat' dir='ltr'>receptibiles</span> <span class='ocrx_word' id='word_1_466' title='bbox 746 3569 810 3620; x_wconf 87' lang='lat' dir='ltr'>in</span> <span class='ocrx_word' id='word_1_467' title='bbox 841 3568 1060 3619; x_wconf 84' lang='lat' dir='ltr'>camino</span> <span class='ocrx_word' id='word_1_468' title='bbox 1088 3566 1507 3619; x_wconf 80' lang='lat' dir='ltr'>humiliationis</span> <span class='ocrx_word' id='word_1_469' title='bbox 1538 3566 1700 3633; x_wconf 87' lang='lat' dir='ltr'>(Eccl.</span> 
     </span>
    </p>
   </div>
   <div class='ocr_carea' id='block_1_67' title="bbox 103 3651 1704 3723">
    <p class='ocr_par' dir='ltr' id='par_1_67' title="bbox 103 3651 1704 3723">
     <span class='ocr_line' id='line_1_67' title="bbox 103 3651 1704 3723; baseline -0.001 -15"><span class='ocrx_word' id='word_1_470' title='bbox 103 3669 164 3723; x_wconf 86' lang='lat' dir='ltr'>II,</span> <span class='ocrx_word' id='word_1_471' title='bbox 188 3655 251 3720; x_wconf 76' lang='grc'>4,</span> <span class='ocrx_word' id='word_1_472' title='bbox 287 3652 363 3722; x_wconf 86' lang='grc'>5).</span> <span class='ocrx_word' id='word_1_473' title='bbox 396 3653 467 3707; x_wconf 91' lang='lat' dir='ltr'>Et</span> <span class='ocrx_word' id='word_1_474' title='bbox 492 3658 558 3707; x_wconf 89' lang='lat' dir='ltr'>ut</span> <span class='ocrx_word' id='word_1_475' title='bbox 586 3652 977 3707; x_wconf 88' lang='lat' dir='ltr'>ostenderetur</span> <span class='ocrx_word' id='word_1_476' title='bbox 997 3652 1148 3722; x_wconf 90' lang='lat' dir='ltr'>quod</span> <span class='ocrx_word' id='word_1_477' title='bbox 1191 3651 1290 3705; x_wconf 91' lang='lat' dir='ltr'>illa</span> <span class='ocrx_word' id='word_1_478' title='bbox 1311 3652 1565 3707; x_wconf 90' lang='lat' dir='ltr'>fundatio</span> <span class='ocrx_word' id='word_1_479' title='bbox 1592 3669 1704 3707; x_wconf 93' lang='lat' dir='ltr'>non</span> 
     </span>
    </p>
   </div>
   <div class='ocr_carea' id='block_1_68' title="bbox 104 3739 1705 3810">
    <p class='ocr_par' dir='ltr' id='par_1_68' title="bbox 104 3739 1705 3810">
     <span class='ocr_line' id='line_1_68' title="bbox 104 3739 1705 3810; baseline -0.002 -13"><span class='ocrx_word' id='word_1_480' title='bbox 104 3748 232 3797; x_wconf 86' lang='lat' dir='ltr'>erat</span> <span class='ocrx_word' id='word_1_481' title='bbox 264 3758 328 3795; x_wconf 86' lang='lat' dir='ltr'>ex</span> <span class='ocrx_word' id='word_1_482' title='bbox 350 3740 596 3805; x_wconf 90' lang='lat' dir='ltr'>homine,</span> <span class='ocrx_word' id='word_1_483' title='bbox 620 3740 716 3794; x_wconf 89' lang='lat' dir='ltr'>sed</span> <span class='ocrx_word' id='word_1_484' title='bbox 745 3756 811 3795; x_wconf 84' lang='lat' dir='ltr'>ex</span> <span class='ocrx_word' id='word_1_485' title='bbox 839 3739 934 3793; x_wconf 92' lang='lat' dir='ltr'>illo</span> <span class='ocrx_word' id='word_1_486' title='bbox 965 3744 1022 3793; x_wconf 91' lang='lat' dir='ltr'>et</span> <span class='ocrx_word' id='word_1_487' title='bbox 1049 3739 1118 3793; x_wconf 94' lang='lat' dir='ltr'>de</span> <span class='ocrx_word' id='word_1_488' title='bbox 1172 3739 1292 3810; x_wconf 90' lang='lat' dir='ltr'>ipso</span> <span class='ocrx_word' id='word_1_489' title='bbox 1334 3739 1403 3794; x_wconf 88' lang='lat' dir='ltr'>de</span> <span class='ocrx_word' id='word_1_490' title='bbox 1433 3756 1542 3810; x_wconf 91' lang='lat' dir='ltr'>quo</span> <span class='ocrx_word' id='word_1_491' title='bbox 1569 3740 1705 3794; x_wconf 86' lang='lat' dir='ltr'>dicit</span> 
     </span>
    </p>
   </div>
   <div class='ocr_carea' id='block_1_69' title="bbox 105 3829 1702 3902">
    <p class='ocr_par' dir='ltr' id='par_1_69' title="bbox 105 3829 1702 3902">
     <span class='ocr_line' id='line_1_69' title="bbox 105 3829 1702 3902; baseline -0.001 -18"><span class='ocrx_word' id='word_1_492' title='bbox 105 3829 417 3902; x_wconf 80' lang='lat' dir='ltr'>Apostolus</span> <span class='ocrx_word' id='word_1_493' title='bbox 440 3847 452 3882; x_wconf 93' lang='lat'>:</span> <span class='ocrx_word' id='word_1_494' title='bbox 469 3830 915 3883; x_wconf 84' lang='lat' dir='ltr'>Fundamentum</span> <span class='ocrx_word' id='word_1_495' title='bbox 936 3830 1100 3882; x_wconf 84' lang='lat' dir='ltr'>aliud</span> <span class='ocrx_word' id='word_1_496' title='bbox 1114 3844 1270 3882; x_wconf 88' lang='lat' dir='ltr'>nemo</span> <span class='ocrx_word' id='word_1_497' title='bbox 1283 3833 1454 3897; x_wconf 82' lang='lat' dir='ltr'>potest</span> <span class='ocrx_word' id='word_1_498' title='bbox 1483 3844 1702 3897; x_wconf 86' lang='lat' dir='ltr'>ponere,</span> 
     </span>
    </p>
   </div>
   <div class='ocr_carea' id='block_1_70' title="bbox 102 3916 1707 3988">
    <p class='ocr_par' dir='ltr' id='par_1_70' title="bbox 102 3916 1707 3988">
     <span class='ocr_line' id='line_1_70' title="bbox 102 3916 1707 3988; baseline -0.002 -15"><span class='ocrx_word' id='word_1_499' title='bbox 102 3924 309 3988; x_wconf 59' lang='lat' dir='ltr'>prater</span> <span class='ocrx_word' id='word_1_500' title='bbox 334 3917 482 3971; x_wconf 82' lang='lat' dir='ltr'>illud</span> <span class='ocrx_word' id='word_1_501' title='bbox 497 3916 644 3985; x_wconf 86' lang='lat' dir='ltr'>quod</span> <span class='ocrx_word' id='word_1_502' title='bbox 651 3919 893 3985; x_wconf 76' lang='lat' dir='ltr'>positum</span> <span class='ocrx_word' id='word_1_503' title='bbox 916 3922 1015 3982; x_wconf 81' lang='lat' dir='ltr'>est,</span> <span class='ocrx_word' id='word_1_504' title='bbox 1030 3917 1174 3984; x_wconf 88' lang='lat' dir='ltr'>quod</span> <span class='ocrx_word' id='word_1_505' title='bbox 1189 3921 1264 3970; x_wconf 83' lang='lat' dir='ltr'>est</span> <span class='ocrx_word' id='word_1_506' title='bbox 1275 3917 1304 3970; x_wconf 90' lang='lat' dir='ltr'><strong>J</strong></span> <span class='ocrx_word' id='word_1_507' title='bbox 1309 3932 1437 3970; x_wconf 88' lang='lat' dir='ltr'>esus</span> <span class='ocrx_word' id='word_1_508' title='bbox 1452 3916 1707 3970; x_wconf 89' lang='lat' dir='ltr'>Christus</span> 
     </span>
    </p>
   </div>
   <div class='ocr_carea' id='block_1_71' title="bbox 105 4002 1707 4077">
    <p class='ocr_par' dir='ltr' id='par_1_71' title="bbox 105 4002 1707 4077">
     <span class='ocr_line' id='line_1_71' title="bbox 105 4002 1707 4077; baseline -0.004 -15"><span class='ocrx_word' id='word_1_509' title='bbox 105 4008 161 4077; x_wconf 87' lang='grc' dir='ltr'>(Ι</span> <span class='ocrx_word' id='word_1_510' title='bbox 178 4007 313 4062; x_wconf 80' lang='lat' dir='ltr'>Cor.</span> <span class='ocrx_word' id='word_1_511' title='bbox 343 4017 429 4071; x_wconf 79' lang='grc' dir='ltr'>ΠΙ,</span> <span class='ocrx_word' id='word_1_512' title='bbox 461 4002 569 4075; x_wconf 84' lang='grc'>11),</span> <span class='ocrx_word' id='word_1_513' title='bbox 600 4004 785 4058; x_wconf 91' lang='lat' dir='ltr'>noluit</span> <span class='ocrx_word' id='word_1_514' title='bbox 809 4010 875 4059; x_wconf 91' lang='lat' dir='ltr'>ut</span> <span class='ocrx_word' id='word_1_515' title='bbox 892 4021 993 4075; x_wconf 93' lang='lat' dir='ltr'>per</span> <span class='ocrx_word' id='word_1_516' title='bbox 1029 4020 1190 4074; x_wconf 89' lang='lat' dir='ltr'>reges</span> <span class='ocrx_word' id='word_1_517' title='bbox 1219 4008 1276 4058; x_wconf 95' lang='lat' dir='ltr'>et</span> <span class='ocrx_word' id='word_1_518' title='bbox 1294 4002 1707 4074; x_wconf 88' lang='lat' dir='ltr'>principesipsa</span> 
     </span>
    </p>
   </div>
   <div class='ocr_carea' id='block_1_72' title="bbox 109 4090 1707 4162">
    <p class='ocr_par' dir='ltr' id='par_1_72' title="bbox 109 4090 1707 4162">
     <span class='ocr_line' id='line_1_72' title="bbox 109 4090 1707 4162; baseline -0.003 -14"><span class='ocrx_word' id='word_1_519' title='bbox 109 4092 373 4148; x_wconf 88' lang='lat' dir='ltr'>fundatio</span> <span class='ocrx_word' id='word_1_520' title='bbox 391 4097 674 4162; x_wconf 84' lang='lat' dir='ltr'>ageretur,</span> <span class='ocrx_word' id='word_1_521' title='bbox 692 4091 789 4145; x_wconf 88' lang='lat' dir='ltr'>sed</span> <span class='ocrx_word' id='word_1_522' title='bbox 804 4108 906 4162; x_wconf 88' lang='lat' dir='ltr'>per</span> <span class='ocrx_word' id='word_1_523' title='bbox 934 4091 1199 4162; x_wconf 87' lang='lat' dir='ltr'>seipsum,</span> <span class='ocrx_word' id='word_1_524' title='bbox 1227 4095 1285 4145; x_wconf 93' lang='lat' dir='ltr'>et</span> <span class='ocrx_word' id='word_1_525' title='bbox 1310 4107 1413 4162; x_wconf 90' lang='lat' dir='ltr'>per</span> <span class='ocrx_word' id='word_1_526' title='bbox 1435 4090 1707 4144; x_wconf 90' lang='lat' dir='ltr'>humilem</span> 
     </span>
    </p>
   </div>
   <div class='ocr_carea' id='block_1_73' title="bbox 108 4178 1710 4250">
    <p class='ocr_par' dir='ltr' id='par_1_73' title="bbox 108 4178 1710 4250">
     <span class='ocr_line' id='line_1_73' title="bbox 108 4178 1710 4250; baseline -0.003 -13"><span class='ocrx_word' id='word_1_527' title='bbox 108 4188 165 4237; x_wconf 90' lang='lat' dir='ltr'>et</span> <span class='ocrx_word' id='word_1_528' title='bbox 193 4181 495 4236; x_wconf 88' lang='lat' dir='ltr'>timentem</span> <span class='ocrx_word' id='word_1_529' title='bbox 530 4178 698 4234; x_wconf 88' lang='lat' dir='ltr'>verba</span> <span class='ocrx_word' id='word_1_530' title='bbox 711 4195 832 4247; x_wconf 90' lang='lat' dir='ltr'>sua,</span> <span class='ocrx_word' id='word_1_531' title='bbox 850 4179 995 4233; x_wconf 89' lang='lat' dir='ltr'>sicut</span> <span class='ocrx_word' id='word_1_532' title='bbox 1033 4179 1155 4250; x_wconf 88' lang='lat' dir='ltr'>ipse</span> <span class='ocrx_word' id='word_1_533' title='bbox 1184 4194 1285 4250; x_wconf 90' lang='lat' dir='ltr'>per</span> <span class='ocrx_word' id='word_1_534' title='bbox 1320 4178 1523 4233; x_wconf 88' lang='lat' dir='ltr'>Isaiam</span> <span class='ocrx_word' id='word_1_535' title='bbox 1542 4182 1710 4232; x_wconf 85' lang='lat' dir='ltr'>testa-</span> 
     </span>
    </p>
   </div>
   <div class='ocr_carea' id='block_1_74' title="bbox 109 4268 1712 4338">
    <p class='ocr_par' dir='ltr' id='par_1_74' title="bbox 109 4268 1712 4338">
     <span class='ocr_line' id='line_1_74' title="bbox 109 4268 1712 4338; baseline -0.003 -13"><span class='ocrx_word' id='word_1_536' title='bbox 109 4277 207 4326; x_wconf 87' lang='lat' dir='ltr'>tur</span> <span class='ocrx_word' id='word_1_537' title='bbox 233 4269 467 4324; x_wconf 86' lang='lat' dir='ltr'>dicens:</span> <span class='ocrx_word' id='word_1_538' title='bbox 498 4269 585 4323; x_wconf 86' lang='lat' dir='ltr'>Ad</span> <span class='ocrx_word' id='word_1_539' title='bbox 603 4285 764 4338; x_wconf 81' lang='lat' dir='ltr'>quem</span> <span class='ocrx_word' id='word_1_540' title='bbox 794 4269 1086 4337; x_wconf 71' lang='lat' dir='ltr'>respiciam</span> <span class='ocrx_word' id='word_1_541' title='bbox 1130 4269 1246 4322; x_wconf 85' lang='lat' dir='ltr'>nisi</span> <span class='ocrx_word' id='word_1_542' title='bbox 1293 4268 1367 4321; x_wconf 85' lang='lat' dir='ltr'>ad</span> <span class='ocrx_word' id='word_1_543' title='bbox 1405 4281 1712 4336; x_wconf 82' lang='lat' dir='ltr'>paupercu-</span> 
     </span>
    </p>
   </div>
   <div class='ocr_carea' id='block_1_75' title="bbox 1782 3210 3369 3285">
    <p class='ocr_par' dir='ltr' id='par_1_75' title="bbox 1782 3210 3369 3285">
     <span class='ocr_line' id='line_1_75' title="bbox 1782 3210 3369 3285; baseline 0.004 -20"><span class='ocrx_word' id='word_1_544' title='bbox 1782 3211 2087 3282; x_wconf 89' lang='lat' dir='ltr'>spiratione</span> <span class='ocrx_word' id='word_1_545' title='bbox 2113 3210 2244 3264; x_wconf 92' lang='lat' dir='ltr'>inde</span> <span class='ocrx_word' id='word_1_546' title='bbox 2267 3228 2327 3265; x_wconf 91' lang='lat' dir='ltr'>se</span> <span class='ocrx_word' id='word_1_547' title='bbox 2355 3228 2518 3282; x_wconf 89' lang='lat' dir='ltr'>posse</span> <span class='ocrx_word' id='word_1_548' title='bbox 2554 3212 2786 3282; x_wconf 89' lang='lat' dir='ltr'>adipisci</span> <span class='ocrx_word' id='word_1_549' title='bbox 2817 3214 3086 3284; x_wconf 87' lang='lat' dir='ltr'>majorem</span> <span class='ocrx_word' id='word_1_550' title='bbox 3106 3216 3369 3285; x_wconf 88' lang='lat' dir='ltr'>gloriam,</span> 
     </span>
    </p>
   </div>
   <div class='ocr_carea' id='block_1_76' title="bbox 1784 3298 3375 3374">
    <p class='ocr_par' dir='ltr' id='par_1_76' title="bbox 1784 3298 3375 3374">
     <span class='ocr_line' id='line_1_76' title="bbox 1784 3298 3375 3374; baseline 0.005 -22"><span class='ocrx_word' id='word_1_551' title='bbox 1784 3306 1840 3353; x_wconf 91' lang='lat' dir='ltr'>et</span> <span class='ocrx_word' id='word_1_552' title='bbox 1862 3299 2168 3371; x_wconf 90' lang='lat' dir='ltr'>plurimum</span> <span class='ocrx_word' id='word_1_553' title='bbox 2202 3304 2496 3370; x_wconf 82' lang='lat' dir='ltr'>quaestum,</span> <span class='ocrx_word' id='word_1_554' title='bbox 2545 3298 2696 3353; x_wconf 84' lang='lat' dir='ltr'>venit</span> <span class='ocrx_word' id='word_1_555' title='bbox 2722 3301 2836 3354; x_wconf 90' lang='lat' dir='ltr'>illic</span> <span class='ocrx_word' id='word_1_556' title='bbox 2854 3317 2982 3356; x_wconf 89' lang='lat' dir='ltr'>cum</span> <span class='ocrx_word' id='word_1_557' title='bbox 3009 3304 3220 3374; x_wconf 89' lang='lat' dir='ltr'>paucis.</span> <span class='ocrx_word' id='word_1_558' title='bbox 3263 3304 3375 3360; x_wconf 87' lang='lat' dir='ltr'>Sed</span> 
     </span>
    </p>
   </div>
   <div class='ocr_carea' id='block_1_77' title="bbox 1783 3387 3380 3459">
    <p class='ocr_par' dir='ltr' id='par_1_77' title="bbox 1783 3387 3380 3459">
     <span class='ocr_line' id='line_1_77' title="bbox 1783 3387 3380 3459; baseline 0.004 -18"><span class='ocrx_word' id='word_1_559' title='bbox 1783 3394 2084 3458; x_wconf 88' lang='lat' dir='ltr'>antequam</span> <span class='ocrx_word' id='word_1_560' title='bbox 2101 3387 2444 3458; x_wconf 89' lang='lat' dir='ltr'>pervenisset</span> <span class='ocrx_word' id='word_1_561' title='bbox 2456 3388 2527 3441; x_wconf 90' lang='lat' dir='ltr'>ad</span> <span class='ocrx_word' id='word_1_562' title='bbox 2541 3388 2794 3443; x_wconf 87' lang='lat' dir='ltr'>notitiam</span> <span class='ocrx_word' id='word_1_563' title='bbox 2815 3390 3380 3459; x_wconf 83' lang='lat' dir='ltr'>multorum,attraxit</span> 
     </span>
    </p>
   </div>
   <div class='ocr_carea' id='block_1_78' title="bbox 1783 3474 3374 3545">
    <p class='ocr_par' dir='ltr' id='par_1_78' title="bbox 1783 3474 3374 3545">
     <span class='ocr_line' id='line_1_78' title="bbox 1783 3474 3374 3545; baseline 0.004 -15"><span class='ocrx_word' id='word_1_564' title='bbox 1783 3476 1945 3530; x_wconf 92' lang='lat' dir='ltr'>illum</span> <span class='ocrx_word' id='word_1_565' title='bbox 1971 3475 2042 3529; x_wconf 91' lang='lat' dir='ltr'>ad</span> <span class='ocrx_word' id='word_1_566' title='bbox 2072 3491 2132 3529; x_wconf 92' lang='lat' dir='ltr'>se</span> <span class='ocrx_word' id='word_1_567' title='bbox 2144 3474 2239 3545; x_wconf 91' lang='lat' dir='ltr'>qui</span> <span class='ocrx_word' id='word_1_568' title='bbox 2253 3474 2490 3530; x_wconf 90' lang='lat' dir='ltr'>Paulum</span> <span class='ocrx_word' id='word_1_569' title='bbox 2514 3476 2729 3530; x_wconf 90' lang='lat' dir='ltr'>vocavit</span> <span class='ocrx_word' id='word_1_570' title='bbox 2757 3477 2827 3532; x_wconf 88' lang='lat' dir='ltr'>de</span> <span class='ocrx_word' id='word_1_571' title='bbox 2855 3479 3136 3544; x_wconf 74' lang='lat' dir='ltr'>ctelo,hoc</span> <span class='ocrx_word' id='word_1_572' title='bbox 3161 3480 3328 3535; x_wconf 91' lang='lat' dir='ltr'>modo</span> <span class='ocrx_word' id='word_1_573' title='bbox 3355 3498 3374 3538; x_wconf 89' lang='lat'><strong>:</strong></span> 
     </span>
    </p>
   </div>
   <div class='ocr_carea' id='block_1_79' title="bbox 1785 3562 3377 3634">
    <p class='ocr_par' dir='ltr' id='par_1_79' title="bbox 1785 3562 3377 3634">
     <span class='ocr_line' id='line_1_79' title="bbox 1785 3562 3377 3634; baseline 0.004 -17"><span class='ocrx_word' id='word_1_574' title='bbox 1785 3563 2040 3627; x_wconf 85' lang='lat' dir='ltr'>Quadam</span> <span class='ocrx_word' id='word_1_575' title='bbox 2067 3563 2176 3628; x_wconf 89' lang='lat' dir='ltr'>die,</span> <span class='ocrx_word' id='word_1_576' title='bbox 2208 3562 2342 3617; x_wconf 91' lang='lat' dir='ltr'>dum</span> <span class='ocrx_word' id='word_1_577' title='bbox 2383 3563 2494 3617; x_wconf 89' lang='lat' dir='ltr'>iter</span> <span class='ocrx_word' id='word_1_578' title='bbox 2530 3570 2725 3634; x_wconf 87' lang='lat' dir='ltr'>ageret</span> <span class='ocrx_word' id='word_1_579' title='bbox 2743 3566 2895 3620; x_wconf 89' lang='lat' dir='ltr'>solus</span> <span class='ocrx_word' id='word_1_580' title='bbox 2921 3584 3052 3621; x_wconf 92' lang='lat' dir='ltr'>cum</span> <span class='ocrx_word' id='word_1_581' title='bbox 3079 3585 3192 3623; x_wconf 90' lang='lat' dir='ltr'>uno</span> <span class='ocrx_word' id='word_1_582' title='bbox 3213 3570 3377 3624; x_wconf 84' lang='lat' dir='ltr'>scho-</span> 
     </span>
    </p>
   </div>
   <div class='ocr_carea' id='block_1_80' title="bbox 1785 3650 3382 3722">
    <p class='ocr_par' dir='ltr' id='par_1_80' title="bbox 1785 3650 3382 3722">
     <span class='ocr_line' id='line_1_80' title="bbox 1785 3650 3382 3722; baseline 0.005 -17"><span class='ocrx_word' id='word_1_583' title='bbox 1785 3651 1916 3716; x_wconf 91' lang='lat' dir='ltr'>lari,</span> <span class='ocrx_word' id='word_1_584' title='bbox 1948 3650 2147 3704; x_wconf 87' lang='lat' dir='ltr'>incidit</span> <span class='ocrx_word' id='word_1_585' title='bbox 2172 3651 2230 3703; x_wconf 92' lang='lat' dir='ltr'>in</span> <span class='ocrx_word' id='word_1_586' title='bbox 2250 3651 2517 3714; x_wconf 90' lang='lat' dir='ltr'>latrones,</span> <span class='ocrx_word' id='word_1_587' title='bbox 2552 3651 2668 3722; x_wconf 92' lang='lat' dir='ltr'>qui,</span> <span class='ocrx_word' id='word_1_588' title='bbox 2726 3659 2783 3707; x_wconf 94' lang='lat' dir='ltr'>et</span> <span class='ocrx_word' id='word_1_589' title='bbox 2827 3654 3149 3710; x_wconf 88' lang='lat' dir='ltr'>auferentes</span> <span class='ocrx_word' id='word_1_590' title='bbox 3186 3656 3382 3713; x_wconf 80' lang='lat' dir='ltr'>omnia</span> 
     </span>
    </p>
   </div>
   <div class='ocr_carea' id='block_1_81' title="bbox 1787 3738 3381 3815">
    <p class='ocr_par' dir='ltr' id='par_1_81' title="bbox 1787 3738 3381 3815">
     <span class='ocr_line' id='line_1_81' title="bbox 1787 3738 3381 3815; baseline 0.004 -22"><span class='ocrx_word' id='word_1_591' title='bbox 1787 3756 1910 3809; x_wconf 70' lang='lat' dir='ltr'>quae</span> <span class='ocrx_word' id='word_1_592' title='bbox 1933 3738 2194 3803; x_wconf 88' lang='lat' dir='ltr'>habebat,</span> <span class='ocrx_word' id='word_1_593' title='bbox 2235 3738 2430 3793; x_wconf 90' lang='lat' dir='ltr'>sinunt</span> <span class='ocrx_word' id='word_1_594' title='bbox 2454 3738 2631 3805; x_wconf 85' lang='lat' dir='ltr'>abire,</span> <span class='ocrx_word' id='word_1_595' title='bbox 2670 3744 2887 3795; x_wconf 86' lang='lat' dir='ltr'>tantum</span> <span class='ocrx_word' id='word_1_596' title='bbox 2917 3742 2967 3796; x_wconf 92' lang='lat' dir='ltr'>ei</span> <span class='ocrx_word' id='word_1_597' title='bbox 2997 3744 3381 3815; x_wconf 84' lang='lat' dir='ltr'>relinquentes</span> 
     </span>
    </p>
   </div>
   <div class='ocr_carea' id='block_1_82' title="bbox 1786 3826 3384 3891">
    <p class='ocr_par' dir='ltr' id='par_1_82' title="bbox 1786 3826 3384 3891">
     <span class='ocr_line' id='line_1_82' title="bbox 1786 3826 3384 3891; baseline 0.003 -11"><span class='ocrx_word' id='word_1_598' title='bbox 1786 3831 2063 3880; x_wconf 89' lang='lat' dir='ltr'>vetustam</span> <span class='ocrx_word' id='word_1_599' title='bbox 2085 3826 2440 3891; x_wconf 89' lang='lat' dir='ltr'>chlamidem,</span> <span class='ocrx_word' id='word_1_600' title='bbox 2474 3832 2673 3880; x_wconf 63' lang='lat' dir='ltr'>caetera</span> <span class='ocrx_word' id='word_1_601' title='bbox 2701 3828 2890 3882; x_wconf 85' lang='lat' dir='ltr'>omnia</span> <span class='ocrx_word' id='word_1_602' title='bbox 2916 3845 3104 3884; x_wconf 91' lang='lat' dir='ltr'>secum</span> <span class='ocrx_word' id='word_1_603' title='bbox 3138 3831 3384 3885; x_wconf 86' lang='lat' dir='ltr'>retinen-</span> 
     </span>
    </p>
   </div>
   <div class='ocr_carea' id='block_1_83' title="bbox 1787 3914 3382 3986">
    <p class='ocr_par' dir='ltr' id='par_1_83' title="bbox 1787 3914 3382 3986">
     <span class='ocr_line' id='line_1_83' title="bbox 1787 3914 3382 3986; baseline 0.003 -18"><span class='ocrx_word' id='word_1_604' title='bbox 1787 3920 1893 3968; x_wconf 90' lang='lat' dir='ltr'>tes.</span> <span class='ocrx_word' id='word_1_605' title='bbox 1927 3915 2083 3969; x_wconf 90' lang='lat' dir='ltr'>Tunc</span> <span class='ocrx_word' id='word_1_606' title='bbox 2110 3914 2204 3967; x_wconf 92' lang='lat' dir='ltr'>ille</span> <span class='ocrx_word' id='word_1_607' title='bbox 2234 3914 2559 3967; x_wconf 88' lang='lat' dir='ltr'>recordatus</span> <span class='ocrx_word' id='word_1_608' title='bbox 2590 3920 2677 3968; x_wconf 90' lang='lat' dir='ltr'>est</span> <span class='ocrx_word' id='word_1_609' title='bbox 2694 3915 2839 3969; x_wconf 89' lang='lat' dir='ltr'>alius</span> <span class='ocrx_word' id='word_1_610' title='bbox 2866 3917 3159 3986; x_wconf 88' lang='lat' dir='ltr'>cujusdam</span> <span class='ocrx_word' id='word_1_611' title='bbox 3201 3919 3382 3973; x_wconf 89' lang='lat' dir='ltr'>sancti</span> 
     </span>
    </p>
   </div>
   <div class='ocr_carea' id='block_1_84' title="bbox 1785 4001 3383 4072">
    <p class='ocr_par' dir='ltr' id='par_1_84' title="bbox 1785 4001 3383 4072">
     <span class='ocr_line' id='line_1_84' title="bbox 1785 4001 3383 4072; baseline 0.003 -16"><span class='ocrx_word' id='word_1_612' title='bbox 1785 4002 1937 4069; x_wconf 89' lang='lat' dir='ltr'>facti,</span> <span class='ocrx_word' id='word_1_613' title='bbox 1956 4002 2051 4072; x_wconf 88' lang='lat' dir='ltr'>qui</span> <span class='ocrx_word' id='word_1_614' title='bbox 2075 4018 2202 4056; x_wconf 94' lang='lat' dir='ltr'>cum</span> <span class='ocrx_word' id='word_1_615' title='bbox 2222 4017 2257 4055; x_wconf 89' lang='lat' dir='ltr'>a</span> <span class='ocrx_word' id='word_1_616' title='bbox 2283 4001 2663 4071; x_wconf 88' lang='lat' dir='ltr'>Longobardis</span> <span class='ocrx_word' id='word_1_617' title='bbox 2694 4005 2779 4070; x_wconf 91' lang='lat' dir='ltr'>(ut</span> <span class='ocrx_word' id='word_1_618' title='bbox 2804 4010 2998 4058; x_wconf 90' lang='lat' dir='ltr'>narrat</span> <span class='ocrx_word' id='word_1_619' title='bbox 3021 4005 3219 4060; x_wconf 89' lang='lat' dir='ltr'>beatus</span> <span class='ocrx_word' id='word_1_620' title='bbox 3237 4006 3383 4062; x_wconf 85' lang='lat' dir='ltr'>Gre-</span> 
     </span>
    </p>
   </div>
   <div class='ocr_carea' id='block_1_85' title="bbox 1786 4089 3382 4162">
    <p class='ocr_par' dir='ltr' id='par_1_85' title="bbox 1786 4089 3382 4162">
     <span class='ocr_line' id='line_1_85' title="bbox 1786 4089 3382 4162; baseline 0.005 -19"><span class='ocrx_word' id='word_1_621' title='bbox 1786 4090 2235 4162; x_wconf 82' lang='lat' dir='ltr'>gorius)(Dialog.</span> <span class='ocrx_word' id='word_1_622' title='bbox 2266 4090 2360 4144; x_wconf 86' lang='lat' dir='ltr'>lib.</span> <span class='ocrx_word' id='word_1_623' title='bbox 2385 4107 2423 4144; x_wconf 86' lang='grc' dir='ltr'><strong>ι.</strong></span> <span class='ocrx_word' id='word_1_624' title='bbox 2449 4107 2566 4160; x_wconf 86' lang='lat' dir='ltr'>cap.</span> <span class='ocrx_word' id='word_1_625' title='bbox 2587 4089 2840 4156; x_wconf 74' lang='lat' dir='ltr'>2,tentus</span> <span class='ocrx_word' id='word_1_626' title='bbox 2860 4099 3026 4160; x_wconf 87' lang='lat' dir='ltr'>esset,</span> <span class='ocrx_word' id='word_1_627' title='bbox 3046 4100 3104 4149; x_wconf 93' lang='lat' dir='ltr'>et</span> <span class='ocrx_word' id='word_1_628' title='bbox 3134 4096 3185 4149; x_wconf 93' lang='lat' dir='ltr'>ei</span> <span class='ocrx_word' id='word_1_629' title='bbox 3213 4111 3382 4151; x_wconf 89' lang='lat' dir='ltr'>suum</span> 
     </span>
    </p>
   </div>
   <div class='ocr_carea' id='block_1_86' title="bbox 1792 4175 3381 4253">
    <p class='ocr_par' dir='ltr' id='par_1_86' title="bbox 1792 4175 3381 4253">
     <span class='ocr_line' id='line_1_86' title="bbox 1792 4175 3381 4253; baseline 0.004 -21"><span class='ocrx_word' id='word_1_630' title='bbox 1792 4177 2072 4232; x_wconf 89' lang='lat' dir='ltr'>caballum</span> <span class='ocrx_word' id='word_1_631' title='bbox 2102 4175 2485 4245; x_wconf 88' lang='lat' dir='ltr'>abstulissent,</span> <span class='ocrx_word' id='word_1_632' title='bbox 2536 4184 2730 4250; x_wconf 86' lang='lat' dir='ltr'>postea</span> <span class='ocrx_word' id='word_1_633' title='bbox 2774 4180 3040 4250; x_wconf 88' lang='lat' dir='ltr'>clamans,</span> <span class='ocrx_word' id='word_1_634' title='bbox 3074 4184 3381 4253; x_wconf 86' lang='lat' dir='ltr'>ﬂagellum,</span> 
     </span>
    </p>
   </div>
   <div class='ocr_carea' id='block_1_87' title="bbox 1796 4265 3381 4336">
    <p class='ocr_par' dir='ltr' id='par_1_87' title="bbox 1796 4265 3381 4336">
     <span class='ocr_line' id='line_1_87' title="bbox 1796 4265 3381 4336; baseline 0.005 -18"><span class='ocrx_word' id='word_1_635' title='bbox 1796 4281 1906 4336; x_wconf 89' lang='lat' dir='ltr'>quo</span> <span class='ocrx_word' id='word_1_636' title='bbox 1936 4281 2142 4336; x_wconf 91' lang='lat' dir='ltr'>equum</span> <span class='ocrx_word' id='word_1_637' title='bbox 2169 4265 2369 4320; x_wconf 91' lang='lat' dir='ltr'>solitus</span> <span class='ocrx_word' id='word_1_638' title='bbox 2398 4272 2521 4321; x_wconf 89' lang='lat' dir='ltr'>erat</span> <span class='ocrx_word' id='word_1_639' title='bbox 2543 4267 2768 4336; x_wconf 90' lang='lat' dir='ltr'>minari,</span> <span class='ocrx_word' id='word_1_640' title='bbox 2809 4268 3014 4325; x_wconf 92' lang='lat' dir='ltr'>obtulit</span> <span class='ocrx_word' id='word_1_641' title='bbox 3034 4270 3117 4325; x_wconf 90' lang='lat' dir='ltr'>eis</span> <span class='ocrx_word' id='word_1_642' title='bbox 3147 4272 3337 4325; x_wconf 89' lang='lat' dir='ltr'>dicens</span> <span class='ocrx_word' id='word_1_643' title='bbox 3366 4288 3381 4325; x_wconf 91' lang='lat'><strong>:</strong></span> 
     </span>
    </p>
   </div>
   <div class='ocr_carea' id='block_1_88' title="bbox 114 4351 3388 4431">
    <p class='ocr_par' dir='ltr' id='par_1_88' title="bbox 114 4351 3388 4431">
     <span class='ocr_line' id='line_1_88' title="bbox 114 4351 3388 4431; baseline 0 -17"><span class='ocrx_word' id='word_1_644' title='bbox 114 4363 238 4415; x_wconf 87' lang='lat' dir='ltr'>lum</span> <span class='ocrx_word' id='word_1_645' title='bbox 267 4364 316 4412; x_wconf 80' lang='lat' dir='ltr'>et</span> <span class='ocrx_word' id='word_1_646' title='bbox 349 4359 655 4412; x_wconf 75' lang='lat' dir='ltr'>contritum</span> <span class='ocrx_word' id='word_1_647' title='bbox 703 4359 928 4426; x_wconf 80' lang='lat' dir='ltr'>spiritu,</span> <span class='ocrx_word' id='word_1_648' title='bbox 979 4360 1029 4410; x_wconf 81' lang='lat' dir='ltr'>et</span> <span class='ocrx_word' id='word_1_649' title='bbox 1077 4360 1397 4410; x_wconf 76' lang='lat' dir='ltr'>trementem</span> <span class='ocrx_word' id='word_1_650' title='bbox 1440 4369 1713 4408; x_wconf 77' lang='lat' dir='ltr'>sermones</span> <span class='ocrx_word' id='word_1_651' title='bbox 1793 4352 2012 4418; x_wconf 85' lang='lat' dir='ltr'>Tollite,</span> <span class='ocrx_word' id='word_1_652' title='bbox 2043 4357 2109 4406; x_wconf 91' lang='lat' dir='ltr'>ut</span> <span class='ocrx_word' id='word_1_653' title='bbox 2125 4351 2379 4406; x_wconf 88' lang='lat' dir='ltr'>habeatis</span> <span class='ocrx_word' id='word_1_654' title='bbox 2406 4354 2555 4408; x_wconf 92' lang='lat' dir='ltr'>unde</span> <span class='ocrx_word' id='word_1_655' title='bbox 2575 4354 2681 4409; x_wconf 88' lang='lat' dir='ltr'>hoc</span> <span class='ocrx_word' id='word_1_656' title='bbox 2692 4355 3016 4425; x_wconf 88' lang='lat' dir='ltr'>jumentum</span> <span class='ocrx_word' id='word_1_657' title='bbox 3044 4359 3248 4414; x_wconf 88' lang='lat' dir='ltr'>minari</span> <span class='ocrx_word' id='word_1_658' title='bbox 3263 4375 3388 4431; x_wconf 85' lang='lat' dir='ltr'>pos-</span> 
     </span>
    </p>
   </div>
   <div class='ocr_carea' id='block_1_89' title="bbox 114 4442 738 4514">
    <p class='ocr_par' dir='ltr' id='par_1_89' title="bbox 114 4442 738 4514">
     <span class='ocr_line' id='line_1_89' title="bbox 114 4442 738 4514; baseline -0.005 -14"><span class='ocrx_word' id='word_1_659' title='bbox 114 4452 297 4502; x_wconf 81' lang='lat' dir='ltr'>meos?</span> <span class='ocrx_word' id='word_1_660' title='bbox 322 4446 476 4514; x_wconf 88' lang='lat' dir='ltr'>(lsai.</span> <span class='ocrx_word' id='word_1_661' title='bbox 492 4457 634 4511; x_wconf 84' lang='lat' dir='ltr'>vaI,</span> <span class='ocrx_word' id='word_1_662' title='bbox 660 4442 738 4511; x_wconf 69' lang='lat'>2.)</span> 
     </span>
    </p>
   </div>
   <div class='ocr_carea' id='block_1_90' title="bbox 188 4530 1712 4604">
    <p class='ocr_par' dir='ltr' id='par_1_90' title="bbox 188 4530 1712 4604">
     <span class='ocr_line' id='line_1_90' title="bbox 188 4530 1712 4604; baseline -0.003 -15"><span class='ocrx_word' id='word_1_663' title='bbox 188 4536 344 4590; x_wconf 85' lang='lat' dir='ltr'>Nota</span> <span class='ocrx_word' id='word_1_664' title='bbox 373 4533 521 4604; x_wconf 90' lang='lat' dir='ltr'>quod</span> <span class='ocrx_word' id='word_1_665' title='bbox 547 4532 874 4587; x_wconf 89' lang='lat' dir='ltr'>Bonnevilla</span> <span class='ocrx_word' id='word_1_666' title='bbox 928 4535 1051 4586; x_wconf 86' lang='lat' dir='ltr'>erat</span> <span class='ocrx_word' id='word_1_667' title='bbox 1098 4530 1389 4603; x_wconf 89' lang='lat' dir='ltr'>proprium</span> <span class='ocrx_word' id='word_1_668' title='bbox 1414 4530 1712 4586; x_wconf 67' lang='lat' dir='ltr'>haeredita-</span> 
     </span>
    </p>
   </div>
   <div class='ocr_carea' id='block_1_91' title="bbox 115 4618 1712 4694">
    <p class='ocr_par' dir='ltr' id='par_1_91' title="bbox 115 4618 1712 4694">
     <span class='ocr_line' id='line_1_91' title="bbox 115 4618 1712 4694; baseline -0.003 -17"><span class='ocrx_word' id='word_1_669' title='bbox 115 4623 272 4694; x_wconf 83' lang='lat' dir='ltr'>gium</span> <span class='ocrx_word' id='word_1_670' title='bbox 295 4620 510 4676; x_wconf 91' lang='lat' dir='ltr'>domini</span> <span class='ocrx_word' id='word_1_671' title='bbox 529 4619 808 4687; x_wconf 88' lang='lat' dir='ltr'>Herluini,</span> <span class='ocrx_word' id='word_1_672' title='bbox 839 4625 897 4674; x_wconf 93' lang='lat' dir='ltr'>et</span> <span class='ocrx_word' id='word_1_673' title='bbox 916 4618 1127 4674; x_wconf 92' lang='lat' dir='ltr'>ibidem</span> <span class='ocrx_word' id='word_1_674' title='bbox 1159 4619 1398 4691; x_wconf 89' lang='lat' dir='ltr'>primam</span> <span class='ocrx_word' id='word_1_675' title='bbox 1420 4620 1712 4674; x_wconf 90' lang='lat' dir='ltr'>ecclesiam</span> 
     </span>
    </p>
   </div>
   <div class='ocr_carea' id='block_1_92' title="bbox 118 4707 1714 4776">
    <p class='ocr_par' dir='ltr' id='par_1_92' title="bbox 118 4707 1714 4776">
     <span class='ocr_line' id='line_1_92' title="bbox 118 4707 1714 4776; baseline -0.002 -10"><span class='ocrx_word' id='word_1_676' title='bbox 118 4709 416 4766; x_wconf 70' lang='lat' dir='ltr'>aediﬁcavit</span> <span class='ocrx_word' id='word_1_677' title='bbox 441 4707 501 4762; x_wconf 92' lang='lat' dir='ltr'>in</span> <span class='ocrx_word' id='word_1_678' title='bbox 528 4709 796 4764; x_wconf 89' lang='lat' dir='ltr'>honorem</span> <span class='ocrx_word' id='word_1_679' title='bbox 825 4713 1031 4762; x_wconf 79' lang='lat' dir='ltr'>sanctae</span> <span class='ocrx_word' id='word_1_680' title='bbox 1061 4707 1269 4776; x_wconf 71' lang='lat' dir='ltr'>Mariae,</span> <span class='ocrx_word' id='word_1_681' title='bbox 1302 4714 1359 4764; x_wconf 92' lang='lat' dir='ltr'>et</span> <span class='ocrx_word' id='word_1_682' title='bbox 1385 4708 1591 4764; x_wconf 90' lang='lat' dir='ltr'>ibidem</span> <span class='ocrx_word' id='word_1_683' title='bbox 1610 4709 1714 4763; x_wconf 87' lang='lat' dir='ltr'>ha-</span> 
     </span>
    </p>
   </div>
   <div class='ocr_carea' id='block_1_93' title="bbox 117 4796 594 4868">
    <p class='ocr_par' dir='ltr' id='par_1_93' title="bbox 117 4796 594 4868">
     <span class='ocr_line' id='line_1_93' title="bbox 117 4796 594 4868; baseline -0.008 -14"><span class='ocrx_word' id='word_1_684' title='bbox 117 4799 303 4854; x_wconf 87' lang='lat' dir='ltr'>bitum</span> <span class='ocrx_word' id='word_1_685' title='bbox 332 4796 594 4868; x_wconf 89' lang='lat' dir='ltr'>suscepit.</span> 
     </span>
    </p>
   </div>
   <div class='ocr_carea' id='block_1_94' title="bbox 186 4883 1715 4958">
    <p class='ocr_par' dir='ltr' id='par_1_94' title="bbox 186 4883 1715 4958">
     <span class='ocr_line' id='line_1_94' title="bbox 186 4883 1715 4958; baseline -0.001 -18"><span class='ocrx_word' id='word_1_686' title='bbox 186 4888 401 4943; x_wconf 80' lang='lat' dir='ltr'>Verum</span> <span class='ocrx_word' id='word_1_687' title='bbox 424 4884 557 4958; x_wconf 89' lang='lat' dir='ltr'>quia</span> <span class='ocrx_word' id='word_1_688' title='bbox 573 4884 902 4956; x_wconf 87' lang='lat' dir='ltr'>campestris</span> <span class='ocrx_word' id='word_1_689' title='bbox 921 4888 977 4940; x_wconf 89' lang='lat' dir='ltr'>et</span> <span class='ocrx_word' id='word_1_690' title='bbox 995 4884 1299 4957; x_wconf 88' lang='lat' dir='ltr'>inaquosus</span> <span class='ocrx_word' id='word_1_691' title='bbox 1316 4890 1399 4940; x_wconf 88' lang='lat' dir='ltr'>est</span> <span class='ocrx_word' id='word_1_692' title='bbox 1412 4883 1715 4947; x_wconf 90' lang='lat' dir='ltr'>locus,mo-</span> 
     </span>
    </p>
   </div>
   <div class='ocr_carea' id='block_1_95' title="bbox 119 4971 1716 5047">
    <p class='ocr_par' dir='ltr' id='par_1_95' title="bbox 119 4971 1716 5047">
     <span class='ocr_line' id='line_1_95' title="bbox 119 4971 1716 5047; baseline -0.004 -16"><span class='ocrx_word' id='word_1_693' title='bbox 119 4974 273 5031; x_wconf 85' lang='lat' dir='ltr'>nitus</span> <span class='ocrx_word' id='word_1_694' title='bbox 300 4990 403 5047; x_wconf 90' lang='lat' dir='ltr'>per</span> <span class='ocrx_word' id='word_1_695' title='bbox 429 4989 685 5045; x_wconf 88' lang='lat' dir='ltr'>soporem</span> <span class='ocrx_word' id='word_1_696' title='bbox 714 4989 749 5027; x_wconf 90' lang='lat' dir='ltr'>a</span> <span class='ocrx_word' id='word_1_697' title='bbox 773 4972 940 5028; x_wconf 73' lang='lat' dir='ltr'>beata</span> <span class='ocrx_word' id='word_1_698' title='bbox 959 4973 1063 5027; x_wconf 92' lang='lat' dir='ltr'>Dei</span> <span class='ocrx_word' id='word_1_699' title='bbox 1080 4972 1352 5044; x_wconf 85' lang='lat' dir='ltr'>genitrice</span> <span class='ocrx_word' id='word_1_700' title='bbox 1379 4971 1716 5040; x_wconf 52' lang='lat' dir='ltr'>ghlariaﬁn</span> 
     </span>
    </p>
   </div>
   <div class='ocr_carea' id='block_1_96' title="bbox 120 5060 1711 5132">
    <p class='ocr_par' dir='ltr' id='par_1_96' title="bbox 120 5060 1711 5132">
     <span class='ocr_line' id='line_1_96' title="bbox 120 5060 1711 5132; baseline -0.001 -16"><span class='ocrx_word' id='word_1_701' title='bbox 120 5065 322 5119; x_wconf 82' lang='lat' dir='ltr'>vallem</span> <span class='ocrx_word' id='word_1_702' title='bbox 359 5062 431 5117; x_wconf 89' lang='lat' dir='ltr'>ad</span> <span class='ocrx_word' id='word_1_703' title='bbox 460 5063 641 5117; x_wconf 91' lang='lat' dir='ltr'>rivum</span> <span class='ocrx_word' id='word_1_704' title='bbox 665 5061 762 5132; x_wconf 88' lang='lat' dir='ltr'>qui</span> <span class='ocrx_word' id='word_1_705' title='bbox 790 5062 1000 5116; x_wconf 92' lang='lat' dir='ltr'>Beccus</span> <span class='ocrx_word' id='word_1_706' title='bbox 1037 5060 1258 5122; x_wconf 88' lang='lat' dir='ltr'>dicitur,</span> <span class='ocrx_word' id='word_1_707' title='bbox 1293 5062 1409 5116; x_wconf 91' lang='lat' dir='ltr'>Deo</span> <span class='ocrx_word' id='word_1_708' title='bbox 1437 5061 1711 5132; x_wconf 89' lang='lat' dir='ltr'>adjutore,</span> 
     </span>
    </p>
   </div>
   <div class='ocr_carea' id='block_1_97' title="bbox 122 5147 1717 5221">
    <p class='ocr_par' dir='ltr' id='par_1_97' title="bbox 122 5147 1717 5221">
     <span class='ocr_line' id='line_1_97' title="bbox 122 5147 1717 5221; baseline -0.003 -13"><span class='ocrx_word' id='word_1_709' title='bbox 122 5151 418 5219; x_wconf 88' lang='lat' dir='ltr'>successit;</span> <span class='ocrx_word' id='word_1_710' title='bbox 449 5149 638 5221; x_wconf 90' lang='lat' dir='ltr'>ibique</span> <span class='ocrx_word' id='word_1_711' title='bbox 664 5148 850 5204; x_wconf 89' lang='lat' dir='ltr'>nobile</span> <span class='ocrx_word' id='word_1_712' title='bbox 877 5150 1154 5204; x_wconf 78' lang='lat' dir='ltr'>aedificare</span> <span class='ocrx_word' id='word_1_713' title='bbox 1167 5147 1334 5221; x_wconf 68' lang='lat' dir='ltr'>coepit</span> <span class='ocrx_word' id='word_1_714' title='bbox 1360 5149 1419 5204; x_wconf 92' lang='lat' dir='ltr'>in</span> <span class='ocrx_word' id='word_1_715' title='bbox 1446 5151 1717 5204; x_wconf 89' lang='lat' dir='ltr'>honorem</span> 
     </span>
    </p>
   </div>
   <div class='ocr_carea' id='block_1_98' title="bbox 125 5236 1719 5312">
    <p class='ocr_par' dir='ltr' id='par_1_98' title="bbox 125 5236 1719 5312">
     <span class='ocr_line' id='line_1_98' title="bbox 125 5236 1719 5312; baseline -0.003 -16"><span class='ocrx_word' id='word_1_716' title='bbox 125 5238 377 5312; x_wconf 81' lang='lat' dir='ltr'>ejusdem</span> <span class='ocrx_word' id='word_1_717' title='bbox 415 5238 613 5292; x_wconf 88' lang='lat' dir='ltr'>matris</span> <span class='ocrx_word' id='word_1_718' title='bbox 632 5238 857 5293; x_wconf 90' lang='lat' dir='ltr'>Domini</span> <span class='ocrx_word' id='word_1_719' title='bbox 886 5236 1076 5292; x_wconf 80' lang='lat' dir='ltr'>Mariae</span> <span class='ocrx_word' id='word_1_720' title='bbox 1114 5238 1541 5303; x_wconf 89' lang='lat' dir='ltr'>monasterium,</span> <span class='ocrx_word' id='word_1_721' title='bbox 1569 5238 1719 5309; x_wconf 91' lang='lat' dir='ltr'>quod</span> 
     </span>
    </p>
   </div>
   <div class='ocr_carea' id='block_1_99' title="bbox 124 5325 1719 5398">
    <p class='ocr_par' dir='ltr' id='par_1_99' title="bbox 124 5325 1719 5398">
     <span class='ocr_line' id='line_1_99' title="bbox 124 5325 1719 5398; baseline -0.001 -16"><span class='ocrx_word' id='word_1_722' title='bbox 124 5327 278 5382; x_wconf 87' lang='lat' dir='ltr'>Deus</span> <span class='ocrx_word' id='word_1_723' title='bbox 304 5327 538 5398; x_wconf 88' lang='lat' dir='ltr'>perfecit</span> <span class='ocrx_word' id='word_1_724' title='bbox 554 5327 625 5381; x_wconf 89' lang='lat' dir='ltr'>ad</span> <span class='ocrx_word' id='word_1_725' title='bbox 661 5326 751 5381; x_wconf 89' lang='lat' dir='ltr'>sui</span> <span class='ocrx_word' id='word_1_726' title='bbox 769 5325 1010 5381; x_wconf 89' lang='lat' dir='ltr'>nominis</span> <span class='ocrx_word' id='word_1_727' title='bbox 1034 5326 1294 5397; x_wconf 89' lang='lat' dir='ltr'>gloriam,</span> <span class='ocrx_word' id='word_1_728' title='bbox 1328 5333 1385 5382; x_wconf 88' lang='lat' dir='ltr'>et</span> <span class='ocrx_word' id='word_1_729' title='bbox 1411 5326 1719 5381; x_wconf 90' lang='lat' dir='ltr'>multorum</span> 
     </span>
    </p>
   </div>
   <div class='ocr_carea' id='block_1_100' title="bbox 125 5414 1720 5477">
    <p class='ocr_par' dir='ltr' id='par_1_100' title="bbox 125 5414 1720 5477">
     <span class='ocr_line' id='line_1_100' title="bbox 125 5414 1720 5477; baseline -0.001 -8"><span class='ocrx_word' id='word_1_730' title='bbox 125 5414 420 5470; x_wconf 84' lang='lat' dir='ltr'>hominum</span> <span class='ocrx_word' id='word_1_731' title='bbox 432 5414 695 5477; x_wconf 78' lang='lat' dir='ltr'>solatium</span> <span class='ocrx_word' id='word_1_732' title='bbox 715 5419 772 5470; x_wconf 91' lang='lat' dir='ltr'>et</span> <span class='ocrx_word' id='word_1_733' title='bbox 784 5415 1159 5469; x_wconf 82' lang='lat' dir='ltr'>salutem.Cui</span> <span class='ocrx_word' id='word_1_734' title='bbox 1183 5415 1333 5470; x_wconf 92' lang='lat' dir='ltr'>Deus</span> <span class='ocrx_word' id='word_1_735' title='bbox 1350 5415 1423 5469; x_wconf 88' lang='lat' dir='ltr'>ad</span> <span class='ocrx_word' id='word_1_736' title='bbox 1447 5414 1720 5469; x_wconf 81' lang='lat' dir='ltr'>auxilium</span> 
     </span>
    </p>
   </div>
   <div class='ocr_carea' id='block_1_101' title="bbox 128 5502 1717 5573">
    <p class='ocr_par' dir='ltr' id='par_1_101' title="bbox 128 5502 1717 5573">
     <span class='ocr_line' id='line_1_101' title="bbox 128 5502 1717 5573; baseline 0.001 -16"><span class='ocrx_word' id='word_1_737' title='bbox 128 5507 187 5557; x_wconf 85' lang='lat' dir='ltr'>et</span> <span class='ocrx_word' id='word_1_738' title='bbox 203 5503 497 5558; x_wconf 85' lang='lat' dir='ltr'>consilium</span> <span class='ocrx_word' id='word_1_739' title='bbox 519 5502 768 5568; x_wconf 89' lang='lat' dir='ltr'>adducit,</span> <span class='ocrx_word' id='word_1_740' title='bbox 792 5503 953 5573; x_wconf 80' lang='lat' dir='ltr'>juxta</span> <span class='ocrx_word' id='word_1_741' title='bbox 1000 5502 1341 5558; x_wconf 90' lang='lat' dir='ltr'>desiderium</span> <span class='ocrx_word' id='word_1_742' title='bbox 1391 5503 1574 5558; x_wconf 89' lang='lat' dir='ltr'>cordis</span> <span class='ocrx_word' id='word_1_743' title='bbox 1610 5502 1717 5570; x_wconf 87' lang='lat' dir='ltr'>sui,</span> 
     </span>
    </p>
   </div>
   <div class='ocr_carea' id='block_1_102' title="bbox 131 5589 1723 5662">
    <p class='ocr_par' dir='ltr' id='par_1_102' title="bbox 131 5589 1723 5662">
     <span class='ocr_line' id='line_1_102' title="bbox 131 5589 1723 5662; baseline 0 -16"><span class='ocrx_word' id='word_1_744' title='bbox 131 5590 507 5648; x_wconf 88' lang='lat' dir='ltr'>Lanfrancum</span> <span class='ocrx_word' id='word_1_745' title='bbox 521 5591 701 5648; x_wconf 90' lang='lat' dir='ltr'>virum</span> <span class='ocrx_word' id='word_1_746' title='bbox 721 5589 1115 5647; x_wconf 87' lang='lat' dir='ltr'>inliberalibus</span> <span class='ocrx_word' id='word_1_747' title='bbox 1125 5589 1341 5647; x_wconf 89' lang='lat' dir='ltr'>artibus</span> <span class='ocrx_word' id='word_1_748' title='bbox 1350 5590 1723 5662; x_wconf 87' lang='lat' dir='ltr'>undecunque</span> 
     </span>
    </p>
   </div>
   <div class='ocr_carea' id='block_1_103' title="bbox 1734 4435 3385 4516">
    <p class='ocr_par' dir='ltr' id='par_1_103' title="bbox 1734 4435 3385 4516">
     <span class='ocr_line' id='line_1_103' title="bbox 1734 4435 3385 4516; baseline 0.005 -20"><span class='ocrx_word' id='word_1_749' title='bbox 1734 4435 1938 4496; x_wconf 89' lang='lat' dir='ltr'>Dsitis.</span> <span class='ocrx_word' id='word_1_750' title='bbox 1971 4439 2185 4504; x_wconf 87' lang='lat' dir='ltr'>Quibus</span> <span class='ocrx_word' id='word_1_751' title='bbox 2210 4439 2395 4507; x_wconf 90' lang='lat' dir='ltr'>dictis,</span> <span class='ocrx_word' id='word_1_752' title='bbox 2419 4442 2490 4496; x_wconf 90' lang='lat' dir='ltr'>ad</span> <span class='ocrx_word' id='word_1_753' title='bbox 2510 4442 2823 4498; x_wconf 90' lang='lat' dir='ltr'>orationem</span> <span class='ocrx_word' id='word_1_754' title='bbox 2847 4444 3103 4516; x_wconf 90' lang='lat' dir='ltr'>protinus</span> <span class='ocrx_word' id='word_1_755' title='bbox 3130 4464 3191 4503; x_wconf 93' lang='lat' dir='ltr'>se</span> <span class='ocrx_word' id='word_1_756' title='bbox 3210 4449 3385 4504; x_wconf 80' lang='lat' dir='ltr'>dedit.</span> 
     </span>
    </p>
   </div>
   <div class='ocr_carea' id='block_1_104' title="bbox 1795 4528 3391 4599">
    <p class='ocr_par' dir='ltr' id='par_1_104' title="bbox 1795 4528 3391 4599">
     <span class='ocr_line' id='line_1_104' title="bbox 1795 4528 3391 4599; baseline 0.006 -16"><span class='ocrx_word' id='word_1_757' title='bbox 1795 4528 1883 4583; x_wconf 91' lang='lat' dir='ltr'>Illi</span> <span class='ocrx_word' id='word_1_758' title='bbox 1913 4544 2040 4583; x_wconf 91' lang='lat' dir='ltr'>vero</span> <span class='ocrx_word' id='word_1_759' title='bbox 2064 4543 2230 4582; x_wconf 91' lang='lat' dir='ltr'>cursu</span> <span class='ocrx_word' id='word_1_760' title='bbox 2251 4528 2445 4599; x_wconf 88' lang='lat' dir='ltr'>rapido</span> <span class='ocrx_word' id='word_1_761' title='bbox 2468 4537 2739 4587; x_wconf 87' lang='lat' dir='ltr'>venerunt</span> <span class='ocrx_word' id='word_1_762' title='bbox 2783 4533 2856 4587; x_wconf 90' lang='lat' dir='ltr'>ad</span> <span class='ocrx_word' id='word_1_763' title='bbox 2896 4534 3126 4590; x_wconf 85' lang='lat' dir='ltr'>fluvium</span> <span class='ocrx_word' id='word_1_764' title='bbox 3162 4538 3391 4593; x_wconf 84' lang='lat' dir='ltr'>nomine</span> 
     </span>
    </p>
   </div>
   <div class='ocr_carea' id='block_1_105' title="bbox 1796 4615 3386 4694">
    <p class='ocr_par' dir='ltr' id='par_1_105' title="bbox 1796 4615 3386 4694">
     <span class='ocr_line' id='line_1_105' title="bbox 1796 4615 3386 4694; baseline 0.007 -25"><span class='ocrx_word' id='word_1_765' title='bbox 1796 4615 2161 4684; x_wconf 84' lang='lat' dir='ltr'>Vulturnum,</span> <span class='ocrx_word' id='word_1_766' title='bbox 2188 4632 2356 4687; x_wconf 91' lang='lat' dir='ltr'>quem</span> <span class='ocrx_word' id='word_1_767' title='bbox 2404 4617 2560 4672; x_wconf 91' lang='lat' dir='ltr'>nullo</span> <span class='ocrx_word' id='word_1_768' title='bbox 2589 4619 2755 4674; x_wconf 91' lang='lat' dir='ltr'>modo</span> <span class='ocrx_word' id='word_1_769' title='bbox 2787 4622 3030 4676; x_wconf 88' lang='lat' dir='ltr'>transire</span> <span class='ocrx_word' id='word_1_770' title='bbox 3058 4629 3386 4694; x_wconf 89' lang='lat' dir='ltr'>potuerunt,</span> 
     </span>
    </p>
   </div>
   <div class='ocr_carea' id='block_1_106' title="bbox 1794 4704 3393 4778">
    <p class='ocr_par' dir='ltr' id='par_1_106' title="bbox 1794 4704 3393 4778">
     <span class='ocr_line' id='line_1_106' title="bbox 1794 4704 3393 4778; baseline 0.006 -21"><span class='ocrx_word' id='word_1_771' title='bbox 1794 4720 2035 4775; x_wconf 90' lang='lat' dir='ltr'>cumque</span> <span class='ocrx_word' id='word_1_772' title='bbox 2062 4704 2217 4758; x_wconf 92' lang='lat' dir='ltr'>nullo</span> <span class='ocrx_word' id='word_1_773' title='bbox 2247 4704 2412 4758; x_wconf 92' lang='lat' dir='ltr'>modo</span> <span class='ocrx_word' id='word_1_774' title='bbox 2441 4707 2685 4761; x_wconf 87' lang='lat' dir='ltr'>transire</span> <span class='ocrx_word' id='word_1_775' title='bbox 2705 4714 2953 4778; x_wconf 88' lang='lat' dir='ltr'>possent,</span> <span class='ocrx_word' id='word_1_776' title='bbox 2993 4710 3393 4767; x_wconf 88' lang='lat' dir='ltr'>intellexerunt</span> 
     </span>
    </p>
   </div>
   <div class='ocr_carea' id='block_1_107' title="bbox 1795 4792 3393 4871">
    <p class='ocr_par' dir='ltr' id='par_1_107' title="bbox 1795 4792 3393 4871">
     <span class='ocr_line' id='line_1_107' title="bbox 1795 4792 3393 4871; baseline 0.005 -24"><span class='ocrx_word' id='word_1_777' title='bbox 1795 4793 1928 4863; x_wconf 85' lang='lat' dir='ltr'>quia</span> <span class='ocrx_word' id='word_1_778' title='bbox 1956 4794 2023 4847; x_wconf 81' lang='lat' dir='ltr'>ex</span> <span class='ocrx_word' id='word_1_779' title='bbox 2039 4792 2205 4864; x_wconf 92' lang='lat' dir='ltr'>culpa</span> <span class='ocrx_word' id='word_1_780' title='bbox 2226 4807 2395 4863; x_wconf 86' lang='lat' dir='ltr'>quam</span> <span class='ocrx_word' id='word_1_781' title='bbox 2416 4808 2575 4847; x_wconf 89' lang='lat' dir='ltr'>servo</span> <span class='ocrx_word' id='word_1_782' title='bbox 2599 4795 2702 4848; x_wconf 91' lang='lat' dir='ltr'>Dei</span> <span class='ocrx_word' id='word_1_783' title='bbox 2722 4796 2991 4864; x_wconf 88' lang='lat' dir='ltr'>fecerant,</span> <span class='ocrx_word' id='word_1_784' title='bbox 3024 4798 3139 4853; x_wconf 88' lang='lat' dir='ltr'>ista</span> <span class='ocrx_word' id='word_1_785' title='bbox 3161 4798 3393 4871; x_wconf 85' lang='lat' dir='ltr'>dispen-</span> 
     </span>
    </p>
   </div>
   <div class='ocr_carea' id='block_1_108' title="bbox 1796 4879 3395 4952">
    <p class='ocr_par' dir='ltr' id='par_1_108' title="bbox 1796 4879 3395 4952">
     <span class='ocr_line' id='line_1_108' title="bbox 1796 4879 3395 4952; baseline 0.004 -16"><span class='ocrx_word' id='word_1_786' title='bbox 1796 4881 1891 4937; x_wconf 90' lang='lat' dir='ltr'>dia</span> <span class='ocrx_word' id='word_1_787' title='bbox 1915 4879 2259 4949; x_wconf 85' lang='lat' dir='ltr'>tolerabant;</span> <span class='ocrx_word' id='word_1_788' title='bbox 2297 4880 2392 4952; x_wconf 91' lang='lat' dir='ltr'>qui</span> <span class='ocrx_word' id='word_1_789' title='bbox 2422 4881 2614 4935; x_wconf 83' lang='lat' dir='ltr'>statim</span> <span class='ocrx_word' id='word_1_790' title='bbox 2645 4882 2853 4937; x_wconf 90' lang='lat' dir='ltr'>reversi</span> <span class='ocrx_word' id='word_1_791' title='bbox 2880 4899 2994 4939; x_wconf 90' lang='lat' dir='ltr'>non</span> <span class='ocrx_word' id='word_1_792' title='bbox 3050 4887 3233 4941; x_wconf 91' lang='lat' dir='ltr'>solum</span> <span class='ocrx_word' id='word_1_793' title='bbox 3269 4887 3395 4942; x_wconf 85' lang='lat' dir='ltr'>red-</span> 
     </span>
    </p>
   </div>
   <div class='ocr_carea' id='block_1_109' title="bbox 1797 4968 3395 5042">
    <p class='ocr_par' dir='ltr' id='par_1_109' title="bbox 1797 4968 3395 5042">
     <span class='ocr_line' id='line_1_109' title="bbox 1797 4968 3395 5042; baseline 0.003 -17"><span class='ocrx_word' id='word_1_794' title='bbox 1797 4970 1939 5025; x_wconf 90' lang='lat' dir='ltr'>dunt</span> <span class='ocrx_word' id='word_1_795' title='bbox 1967 4968 2116 5040; x_wconf 94' lang='lat' dir='ltr'>quod</span> <span class='ocrx_word' id='word_1_796' title='bbox 2135 4968 2505 5035; x_wconf 89' lang='lat' dir='ltr'>abstulerant,</span> <span class='ocrx_word' id='word_1_797' title='bbox 2527 4969 2624 5024; x_wconf 91' lang='lat' dir='ltr'>sed</span> <span class='ocrx_word' id='word_1_798' title='bbox 2648 4970 2819 5024; x_wconf 83' lang='lat' dir='ltr'>etiam</span> <span class='ocrx_word' id='word_1_799' title='bbox 2844 4971 3029 5042; x_wconf 88' lang='lat' dir='ltr'>ipsum</span> <span class='ocrx_word' id='word_1_800' title='bbox 3040 4973 3395 5031; x_wconf 89' lang='lat' dir='ltr'>Libertinum</span> 
     </span>
    </p>
   </div>
   <div class='ocr_carea' id='block_1_110' title="bbox 1795 5056 3390 5129">
    <p class='ocr_par' dir='ltr' id='par_1_110' title="bbox 1795 5056 3390 5129">
     <span class='ocr_line' id='line_1_110' title="bbox 1795 5056 3390 5129; baseline 0.003 -16"><span class='ocrx_word' id='word_1_801' title='bbox 1795 5059 2033 5113; x_wconf 91' lang='lat' dir='ltr'>invitum</span> <span class='ocrx_word' id='word_1_802' title='bbox 2056 5056 2115 5112; x_wconf 90' lang='lat' dir='ltr'>in</span> <span class='ocrx_word' id='word_1_803' title='bbox 2136 5072 2363 5129; x_wconf 88' lang='lat' dir='ltr'>equum,</span> <span class='ocrx_word' id='word_1_804' title='bbox 2395 5057 2465 5111; x_wconf 92' lang='lat' dir='ltr'>de</span> <span class='ocrx_word' id='word_1_805' title='bbox 2490 5073 2599 5129; x_wconf 91' lang='lat' dir='ltr'>quo</span> <span class='ocrx_word' id='word_1_806' title='bbox 2627 5057 3019 5129; x_wconf 90' lang='lat' dir='ltr'>deposuerant,</span> <span class='ocrx_word' id='word_1_807' title='bbox 3045 5060 3390 5129; x_wconf 86' lang='lat' dir='ltr'>levaverunt,</span> 
     </span>
    </p>
   </div>
   <div class='ocr_carea' id='block_1_111' title="bbox 1798 5146 3393 5221">
    <p class='ocr_par' dir='ltr' id='par_1_111' title="bbox 1798 5146 3393 5221">
     <span class='ocr_line' id='line_1_111' title="bbox 1798 5146 3393 5221; baseline 0.003 -19"><span class='ocrx_word' id='word_1_808' title='bbox 1798 5152 1855 5202; x_wconf 92' lang='lat' dir='ltr'>et</span> <span class='ocrx_word' id='word_1_809' title='bbox 1880 5146 2136 5219; x_wconf 88' lang='lat' dir='ltr'>protinus</span> <span class='ocrx_word' id='word_1_810' title='bbox 2165 5146 2489 5211; x_wconf 88' lang='lat' dir='ltr'>abscedunt,</span> <span class='ocrx_word' id='word_1_811' title='bbox 2515 5150 2572 5200; x_wconf 91' lang='lat' dir='ltr'>et</span> <span class='ocrx_word' id='word_1_812' title='bbox 2588 5146 2699 5201; x_wconf 90' lang='lat' dir='ltr'>iter</span> <span class='ocrx_word' id='word_1_813' title='bbox 2711 5162 2877 5202; x_wconf 89' lang='lat' dir='ltr'>suum</span> <span class='ocrx_word' id='word_1_814' title='bbox 2900 5148 3073 5204; x_wconf 91' lang='lat' dir='ltr'>libere</span> <span class='ocrx_word' id='word_1_815' title='bbox 3091 5157 3393 5221; x_wconf 88' lang='lat' dir='ltr'>peragunt.</span> 
     </span>
    </p>
   </div>
   <div class='ocr_carea' id='block_1_112' title="bbox 1800 5234 3396 5306">
    <p class='ocr_par' dir='ltr' id='par_1_112' title="bbox 1800 5234 3396 5306">
     <span class='ocr_line' id='line_1_112' title="bbox 1800 5234 3396 5306; baseline 0.003 -15"><span class='ocrx_word' id='word_1_816' title='bbox 1800 5235 1909 5301; x_wconf 93' lang='lat' dir='ltr'>Sic,</span> <span class='ocrx_word' id='word_1_817' title='bbox 1936 5235 2197 5305; x_wconf 90' lang='lat' dir='ltr'>inquiens</span> <span class='ocrx_word' id='word_1_818' title='bbox 2224 5234 2592 5299; x_wconf 87' lang='lat' dir='ltr'>Lanfrancus,</span> <span class='ocrx_word' id='word_1_819' title='bbox 2615 5251 2717 5306; x_wconf 89' lang='lat' dir='ltr'>ego</span> <span class='ocrx_word' id='word_1_820' title='bbox 2747 5235 2971 5301; x_wconf 86' lang='lat' dir='ltr'>faciam,</span> <span class='ocrx_word' id='word_1_821' title='bbox 3012 5237 3223 5306; x_wconf 91' lang='lat' dir='ltr'>redibo,</span> <span class='ocrx_word' id='word_1_822' title='bbox 3256 5239 3396 5295; x_wconf 79' lang='lat' dir='ltr'>offe-</span> 
     </span>
    </p>
   </div>
   <div class='ocr_carea' id='block_1_113' title="bbox 1799 5323 3397 5396">
    <p class='ocr_par' dir='ltr' id='par_1_113' title="bbox 1799 5323 3397 5396">
     <span class='ocr_line' id='line_1_113' title="bbox 1799 5323 3397 5396; baseline 0.004 -18"><span class='ocrx_word' id='word_1_823' title='bbox 1799 5339 1920 5378; x_wconf 89' lang='lat' dir='ltr'>ram</span> <span class='ocrx_word' id='word_1_824' title='bbox 1952 5323 2033 5378; x_wconf 89' lang='lat' dir='ltr'>eis</span> <span class='ocrx_word' id='word_1_825' title='bbox 2062 5340 2185 5395; x_wconf 85' lang='lat' dir='ltr'>quae</span> <span class='ocrx_word' id='word_1_826' title='bbox 2213 5323 2599 5389; x_wconf 89' lang='lat' dir='ltr'>deseruerunt,</span> <span class='ocrx_word' id='word_1_827' title='bbox 2635 5328 2692 5378; x_wconf 90' lang='lat' dir='ltr'>et</span> <span class='ocrx_word' id='word_1_828' title='bbox 2719 5340 2845 5379; x_wconf 90' lang='lat' dir='ltr'>cum</span> <span class='ocrx_word' id='word_1_829' title='bbox 2874 5327 2980 5381; x_wconf 92' lang='lat' dir='ltr'>hoc</span> <span class='ocrx_word' id='word_1_830' title='bbox 3020 5326 3221 5396; x_wconf 89' lang='lat' dir='ltr'>fecero,</span> <span class='ocrx_word' id='word_1_831' title='bbox 3262 5327 3397 5385; x_wconf 86' lang='lat' dir='ltr'>red-</span> 
     </span>
    </p>
   </div>
   <div class='ocr_carea' id='block_1_114' title="bbox 1800 5411 3398 5482">
    <p class='ocr_par' dir='ltr' id='par_1_114' title="bbox 1800 5411 3398 5482">
     <span class='ocr_line' id='line_1_114' title="bbox 1800 5411 3398 5482; baseline 0.004 -17"><span class='ocrx_word' id='word_1_832' title='bbox 1800 5413 1937 5467; x_wconf 91' lang='lat' dir='ltr'>dent</span> <span class='ocrx_word' id='word_1_833' title='bbox 1955 5411 2093 5466; x_wconf 88' lang='lat' dir='ltr'>mihi</span> <span class='ocrx_word' id='word_1_834' title='bbox 2124 5412 2315 5466; x_wconf 90' lang='lat' dir='ltr'>omnia</span> <span class='ocrx_word' id='word_1_835' title='bbox 2351 5428 2516 5479; x_wconf 88' lang='lat' dir='ltr'>mea;</span> <span class='ocrx_word' id='word_1_836' title='bbox 2547 5417 2605 5467; x_wconf 92' lang='lat' dir='ltr'>et</span> <span class='ocrx_word' id='word_1_837' title='bbox 2641 5429 2766 5467; x_wconf 90' lang='lat' dir='ltr'>cum</span> <span class='ocrx_word' id='word_1_838' title='bbox 2822 5412 3063 5482; x_wconf 90' lang='lat' dir='ltr'>fecisset,</span> <span class='ocrx_word' id='word_1_839' title='bbox 3113 5415 3254 5471; x_wconf 91' lang='lat' dir='ltr'>nihil</span> <span class='ocrx_word' id='word_1_840' title='bbox 3291 5416 3398 5472; x_wconf 88' lang='lat' dir='ltr'>sibi</span> 
     </span>
    </p>
   </div>
   <div class='ocr_carea' id='block_1_115' title="bbox 1799 5499 3402 5574">
    <p class='ocr_par' dir='ltr' id='par_1_115' title="bbox 1799 5499 3402 5574">
     <span class='ocr_line' id='line_1_115' title="bbox 1799 5499 3402 5574; baseline 0.004 -20"><span class='ocrx_word' id='word_1_841' title='bbox 1799 5500 2024 5573; x_wconf 86' lang='lat' dir='ltr'>profuit,</span> <span class='ocrx_word' id='word_1_842' title='bbox 2059 5499 2157 5555; x_wconf 91' lang='lat' dir='ltr'>sed</span> <span class='ocrx_word' id='word_1_843' title='bbox 2181 5501 2242 5555; x_wconf 92' lang='lat' dir='ltr'>in</span> <span class='ocrx_word' id='word_1_844' title='bbox 2270 5500 2430 5572; x_wconf 89' lang='lat' dir='ltr'>pejus</span> <span class='ocrx_word' id='word_1_845' title='bbox 2447 5500 2530 5554; x_wconf 91' lang='lat' dir='ltr'>illi</span> <span class='ocrx_word' id='word_1_846' title='bbox 2544 5502 2820 5572; x_wconf 90' lang='lat' dir='ltr'>provenit,</span> <span class='ocrx_word' id='word_1_847' title='bbox 2845 5506 2919 5570; x_wconf 90' lang='lat' dir='ltr'>et,</span> <span class='ocrx_word' id='word_1_848' title='bbox 2955 5508 3017 5558; x_wconf 92' lang='lat' dir='ltr'>ut</span> <span class='ocrx_word' id='word_1_849' title='bbox 3032 5502 3152 5574; x_wconf 88' lang='lat' dir='ltr'>ipse</span> <span class='ocrx_word' id='word_1_850' title='bbox 3181 5505 3402 5560; x_wconf 88' lang='lat' dir='ltr'>solebat</span> 
     </span>
    </p>
   </div>
   <div class='ocr_carea' id='block_1_116' title="bbox 1801 5588 3395 5668">
    <p class='ocr_par' dir='ltr' id='par_1_116' title="bbox 1801 5588 3395 5668">
     <span class='ocr_line' id='line_1_116' title="bbox 1801 5588 3395 5668; baseline 0.002 -19"><span class='ocrx_word' id='word_1_851' title='bbox 1801 5589 2028 5649; x_wconf 83' lang='lat' dir='ltr'>referre.</span> <span class='ocrx_word' id='word_1_852' title='bbox 2064 5588 2384 5647; x_wconf 88' lang='lat' dir='ltr'>Libertinus</span> <span class='ocrx_word' id='word_1_853' title='bbox 2427 5590 2542 5646; x_wconf 83' lang='lat' dir='ltr'>alia</span> <span class='ocrx_word' id='word_1_854' title='bbox 2576 5589 2887 5651; x_wconf 86' lang='lat' dir='ltr'>intentione</span> <span class='ocrx_word' id='word_1_855' title='bbox 2921 5590 3068 5663; x_wconf 84' lang='lat' dir='ltr'>fecit,</span> <span class='ocrx_word' id='word_1_856' title='bbox 3099 5592 3213 5651; x_wconf 85' lang='lat' dir='ltr'>alia</span> <span class='ocrx_word' id='word_1_857' title='bbox 3265 5609 3395 5668; x_wconf 67' lang='lat' dir='ltr'>ego,</span> 
     </span>
    </p>
   </div>
  </div>
