3920 6354
585 289 688 355 643

1542 289 1639 342 AD
1680 284 1921 343 OPERA
1956 287 2022 343 B.
2062 283 2476 341 LANFRANCI
2514 276 2902 336 APPENDIX.

3740 273 3819 329 644

621 412 720 465 uia
744 409 1070 466 Libertinus
1090 424 1233 480 pura
1272 413 1480 474 mente,
1536 416 1601 464 ut
1631 412 1908 468 haberent
1927 417 1985 464 et
2007 405 2495 480 possi-Anomina
2521 402 2855 475 praecellere,
2872 402 3061 469 spreta
3095 412 3196 466 pro
3221 396 3323 449 Dei
3350 395 3578 448 nomine
3597 395 3760 465 patris
3783 404 3824 448 et

581 429 801 553 gerent.
830 514 933 553 ego
955 501 1143 551 autem
1175 496 1479 551 calliditate
1502 505 1557 551 et
1583 499 1729 553 dolo.
1780 507 1844 553 ut
1884 499 2185 553 redderent
2266 493 2467 547 matris
2499 489 2831 545 multimoda
2854 485 3205 549 haereditate,
3223 500 3347 536 cum
3367 482 3667 553 aliquantis
3695 482 3824 536 fami-

623 503 801 563 erent,
830 514 933 567 ego
955 501 1143 551 autem
1175 496 1479 551 calliditate
1502 505 1557 551 et
1583 499 1729 565 dolo,
1780 507 1844 555 ut
1884 499 2185 554 redderent

581 587 742 650 mihi,
775 603 885 640 non
916 590 980 639 ut
1027 584 1318 638 haberent.
1380 587 1518 639 Cum
1566 589 1714 640 enim
1776 589 2069 642 obtulisset
2102 587 2183 639 eis

581 674 917 729 chlamidem
945 690 1111 743 quam
1170 674 1219 726 ei
1266 672 1613 737 dimiserant,
1648 677 1729 730 illi
1757 678 1813 730 in
1855 679 1996 730 iram
2037 674 2181 727 versi

584 777 789 815 casum
817 760 1030 813 diutius
1081 761 1150 812 ad
1193 760 1449 813 arborem
1503 763 1718 817 nudum
1747 764 2081 833 ligaverunt,
2125 767 2181 814 et

584 849 857 903 scolarem
890 850 1010 917 ejus
1038 849 1107 901 ad
1136 848 1325 914 aliam,
1345 864 1454 902 non
1489 849 1655 918 longe
1686 851 1755 903 ab
1776 869 1859 915 eo,
1885 857 1941 904 et
1962 851 2040 904 sic
2072 850 2182 903 dis-

580 942 890 991 cesserunt.
921 938 1076 990 Tunc
1103 937 1297 990 videns
1321 954 1380 990 se
1402 938 1554 990 omni
1576 939 1823 992 humano
1852 938 2060 993 auxilio
2090 938 2183 991 de-

583 1025 865 1090 stitutum,
895 1025 1061 1095 ccepit
1089 1025 1240 1078 intra
1294 1042 1353 1078 se
1397 1026 1678 1079 revolvere
1730 1034 1786 1080 et
1836 1033 2179 1098 pertractare

583 1126 750 1184 quam
779 1112 990 1182 fragilis
1018 1118 1074 1165 et
1102 1112 1308 1165 caduca
1333 1113 1407 1166 sit
1436 1112 1604 1182 hujus
1662 1113 1856 1167 mundi
1883 1114 2081 1183 gloria,
2126 1120 2183 1166 et

585 1216 750 1255 omne
777 1200 923 1270 quod
938 1198 1196 1252 laborant
1215 1199 1470 1254 homines
1492 1218 1661 1271 super
1683 1208 1913 1266 terram,
1938 1201 2174 1254 vanitas.

585 1286 854 1343 Promisit
882 1286 998 1341 Deo
1028 1289 1257 1341 omnino
1289 1288 1609 1342 relicturum
1658 1291 1828 1358 hujus
1867 1290 2062 1343 mundi
2092 1306 2180 1342 ca-

584 1376 756 1430 ducos
777 1377 1037 1442 honores,
1065 1382 1121 1430 et
1150 1376 1252 1429 sub
1307 1377 1458 1430 illius
1505 1379 1643 1448 jugo
1674 1379 1820 1448 quod
1852 1384 1933 1432 est
1977 1379 2094 1431 leve
2124 1384 2181 1431 et

581 1476 752 1519 suave
781 1464 892 1518 illis
921 1465 1017 1535 qui
1036 1481 1165 1518 eum
1187 1464 1445 1533 diligunt,
1480 1466 1903 1536 suppositurum
1947 1483 2010 1519 ex
2040 1471 2177 1531 toto,

584 1553 633 1607 si
663 1571 792 1607 eum
823 1554 1040 1623 eripere
1069 1553 1397 1622 dignaretur
1417 1553 1485 1607 ab
1539 1555 1642 1606 hac
1671 1556 1944 1625 captione.
1981 1555 2179 1607 Statim

582 1645 648 1697 ut
674 1646 863 1695 votum
896 1658 960 1693 ex
989 1641 1152 1694 corde
1174 1646 1229 1694 et
1269 1659 1364 1695 ore
1394 1642 1507 1695 Deo
1538 1643 1813 1711 promisit,
1858 1643 2015 1712 quasi
2070 1660 2182 1697 uno

2266 493 2467 547 matris
2499 489 2831 545 multimoda
2854 485 3205 549 haereditate,
3223 500 3347 536 cum
3367 482 3667 553 aliquantis
3695 482 3824 536 fami-

2265 582 2467 634 liarum
2500 578 2736 637 clericis,
2766 576 2918 629 venit
2946 575 3017 627 ad
3049 589 3209 637 eum;
3243 571 3299 625 in
3347 572 3504 640 cujus
3536 571 3730 624 scholis
3752 572 3825 623 ali-

2266 669 2515 740 quandiu
2546 667 2845 736 diligenter
2868 679 3120 723 manens,
3154 664 3210 713 et
3247 659 3351 713 sibi
3382 665 3438 711 et
3465 658 3590 712 aliis
3620 658 3825 710 multum

2263 755 2810 829 proficiens,tandem
2841 750 3138 807 Lanfranci
3167 748 3599 801 incitamentoet
3615 742 3825 799 Maurilii

2264 843 2731 913 Rothomagensis
2785 837 3187 908 archiepiscopi
3228 835 3477 899 consilio,
3513 834 3698 888 divina
3722 850 3826 903 pro-

2263 933 2487 986 vidente
2517 928 2899 992 clemcntia,in
2923 926 3181 981 Beccensi
3206 924 3436 978 ecclesia
3462 922 3711 977 habitum
3731 939 3828 975 mo-

2263 1022 2553 1075 nachalem
2580 1025 2697 1072 tota
2741 1016 3034 1070 devotione
3080 1014 3184 1067 hoc
3230 1029 3377 1066 anno
3408 1010 3673 1081 suscepit,
3706 1026 3827 1063 anno

2261 1108 2442 1164 aetatis
2466 1124 2578 1161 suae
2606 1106 2867 1159 vicesimo
2900 1102 3152 1173 septimo.
3190 1099 3298 1163 Qui
3325 1099 3394 1151 ad
3417 1103 3628 1168 quanta
3656 1098 3829 1151 sancti-

2262 1196 2396 1252 tatis
2416 1201 2471 1249 et
2495 1194 2785 1265 dignitatis
2806 1192 3051 1246 culmina
3072 1194 3266 1260 postea
3290 1184 3625 1258 pervenerit,
3649 1186 3703 1238 in
3723 1186 3829 1238 sub-

2262 1285 2518 1355 sequenti
2551 1284 2790 1353 diligens
2819 1281 2995 1333 lector
3025 1279 3287 1331 inveniet.
3319 1277 3460 1333 Nam
3482 1275 3631 1327 inter
3659 1279 3827 1327 (vetera

2263 1373 2553 1443 dignitatis
2567 1370 2963 1428 culmina,cum
2989 1384 3134 1420 anno
3157 1364 3379 1419 Domini
3401 1362 3691 1417 millesimo
3702 1378 3827 1415 sexa-

2262 1461 2479 1533 gesimo
2509 1458 2753 1513 secundo
2816 1457 3162 1512 Lanfrancus
3213 1452 3569 1523 supradictus
3607 1450 3827 1503 Ecclesiae

2266 1550 2424 1605 Becci
2457 1549 2626 1619 prior,
2664 1547 2915 1617 regimen
2947 1543 3250 1614 accepisset
3265 1541 3443 1595 sancti
3465 1538 3722 1609 Stephani
3748 1539 3829 1591 Ca-

2267 1639 2437 1701 domi,
2471 1636 2766 1708 praedictus
2794 1634 3093 1688 Anselmus
3122 1631 3300 1684 factus
3328 1636 3413 1682 est
3440 1628 3595 1698 prior
3620 1627 3829 1680 Beccen-

585 1736 871 1783 momento
902 1729 1083 1783 soluta
1112 1735 1244 1783 sunt
1272 1731 1459 1783 omnia
1481 1731 1716 1796 vincula,
1744 1729 1945 1801 quibus
1975 1731 2181 1800 ligatus
2199 1750 2244 1809 B
2266 1727 2361 1785 sis,
2394 1725 2488 1796 qui
2518 1724 2697 1778 tribus
2725 1722 2886 1776 annis
2915 1721 3098 1775 fuerat
3119 1719 3240 1772 sine
3272 1716 3619 1788 praelatione.

586 1823 741 1885 erat;
772 1825 827 1871 et
846 1818 986 1871 liber
1007 1817 1252 1879 effectus,
1278 1818 1391 1871 Deo
1419 1820 1631 1888 gratias
1681 1836 1874 1888 agens,
1901 1819 1970 1871 ad
2018 1836 2183 1872 suum

584 1904 846 1959 clericum
873 1906 1122 1970 accessit,
1157 1910 1213 1959 et
1242 1923 1367 1959 eum
1399 1907 1580 1971 solvit,
1602 1912 1658 1960 et
1674 1911 1862 1960 votum
1890 1907 2039 1977 apud
2054 1908 2185 1960 Bec-

583 1999 712 2048 C'Um
740 1988 990 2065 perfecit.

2338 1815 2479 1869 Item
2502 1830 2625 1866 cum
2661 1812 2813 1865 locus
2843 1808 3134 1863 Becccnsis
3154 1806 3336 1860 adhuc
3360 1805 3641 1875 indigeret
3669 1801 3831 1856 multis

2266 1900 2452 1969 rebus,
2478 1902 2533 1954 in
2572 1906 2795 1969 recepta
2826 1897 3111 1969 pauperie,
3145 1896 3293 1949 inter
3348 1893 3461 1946 alia
3512 1893 3730 1947 lucerna
3758 1889 3829 1942 die

2266 2008 2329 2044 ac
2367 1997 2527 2043 nocte
2546 2006 2655 2042 non
2687 2004 2908 2057 semper
2954 1984 3186 2038 ardebat
3231 1983 3289 2036 in
3318 1981 3551 2035 ecclesia
3582 1984 3663 2049 (ut
3687 1977 3829 2031 moris

596 2076 602 2087 â€™
653 2083 816 2135 Anno
842 2080 1065 2135 Domini
1130 2079 1283 2147 1042,
1325 2082 1691 2146 Lanfrancus,
1740 2084 1808 2135 de
1856 2088 2177 2137 senatorum
2264 2083 2366 2139 est)
2402 2095 2515 2148 prm
2548 2076 2754 2147 inopia,
2781 2076 2875 2128 sed
2910 2091 3036 2127 cum
3074 2073 3213 2126 hora
3242 2070 3588 2124 nocturnalis
3635 2066 3828 2138 synaxis

580 2163 769 2239 Papiae
798 2167 970 2222 nobili
992 2186 1204 2239 genere
1256 2175 1441 2235 natus,
1493 2171 1551 2223 in
1586 2176 1799 2241 septem
1850 2171 2178 2224 liberalibus
2263 2166 2788 2237 appropinquasset,
2812 2152 3145 2216 secretarius
3174 2161 3410 2229 surgens
3431 2159 3502 2211 de
3533 2156 3711 2220 cubili,
3733 2155 3829 2207 ibat

579 2256 796 2311 artibus
828 2256 1163 2310 mirabiliter
1192 2258 1463 2321 eruditus,
1489 2259 1603 2312 Deo
1634 2260 1886 2312 omnium
1902 2259 2176 2314 bonorum
2264 2256 2320 2309 in
2351 2255 2671 2325 pristinum,
2699 2253 2781 2305 vel
2812 2252 2870 2305 in
2883 2249 3200 2320 coquinam,
3224 2246 3624 2301 deferensinde
3644 2242 3824 2297 lumen:

584 2350 815 2399 auctore
841 2345 1188 2415 disponente,
1215 2346 1363 2415 apud
1396 2348 1670 2401 Beccense
1692 2347 2026 2407 ccenobium.
2059 2364 2182 2400 ma-
2266 2351 2427 2397 nocte
2453 2342 2826 2411 subsequente
2853 2339 2943 2393 die
2969 2337 3353 2401 dedicationis,
3387 2334 3445 2388 id
3458 2340 3544 2388 est
3570 2341 3715 2387 sexto
3741 2332 3828 2384 Ka-

583 2432 709 2503 gnis
734 2437 867 2485 tunc
887 2433 1154 2502 temporis
1210 2434 1569 2488 facultatibus
1618 2436 1961 2501 inornatum,
1994 2453 2185 2489 secun-
2264 2433 2459 2486 lendas
2481 2431 2687 2503 Martii,
2714 2447 2838 2483 cum
2870 2429 3011 2481 hora
3040 2424 3390 2479 matutinalis
3422 2422 3827 2493 appropinquas-

585 2516 719 2573 dum
752 2519 930 2573 sancti
953 2520 1206 2574 Herluini
1227 2520 1431 2574 ibidem
1459 2522 1676 2576 abbatis
1696 2524 2179 2588 desiderium,mo-
2266 2527 2369 2585 set,
2430 2518 2784 2581 secretarius,
2827 2516 3050 2569 nomine
3101 2513 3458 2577 Gothbertus,
3522 2510 3771 2580 evigilans
3800 2524 3825 2559 a

584 2607 881 2661 nachalem
913 2608 1158 2678 suscepit
1190 2608 1440 2662 habitum
1470 2628 1480 2671 ;
1516 2611 1608 2680 qui
1654 2617 1862 2680 quanto
1910 2612 2178 2665 miraculo
2262 2624 2456 2662 somno
2482 2606 2619 2660 vidit
2648 2611 2822 2659 totam
2846 2604 3134 2657 ecclesiam
3166 2602 3247 2655 ita
3277 2599 3650 2653 illuminatam
3699 2597 3827 2650 coele-

582 2686 719 2749 illuc
748 2694 1079 2760 advenisset,
1102 2704 1370 2765 quantum
1394 2697 1600 2751 ibidem
1620 2699 1933 2768 profuisset,
1968 2705 2025 2752 et
2050 2717 2181 2769 quoâ€”
2264 2696 2335 2750 sti
2366 2696 2577 2750 lumine
2601 2704 2665 2748 ut
2691 2694 2968 2765 potuisset
2994 2708 3127 2745 acus
3155 2688 3387 2761 reperiri
3436 2689 3497 2742 in
3519 2688 3823 2759 pavimento.

583 2783 751 2837 modo
785 2783 997 2852 primus
1054 2783 1226 2838 abbas
1275 2784 1504 2839 Cadomi
1547 2787 1870 2846 exstitisset,
1905 2793 1962 2840 et
2011 2804 2180 2857 quam
2264 2784 2369 2848 Qui
2400 2802 2634 2854 surgens
2663 2783 2979 2854 pavefactus
3012 2780 3223 2834 audivit
3275 2778 3549 2849 quasdam
3605 2791 3749 2829 voces
3781 2773 3827 2824 in

580 2870 941 2926 laudabiliter
993 2870 1443 2943 archiepiscopus
1491 2874 1914 2929 Cantuariensis
1964 2875 2059 2928 diu
2098 2876 2180 2928 vi-
2264 2875 2431 2926 choro
2451 2873 2610 2943 quasi
2635 2871 2936 2942 psallentes
2962 2869 3063 2924 sub
3080 2868 3337 2934 silentio;
3370 2872 3509 2920 tunc
3537 2862 3826 2935 pedentium

584 2959 819 3031 guisset,
850 2960 907 3013 in
935 2959 1065 3014 Vita
1094 2960 1269 3031 ipsius
1300 2961 1537 3015 inveniri
1571 2968 1769 3032 potest.
2264 2961 2509 3032 perrexit
2524 2962 2594 3013 ad
2624 2960 2829 3014 ostium
2860 2956 3033 3019 chori,
3070 2975 3103 3010 a
3149 2961 3308 3026 parte
3340 2954 3561 3018 altaris,
3590 2956 3646 3006 et
3684 2950 3827 3003 intro-

652 3046 814 3102 Anno
836 3048 1055 3102 Domini
1079 3047 1496 3113 10;â€)I,Franciae
1518 3051 1778 3104 turbatur
1818 3052 2061 3107 Ecclesia
2085 3069 2183 3122 per
2207 3051 2442 3147 Cspexit
2467 3049 2523 3102 in
2568 3048 2823 3113 chorum,
2857 3054 2915 3100 et
2967 3045 3104 3098 vidit
3130 3043 3514 3098 beatissimam
3544 3047 3601 3095 et
3640 3037 3825 3147 â€˜glo'rio-

579 3130 985 3207 Berengarium
1014 3138 1417 3203 Turonensem,
1460 3138 1551 3209 qui
1599 3138 1885 3193 asserebat
1934 3142 2185 3195 euchari-
2207 3124 2546 3191 Usissimam
2577 3142 2813 3189 matrem
2849 3133 3072 3188 Domini
3105 3132 3340 3195 Mariam
3371 3136 3616 3184 stantem
3638 3124 3689 3182 in
3732 3127 3825 3178 loco

585 3225 952 3294 Stiam,quam
983 3226 1260 3278 sumimus
1296 3226 1353 3279 in
1376 3227 1679 3291 altari,non
1711 3243 1832 3280 esse
1850 3245 2045 3283 revera
2058 3247 2182 3283 cor-
2265 3226 2524 3279 stationis
2554 3222 2886 3277 venerabilis
2916 3221 3171 3275 Herluini
3200 3218 3437 3283 abbatis,
3491 3224 3549 3272 et
3577 3231 3749 3272 coram
3776 3227 3827 3265 ea

582 3322 690 3383 pus
720 3312 777 3365 et
803 3312 1544 3381 sanguinemChristi.Unde
1574 3321 1769 3368 contra
1798 3332 1923 3370 eum
1939 3319 2181 3372 multum
2264 3320 2513 3370 astantes
2541 3315 2895 3368 beatissimos
2912 3313 3193 3383 apostolos
3222 3313 3450 3365 Petrum
3484 3316 3545 3364 et
3598 3308 3825 3367 Paulum,

581 3406 618 3451 a
646 3400 839 3453 multis
864 3400 921 3453 et
943 3400 1124 3452 verbis
1155 3407 1209 3453 et
1234 3400 1453 3471 scriptis
1480 3402 1824 3471 disputatum
1880 3410 1999 3471 est;
2034 3406 2184 3459 inter
2265 3410 2321 3457 et
2339 3404 2564 3457 tertium
2591 3403 2762 3456 alium
2795 3418 2962 3471 quem
3004 3417 3117 3454 non
3158 3399 3502 3469 agnoscebat
3551 3398 3720 3464 vultu,
3748 3393 3827 3459 vde-

582 3494 723 3558 quos
754 3488 992 3541 domnus
1016 3488 1374 3554 Wimundus,
1401 3492 1705 3544 monachus
1732 3492 1800 3545 de
1842 3492 2019 3545 Cruce
2050 3494 2183 3547 San-
2264 3497 2558 3545 cantantes
2588 3492 2638 3544 ei
2670 3491 2996 3543 matutinas.
3050 3491 3302 3557 Cumque
3330 3487 3425 3540 diu
3469 3487 3589 3540 haec
3617 3482 3828 3554 aspexis-

585 3574 660 3629 cti
684 3572 960 3634 Leufredi,
994 3578 1186 3628 contra
1235 3592 1362 3628 eum
1412 3576 1480 3629 de
1534 3594 1763 3647 corpore
1809 3584 1865 3632 et
1908 3581 2181 3649 sanguine
2264 3586 2367 3637 set,
2392 3579 2653 3648 cogitavit
2677 3595 2910 3649 pergere
2953 3578 3023 3630 ad
3078 3576 3282 3630 ostium
3308 3575 3453 3645 quod
3488 3579 3611 3628 erat
3651 3588 3711 3625 ex
3737 3569 3826 3623 alia

582 3663 792 3717 Christi
822 3664 1133 3732 elegantem
1167 3663 1343 3716 edidit
1364 3664 1587 3717 librum.
2261 3674 2419 3739 parte
2458 3668 2631 3733 chori,
2649 3668 2809 3736 juxta
2833 3668 3016 3720 locum
3038 3665 3293 3719 stationis
3322 3663 3562 3727 abbatis,
3586 3666 3641 3715 et
3655 3664 3713 3714 ut
3734 3672 3825 3711 me-

658 3751 1005 3805 Lanfrancus
1035 3751 1202 3804 etiam
1236 3750 1544 3819 Papiensis,
1577 3753 1821 3823 primum
1871 3757 2178 3809 monachus
2261 3756 2368 3809 lius
2400 3761 2456 3808 et
2485 3755 2743 3825 proprius
2770 3755 2979 3808 valeret
3031 3753 3217 3805 videre
3256 3752 3379 3804 illas
3425 3747 3824 3820 gloriosissimas

581 3832 1105 3901 Beccensis,deinde
1129 3840 1577 3911 archiepiscopus
1608 3842 2178 3907 Cantuariensis,om-
2260 3860 2546 3914 personas,
2580 3849 2635 3895 et
2679 3843 2873 3896 audire
2916 3859 3037 3911 quae
3066 3841 3173 3894 illa:
3215 3839 3474 3895 dicebant
3504 3845 3561 3892 et
3590 3839 3820 3891 decanta-

581 3927 747 3982 nibus
771 3927 1112 3981 luculentius
1137 3933 1193 3980 et
1213 3927 1523 3982 mirabilius
1550 3928 1754 3982 librum
1780 3946 1947 4000 super
1974 3931 2080 3983 hac
2116 3949 2177 3985 re
2262 3931 2416 3985 bant.
2454 3931 2521 3983 Et
2550 3946 2674 3983 cum
2705 3930 2810 3982 hoc
2834 3929 3038 3982 faceret
3068 3928 3331 3991 suaviter,
3369 3932 3426 3978 et
3471 3925 3629 3997 quasi
3651 3922 3821 3993 peden-

578 4016 1005 4087 composuit;in
1028 4032 1137 4086 quo
1169 4016 1405 4085 singulis
1426 4017 1575 4069 illius
1593 4017 1994 4086 quaestionibus
2015 4025 2070 4072 et
2089 4036 2177 4072 ex-
2258 4019 2381 4081 tim,
2456 4024 2757 4087 antequam
2806 4016 3153 4087 pervenisset
3181 4016 3252 4068 ad
3299 4014 3529 4078 ostium,
3584 4015 3673 4066 lux
3711 4007 3821 4062 sub-

580 4103 952 4175 positionibus
973 4103 1333 4157 laudabiliter
1359 4104 1663 4174 respondit,
1687 4105 1832 4158 male
1860 4105 2089 4159 dictaab
2111 4124 2176 4161 eo
2260 4112 2467 4161 stracta
2491 4112 2594 4167 est,
2618 4112 2675 4159 et
2701 4122 2859 4158 voces
2890 4104 3299 4158 subcinentium
3330 4103 3691 4172 quieverunt;
3719 4112 3821 4149 sua-

581 4197 640 4245 et
674 4192 960 4245 intellecta
989 4191 1403 4262 Scripturarum
1462 4191 1797 4246 testimoniis
1861 4194 2176 4249 divinarum
2258 4195 2400 4248 vitas
2420 4200 2609 4247 tamen
2638 4193 2768 4246 miri
2794 4193 2981 4246 odoris
2993 4199 3151 4246 tanta
3176 4191 3248 4244 ibi
3285 4207 3515 4261 aspersa
3538 4196 3621 4244 est
3645 4193 3818 4242 utcum

578 4278 949 4349 improbando
975 4281 1331 4336 convincens.
2258 4283 2458 4336 fratres
2494 4281 2901 4335 assurexissent
2928 4281 2997 4333 ad
3026 4279 3259 4349 vigilias,
3288 4280 3645 4340 mirarentur,
3676 4274 3738 4328 ad
3756 4272 3819 4324 in-

650 4367 814 4421 Anno
839 4366 1058 4422 Domini
1090 4366 1250 4434 1053,
1285 4364 1626 4423 Hunllâ€˜redus
1657 4370 1727 4423 de
1754 4354 2240 4440 Vitullis,pater.D
2258 4372 2434 4424 vicem
2466 4387 2525 4423 se
2546 4370 2959 4437 interrogantes
2980 4374 3120 4421 nutu
3144 4372 3201 4421 et
3222 4367 3400 4436 signis
3424 4366 3555 4436 quid
3575 4354 3818 4420 hoeirellet

576 4453 805 4525 Rogerii
828 4456 896 4509 de
925 4455 1293 4523 Bellomonte;
1329 4461 1386 4509 et
1414 4456 1691 4511 Albereda
1713 4474 1853 4511 uxor
1889 4460 2030 4529 ejus,
2064 4459 2175 4514 duo
2258 4476 2397 4513 esse.
2428 4459 2561 4521 Qum
2591 4457 2783 4511 omnia
2801 4457 3065 4527 praedicta
3096 4454 3280 4509 dictus
3309 4455 3640 4509 secretarius
3652 4448 3816 4505 recita-

576 4542 939 4608 monasteria,
962 4560 1137 4597 unum
1172 4545 1417 4596 virorum
1440 4550 1496 4597 et
1542 4546 1782 4598 alterum
1811 4546 2169 4611 feminarum,

572 4629 636 4683 in
664 4630 838 4684 fundo
868 4630 1094 4685 Pratclli
1118 4632 1484 4685 aedificarunt.

646 4720 810 4772 Anno
825 4716 1221 4783 Domini1060,
1245 4724 1472 4772 sanctus
1507 4720 1810 4775 Anselmus
1837 4723 1895 4776 in
1914 4724 2171 4791 Augusta

576 4802 754 4865 n'obili
766 4807 1011 4872 civitate,
1041 4824 1166 4877 quae
1178 4806 1411 4860 confinis
1442 4808 1841 4877 Burgundiaaa
1858 4816 1943 4865 est
1954 4817 2009 4864 et
2024 4812 2171 4864 Lon-

575 4896 882 4967 gobardize,
908 4895 1199 4959 oriundus,
1224 4896 1356 4948 licet
1388 4895 1561 4948 nobili
1591 4904 1886 4967 parentum
1918 4900 2176 4970 prosapia

575 4978 765 5047 natus,
788 4984 1124 5037 disertorum
1155 4982 1354 5037 studiis
1370 4985 1767 5054 magistrorum
1796 4988 1853 5041 in
1882 4987 2038 5040 brevi
2059 4988 2173 5041 Deo

576 5071 823 5125 donante
846 5074 1184 5141 coaequatus,
1206 5076 1263 5125 et
1283 5071 1636 5141 perdivinam
1651 5074 1917 5128 visionem
1933 5075 2002 5128 ad
2015 5076 2174 5129 sedes

576 5161 797 5213 ocelicas
817 5160 1059 5229 denique
1076 5159 1131 5211 in
1149 5159 1346 5231 spiritu
1359 5166 1571 5231 raptus.
1602 5163 1799 5216 salutis
1834 5180 1948 5217 suae
1968 5179 2173 5217 arcana

573 5248 745 5303 verba
774 5248 1065 5301 confestim
1106 5248 1335 5312 audivit,
1363 5265 1486 5319 qua:
1514 5267 1625 5303 non
1658 5252 1834 5304 multo
1868 5258 1994 5321 post
2025 5258 2171 5305 tem-

574 5351 711 5407 pore
743 5336 1059 5406 Complevit.
1124 5336 1373 5391 Audiens
1429 5338 1603 5407 igitur
1649 5338 1859 5391 famam
1914 5341 2170 5409 magistri

575 5412 895 5487 Lanfranci,
913 5425 1029 5494 jam
1060 5424 1317 5479 monachi
1351 5425 1664 5497 Beccensis,
1707 5432 1764 5479 et
1818 5427 2033 5482 scholas
2071 5428 2171 5483 ibi-

578 5500 708 5565 dem
728 5512 972 5568 tenentis
1000 5518 1059 5569 et
1093 5513 1360 5585 regentis,
1410 5514 1665 5569 omnium
1709 5531 1854 5587 pene
1875 5515 2167 5573 doctorum

2254 4547 2352 4609 vit,
2384 4552 2449 4600 ut
2474 4546 2625 4599 vidit.

2324 4636 2465 4689 Item
2514 4634 2690 4689 iratus
2720 4650 2815 4688 rex
2860 4633 3193 4689 Guillelmus
3223 4639 3418 4688 contra
3452 4624 3808 4689 Lanfrancuma

2253 4740 2381 4778 eum
2409 4723 2675 4776 alienavit
2697 4739 2731 4775 a
2762 4739 2864 4776 sua
2895 4723 3070 4782 curia.
3099 4723 3258 4792 cujus
3289 4721 3635 4776 consiliarius
3671 4711 3812 4770 exstiâ€”

2257 4818 2423 4877 terat,
2448 4811 2579 4881 quia
2600 4810 3018 4865 contradicebat
3047 4811 3272 4881 nuptias
3296 4808 3650 4864 ï¬liaeeomitis
3671 4796 3811 4859 Flanâ€™

2259 4901 2413 4964 driae,
2447 4915 2615 4969 quam
2644 4899 2762 4969 ipse
2792 4898 2896 4953 sibi
2927 4899 3038 4952 dux
3070 4900 3426 4969 copulaverat
3467 4887 3809 4951 matrimonio.

2259 4990 2392 5059 quia
2420 4986 2778 5058 proximitate
2811 4987 2995 5041 carnis
3039 4992 3095 5040 et
3141 4987 3621 5057 consanguinitate
3642 4983 3810 5052 junge-

2256 5066 2480 5130 bantur.
2522 5076 2682 5130 Unde
2742 5076 3074 5129 auctoritate
3102 5075 3340 5130 Romani
3383 5072 3672 5145 pontiï¬cis,
3708 5068 3810 5149 tota

2254 5165 2521 5218 Neustria
2538 5165 2827 5235 supposita
2843 5169 2965 5217 erat
2987 5164 3285 5218 interdicto
3311 5182 3323 5229 ;
3347 5165 3679 5233 quapropter
3693 5156 3808 5209 Lan-

2254 5252 2478 5305 francus
2504 5252 2740 5305 Romam
2770 5252 2929 5310 adiit.
2978 5252 3232 5321 quamvis
3273 5251 3456 5305 iturus
3499 5252 3640 5304 esset
3673 5254 3806 5298 occa-

2253 5342 2407 5395 sione
2432 5341 2722 5410 cujusdam
2745 5340 2991 5394 haeretici
3022 5340 3368 5411 Berengarii,
3400 5345 3456 5393 et
3492 5344 3620 5393 tunc
3641 5327 3804 5405 prmsi-

2251 5429 2421 5483 debat
2446 5430 2559 5483 Leo
2612 5435 2856 5493 octavus,
2916 5434 2972 5482 et
3010 5429 3180 5482 etiam
3228 5433 3293 5483 ut
3330 5434 3521 5501 ageret
3556 5441 3654 5498 pro
3688 5422 3803 5474 duce

2250 5508 2772 5589 Northmannorum
2801 5521 2859 5571 et
2885 5533 3055 5573 uxore
3101 5519 3243 5591 ejus.
3288 5518 3469 5589 Igitur
3496 5516 3701 5579 locutus
3733 5508 3801 5560 est
