3920 6380
105 304 197 372 “.5

1277 314 1704 371 CHBONIOON
1738 313 2133 376 BECCENSE.

3235 327 3341 391 646

103 457 210 495 cum
236 430 377 515 papa
399 447 641 506 Nicolao,
672 449 732 500 et
763 440 1009 500 ostendit
1034 440 1181 511 quod
1212 440 1330 508 ejus
1359 438 1657 503 sententia,
1677 441 1727 501 A
1744 444 2018 494 venerunt
2031 440 2088 494 in
2107 456 2305 495 novam
2324 444 2617 499 ecclesiam
2633 462 2799 515 quam
2819 447 3016 509 beatus
3032 450 3335 517 Herluinns

95 529 326 585 videlicet
360 534 741 599 interdictum,
784 546 879 587 eos
931 535 1152 584 tantum
1206 527 1522 596 gravabat;
1563 526 1659 596 qui

99 633 188 670 nec
220 622 586 690 conjunxerat,
632 640 735 676 nec
788 637 851 675 eo
906 634 1165 688 separare
1222 620 1470 686 poterat,
1526 632 1657 669 nam

100 705 193 783 dux
217 709 469 776 puellam,
495 724 661 781 quam
686 713 991 780 acceperat,
1017 707 1170 761 nullo
1189 711 1351 775 pacto
1371 704 1658 758 dimittere

98 793 292 849 volebat
302 841 314 852 .

157 882 263 936 Hoc
292 889 475 939 autem
502 887 735 941 audiens
757 892 814 940 et
840 897 1030 940 verum
1053 900 1173 937 esse
1193 883 1489 937 advertens
1507 899 1659 936 sum-

96 984 203 1024 mus
229 973 485 1041 pontifex,
511 970 923 1046 dispensatione
950 972 1143 1026 habita
1171 971 1494 1040 conjugium
1530 987 1658 1024 con-

96 1060 255 1125 cessit,
286 1077 349 1115 eo
392 1067 580 1117 tamen
629 1065 795 1117 modo
824 1069 1101 1133 quatenus
1132 1062 1243 1114 dux
1274 1066 1331 1114 et
1366 1076 1505 1113 uxor
1533 1063 1656 1130 ejus

95 1146 188 1200 duo
237 1152 571 1205 monasteria
615 1157 1021 1210 construerent,
1058 1151 1119 1203 in
1170 1149 1369 1219 quibus
1407 1149 1654 1217 singulas

94 1238 520 1306 congregationes
558 1240 803 1295 virorum
832 1256 896 1293 ac
921 1240 1219 1292 mulierum
1250 1238 1650 1300 coadunarent,

93 1334 196 1390 quae
228 1316 299 1377 ibi
328 1322 431 1380 sub
475 1340 672 1381 norma
703 1333 907 1382 sancta-’2
936 1326 1221 1395 religionis
1248 1326 1339 1378 die
1375 1330 1657 1394 noctuque

92 1406 188 1463 Deo
208 1412 564 1479 deservirem,
597 1421 655 1469 et
681 1426 782 1486 pro
813 1417 995 1469 salute
1024 1430 1217 1468 eorum
1245 1413 1652 1483 supplicarent;

90 1503 134 1549 et
159 1499 333 1568 paruit
358 1501 470 1556 dux
498 1498 813 1573 apostolicae
852 1502 1275 1572 dispensationi,
1310 1505 1367 1553 et
1410 1502 1654 1554 aediﬁca-

88 1593 266 1641 verunt
299 1589 407 1643 duo
446 1592 790 1645 monasteria
818 1592 875 1644 in
907 1591 1115 1661 praedio
1144 1590 1290 1660 quod
1339 1589 1652 1659 antiquitus

87 1673 361 1730 Cadomum
393 1679 847 1749 nuncupabatur.
883 1679 1006 1733 Dux
1035 1694 1211 1732 unum
1250 1678 1649 1733 monachorum

1740 528 1992 596 ejusdem
2024 528 2129 583 loci
2156 530 2433 598 gloriosus
2461 532 2651 598 abbas,
2675 535 3038 603 Lanfrancus,
3063 545 3122 595 et
3143 543 3337 599 Ausci,-

1741 632 1866 669 mus
1891 615 1993 671 viri
2018 633 2234 686 magnae
2257 621 2609 676 auctoritatis
2636 623 3062 681 mdiﬁcaverant.

1808 707 1969 758 Anno
2027 706 2248 761 Domini
2286 709 2583 764 millesimo
2634 714 3046 783 septuagesimo
3074 719 3332 788 septimo,

1737 793 1953 847 decimo
1995 795 2276 849 Kalendas
2322 796 2650 854 Novembris
2686 802 2919 856 ecclesia
2946 805 3107 858 Becci
3135 806 3194 861 in
3230 808 3335 867 ho-

1737 892 1933 941 norem
1962 889 2168 937 sanctae
2193 884 2383 938 Mariae
2404 887 2601 940 matris
2620 888 2845 942 Domini
2866 891 3121 949 dedicata
3150 901 3237 948 est
3263 895 3334 949 ab

1737 970 2150 1041 archiepiswpo
2205 970 2523 1028 Cantuarim
2589 976 2917 1039 Lanfranco,
2979 982 3127 1049 quod
3192 999 3334 1052 opus

1736 1058 2049 1126 pergrande
2067 1058 2184 1128 ipse
2203 1059 2565 1126 inchoavit,et
2576 1069 2702 1132 post
2720 1064 2979 1120 abbatem
2996 1069 3333 1130 Herluinnm

1735 1144 1980 1214 primum
2010 1146 2251 1216 lapidem
2281 1148 2502 1217 posuit;
2556 1151 2703 1220 quod
2747 1168 2886 1222 Opus
2923 1153 2979 1207 in
3012 1156 3331 1225 quindecim

1736 1233 1898 1287 annis
1926 1241 2211 1302 peractum
2242 1240 2346 1289 est.
2379 1236 2521 1290 Huic
2547 1244 2739 1292 autem
2784 1240 3119 1297 dedicationi
3148 1245 3330 1301 inter-.-

1735 1318 1964 1373 t‘uerunt
1991 1321 2233 1391 episcopi
2272 1323 2390 1376 Odo
2421 1324 2758 1390 Baiocensis,
2792 1328 3117 1385 Guilbertus
3155 1333 3331 1387 Lexo-

1734 1407 1959 1472 viensis,
1995 1409 2278 1464 Gilbertus
2318 1411 2682 1477 Ebroicensis,
2720 1415 2995 1475 Robertus
3025 1419 3327 1489 Sagiensis,

1736 1495 2013 1550 Ernaldus
2041 1496 2485 1567 Cynomanensis
2515 1502 2637 1570 [al.,
2671 1504 2901 1559 Arnald.
2938 1506 3330 1564 Cenomanen-

1735 1583 1852 1652 sis].
1898 1584 1978 1637 De
2008 1585 2203 1639 laetitia
2246 1587 2399 1641 illius
2430 1588 2561 1654 diei,
2593 1595 2651 1643 et
2675 1591 2882 1660 gaudio
2913 1594 3205 1665 multiplici
3242 1614 3333 1654 sua

1734 1672 2011 1741 perﬂuum
2048 1673 2266 1728 videtur
2300 1677 2576 1747 proloqui,
2603 1685 2725 1732 tum
2755 1680 2823 1733 de
2860 1681 3104 1736 adventu
3143 1698 3333 1754 perso~

84 1761 131 1814 in
166 1763 417 1818 honorem
452 1768 634 1820 sancti
670 1768 961 1837 Stephani,
993 1772 1049 1819 et
1078 1782 1216 1819 uxor
1256 1767 1377 1835 ejus
1409 1765 1647 1818 alterum
1668 1778 1712 1836 Β
1733 1774 1934 1815 narum
1977 1761 2220 1817 virorum
2259 1763 2561 1818 illustrium
2601 1772 2659 1819 et
2694 1768 2996 1824 mulierum
3034 1770 3326 1840 nobilium,

81 1851 563 1907 sanctimonialium
592 1855 650 1907 in
682 1848 950 1908 honorem
998 1858 1204 1908 sanctae
1240 1853 1552 1911 Trinitatis,
1595 1859 1652 1905 et

79 1943 184 2005 post
214 1932 435 1994 triennii
472 1943 904 2012 eompletionem
943 1944 1063 1996 sola
1097 1943 1334 1995 necdum
1374 1941 1652 2011 completa

78 2023 295 2089 basilica,
331 2030 681 2084 Lanﬁ‘ancus
732 2031 900 2102 coepti
948 2031 1133 2100 operis
1181 2030 1491 2091 institutor,
1532 2036 1649 2082 tam

79 2112 208 2168 ducis
238 2117 663 2173 Nertbmanniai
691 2129 857 2189 quam
889 2119 1189 2189 primatum
1220 2117 1645 2187 supplicatione,

78 2203 296 2257 cenabis
318 2200 682 2270 (hdomensi,
710 2208 861 2277 quod
907 2208 1017 2260 dux
1053 2208 1281 2260 hortatu
1312 2220 1466 2276 papae
1512 2206 1648 2259 aedi-

76 2288 325 2361 ﬁcaveret,
347 2293 525 2347 abbas
546 2295 864 2364 praeﬁcitur,
888 2295 945 2347 in
980 2295 1127 2364 quod
1158 2294 1344 2363 plures
1374 2294 1442 2346 de
1473 2294 1645 2346 Becco

78 2390 237 2432 secum
274 2381 473 2445 duxit;
536 2383 631 2453 qui
669 2384 836 2454 paulo
874 2388 1000 2454 post
1052 2383 1122 2436 ad
1173 2382 1475 2452 dignitates
1512 2388 1647 2435 sunt

78 2468 305 2533 promoti.
714 2506 731 2529 ι

132 2556 276 2609 Anno
309 2557 539 2612 Deminl
576 2558 874 2613 millesimo
911 2559 1254 2629 sexagesimo
1281 2559 1450 2612 tertio
1495 2562 1643 2611 tem—

75 2652 184 2709 pore
210 2638 455 2700 Herluini
491 2648 657 2717 primi
695 2647 935 2718 pastoris
971 2653 1029 2700 et
1064 2647 1376 2701 fundatoris
1404 2646 1642 2699 coenobii

75 2728 348 2799 Beccensis,
373 2736 697 2789 Willelmus
724 2736 1146 2806 potentissimus
1173 2735 1285 2788 dux
1305 2736 1642 2788 Nortbman-

74 2813 174 2877 nise.
205 2821 293 2890 qui
321 2828 523 2890 postea
549 2824 806 2894 Angliam
835 2823 1144 2893 acquisivit,
1172 2823 1338 2891 coepit
1366 2823 1641 2876 ediﬁcare

75 2907 328 2963 ecclesiam
364 2912 533 2980 juxta
577 2910 963 2965 Ermentrudis
993 2912 1180 2965 villam
1218 2926 1391 2981 prope
1428 2911 1641 2964 Rotho-

74 3006 288 3065 magnm,
337 2999 603 3069 Sequana
660 3000 810 3053 inter
846 3005 1149 3069 utrumque
1204 3000 1433 3058 fluente,
1473 3014 1643 3067 super

1732 1862 1843 1901 non
1894 1848 2014 1903 sine
2063 1867 2271 1919 magna
2332 1852 2630 1920 largitione
2691 1855 3000 1923 donorum,
3057 1859 3327 1927 Francia},

1730 1935 2137 2003 Nortmanniae,
2154 1938 2393 2007 Anglice,
2409 1946 2466 1992 et
2484 1940 2554 1994 de
2571 1958 2635 1995 su
2644 1943 3049 2011 perabundanti
3071 1947 3331 2002 omnibus

1730 2030 2041 2093 praeparata
2060 2027 2454 2094 procuratione
2480 2028 2604 2096 [al.,
2634 2032 2821 2101 pastu]
2851 2044 3017 2089 nemo
3044 2034 3328 2090 suﬂicien-r

1730 2116 1817 2165 ter
1844 2111 1929 2167 vix
1960 2119 2148 2182 posset
2176 2113 2468 2167 disserere.

1798 2201 1961 2253 Anno
2014 2202 2290 2270 sequenti,
2334 2202 2390 2255 id
2429 2209 2514 2257 est
2560 2204 2858 2261 millesimo
2913 2210 3326 2279 septuagesimo

1728 2292 1921 2341 octavo
1964 2287 2165 2342 beatus
2213 2290 2531 2349 Herluinus,
2577 2294 2823 2362 praedicti
2880 2295 2987 2349 loci
3038 2297 3327 2354 Beccensis

1727 2374 1900 2429 abbas
1929 2377 2163 2446 primus,
2192 2378 2354 2432 miles
2390 2379 2597 2433 Christi
2623 2382 2924 2451 gloriosus,
2952 2384 3099 2439 inter
3129 2387 3328 2445 choros

1718 2463 1999 2531 justorum
2039 2465 2109 2518 ab
2154 2466 2367 2535 angelis
2395 2474 2687 2538 susceptus
2716 2477 2821 2531 est,
2860 2472 3169 2541 pretiosum
3196 2491 3327 2529 cor.-

1723 2560 1829 2621 pus
1873 2558 2038 2606 terrae
2085 2555 2388 2624 reliqueris,
2431 2557 2678 2610 animam
2727 2559 2881 2614 cmlis
2925 2560 3198 2628 inserens,
3236 2578 3326 2616 se-

1722 2640 2025 2709 pultusQue
2055 2646 2141 2694 est
2169 2647 2227 2695 et
2270 2644 2579 2699 tumulatus
2615 2646 2673 2699 in
2702 2647 2888 2701 medio
2919 2650 3149 2719 capituli
3178 2652 3325 2720 quod

1722 2728 1841 2797 ipse
1871 2729 2274 2798 aediﬁcaverat;
2325 2732 2622 2802 obitusque
2652 2735 2772 2803 ejus
2816 2736 2975 2789 dolor
3004 2738 3138 2802 suis,
3179 2754 3326 2808 gau-

1722 2816 1876 2870 dium
1907 2818 2121 2885 angelis
2148 2818 2273 2873 fuit.
2310 2819 2414 2873 Cui
2446 2821 2618 2874 etiam
2647 2820 2920 2877 Dominus
2947 2825 3117 2887 corda
3144 2826 3325 2880 homi-

1721 2920 1861 2959 num
1910 2906 2193 2969 revelavit,
2225 2911 2282 2958 et
2324 2907 2541 2961 animas
2585 2910 2656 2962 dc
2692 2926 2923 2979 corpore
2970 2918 3256 2977 exeuntes,
3290 2930 3325 2966 a

1721 2991 1972 3045 daemone
1997 2997 2270 3062 arreptas,
2304 2994 2632 3063 plangentes
2654 2997 2886 3063 audivit,
2918 3003 2975 3051 et
3002 2999 3319 3069 plangendo

72 3084 250 3137 imam
270 3086 325 3139 σε
352 3087 743 3141 hereditatem
771 3088 949 3158 ipsius
976 3086 1300 3140 monasterii
1331 3070 1698 3147 Beccensis,.C
1717 3079 1992 3147 cognovit.
2023 3080 2103 3132 De
2130 3079 2429 3135 virtutibus
2449 3083 2590 3150 ejus,
2624 3083 2740 3137 vita
2768 3090 2826 3138 et
2851 3085 3121 3152 moribus,
3157 3088 3205 3140 si
3234 3087 3322 3141 di-

72 3168 119 3222 in
140 3175 334 3244 campis
360 3174 516 3228 inter
533 3174 896 3229 Chevilleium
925 3180 983 3228 et
1012 3174 1401 3228 Ermentrudis
1432 3174 1638 3242 villam,

74 3270 164 3326 qua
199 3262 369 3317 «mbae
405 3264 685 3333 parochim
732 3270 864 3317 sunt
908 3264 977 3316 de
1022 3262 1359 3332 patrimonio
1390 3262 1642 3331 ejusdem

72 3352 381 3404 monasterii.
404 3353 547 3415 Quae
566 3352 791 3421 quidem
813 3352 1049 3405 ecclesia
1069 3358 1263 3404 vocata
1286 3351 1392 3403 fuit
1410 3350 1644 3403 ecclesia

72 3432 229 3491 Butae
272 3440 460 3493 Mariae
489 3440 562 3492 de
590 3438 758 3493 Prato
785 3436 907 3509 [al.,
949 3435 1019 3492 de
1053 3438 1450 3507 Bononuntiol,
1483 3444 1539 3491 et
1565 3438 1644 3490 ibi

74 3523 329 3580 constituti
362 3528 597 3581 fuerunt
624 3528 880 3580 monachi
908 3527 977 3579 de
1017 3527 1354 3581 monasterio
1382 3527 1544 3581 Becci
1573 3526 1644 3579 ad

74 3608 157 3664 Dei
181 3615 461 3669 servitium
494 3614 703 3668 ibidem
725 3615 1060 3669 faciendum.

131 3699 327 3756 Deinde
364 3710 494 3773 post
532 3716 709 3756 annos
750 3703 923 3757 ferme
952 3703 1243 3773 sexaginta
1271 3704 1412 3756 duos
1461 3701 1640 3767 (1135)

75 3782 187 3841 obiit
213 3790 481 3845 Henricus
514 3793 727 3860 primus
747 3792 1055 3860 Anglorum
1079 3804 1190 3853 rex,
1218 3789 1364 3844 ﬁlius
1394 3791 1643 3860 praedicti

74 3866 337 3937 Willermi,
358 3872 620 3929 videlicet
649 3891 797 3928 anno
823 3874 1118 3928 millesimo
1145 3875 1448 3928 centesimo
1468 3874 1641 3943 trige-

75 3957 190 4013 simo
207 3962 393 4032 quinto
414 3963 569 4033 apud
593 3963 859 4016 Sanctum
886 3962 1216 4033 Dionysium
1242 3963 1302 4015 in
1333 3962 1484 4016 Silva
1512 3963 1644 4014 Leo-

75 4060 185 4101 num
231 4048 514 4118 (For-etde
550 4051 739 4113 Lions,
781 4066 851 4104 cu
895 4052 964 4104 de
1001 4052 1239 4120 Forge);
1280 4051 1643 4118 delatumque

74 4133 161 4188 fuit
184 4150 374 4210 corpus
404 4138 531 4209 ejus
559 4139 1004 4209 Rothomagum;
1036 4145 1094 4192 et
1121 4139 1179 4197 in
1208 4138 1439 4192 ecclesia
1458 4139 1642 4191 Beata:

74 4219 236 4278 Mariae
270 4234 531 4297 apertum
557 4245 573 4294 ;
605 4232 664 4281 et
691 4241 807 4292 cor,
839 4227 1034 4296 lingua
1062 4233 1120 4279 et
1165 4226 1376 4279 viscera
1403 4226 1523 4295 ejus
1551 4242 1641 4279 se-

74 4310 204 4375 pulta
229 4319 282 4367 et
308 4317 593 4377 tumulata
616 4315 851 4373 fuerunt
877 4315 935 4368 in
974 4314 1207 4368 ecclesia
1232 4315 1419 4367 Baetae
1452 4313 1642 4367 Mariae

1724 3182 1847 3219 cere
1880 3167 2240 3233 voluerimus,
2265 3168 2382 3221 dies
2409 3169 2660 3237 deﬁciet;
2693 3172 2969 3237 mittimus
2998 3174 3173 3243 igitur
3196 3192 3325 3245 pru-

1722 3254 1945 3308 dentem
1983 3255 2251 3309 lectorem
2291 3257 2363 3310 ad
2413 3256 2608 3311 Vitam
2665 3260 2786 3328 ejus
2825 3261 3183 3332 descriptam,
3226 3263 3322 3316 ubi

1724 3341 2076 3396 abundanter
2098 3342 2345 3397 inveniet
2374 3360 2484 3414 quo
2514 3345 2716 3401 instrui
2747 3348 2940 3415 possit.

1796 3431 1943 3483 Nota
1975 3430 2124 3499 quod
2173 3432 2507 3486 venerabilis
2553 3433 2636 3486 vir
2673 3435 2997 3504 Herluinus,
3046 3454 3157 3491 non
3201 3439 3326 3494 sine

1725 3522 1865 3571 nutu
1912 3524 1970 3571 et
2022 3518 2371 3588 providentia
2416 3520 2512 3574 Dei
2565 3522 2661 3591 qui
2702 3523 2961 3578 omnibus
3001 3525 3061 3578 in
3100 3543 3160 3580 se
3196 3543 3325 3597 spe-

1723 3605 1977 3660 rantibus
2003 3613 2282 3677 praeparat
2302 3608 2447 3663 bona
2476 3609 2730 3669 meliora.
2753 3611 3043 3666 ecclesiam
3063 3631 3190 3667 cum
3211 3633 3327 3670 om-

1724 3693 1891 3748 nibus
1942 3695 2180 3748 ofﬁcinis
2237 3696 2476 3755 mutavit
2528 3698 2647 3750 loco
2694 3700 2879 3764 tertio,
2923 3718 3035 3754 non
3090 3703 3254 3772 longe
3292 3720 3328 3757 a

1724 3782 2043 3852 supradicto
2095 3784 2212 3836 loco
2276 3784 2371 3853 qui
2426 3801 2576 3838 nunc
2631 3786 2835 3840 dicitur
2891 3790 3117 3857 Capella
3176 3790 3324 3844 beati

1726 3870 2001 3935 Herluini,
2034 3888 2154 3939 quae
2184 3872 2362 3941 prima
2401 3873 2510 3927 fuit
2532 3873 2594 3925 in
2625 3873 2729 3926 hoc
2752 3874 2875 3931 ,rivo
2904 3876 3165 3929 Beccensi
3192 3876 3323 3931 fun-

1723 3958 1889 4023 data;
1933 3964 1990 4011 et
2032 3958 2222 4024 istam,
2258 3960 2329 4013 de
2369 3976 2480 4028 qua
2522 3975 2670 4014 nunc
2697 3962 2997 4031 loquimur,
3032 3964 3326 4018 aediﬁcavit

1723 4046 1902 4099 multo
1929 4047 2223 4114 majorem,
2269 4053 2326 4101 et
2362 4047 2735 4118 amplissimas
2765 4050 3053 4114 ofﬁcinas,
3099 4069 3209 4122 qua
3235 4052 3323 4106 fa.-

1722 4131 1877 4189 brica
1904 4135 2142 4203 expleta.
2174 4151 2274 4204 per
2302 4135 2577 4189 sexdecim
2608 4152 2804 4199 annos,
2835 4138 3179 4197 Lanfrancus
3207 4141 3323 4195 Dor-

1722 4220 2080 4279 robe‘rnensis
2122 4223 2377 4279 Ecclesiae
2440 4225 2799 4295 archipraesul
2837 4226 3131 4293 dedicavit,
3174 4245 3323 4285 anno

1724 4310 2131 4366 Incarnationis
2184 4312 2491 4367 Dominicse
2546 4314 2852 4375 millesimo
2908 4317 3325 4386 septuagesimo

76 4394 130 4449 de
165 4400 322 4456 Prata
362 4411 499 4457 ante
539 4404 725 4472 majus
775 4403 971 4467 altare,
1013 4409 1071 4456 et
1113 4418 1313 4472 corpus
1359 4402 1483 4470 ejus
1525 4381 1981 4467 saleDseptimo,
2011 4410 2203 4452 mense
2240 4400 2489 4464 Octobri,
2515 4402 2657 4457 feria
2686 4404 2934 4463 secunda
2960 4381 3171 4469 ultimis
3194 4405 3327 4461 heb-

76 4488 330 4544 conditum
364 4493 627 4547 delatum
654 4490 763 4544 fuit
801 4490 949 4561 apud
974 4490 1312 4551 'Cadomum,
1350 4504 1647 4559 usquequq

75 4581 243 4632 Ventus
294 4586 444 4635 esset
494 4584 661 4650 aptus
711 4580 784 4632 ad
838 4578 1203 4633 deferendum
1246 4578 1391 4632 illud
1426 4577 1488 4630 in
1525 4579 1643 4631 An.-

75 4661 239 4728 glism.

130 4758 184 4817 4
224 4756 381 4811 Anna
416 4754 645 4812 Domini
698 4755 997 4811 millesimo
1040 4754 1456 4826 septuagesimo
1492 4755 1642 4816 Lam-

77 4838 271 4897 inncus
286 4847 602 4915 praedictus,
618 4845 775 4915 prius
790 4845 1097 4898 monachus
1119 4843 1429 4907 Beccensis,
1444 4843 1645 4897 deinde

78 4926 222 4984 abbas
259 4933 641 5000 Cadomensis,
681 4932 1016 4987 constitutus
1064 4937 1151 4986 est
1195 4930 1644 5002 archiepiscOpus

78 5015 488 5088 Camuariensis,
540 5021 642 5076 ubi
690 5017 1050 5075 laudabiliter
1100 5025 1160 5074 et
1209 5020 1452 5090 gloriose
1507 5019 1643 5075 vixit

76 5104 135 5160 1d
174 5111 481 5180 exemplum
522 5110 776 5166 omnium
821 5109 1098 5164 bonorum
1160 5109 1355 5174 decem
1412 5115 1469 5162 et
1514 5113 1641 5163 octo

78 5194 234 5248 annis.

129 5282 274 5339 Anno
302 5285 527 5340 Domini
571 5284 871 5338 millesimo
912 5283 1324 5355 septuagesimo
1361 5283 1551 5345 tertio,
1572 5283 1652 5337 in-

74 5368 234 5437 vigilia
275 5373 593 5428 festivitatis
644 5373 911 5428 Omnium
968 5373 1322 5435 Sanctorum,
1379 5370 1639 5426 monachi

75 5453 363 5528 Beccenses,
397 5468 663 5517 exeuntes
703 5463 773 5516 de
803 5461 988 5532 prima
1030 5460 1208 5514 veteri
1254 5459 1504 5521 ecclesia,
1547 5475 1639 5512 so-

75 5540 219 5602 lemni
263 5550 615 5621 processione
662 5555 721 5605 et
773 5565 993 5620 magnae
1050 5547 1360 5603 devotionis
1410 5547 1637 5619 gaudio,

1726 4485 1978 4540 domadee
2001 4486 2253 4556 ejusdem
2284 4488 2492 4542 mensis

1797 4574 2035 4636 Quidam
2066 4574 2167 4641 vir,
2219 4576 2513 4630 Goselinus
2561 4579 2809 4645 nomine,
2838 4581 2908 4635 de
2935 4581 3067 4635 villa
3093 4598 3216 4652 quze
3242 4582 3325 4638 di-

1726 4660 1869 4715 citur
1899 4663 2196 4729 Malavilla,
2222 4663 2332 4717 sita
2365 4664 2423 4726 in
2446 4679 2594 4735 pago
2625 4667 3085 4738 Rothomagensi,
3120 4672 3325 4725 ardens

1725 4749 1903 4803 ambis
1943 4750 2197 4820 pedibus,
2243 4751 2556 4807 innumeris
2604 4756 2879 4823 angustiis
2926 4763 2983 4810 et
3038 4758 3324 4814 doloribus

1725 4837 2095 4895 cruciabatur.
2121 4839 2263 4894 Cum
2286 4845 2475 4895 autem
2497 4841 2603 4896 hoc
2630 4844 2954 4911 pertulisset
2982 4861 3099 4903 uno
3132 4863 3324 4902 mense

1722 4928 1908 4998 pleno,
1969 4927 2025 4981 id
2081 4933 2166 4982 est
2221 4945 2257 4981 a
2308 4929 2576 4987 Kalendis
2628 4930 2961 4985 Novembris
3016 4950 3197 5003 usque
3250 4937 3323 4991 ad

1724 5016 2006 5071 Kalendas
2044 5016 2384 5082 Decembris,
2411 5022 2465 5070 et
2493 5017 2578 5071 illi
2607 5020 2825 5075 nullum
2858 5021 3178 5081 remedium
3200 5040 3329 5094 pro-

1720 5105 1982 5169 venisset,
2006 5105 2102 5158 sed
2138 5121 2204 5161 ex
2231 5104 2384 5159 omni
2413 5110 2575 5175 parte
2602 5106 2768 5163 illum
2801 5108 3038 5162 miserim
3063 5126 3326 5181 occupas-

1723 5199 1880 5261 sent;
1912 5192 2044 5263 quia
2071 5209 2254 5264 neque
2282 5193 2486 5260 cibum,
2518 5211 2701 5265 neque
2729 5203 2945 5266 potum,
2969 5213 3151 5268 neque
3178 5215 3326 5256 som-

1722 5299 1858 5341 num
1902 5283 2187 5353 percipere
2234 5289 2473 5354 poterat,
2515 5300 2697 5354 neque
2746 5285 2938 5355 aliqua
2985 5286 3210 5357 requies
3239 5287 3324 5341 illi

1723 5377 1886 5439 esset,
1919 5388 2076 5438 uxor,
2109 5378 2168 5425 et
2217 5372 2383 5427 amici
2427 5379 2598 5443 atque
2629 5372 2793 5435 vicini
2821 5375 2951 5442 .ejus
2981 5380 3327 5440 monuerunt

1723 5476 1851 5514 eum
1884 5466 1948 5514 ut
1973 5461 2044 5514 ad
2076 5462 2344 5515 Sanctum
2364 5460 2672 5515 Leobinum
2702 5462 2761 5515 in
2782 5462 3023 5516 Carnote
3041 5470 3320 5534 pergeret,

1725 5552 1783 5602 et
1810 5547 1870 5603 in
1897 5547 2096 5602 lectica
2123 5548 2259 5603 ferri
2286 5564 2346 5604 se
2384 5548 2609 5604 faceret.
2661 5548 2875 5613 Quibus
2908 5549 3006 5605 ille
3032 5551 3326 5623 respondit
