3920 6386
609 304 713 362 647
1580 300 1675 354 AD
1715 298 1954 356 OPERA
1991 299 2058 353 B.
2098 297 2514 353 LANFRANCI
2553 297 2938 354 APPENDIX.
3760 299 3836 354 648

610 445 671 483 se
693 445 804 482 non
833 428 1055 496 longius
1082 425 1165 478 ire
1184 438 1354 493 quam
1382 438 1560 492 usque
1585 422 1655 475 ad
1684 423 2016 476 Beccensem
2042 423 2212 476 eccle-
2228 425 2277 482 Α
2294 423 2604 476 monachus
2627 423 2806 486 Becci,
2847 420 3046 475 deinde
3076 419 3248 474 abbas
3275 419 3652 486 Cadomensis,
3690 420 3752 474 ad
3774 422 3840 475 ul-

611 517 753 570 siam
785 533 907 585 quae
937 519 1059 566 erat
1088 513 1145 565 in
1175 511 1374 575 vicino,
1405 526 1519 563 non
1547 510 1672 580 plus
1703 526 1816 564 uno
1847 510 2127 570 milliario,
2155 515 2211 562 et
2293 511 2495 563 timum
2540 511 2988 580 archiepiscopus
3027 509 3448 564 Cantuariensis
3490 509 3675 562 decem
3702 519 3752 562 et
3771 526 3842 562 no.

610 603 923 658 testabatur
943 602 1149 656 habere
1169 617 1229 653 se
1259 600 1423 652 ﬁdem
1456 598 1569 651 illic
1600 615 1758 668 posse
1786 599 2034 668 recipere
2064 598 2210 651 sani-
2292 616 2415 652 vem
2449 599 2632 652 annis.

609 696 784 745 tatem
839 688 1094 761 precibus
1142 687 1317 740 beatae
1360 685 1549 739 Mariae
1604 687 1799 738 matris
1847 686 2088 750 Domini,
2147 686 2207 738 in
2361 689 2634 758 Tempore
2661 689 2717 741 S.
2749 685 2999 740 Anselmi
3033 685 3249 739 abbatis
3288 685 3447 739 Becci
3475 690 3589 739 tres
3617 685 3841 738 matrima

610 781 770 848 cujus
796 779 1061 831 honorem
1095 781 1180 829 est
1205 778 1528 828 consecrata
1557 773 1679 843 ipsa
1716 774 1967 838 ecclesia,
2002 781 2057 827 et
2089 791 2207 827 me-
2289 775 2504 829 nobiles
2558 775 2834 828 dederunt
2877 792 2935 828 se
2982 774 3040 827 in
3083 773 3486 843 subjectionem
3528 773 3699 837 Becci,
3735 773 3844 827 vide-
3873 778 3878 784 ’

612 868 732 920 ritis
765 867 1002 920 aliorum
1030 868 1392 927 sanctorum;
1420 867 1478 914 et
1514 866 1577 914 ut
1603 861 1744 914 dixit
1767 861 1847 914 ita
1874 862 2023 924 fecit,
2061 867 2117 914 et
2145 867 2210 914 ut
2291 864 2422 916 licet
2450 864 2658 916 Basilia
2695 879 2836 916 uxor
2873 863 3125 932 Hugonis
3156 865 3225 917 de
3255 864 3523 928 Garnato,
3555 869 3611 916 et
3634 862 3846 916 Amfrida

611 953 851 1007 credidit
879 953 958 1005 ita
988 951 1188 1005 evenit.
1215 949 1459 1004 Veniens
1487 949 1663 1019 igitur
1687 950 1756 1002 ad
1786 966 2000 1002 sacram
2030 952 2206 1004 eccle-
2290 951 2473 1021 neptis
2499 952 2674 1021 ipsius
2703 951 2938 1016 Basilize,
2976 957 3033 1005 et
3059 952 3173 1005 Eva
3200 968 3340 1005 uxor
3365 951 3650 1005 Guillelmi
3679 952 3848 1021 Crispi-

609 1042 750 1095 siam
808 1041 993 1111 prima
1051 1039 1339 1093 Dominica
1398 1039 1701 1102 Adventus,
1757 1055 1880 1108 quae
1934 1039 2208 1110 contingit
2287 1039 2365 1092 ni.
2398 1040 2531 1102 Quae
2573 1045 2688 1093 tres
2716 1056 2843 1093 cum
2873 1040 3041 1093 simul
3086 1040 3242 1094 Becci
3272 1041 3539 1105 viverent,
3573 1040 3722 1109 quasi
3748 1057 3848 1093 con-

608 1130 777 1184 tertio
799 1131 987 1182 Nonas
1008 1127 1345 1191 Decembris,
1370 1127 1618 1196 perstitit
1643 1127 1700 1179 in
1726 1127 1941 1196 porticu
1963 1128 2206 1181 ecclesiae
2287 1128 2550 1182 dixerunt
2572 1127 2679 1181 sibi
2704 1133 2767 1181 ut
2792 1129 2861 1181 de
2891 1129 2995 1181 hoc
3016 1129 3226 1182 mundo
3248 1145 3362 1182 una
3381 1133 3504 1198 post
3518 1128 3684 1181 aliam
3701 1133 3846 1181 trans.

609 1219 729 1289 ipso
768 1218 859 1270 die
915 1223 971 1270 et
1027 1216 1300 1286 sequenti,
1360 1215 1527 1268 tertio
1575 1231 1701 1268 vere
1752 1215 1840 1267 die
1891 1215 2057 1285 coepit
2103 1217 2206 1269 ali-
2289 1215 2456 1280 irent,
2498 1221 2555 1269 et
2599 1222 2713 1269 tres
2735 1216 3051 1270 Dominicas
3073 1217 3390 1286 elegerunt,
3409 1217 3465 1269 in
3489 1216 3685 1286 quibus
3708 1217 3846 1269 vitam

611 1307 944 1377 quantulum
978 1305 1261 1374 quiescere
1287 1322 1300 1369 ;
1352 1309 1535 1356 actum
1568 1309 1654 1356 est
1698 1308 1884 1356 autem
1915 1309 1980 1356 ut
2007 1309 2206 1372 quarto
2290 1303 2533 1357 ﬁnirent.
2561 1305 2752 1358 Prima
2780 1311 2988 1370 autem,
3024 1306 3236 1360 scilicet
3263 1305 3516 1359 Amfrida
3547 1305 3752 1360 Basiliae
3775 1321 3847 1358 ne-

610 1397 699 1449 die
727 1395 974 1448 evenerit
999 1394 1268 1447 festivitas
1301 1392 1448 1446 beati
1490 1392 1723 1444 Nicolai.
1756 1393 1830 1444 Eo
1861 1392 1970 1455 die,
2004 1408 2207 1444 aurora
2288 1393 2417 1461 ptis,
2451 1409 2574 1462 quae
2603 1393 2787 1446 minor
2815 1400 2936 1446 erat
2961 1399 3145 1459 aetate,
3181 1394 3334 1464 virgo
3365 1399 3558 1448 autem
3581 1410 3789 1464 corpore
3807 1398 3851 1447 et

603 1486 722 1554 jam
746 1484 1124 1545 illucescente,
1144 1498 1267 1534 cum
1289 1481 1500 1550 janitor
1520 1479 1763 1534 ecclesize
1783 1480 1963 1546 Becci,
1980 1480 2207 1532 nomine
2291 1480 2404 1533 Deo
2431 1487 2669 1547 sacrata,
2697 1481 2904 1534 decidit
2930 1481 2985 1534 in
3009 1481 3414 1551 aegritudinem,
3441 1487 3498 1535 et
3522 1482 3672 1536 venit
3697 1482 3758 1534 ad
3782 1498 3849 1534 ex-

607 1574 870 1636 Joannes,
922 1570 1235 1640 aperuisset
1286 1571 1508 1638 januas,
1568 1567 1930 1620 reminiscens
1975 1568 2203 1632 infirmi,
2289 1575 2532 1623 tremum
2555 1570 2864 1635 Dominica,
2901 1576 3101 1640 quarto
3130 1571 3322 1624 Nonas
3361 1570 3634 1624 Januarii.
3658 1572 3766 1634 Qua
3787 1587 3851 1623 se-

607 1661 832 1713 divertit
861 1659 930 1711 ad
973 1675 1101 1712 eum
1147 1657 1242 1710 ubi
1274 1657 1514 1726 jacebat,
1546 1656 1639 1725 qui
1669 1656 1881 1708 invenit
1907 1672 2033 1709 eum
2067 1656 2206 1724 vigi-
2290 1658 2466 1727 pulta,
2518 1659 2687 1726 coepit
2733 1658 3008 1711 infirmari
3054 1657 3263 1712 Basilia
3306 1659 3535 1712 domina
3575 1660 3719 1727 ejus;
3754 1675 3852 1727 qua:

608 1749 1359 1814 lantem,etantequameum
1382 1744 1593 1814 aliquid
1614 1744 2031 1813 interrogasset,
2049 1745 2202 1796 infir-
2220 1730 2264 1786 Β
2287 1760 2412 1796 cum
2444 1761 2544 1814 per
2578 1745 2796 1815 aliquot
2825 1745 2942 1799 dies
2972 1747 3130 1815 gravi
3167 1746 3624 1800 incommoditate
3645 1746 3854 1816 corporis

607 1852 733 1888 mus
774 1851 900 1887 eum
929 1834 1271 1903 praeveniens
1300 1832 1438 1885 dixit
1465 1849 1524 1885 se
1566 1836 1749 1884 totum
1783 1832 2116 1886 exstinctum
2145 1837 2199 1885 et
2284 1833 2704 1900 molestaretur,
2732 1833 2916 1886 velata
2943 1838 3029 1886 est
3051 1849 3084 1886 a
3121 1833 3420 1887 Guillelmo
3453 1831 3854 1903 Rothomagensi

605 1937 840 1984 sanum;
878 1921 1089 1988 janitor
1134 1922 1486 1988 interrogans
1530 1919 1752 1988 quando
1786 1923 1843 1971 et
1882 1919 2201 1988 quomodo?
2285 1919 2724 1989 archiepiscopo,
2767 1920 2955 1990 sicque
3012 1921 3276 1975 defuncta
3331 1927 3416 1976 est
3452 1922 3568 1976 alia
3601 1923 3854 1976 Dominica

604 2011 701 2063 ille
730 2009 1035 2079 respondit.
1069 2009 1210 2062 Tota
1254 2008 1362 2061 ista
1406 2011 1568 2060 nocte
1612 2007 1751 2060 bene
1795 2006 1983 2069 habui,
2019 2006 2202 2059 media
2284 2007 2499 2060 decimo
2529 2007 2766 2078 septimo
2799 2009 3072 2062 Calendas
3113 2009 3423 2073 Februarii,
3457 2016 3515 2064 et
3544 2013 3751 2081 sepulta
3789 2017 3852 2063 est

604 2102 793 2152 autem
841 2101 1003 2150 nocte
1048 2095 1376 2158 obdormivi,
1429 2100 1486 2149 et
1526 2095 1884 2165 postmodum
1933 2094 2201 2164 evigilans
2285 2101 2348 2147 ut
2390 2097 2563 2148 talem
2609 2112 2906 2166 personam
2942 2096 3190 2150 decebat.
3222 2098 3429 2163 Tertia,
3471 2099 3603 2164 Eva,
3635 2115 3737 2153 non
3778 2098 3853 2151 diu

603 2187 789 2240 inveni
817 2202 906 2239 me
955 2190 1137 2238 totum
1183 2183 1534 2247 exstinctum,
1585 2189 1643 2236 et
1689 2183 2100 2252 refrigeratum,
2148 2187 2204 2236 et
2285 2184 2605 2253 supervixit,
2639 2201 2770 2237 nam
2822 2190 2986 2238 aetate
3018 2191 3075 2239 et
3104 2185 3337 2255 jejuniis
3383 2191 3693 2252 attenuata,
3719 2187 3853 2255 ccepit

603 2291 754 2328 nunc
783 2275 882 2327 Dei
910 2273 1094 2343 gratia
1121 2273 1262 2325 bene
1292 2272 1428 2324 mihi
1457 2277 1561 2333 est,
1606 2272 1824 2324 meritis
1870 2271 2203 2324 beatissima:
2285 2277 2516 2340 repente
2547 2272 2757 2326 viribus
2779 2275 3026 2343 corporis
3045 2273 3295 2326 destitui.
3320 2275 3455 2328 Post
3478 2280 3712 2328 mortem
3732 2274 3854 2328 enim

603 2362 870 2431 Virginis,
918 2361 976 2414 in
1022 2362 1182 2429 cujus
1229 2361 1440 2413 honore
1485 2360 1595 2413 ista
1625 2360 1857 2413 ecclesia
1885 2364 1969 2413 est
2008 2376 2202 2412 conse-
2285 2359 2388 2412 viri
2408 2360 2494 2412 sui
2523 2360 2807 2414 Guillelmi
2828 2362 3068 2431 Crispini
3097 2362 3249 2415 omni
3277 2363 3636 2417 continentiae
3655 2380 3712 2417 se
3729 2379 3855 2416 man-

605 2457 781 2506 crata.
819 2451 1019 2502 Actum
1051 2453 1137 2502 est
1161 2449 1266 2501 hoc
1293 2464 1440 2500 anno
1466 2446 1874 2501 Incarnationis
1903 2447 2204 2500 Dominicae
2285 2448 2508 2517 cipavit,
2547 2447 2815 2519 Beccique
2837 2466 3013 2519 usque
3049 2451 3119 2503 ad
3147 2452 3314 2520 ﬁnem
3346 2451 3473 2505 vitae
3507 2451 3569 2505 in
3598 2453 3696 2506 Dei
3719 2451 3854 2505 servi-

605 2537 902 2591 millesimo
957 2537 1260 2590 centesimo
1302 2536 1616 2602 undecimo,
1659 2552 1850 2589 mense
1890 2534 2200 2602 Decembri,
2285 2536 2364 2590 tio
2395 2538 2799 2606 perseveravit;
2833 2537 2948 2592 haec
2974 2543 3102 2592 ante
3133 2539 3321 2608 plures
3351 2555 3529 2593 annos
3553 2556 3762 2594 sacrum
3781 2556 3852 2592 ve-

607 2625 703 2694 qui
743 2630 830 2678 est
866 2625 1015 2695 apud
1053 2624 1316 2678 Hebraeos
1353 2624 1622 2688 decimus,
1666 2625 1816 2694 apud
1853 2640 1954 2677 nos
1993 2623 2204 2677 duode-
2286 2626 2471 2678 lamen
2520 2631 2808 2695 acceperat
2845 2643 2878 2679 a
2923 2627 3186 2696 praedicto
3227 2627 3530 2682 Guillelmo
3585 2629 3853 2682 Rothoma-

605 2714 783 2768 cimus
797 2759 809 2771 .
2284 2714 2443 2783 gensi
2471 2714 2908 2785 archiepiscOpo.

674 2804 947 2857 Defuncto
974 2803 1163 2873 itaque
1185 2806 1343 2872 patre
1368 2801 1637 2855 Herluino
1659 2800 1896 2872 septimo
1922 2801 2202 2856 Kalendas
2357 2803 2610 2872 Cumque
2648 2801 2706 2855 in
2735 2803 2854 2856 dies
2896 2803 3134 2873 languor
3162 2810 3436 2859 cresceret
3463 2811 3522 2860 et
3553 2807 3674 2877 ipsa
3703 2805 3855 2876 quoti-

605 2892 969 2962 Septembris,
1021 2907 1168 2944 anno
1213 2890 1395 2943 zetatis
1441 2907 1554 2944 sua:
1614 2890 1952 2959 octogesimo
2002 2896 2201 2959 quarto
2283 2889 2372 2942 die
2420 2889 2489 2942 ad
2536 2890 2823 2944 ecclesiam
2869 2897 3157 2961 pergeret,
3207 2893 3298 2946 die
3346 2893 3666 2949 festivitatis
3709 2893 3857 2949 sancti

604 2981 974 3033 monachatus
1005 2995 1133 3032 vero
1169 2978 1597 3048 quadragesimo
1627 2984 1846 3047 quarto,
1891 2977 2082 3047 paucis
2110 2978 2200 3030 in-
2223 3044 2256 3053 _
2281 2978 2580 3043 Vincentii,
2608 2995 2769 3031 mane
2795 2979 2924 3032 fecit
2951 2995 3011 3032 se
3037 2980 3096 3033 in
3119 2981 3410 3034 ecclesiam
3435 2982 3585 3048 duci,
3621 2983 3808 3053 ubique
3831 2997 3857 3033 a

602 3069 890 3138 terpositis
931 3065 1145 3131 diebus,
1184 3044 1411 3120 electus
1453 3071 1539 3119 est
1581 3044 1751 3118 abbas
1797 3044 2051 3133 ejusdem
2095 3044 2258 3119 lociCl
2280 3069 2400 3118 toto
2447 3070 2721 3119 conventu
2762 3066 2986 3120 visitata
3031 3073 3201 3136 atque
3256 3069 3486 3123 inuncta
3533 3044 3666 3125 ante
3710 3044 3857 3124 altare

602 3157 918 3221 Anselmus,
953 3155 1049 3224 qui
1096 3154 1254 3224 prior
1289 3153 1609 3222 quindecim
1657 3151 1818 3204 annis
1861 3153 2064 3205 fuerat.
2098 3153 2199 3206 Se-
2282 3153 2570 3219 Cruciﬁxi,
2620 3158 2677 3206 et
2722 3160 2924 3207 caetera
2967 3172 3089 3225 qua}
3133 3156 3498 3211 morientibus
3554 3158 3856 3213 Christianis

602 3243 798 3312 quenti
829 3259 958 3296 vero
1006 3259 1152 3295 anno
1199 3242 1258 3294 in
1303 3241 1604 3294 festivitate
1647 3240 1826 3293 sancti
1867 3239 2036 3304 Petri,
2077 3257 2200 3310 quae
2281 3242 2465 3295 solent
2499 3241 2744 3295 exhiberi
2776 3243 3064 3312 persoluta
3092 3250 3227 3297 sunt
3255 3245 3324 3298 ei.
3365 3246 3624 3317 Cumque
3648 3263 3858 3302 conven-

602 3330 809 3383 dicitur
836 3330 1133 3394 Cathedra,
1163 3329 1490 3382 benedictus
1534 3333 1620 3381 est
1660 3327 1831 3380 abbas
1869 3327 1927 3380 in
1969 3329 2201 3382 ecclesia
2281 3333 2373 3382 tus
2410 3330 2714 3396 recederet,
2763 3331 2978 3384 elevata
3019 3347 3190 3385 manu
3237 3333 3479 3402 signavit
3521 3352 3621 3389 eos
3649 3336 3852 3390 dicens:

603 3417 782 3483 Becci,
806 3417 876 3470 ab
901 3417 1222 3470 Ebroicensi
1251 3416 1507 3486 episcopo
1539 3415 1878 3472 Gisleberto.
2281 3418 2396 3471 Deo
2418 3434 2514 3470 vos
2535 3419 2882 3482 commendo,
2909 3420 3009 3473 ﬁlii
3032 3439 3044 3487 ;
3078 3420 3347 3491 diligebat
3367 3422 3517 3476 enim
3551 3428 3668 3478 tam
3696 3430 3857 3478 tenere

679 3507 839 3559 Anno
897 3504 1120 3558 Domini
1176 3503 1476 3556 millesimo
1534 3502 1873 3572 octogesimo
1924 3503 2194 3568 secundo,
2281 3522 2383 3559 nos
2404 3507 2565 3576 quasi
2585 3523 2779 3560 omnes
2799 3509 3125 3578 peperisset.
3144 3509 3357 3563 Deinde
3378 3510 3614 3566 domum
3636 3513 3856 3575 reducta,

601 3594 900 3648 translatio
944 3592 1344 3644 monachorum
1393 3591 1579 3653 Becci,
1633 3591 1782 3660 apud
1823 3590 2197 3643 Conﬂanitum
2280 3593 2414 3646 dum
2446 3594 2515 3646 ad
2545 3593 2725 3648 focum
2759 3595 2998 3661 sederet,
3027 3597 3281 3667 sequenti
3301 3602 3463 3652 nocte
3484 3601 3858 3654 transiit.Cum

601 3681 1086 3743 commorantium,
1117 3696 1151 3732 a
1181 3679 1351 3733 veteri
1377 3679 1628 3743 ecclesia,
1661 3695 1782 3749 quae
1807 3679 2034 3748 Capella
2069 3679 2200 3730 dici-
2280 3682 2350 3734 ad
2381 3682 2590 3735 exitum
2619 3683 3113 3753 appropinquaret,
3149 3685 3385 3738 aderant
3413 3687 3620 3742 fratres
3645 3693 3708 3741 ut
3732 3689 3856 3758 psal-

533 3794 537 3800 ·
597 3777 708 3835 tur,
743 3771 810 3823 ad
844 3785 1045 3822 novam
1077 3768 1384 3832 ecclesiam,
1418 3785 1542 3821 cum
1587 3783 1817 3837 corpore
1855 3774 2060 3820 sanctae
2091 3767 2199 3820 Ho—
2281 3769 2388 3823 mis
2430 3775 2488 3823 et
2515 3770 2858 3823 orationibus
2901 3771 2952 3823 ei
2987 3771 3384 3839 subvenirent;
3426 3775 3583 3828 inter
3609 3793 3741 3846 quos
3773 3775 3856 3829 fuit

594 3859 828 3924 norinae,
861 3875 986 3911 cum
1021 3858 1137 3911 Yvo
1173 3857 1240 3910 de
1287 3857 1635 3910 Bellomonte
1673 3871 1859 3908 comes
1889 3871 2056 3925 super
2083 3856 2196 3908 Isa—
2279 3857 2508 3926 quidam
2530 3858 2720 3922 frater,
2755 3860 2982 3912 nomine
3012 3860 3361 3930 Rodulphus,
3393 3863 3489 3932 qui
3519 3881 3651 3919 eam
3671 3862 3856 3934 rogavit

592 3963 737 4010 ram,
772 3951 830 4000 et
859 3946 1114 4000 Adelidis
1144 3961 1284 3999 uxor
1313 3945 1451 4013 ejus,
1492 3944 1740 3996 volentes
1768 3943 1827 3995 in
1861 3941 2093 3995 ecclesia
2127 3943 2189 3995 B.
2276 3950 2358 4011 ut,
2390 3945 2437 3998 si
2468 3945 2732 4014 possibile
2759 3951 2924 4012 esset,
2955 3951 3082 4016 post
3102 3955 3339 4002 mortem
3362 3950 3412 4003 ei
3440 3967 3721 4021 apparens
3739 3951 3856 4005 dice-

594 4031 1755 4089 HonorinzedeConﬂuentiumamonachis
1771 4031 1882 4083 Deo
1905 4029 2192 4092 deserviri,
2275 4038 2364 4086 ret
2409 4034 2556 4104 quod
2599 4033 2921 4090 invenisset.
2964 4036 3039 4088 At
3085 4035 3182 4088 illa
3221 4039 3526 4108 respondit,
3569 4041 3617 4094 si
3655 4041 3793 4095 Deus
3816 4039 3855 4092 ei

592 4123 871 4176 dederunt
898 4139 1022 4176 eam
1052 4127 1109 4176 et
1140 4121 1330 4176 omnia
1358 4121 1428 4174 ad
1469 4137 1592 4174 eam
1632 4117 1973 4190 pertinentia
1998 4134 2194 4171 mona-
2275 4121 2620 4176 concederet.
2675 4121 2874 4191 Sicque
2916 4122 3177 4177 defuncta
3220 4131 3307 4179 est
3350 4127 3516 4181 tertia
3573 4128 3851 4188 Dominica,

591 4211 762 4264 sterio
788 4211 1072 4276 Beccensi,
1103 4210 1204 4263 sub
1250 4208 1431 4262 libera
1459 4212 1733 4278 potestate
1759 4211 1816 4260 et
1844 4205 2192 4259 ordinatione
2275 4208 2488 4263 decimo
2519 4209 2800 4263 Kalendas
2838 4209 3148 4277 Februarii,
3186 4218 3260 4278 et,
3296 4215 3486 4284 paucis
3531 4215 3855 4288 interpositis

593 4298 860 4352 abbatum
889 4298 1106 4368 praefati
1151 4297 1406 4351 cmnobii.
1441 4297 1583 4350 Huic
1622 4294 1912 4349 donationi
1939 4310 2253 4372 reveren-n
2275 4295 2472 4350 diebus
2498 4303 2797 4367 postquam
2827 4298 3087 4352 defuncta
3129 4306 3234 4365 est,
3267 4304 3529 4372 apparuit
3557 4306 3718 4359 fratri
3745 4305 3854 4358 dor-

890 4353 908 4368 ι
2498 4353 2518 4367 ι
2643 4353 2657 4367 .
3272 4353 3527 4372 ρικι--τ---
3559 4353 3718 4359 --_---
3748 4353 3822 4358 μ--

591 4385 695 4438 dus
725 4385 1016 4454 episcopus
1048 4384 1380 4439 Parisiensis
1403 4383 1722 4447 Godfridus,
1749 4383 1818 4437 de
1848 4383 2004 4452 cujus
2035 4353 2255 4452 paro-D
2276 4385 2490 4438 mienti.
2527 4385 2704 4448 Quam
2731 4403 2858 4439 cum
2889 4386 3136 4450 vidisset,
3159 4389 3238 4442 ait
3263 4409 3274 4442 :
3304 4391 3446 4454 Quid
3479 4399 3587 4459 est,
3607 4390 3850 4448 domina?

590 4473 718 4526 chia
749 4473 1017 4526 beneflcio
1045 4479 1147 4539 est,
1177 4480 1240 4538 ὅ
1264 4480 1329 4528 ut
1357 4488 1578 4542 semper
1607 4488 1727 4524 mos
1755 4476 1840 4524 est
1863 4471 2024 4524 bonis
2054 4470 2193 4524 bene
2276 4473 2564 4536 Quomodo
2593 4478 2649 4527 te
2681 4473 2893 4528 habes?
2924 4476 3246 4556 -Respondit
3285 4495 3343 4532 se
3379 4481 3672 4551 sexaginta
3701 4497 3851 4536 annos

591 4560 730 4613 actis
767 4561 970 4627 favere,
1003 4578 1128 4615 cum
1164 4561 1446 4616 canonicis
1475 4560 1718 4614 ecclesia:
1759 4559 1977 4614 Sanctae
2005 4561 2193 4614 Mariae
2274 4561 2616 4632 poenitentiae
2669 4563 2983 4633 accepisse;
3032 4571 3089 4618 et
3135 4581 3264 4619 cum
3320 4567 3414 4621 ille
3471 4570 3847 4642 obstupuisset,

591 4647 946 4715 Parisiensis,
979 4651 1290 4716 consentit;
1341 4649 1597 4702 Ecclesiae
1643 4665 1757 4702 suae
1789 4665 2078 4702 reservans
2104 4653 2186 4713 ut,
2275 4651 2526 4720 quaesivit
2554 4666 2801 4703 causam.
2827 4651 2896 4704 Et
2923 4652 3004 4705 ait
3030 4671 3041 4706 :
3067 4653 3211 4716 Quia
3238 4671 3439 4725 parvos
3467 4674 3655 4720 canes,
3682 4665 3736 4712 et
3758 4658 3851 4711 alia

589 4737 636 4791 si
666 4738 889 4808 quando
919 4739 1109 4809 aliqua
1135 4739 1354 4792 ratione
1378 4737 1633 4806 exigente
1661 4753 1762 4806 per
1781 4742 1963 4791 totum
1986 4737 2192 4807 episco-
2272 4737 2596 4807 hujusmodi
2637 4737 2810 4804 varia,
2858 4755 2979 4809 quae
3008 4740 3263 4796 homines
3301 4760 3400 4814 pro
3431 4745 3611 4800 nihilo
3639 4747 3848 4807 ducunt,

587 4831 784 4896 patum
813 4827 1207 4894 Parisiensem,
1237 4831 1337 4880 aut
1365 4825 1424 4878 in
1445 4825 1707 4894 praedicto
1735 4830 1955 4878 tantum
1984 4830 2185 4891 castro,
2273 4825 2474 4891 amavi,
2508 4830 2565 4878 et
2591 4826 2742 4880 ultra
2773 4827 3001 4881 modum
3030 4828 3088 4882 in
3118 4829 3186 4882 iis
3234 4831 3510 4886 delectata
3537 4851 3666 4888 sum
3692 4854 3703 4901 ;
3745 4834 3850 4887 ideo

587 4914 839 4996 divinpm
896 4915 1141 4969 officium
1193 4915 1486 4985 episcopus
1530 4913 1858 4967 Parisiensis
1903 4913 2186 4968 celebrare
2267 4915 2437 4968 talem
2475 4913 2862 4983 paenitentiam
2908 4917 3114 4987 accepi.
3166 4918 3236 4971 Et
3272 4919 3352 4973 sic
3390 4921 3544 4976 vides
3591 4923 3738 4996 quod
3777 4923 3849 4975 ha:

584 4986 939 5074 prohibuerit
956 5004 1195 5074 publice,
1216 5000 1475 5056 monachi
1494 5000 1553 5054 in
1577 5001 1727 5054 dicta
1754 5002 1986 5055 ecclesia
2004 5002 2187 5056 deser-
2265 5007 2380 5056 tres
2400 5001 2660 5060 dominae.
2678 5001 2857 5056 tribus
2886 4986 3192 5058 Dominicis
3221 5008 3421 5060 saeculo
3447 4986 3846 5078 migraverunt;

584 5091 818 5158 vientes,
878 5097 1005 5162 post
1066 5095 1387 5162 perceptam
1449 5088 1519 5142 ab
1585 5089 1860 5160 episc0po,
1918 5091 2005 5144 vel
2062 5091 2185 5161 ejus
2266 5091 2466 5162 prima,
2494 5090 2553 5143 in
2576 5095 2734 5160 parte
2773 5093 2977 5160 noctis;
3012 5094 3273 5162 secunda,
3308 5097 3492 5150 media
3517 5105 3701 5164 nocte,
3732 5097 3848 5150 dum

584 5181 811 5247 nuncio,
842 5180 1174 5251 jussionem,
1203 5176 1594 5234 observabunt.
2267 5184 2630 5234 cantarentur
2645 5181 2966 5248 matutinae;
2991 5183 3177 5250 tertia,
3195 5185 3526 5250 mane,dum
3543 5194 3846 5242 cantaretur

656 5270 819 5323 Anno
849 5268 1148 5324 Dominicas
1186 5266 1592 5323 Incarnationis
1633 5266 1931 5321 millesimo
1961 5271 2186 5338 octoge-
2266 5269 2470 5340 prima.

587 5356 729 5413 simo
757 5375 926 5426 nono,
971 5357 1128 5424 obiit,
1161 5357 1266 5429 piae
1295 5354 1576 5410 memoriae
1624 5355 1990 5427 Lanfrancus,
2028 5357 2185 5429 prius
2336 5359 2486 5413 Nota
2510 5357 2680 5428 quod,
2711 5364 2772 5415 ut
2802 5360 2974 5416 refert
3004 5361 3252 5418 Historia
3281 5363 3350 5418 de
3378 5363 3540 5419 beato
3575 5365 3843 5426 Anselmo,
