3920 6404
117 409 206 465 649

1279 397 1704 456 CHRONICON
1745 396 2134 453 BECCENSE.

3236 399 3346 458 650

116 550 202 605 per
225 532 368 585 illum
391 528 479 600 qui
508 541 752 598 praesens
771 539 898 578 cum
927 522 1022 578 illo
1055 527 1178 577 erat
1196 519 1432 594 (69).qui
1447 523 1526 578 sic
1537 523 1620 577 ait
1640 544 1652 577 :
1674 529 1726 588 Α
1814 522 1976 576 Anno
2033 527 2224 576 autem
2256 519 2554 576 millesimo
2583 521 2945 592 nonagesimo
2988 527 3202 595 octavo,
3232 527 3346 582 An-

114 625 334 677 Attestor
367 619 538 673 Deum
592 631 682 668 me
717 629 862 684 sape
894 611 1056 665 illum
1087 611 1191 665 sub
1218 612 1472 666 veritatis
1500 612 1660 666 testi-

116 709 274 762 monio
299 707 509 760 audisse
527 706 933 775 protestantem
957 700 1103 770 quod
1125 700 1395 756 libentius
1419 702 1586 755 vellet
1603 702 1663 756 in

112 795 506 868 congregatione
548 791 967 855 monachorum,
997 789 1120 862 loco
1149 790 1307 860 pueri
1348 791 1498 844 inter
1525 806 1663 860 ρυε-

113 904 188 941 ros
214 885 307 939 sub
337 883 482 953 virga
529 878 785 950 magistri
814 893 1036 950 pavere,
1069 894 1235 948 quam
1282 895 1384 949 per
1417 884 1665 950 pastora-

110 977 202 1030 lem
243 989 422 1026 curam
470 971 569 1024 toti
600 966 902 1024 Britannia
943 966 1225 1036 praelatus,
1284 967 1343 1020 in
1388 971 1663 1022 conventu

110 1062 426 1136 p0pulorum,
451 1057 727 1113 cathedra
752 1055 1056 1128 pontiﬁcali
1079 1055 1396 1126 prasidere.

167 1149 377 1206 Sublato
403 1148 469 1202 de
507 1147 611 1201 hac
641 1145 757 1199 vita
787 1142 1085 1198 venerabili
1117 1144 1303 1207 Patre,
1334 1149 1399 1198 ut
1425 1145 1666 1199 diximus

110 1238 407 1303 Lanfranco,
455 1253 550 1290 rex
607 1234 917 1304 Anglorum
954 1231 1281 1287 Willermus
1325 1233 1584 1287 ecclesias
1612 1239 1670 1288 et

109 1325 416 1381 monasteria
437 1324 609 1378 totius
637 1321 852 1391 Anglia
871 1320 1027 1391 gravi
1050 1321 1287 1374 nimium
1309 1321 1668 1392 Oppressione

110 1415 280 1468 afﬂixit
298 1413 431 1481 (70);
462 1413 620 1482 cujus
659 1409 1035 1481 oppressionis
1063 1425 1210 1462 anno
1251 1415 1472 1479 quarto,
1504 1410 1559 1463 id
1583 1414 1668 1463 est

109 1502 372 1557 millesimo
421 1500 785 1570 nonagesimo
813 1499 982 1552 tertio
1036 1497 1106 1551 ab
1142 1497 1532 1552 Incarnatione
1562 1499 1668 1552 Do-

109 1591 242 1658 mini,
269 1591 560 1645 Anselmus
587 1588 758 1642 abbas
795 1586 1082 1641 Beccensis
1116 1587 1393 1654 Ecclesia,
1433 1587 1517 1641 vir
1545 1603 1667 1640 ma-

105 1697 212 1751 gna
231 1680 534 1735 sanctitatis
560 1684 617 1733 et
630 1677 914 1744 doctrina,
945 1676 1235 1740 invitatus,
1276 1677 1390 1730 imo
1415 1676 1670 1732 districta

107 1769 524 1840 interpellatione
549 1767 861 1837 adjuratus,
895 1764 964 1819 ab
991 1766 1226 1835 Hugone
1249 1765 1562 1819 Cestrensis
1581 1783 1670 1820 co-

108 1857 224 1912 mite
252 1858 550 1928 multisque
584 1856 710 1910 aliis
753 1854 1062 1924 Anglorum
1117 1854 1276 1924 regni
1301 1854 1664 1925 principibus,

108 1947 186 2016 qui
211 1963 328 2002 eum
356 1946 674 2000 animarum
698 1959 926 1998 suarum
959 1942 1237 1996 medicum
1261 1948 1318 1996 et
1341 1943 1669 1997 advocatum

107 2035 376 2104 elegerant,
418 2040 477 2088 et
514 2033 745 2103 insuper
772 2031 1028 2086 Ecclesia
1058 2048 1172 2086 sua
1197 2048 1357 2102 prece
1383 2037 1440 2086 et
1469 2049 1669 2103 prace-

106 2129 202 2193 pto,
246 2141 341 2194 pro
379 2122 668 2177 communi
712 2120 976 2184 utilitate,
1032 2125 1256 2174 coactus
1299 2120 1559 2190 Angliam
1589 2121 1670 2175 in-

106 2229 302 2281 gressus
325 2209 698 2266 est.Venienti
715 2209 1011 2280 optimates
1026 2209 1238 2262 alacres
1259 2215 1622 2263 occurrerunt
1653 2229 1665 2278 ;

105 2317 185 2354 rex
233 2300 345 2371 ipse
374 2300 520 2354 solio
560 2298 782 2363 exsiliit,
845 2303 900 2350 et
937 2297 1056 2350 viro
1095 2296 1348 2366 gaudens
1405 2296 1665 2350 occurrit.

109 2387 304 2443 Interea
333 2405 427 2442 rex
453 2387 788 2444 Willermus
825 2385 980 2455 gravi
1035 2384 1302 2454 languore
1348 2383 1668 2452 corripitur,

109 2482 297 2548 etpene
336 2477 407 2531 ad
449 2481 708 2531 extrema
745 2473 1088 2545 perducitur.
1140 2472 1427 2527 Suadetur
1454 2472 1506 2526 ei
1525 2472 1674 2526 inter

1743 610 1952 664 selmus
1973 609 2423 681 archiepiscopus
2453 611 2685 666 recessit
2728 612 2798 666 ab
2837 611 3058 682 Anglia,
3090 615 3224 684 quia
3249 631 3347 669 rex

1742 697 2091 765 Willermus,
2149 697 2299 751 ﬁlius
2326 698 2606 753 Willermi
2652 701 3060 773 Conquisitoris
3107 703 3344 774 Anglia,
3450 763 3460 771 ,

1745 785 1888 839 nihil
1911 785 2048 839 recti
2075 785 2132 839 in
2176 802 2350 855 regno
2381 803 2482 841 suo
2513 787 2636 842 ﬁeri
2672 791 3055 861 permittebat,
3085 791 3185 845 sed
3213 808 3347 862 pro-

1744 873 2394 929 vinciasintolerabiliter
2418 876 2652 932 vexabat
2689 877 2747 932 in
2777 879 3024 945 tributis,
3059 897 3181 951 qua
3198 896 3344 935 nun-

1747 979 1915 1033 quam
1967 963 2259 1017 cessabant
2310 963 2370 1018 in
2400 981 2568 1036 opere
2596 967 2741 1021 muri
2786 968 2934 1022 circa
2963 969 3167 1023 turrim
3197 969 3347 1024 Lon-

1744 1051 1944 1118 donia,
1998 1051 2057 1106 in
2110 1067 2276 1123 opere
2307 1053 2448 1107 aula
2477 1054 2700 1124 regalis,
2734 1057 2884 1127 apud
2913 1057 3343 1113 Westmonster.

1748 1140 1903 1196 Idem
1928 1157 2024 1195 rex
2051 1141 2380 1196 Willermus
2405 1142 2510 1196 hoc
2537 1159 2684 1198 anno
2701 1144 2805 1199 fuit
2830 1145 2890 1199 in
2915 1147 3346 1213 Northmannia,

1748 1245 1971 1300 semper
2023 1229 2271 1297 hosticis,
2301 1235 2358 1284 et
2379 1231 2736 1300 tumultibus,
2770 1239 2828 1288 et
2858 1235 3008 1289 curis
3058 1251 3348 1291 armorum

1749 1317 1991 1384 deditus,
2041 1317 2266 1372 tributis
2321 1319 2548 1374 interim
2591 1337 2657 1375 cx
2685 1323 3064 1379 exactionibus
3091 1323 3350 1396 pessimis

1748 1408 1982 1478 populos
2009 1407 2321 1476 Anglorum
2355 1425 2468 1463 non
2496 1409 2790 1477 abradens,
2823 1412 2921 1465 sed
2955 1414 3269 1472 excorians.

1818 1497 1981 1550 Anno
2014 1495 2322 1551 Dominica
2358 1497 2765 1553 Incarnationis
2793 1499 3089 1556 millesimo
3118 1503 3353 1558 centesi-

1749 1601 1842 1638 mo
1877 1601 2046 1651 nono,
2087 1585 2384 1640 undecimo
2405 1587 2692 1642 Kalendas
2721 1587 2874 1654 Maii,
2905 1589 3046 1644 feria
3065 1591 3263 1662 quinta
3292 1592 3352 1647 in

1750 1689 1909 1728 cana
1948 1673 2194 1739 Domini,
2219 1672 2358 1728 obiit
2385 1675 2490 1746 pia
2508 1680 2796 1735 memoria
2815 1679 3146 1736 venerabilis
3172 1680 3354 1735 domi-

1750 1779 1856 1817 nus
1909 1764 2207 1820 Anselmus
2237 1766 2659 1823 Cantuariensis
2697 1769 3166 1840 archiepiscopus.
3226 1770 3354 1842 Ipso

1687 1882 1732 1942 B
1752 1866 1900 1942 anno
1921 1852 2184 1942 ultimum
2208 1854 2420 1910 Pascha
2449 1855 2575 1922 fuit,
2611 1859 2851 1927 septimo
2888 1858 3170 1912 Kalendas
3197 1857 3350 1914 Maii.

1824 1940 2057 2011 Scripsit
2083 1959 2211 1996 vero
2241 1942 2393 1996 idem
2441 1943 2525 1996 vir
2574 1946 2910 2000 reverendus
2937 1947 3210 2001 nonnulla
3239 1963 3354 2002 me-

1751 2028 1941 2084 moria
1962 2029 2148 2099 digna,
2187 2047 2310 2102 qua
2325 2031 2523 2086 subtus
2542 2033 2839 2088 adnectere
2851 2034 3186 2089 curavimus.
3206 2036 3353 2090 Dum

1752 2116 1931 2171 adhuc
1956 2123 2106 2171 esset
2133 2118 2287 2190 prior
2332 2118 2391 2172 in
2422 2119 2685 2175 Beccensi
2711 2121 2961 2176 coenobio
2992 2122 3215 2193 scripsit
3241 2127 3356 2177 tra-

1751 2211 1933 2261 ctatus
1960 2211 2108 2274 tres;
2141 2207 2388 2277 primum
2417 2209 2490 2262 De
2512 2212 2755 2276 veritate,
2795 2211 3101 2265 secundum
3158 2213 3231 2266 De
3281 2215 3354 2267 li-

1754 2295 1954 2348 bertate
1983 2297 2247 2360 arbitrii;
2279 2296 2509 2350 tertium
2540 2299 2614 2352 De
2661 2314 2790 2352 casu
2840 2302 3079 2367 diaboli;
3100 2309 3157 2353 et
3183 2315 3356 2371 quar-

1753 2387 1898 2451 tum,
1929 2399 2094 2454 quem
2126 2383 2374 2438 titulavit
2400 2387 2474 2439 De
2501 2390 2890 2453 grammatico,
2939 2387 2996 2442 in
3028 2405 3138 2459 quo
3187 2384 3356 2443 disci-

1753 2471 1906 2542 pulo.
1929 2488 2096 2542 quem
2125 2488 2314 2527 secum
2342 2473 2724 2544 disputantem
2756 2476 3085 2542 introduxit,
3132 2493 3360 2549 respon-

109 2565 200 2619 alia
227 2584 258 2620 a
284 2564 649 2638 principibus,
672 2569 738 2617 ut
761 2563 830 2616 de
856 2568 1036 2617 matre
1077 2563 1251 2616 totius
1283 2561 1462 2630 regni,
1496 2560 1676 2614 Eccle-
1757 2560 1852 2613 det
1872 2565 1929 2613 et
1957 2561 2163 2614 multas
2192 2562 2512 2616 dialecticas
2529 2563 2864 2634 quastiones
2881 2566 3144 2636 proponit
3163 2571 3220 2620 et
3247 2567 3361 2622 sol-

109 2655 179 2708 sia
191 2655 434 2710 videlicet
458 2652 874 2715 Cantuariensi,
901 2651 1124 2721 cogitet,
1155 2656 1212 2704 et
1225 2667 1350 2704 eam
1382 2667 1416 2703 a
1441 2649 1677 2719 pristina
1756 2650 1855 2704 vit.
1886 2650 2041 2704 Fecit
2069 2668 2290 2722 quoque
2319 2652 2571 2708 libellum
2604 2654 2883 2724 quintum,
2927 2672 3095 2726 quem
3124 2659 3362 2712 Μοηοιο-

111 2743 350 2799 viduitate
377 2749 433 2798 et
475 2741 801 2796 calamitate
829 2757 929 2811 per
959 2739 1367 2793 institutionem
1400 2737 1679 2809 pontiﬁcis
1758 2743 1891 2808 gion
1905 2741 2234 2812 appellavit;
2267 2743 2420 2797 solus
2439 2743 2588 2798 enim
2601 2743 2662 2798 in
2679 2761 2743 2798 eo
2781 2750 2838 2798 et
2866 2761 3056 2799 secum
3090 2746 3359 2816 loquitur,

111 2833 310 2888 relevet.
357 2830 681 2903 Acquiescit
731 2829 826 2883 ille
878 2829 1128 2893 consilio,
1163 2834 1220 2882 et
1254 2829 1582 2882 Anselmum
1621 2825 1679 2878 in
1761 2844 1843 2893 ac,
1874 2829 2044 2883 tacita
2081 2830 2234 2884 omni
2265 2831 2599 2886 auctoritate
2632 2833 2831 2887 divina
2861 2833 3180 2905 Scriptura,
3215 2834 3364 2904 quod

109 2936 227 2990 opus
265 2923 364 2976 hoc
390 2920 790 2992 dignissimum
819 2917 1048 2971 indicat.
1083 2917 1238 2971 Tunc
1279 2917 1372 2970 ille
1403 2914 1681 2970 contradi-
1761 2917 1911 2970 Deus
1939 2917 2014 2970 sit
2031 2918 2151 2971 sola
2178 2917 2394 2972 ratione
2407 2920 2606 2990 quarit
2626 2925 2682 2974 et
2705 2921 2947 2989 invenit;
2973 2927 3030 2976 et
3057 2922 3205 2993 quod
3234 2938 3366 2976 vera

109 3025 238 3077 cens,
265 3017 315 3065 et
341 3011 642 3072 reluctans,
671 3014 728 3062 et
759 3006 949 3060 multis
990 3005 1168 3059 modis
1220 3004 1479 3058 omnibus
1520 3003 1678 3056 obte-

109 3103 258 3164 stans,
315 3100 560 3170 capitur,
620 3101 676 3150 et
719 3096 990 3149 violenter
1013 3094 1072 3148 in
1104 3093 1340 3147 vicinam
1370 3091 1675 3154 ecclesiam,

109 3203 214 3240 cum
241 3189 446 3260 hymno
477 3193 542 3240 et
569 3185 826 3239 laudibus
856 3189 1114 3256 portatur
1133 3182 1315 3252 magis
1337 3198 1502 3252 quam
1524 3179 1680 3233 duci-
1699 3198 1743 3258 ρ
1766 3181 1927 3236 brum
1958 3187 2196 3248 sextum,
2224 3183 2355 3237 licet
2376 3185 2691 3254 parvulum,
2723 3186 2820 3240 sed
2849 3186 3121 3241 suavioris
3149 3205 3214 3241 ac
3242 3187 3369 3242 sub-
3473 3234 3478 3239 .

107 3279 202 3328 tur.
255 3278 392 3330 Acta
419 3280 560 3330 sunt
590 3275 704 3328 hac
732 3291 879 3328 anno
928 3273 1038 3327 isto
1071 3271 1249 3342 pridie
1279 3272 1470 3325 Nonas
1495 3269 1683 3324 Martii

110 3363 270 3432 prima
292 3364 587 3419 Dominica
634 3362 1095 3434 quadragesima.

167 3454 317 3507 Anno
343 3470 472 3508 vero
509 3451 764 3522 sequenti
795 3448 992 3517 (1094),
1027 3449 1204 3520 pridie
1243 3449 1432 3502 Nonas
1461 3448 1686 3501 Decem-

109 3538 226 3606 bris,
257 3542 442 3596 debito
461 3557 594 3595 cum
616 3541 827 3594 honore
879 3539 948 3592 ab
998 3537 1256 3590 omnibus
1281 3536 1552 3607 episcopis
1577 3538 1687 3588 An-

111 3632 220 3701 glia
245 3631 565 3687 Cantuaria
593 3636 948 3686 consecratus
995 3634 1098 3695 est,
1132 3629 1201 3682 ad
1233 3628 1456 3682 laudem
1491 3631 1549 3680 et
1573 3625 1688 3695 glo-

111 3718 237 3774 riam
259 3721 508 3775 nominis
539 3721 780 3774 Domini.

171 3808 229 3862 In
255 3811 412 3880 cujus
443 3809 862 3864 consecratione
893 3805 1214 3877 evangelica
1262 3803 1359 3857 illa
1409 3800 1690 3856 sententia

113 3911 260 3972 super
279 3915 403 3952 eum
431 3903 659 3968 reperta
683 3902 769 3951 est
792 3915 802 3948 :
843 3898 1049 3950 Vocavit
1082 3897 1303 3957 multos,
1329 3898 1375 3945 et
1400 3893 1552 3944 misit
1582 3905 1690 3956 ser-

112 4000 224 4039 vum
249 4003 413 4041 suum
443 3988 586 4040 hora
615 4002 768 4039 coma
797 3987 975 4038 dicere
1003 3985 1276 4046 invitatis,
1331 3985 1393 4033 ut
1439 3981 1691 4033 venirent

111 4078 226 4140 quia
243 4080 366 4144 jam
391 4080 602 4145 parata
631 4079 763 4128 sunt
792 4076 982 4127 omnia
1009 4071 1153 4145 (Luc.
1180 4083 1294 4135 xxv,
1334 4067 1435 4135 l6).
1469 4067 1575 4132 Qui
1598 4083 1689 4121 cu-

105 4161 392 4230 jus-meriti
447 4163 679 4228 exstitit,
735 4162 793 4215 in
850 4161 982 4215 Vita
1010 4160 1188 4231 ipsius
1216 4162 1405 4230 potest
1434 4155 1684 4226 reperiri.

112 4249 254 4306 Rexit
279 4258 466 4308 autem
502 4253 583 4306 sic
610 4249 996 4305 sanctissimus
1054 4247 1137 4300 vir
1179 4245 1475 4300 Anselmus
1505 4241 1692 4296 Eccle-

111 4338 234 4394 siam
261 4341 729 4396 Cantuariensem
759 4337 1076 4410 quindecim
1107 4335 1269 4389 annis
1297 4333 1561 4399 feliciter;
1594 4332 1690 4402 qui

113 4434 395 4487 monachus
429 4431 588 4487 Becci
634 4429 952 4485 claustralis
977 4427 1268 4480 exstiterat
1297 4422 1478 4476 tribus
1503 4421 1683 4487 annis,

1764 3005 1901 3058 ﬁdes
1939 3006 2008 3059 de
2039 3006 2152 3060 Deo
2183 3007 2372 3073 sentit,
2404 3007 2713 3062 invincibili
2743 3010 2981 3077 ratione,
3023 3010 3103 3063 sic
3127 3027 3240 3064 non
3267 3011 3366 3065 ali-

1763 3097 1850 3147 ter
1878 3109 2002 3147 esse
2029 3094 2355 3165 comprobat
2379 3100 2434 3149 et
2462 3095 2709 3150 instruit.
2733 3097 3062 3169 Composuit
3096 3099 3266 3153 etiam
3297 3100 3367 3154 li-

1765 3269 2040 3323 tilissima
2068 3271 2557 3342 contemplationis
2593 3273 2843 3343 pondere
2870 3291 3158 3345 magnum,
3202 3292 3369 3347 quem

1767 3361 2116 3426 Prosologion
2137 3359 2464 3430 appellavit;
2489 3361 2796 3432 alloquitur
2822 3363 2993 3417 etiam
3022 3365 3081 3418 in
3111 3364 3208 3418 illo
3237 3381 3371 3435 ope-

1768 3463 1849 3514 re,
1905 3454 2005 3502 aut
2053 3447 2317 3518 seipsum,
2360 3454 2460 3504 aut
2496 3451 2696 3504 Deum.
2731 3451 2964 3523 Scripsit
2988 3457 3046 3507 et
3067 3454 3373 3524 septimum

1771 3535 1976 3590 librum
2033 3537 2414 3604 Epistolarum
2467 3538 2538 3592 ad
2570 3539 2834 3606 diversos,
2897 3541 3130 3596 diversis
3176 3559 3372 3597 eorum

1769 3624 2009 3694 negotiis
2037 3625 2400 3695 respondens,
2436 3628 2522 3682 vel
2541 3644 2610 3681 ea
2639 3645 2762 3698 qua
2789 3645 2893 3684 sua
2910 3629 3222 3684 intererant
3249 3647 3375 3702 pro-

1769 3728 1967 3766 curare
1995 3713 2287 3767 mandans.
2314 3715 2471 3768 Fecit
2507 3721 2564 3770 et
2600 3721 2854 3770 octavum
2881 3719 2952 3771 De
2980 3719 3374 3773 Incarnatione

1781 3801 1951 3865 Verbi,
1999 3802 2147 3871 quod
2195 3819 2335 3872 opus
2363 3803 2648 3873 epistolari
2668 3805 2814 3876 stylo
2843 3805 3219 3876 conscriptum
3251 3821 3377 3860 sane

1773 3893 1874 3941 cta
1903 3890 2167 3944 Romana
2193 3891 2451 3945 Ecclesia
2480 3908 2700 3946 summo
2729 3893 2977 3964 pontiﬁci
3013 3892 3239 3948 Urbano
3295 3894 3374 3948 di-

1773 3977 1935 4032 cavit.
1964 3978 2189 4032 Nonum
2228 3978 2432 4032 librum
2464 3979 2657 4046 edidit,
2693 3996 2860 4049 quem
2883 3983 2996 4036 Cur
3019 3983 3160 4036 Deus
3189 3984 3368 4051 homo,

1771 4066 2092 4137 appellavit.
2118 4067 2406 4121 Decimum
2433 4069 2504 4122 De
2531 4073 2788 4136 conceptu
2834 4071 3128 4136 virginali.
3190 4071 3374 4126 Unde-

1772 4154 1978 4208 cimum
2011 4154 2080 4208 de
2121 4153 2468 4208 orationibus
2506 4154 2968 4225 contemplativis,
3003 4173 3170 4227 quem
3200 4158 3374 4229 pluri-

1773 4243 1850 4295 mi
1901 4245 2277 4297 Mcditationes
2307 4249 2530 4310 vocant;
2580 4243 2637 4297 in
2689 4244 2911 4314 quibus,
2943 4245 3257 4315 legentibus
3286 4248 3370 4303 fa-

1772 4331 1874 4384 cile
1905 4337 2139 4401 apparet
2177 4337 2388 4403 quanta
2429 4332 2662 4386 dulcedo
2703 4349 3072 4404 supernorum
3125 4343 3372 4392 mentem

1772 4421 1893 4490 ejus
1920 4421 2254 4490 repleverat.
2318 4421 2708 4488 Duodecimus,
2735 4423 2830 4493 qui
2869 4428 2956 4477 est
2981 4425 3216 4480 ultimus
3261 4431 3376 4482 tra-

112 4519 411 4588 quindecim
441 4521 598 4592 prior
642 4524 768 4590 post
795 4515 1168 4572 venerabilem
1200 4511 1596 4575 Lanfrancum,
1630 4509 1750 4568 etD
1769 4513 1969 4574 ctatus,
2001 4511 2078 4563 De
2100 4513 2440 4577 processione
2470 4510 2720 4578 Spiritus
2748 4515 2955 4578 sancti;
2991 4514 3374 4571 confutaverat

111 4609 408 4676 quindecim
439 4609 619 4664 abbas
645 4612 771 4679 post
785 4611 1037 4660 sanctum
1058 4601 1412 4666 Ilerluinum,
1437 4599 1686 4669 ejusdem

112 4698 330 4753 canobii
377 4699 639 4754 abbatem
688 4697 951 4768 primum.
981 4693 1085 4748 Cui
1114 4690 1381 4746 successit
1404 4689 1463 4742 in
1491 4688 1688 4742 eadem

111 4783 337 4842 Ecclesia
359 4787 523 4842 Becci
549 4785 749 4840 tertius
781 4784 952 4839 abbas
997 4782 1080 4836 vir
1127 4796 1346 4850 magna
1374 4776 1689 4832 sanctitatis

110 4878 168 4937 ϐ
190 4882 245 4930 et
268 4877 539 4932 doctrina
567 4874 916 4941 Willermus,
966 4870 1140 4926 nobili
1167 4869 1689 4924 Northmannorum

111 4966 358 5037 prosapia
397 4964 676 5036 originem
718 4964 977 5030 trahens;
1013 4961 1073 5014 in
1103 4958 1276 5013 veteri
1304 4960 1486 5010 castro
1521 4970 1692 5025 super

112 5048 326 5120 Rislam,
348 5053 502 5126 quod
526 5053 732 5107 dicitur
780 5049 1118 5114 Monsfortis,
1151 5046 1318 5101 claris
1365 5043 1691 5116 parentibus

113 5147 339 5197 exortus.
367 5143 542 5198 Pater
561 5143 681 5212 ejus
709 5139 1028 5202 Turstinus,
1055 5141 1236 5191 mater
1259 5151 1389 5189 vero
1418 5132 1692 5187 Albereda

114 5226 404 5286 dicebatur.
457 5230 684 5301 Rogerii
714 5229 783 5284 de
809 5228 1176 5292 Bellomonte,
1240 5222 1416 5295 patris
1463 5220 1692 5275 Roberti

113 5319 314 5374 comitis
368 5319 644 5386 Mellenti,
700 5335 764 5373 ex
808 5333 979 5372 uxore
1027 5313 1248 5386 neptis;
1291 5311 1388 5382 qui
1425 5325 1572 5365 anno
1600 5325 1691 5364 se-

115 5409 291 5475 quenti
323 5407 652 5463 benedictus
681 5414 769 5462 est
795 5403 1151 5473 Rothomagi,
1184 5401 1243 5456 in
1264 5401 1355 5454 die
1374 5399 1692 5454 festivitatis

118 5493 167 5548 S.
197 5496 512 5560 Laurentii,
537 5496 606 5551 ab
631 5494 1048 5566 archiepiscOpo
1069 5491 1380 5546 Willermo.

181 5597 282 5669 (69)
312 5605 394 5658 De
424 5603 700 5658 Eadmero
729 5601 995 5673 loquitur,
1022 5599 1116 5670 qui
1143 5600 1260 5653 hac
1280 5594 1450 5652 refert
1480 5595 1537 5649 in
1565 5593 1692 5649 Vita

119 5671 279 5742 ipsius
306 5675 513 5740 sancti,
537 5681 593 5729 et
612 5675 668 5728 in
696 5671 943 5728 Historia
971 5672 1276 5726 Novorum.

344 5775 612 5834 PATROL.
660 5775 776 5834 CL.

1771 4597 1918 4650 enim
1952 4597 2171 4651 Gracos
2199 4597 2258 4650 in
2283 4598 2514 4651 Barensi
2539 4599 2793 4670 concilio,
2811 4607 3082 4672 negantes
3099 4603 3374 4675 Spiritum

1769 4693 2024 4740 sanctum
2068 4703 2102 4740 a
2131 4686 2271 4740 Filio
2299 4687 2636 4757 procedere;
2665 4689 2815 4742 unde
2861 4697 3088 4763 sumpta
3135 4694 3377 4748 materia

1769 4781 1969 4846 rogatu
2007 4775 2314 4829 Hildeberti
2346 4776 2795 4832 Cenomanorum
2836 4779 3099 4852 episcopi,
3132 4782 3283 4837 hunc
3311 4783 3376 4837 li-

1770 4864 1936 4919 brum
1982 4864 2313 4936 composuit.
2371 4864 2452 4919 De
2480 4865 2706 4920 natione
2735 4867 2856 4936 ejus
2882 4873 2940 4923 et
2968 4870 3081 4924 vita
3118 4876 3184 4938 et
3204 4872 3373 4926 mori-

1770 4952 1875 5008 bus
1895 4953 2104 5008 dictum
2127 4958 2230 5008 est.

1843 5045 2002 5096 Anno
2031 5042 2256 5097 Domini
2287 5041 2582 5098 millesimo
2619 5044 2922 5101 centesimo
2953 5047 3170 5103 decimo
3203 5051 3370 5106 tertio

1772 5132 2008 5187 fundata
2034 5131 2143 5186 fuit
2168 5131 2400 5186 ecclesia
2423 5133 2478 5187 S.
2510 5133 2694 5189 Neoti.

1844 5223 2006 5277 Anno
2018 5221 2241 5276 Domini
2255 5221 2550 5276 millesimo
2561 5224 2866 5279 centesimo
2879 5225 3144 5296 vigesimo
3167 5233 3368 5299 quarto

1775 5309 1914 5365 obiit
1923 5311 2029 5381 pia
2047 5308 2328 5362 memoria
2356 5309 2616 5364 dominus
2635 5310 2961 5367 Willermus
2980 5313 3180 5369 tertius
3199 5315 3371 5372 abbas

1775 5399 2068 5454 Beccensis
2120 5397 2402 5464 Ecclesia,
2433 5397 2518 5451 vir
2543 5399 2837 5469 religiosus
2862 5407 2919 5455 et
2947 5403 3194 5457 honesta
3221 5405 3366 5473 vita,

1775 5489 1990 5543 decimo
2019 5493 2172 5541 sexto
2209 5486 2489 5541 Kalendas
2537 5487 2689 5556 Maii,
2737 5490 3102 5562 sepultusque
3152 5493 3260 5548 fuit
3311 5496 3370 5550 in

1844 5594 1950 5664 (70)
1994 5596 2214 5651 Guillel.
2263 5593 2651 5662 Malmesbur.;
2684 5596 2974 5666 Edmerus,
3001 5599 3143 5654 Hist.
3187 5603 3372 5659 Novo-

1774 5685 1929 5733 rum;
1956 5666 2359 5736 Harpsfeldius,
2384 5667 2584 5720 saculo
2609 5682 2702 5720 xu.

3059 5777 3129 5833 21
