3920 6386
556 378 685 454 651’
1486 395 1583 450 AD
1623 396 1861 453 OPERA
1899 401 1962 455 Β.
2005 397 2418 455 LANFBANCI
2458 397 2842 451 APPENDIX.
3713 397 3797 454 65'2

549 503 820 592 capitulo,
867 520 1029 591 juxta
1061 518 1347 573 tumulum
1376 518 1710 573 venerabilis
1766 522 2038 589 Herluini,
2093 523 2150 576 in
2170 521 2324 581 Atui
2353 536 2454 574 suo
2502 525 2559 573 et
2586 519 3129 590 supervenientibus,
3165 522 3227 571 ut
3264 533 3404 588 opus
3431 522 3568 584 erat,
3601 519 3798 573 affluen-

548 611 746 667 dextra
769 616 949 681 parte,
973 613 1030 663 et
1055 609 1250 664 eodem
1283 624 1431 662 anno
1478 610 1739 663 translati
1772 611 2002 667 fuerunt
2029 631 2150 669 mo-
2233 614 2322 662 ter
2357 608 2656 662 tribuebat.

546 698 716 756 nachi
761 697 923 752 Becci
956 697 1026 751 de
1064 696 1304 770 Castello
1334 696 1402 750 de
1427 696 1609 762 Clara,
1642 698 1791 768 apud
1822 700 2063 770 Scotres,
2094 706 2152 765 et
2303 698 2465 750 Anno
2485 695 2706 750 Domini
2738 696 3036 750 millesimo
3063 695 3366 749 centesimo
3394 696 3676 765 trigesimo
3697 714 3792 750 sex-

546 787 654 842 hoc
681 786 813 841 fecit
847 786 1159 841 Richardus
1188 784 1336 839 ﬁlius
1365 784 1683 839 Gisleberti.
2231 789 2308 850 to,
2342 784 2481 838 obiit
2503 784 2609 855 pia
2656 784 2942 838 memoria
2982 784 3242 837 dominus
3272 784 3432 849 Boso,
3471 789 3695 854 quartus
3719 785 3799 838 ab-

617 876 767 931 Nota
783 875 951 946 quod,
978 880 1228 945 tempore
1257 874 1424 944 hujus
1448 874 1747 941 Willermi,
1774 876 1882 931 fuit
1906 878 2149 933 ecclesiae
2230 872 2329 927 bas
2357 873 2646 927 Beccensis
2676 874 3022 939 monasterii,
3078 871 3163 925 vir
3191 888 3411 942 magna
3458 873 3797 938 auctoritatis,

542 963 837 1020 Philiberti
861 963 973 1017 tale
1008 979 1331 1017 concessum
1361 961 1737 1033 privilegium,
1773 966 1841 1019 de
1872 983 2147 1031 consensu
2231 960 2351 1015 orbi
2380 962 2580 1029 clarus,
2614 960 2910 1032 sapientia,
2949 960 3266 1032 prudentia,
3306 961 3683 1033 pracipueque
3704 962 3799 1033 spi-

539 1051 773 1108 Joannis
799 1050 1042 1123 episcopi
1069 1049 1421 1107 Lexoviensis
1449 1056 1507 1106 et
1531 1053 1706 1107 totius
1736 1054 1983 1125 capituli.
2030 1056 2146 1109 Pri-
2228 1051 2343 1105 ritu
2363 1050 2579 1119 consilii
2607 1050 2841 1121 pollens.

538 1156 631 1196 mo
683 1139 790 1195 fuit
834 1156 870 1194 a
910 1139 1190 1210 praedictis
1228 1139 1485 1211 episcopo
1516 1145 1573 1195 et
1599 1141 1846 1213 capitulo
1885 1159 2146 1198 concessa
2299 1140 2460 1193 Anno
2488 1139 2711 1193 Domini
2760 1139 3060 1193 millesimo
3088 1139 3391 1193 centesimo
3425 1138 3706 1209 trigesimo
3731 1154 3799 1193 se-

536 1226 766 1285 ecclesia
790 1227 1089 1301 praedicta,
1128 1233 1398 1299 perpetuo
1452 1230 1582 1300 jure
1639 1229 1960 1297 obtinenda,
2014 1248 2143 1286 cum
2226 1227 2422 1298 ptimo,
2473 1227 2826 1282 Theobaldus
2873 1228 3084 1281 electus
3122 1228 3414 1281 Beccensis
3438 1228 3701 1292 Ecclesia,
3730 1227 3799 1280 vir

535 1316 634 1375 tali
672 1316 934 1371 libertate
953 1320 1018 1371 ut
1054 1332 1347 1388 nunquam
1379 1322 1624 1372 cessaret
1650 1335 1685 1373 a
1721 1319 1907 1374 divino
1937 1320 2140 1385 ofﬁcio,
2226 1332 2442 1386 magna
2489 1315 2757 1370 bonitatis
2791 1321 2848 1370 et
2892 1315 3155 1382 scientia,
3188 1315 3515 1370 benedictus
3544 1321 3626 1370 est
3650 1314 3796 1369 abbas

530 1421 634 1477 pro
660 1404 984 1461 forifactura
997 1403 1556 1479 cujuslibethominis
1581 1406 1717 1476 (7i).
1754 1406 1915 1462 Unde
1946 1425 2141 1462 mona-
2224 1405 2473 1474 ejusdem
2491 1405 2771 1470 Ecclesiae,
2809 1406 2962 1459 omni
2977 1410 3250 1459 conventu
3274 1405 3462 1458 animo
3483 1404 3671 1458 libenti
3691 1421 3797 1458 con-

531 1493 621 1548 chi
646 1491 788 1548 inibi
815 1492 1139 1547 cohibentes
1168 1492 1228 1546 in
1256 1492 1560 1547 rebellione
1601 1510 1716 1564 qua
1742 1496 2139 1551 Lexoviensem
2222 1494 2475 1561 cedente,
2508 1494 2656 1564 apud
2686 1494 3100 1563 Rothomagum
3148 1510 3181 1547 a
3222 1493 3452 1547 domino
3481 1494 3706 1564 Hugone
3725 1509 3795 1547 ar-

531 1582 855 1654 episcopum
886 1580 1099 1635 fuerint
1125 1596 1226 1657 pro
1272 1597 1332 1635 se
1367 1581 1455 1635 vel
1482 1582 1803 1638 hominibus
1827 1584 1944 1638 suis
1966 1584 2024 1638 in
2051 1602 2140 1639 ea-
2220 1582 2571 1653 chiepiscopo
2595 1582 3052 1653 Rothomagensi.

527 1671 659 1725 dem
686 1668 952 1742 parochia
978 1668 1355 1735 manentibus,
1397 1669 1485 1724 vel
1530 1686 1644 1725 non
1674 1670 1974 1727 interdicta
2012 1690 2138 1728 can-
2290 1672 2407 1725 Hoc
2435 1688 2582 1725 anno
2612 1671 2669 1724 in
2692 1671 2932 1725 adventu
2962 1670 3185 1725 Domini
3215 1670 3449 1726 Abricus
3502 1672 3624 1742 [al.,
3654 1671 3794 1725 Albe-

523 1757 789 1824 taverint,
838 1773 943 1812 nec
970 1756 1067 1811 isti
1104 1756 1277 1811 iidem
1303 1757 1559 1813 homines
1621 1760 2044 1826 monachorum,
2076 1761 2135 1815 in
2217 1759 2387 1829 ricus]
2429 1760 2684 1814 Ecclesia
2736 1760 2997 1815 Romanu)
3034 1760 3272 1829 legatus,
3307 1765 3364 1814 et
3392 1760 3679 1832 episcopus
3704 1760 3793 1814 Os-

522 1847 724 1902 eadem
776 1846 1038 1918 parochia
1095 1851 1534 1914 commanentes,
1593 1848 1832 1919 perdent
1879 1835 2426 1912 divinuthiensis,
2489 1849 2673 1902 tenuit
2702 1848 2996 1902 consilium
3042 1848 3189 1919 apud
3233 1849 3602 1911 Londoniam,
3632 1852 3686 1901 et
3708 1846 3794 1900 ibi-

520 1935 785 2001 ofﬁcium,
808 1951 908 2007 pro
932 1935 1260 2011 forifactura
1280 1935 1579 2005 cujuslibet
1597 1937 1860 2004 hominis,
1889 1955 2003 1992 non
2028 1955 2128 2011 pro
2211 1936 2359 2002 dem,
2425 1940 2709 1990 annuente
2737 1953 2868 2006 rege
2894 1936 3178 2007 Stephano
3204 1942 3261 1990 et
3282 1936 3499 2006 regina,
3549 1935 3795 1991 Theobal-

516 2040 649 2091 sua;
677 2024 783 2079 etsi
811 2024 1008 2079 eadem
1038 2024 1289 2087 ecclesia,
1327 2025 1413 2079 vel
1448 2026 1831 2081 cameterium
1859 2026 2128 2081 violatum
2210 2024 2316 2078 dus
2345 2024 2515 2078 abbas
2548 2024 2835 2079 Beccensis
2872 2025 3145 2091 Ecclesia,
3190 2026 3264 2078 vir
3316 2026 3621 2079 admodum
3648 2041 3791 2078 vene-

511 2113 702 2181 fuerit,
733 2113 1024 2168 habebunt
1050 2112 1313 2168 monachi
1332 2130 1525 2169 secum
1545 2131 1749 2185 aquam
1773 2114 2124 2169 benedictam
2206 2113 2436 2179 randus,
2470 2113 2894 2168 Cantuariensis
2929 2114 3184 2168 Ecclesia
3208 2113 3658 2184 archiepiscopus
3684 2113 3793 2166 ell‘e-

513 2202 585 2257 de
640 2202 967 2257 Lexoviensi
1019 2201 1271 2267 ecclesia,
1323 2207 1378 2256 et
1403 2220 1504 2274 per
1544 2221 1603 2258 se
1633 2209 1690 2258 et
1708 2221 1810 2274 per
1838 2203 2126 2275 presbyte.
2206 2207 2327 2256 ctus
2351 2206 2453 2267 est,
2478 2202 2778 2255 transactis
2815 2201 3033 2256 duobus
3079 2202 3260 2269 annis,
3315 2208 3371 2256 et
3398 2202 3631 2256 dimidio
3661 2206 3791 2273 post-

519 2306 648 2345 rum
678 2290 931 2362 ejusdem
959 2290 1222 2357 ecclesia,
1267 2290 1710 2346 reconciliabunt
1741 2292 1922 2362 ipsam
1953 2293 2124 2346 eccle-
2204 2306 2373 2359 quam
2430 2290 2601 2344 abbas
2633 2290 2971 2344 constitutus
3028 2290 3230 2355 fuerat,
3307 2291 3651 2361 consilioque
3684 2291 3790 2360 ejus

505 2378 673 2445 siam,
706 2379 795 2432 vel
820 2378 1223 2444 cosmeterium,
1252 2379 1375 2433 sine
1406 2379 1517 2434 alio
1545 2380 1842 2450 requisitu,
1892 2385 2120 2451 excepto
2202 2372 2309 2432 fuit
2329 2378 2558 2433 abbatia
2581 2378 2733 2432 Becci
2765 2380 2887 2433 sine
2914 2378 3134 2445 abbate,
3159 2378 3263 2433 sub
3291 2379 3573 2433 Richardo
3601 2379 3667 2432 de
3679 2378 3789 2432 Bel-

505 2468 742 2533 assultu,
768 2472 826 2522 et
846 2466 1166 2522 homicidio.
1197 2468 1280 2522 De
1310 2466 1379 2521 iis
1405 2469 1556 2522 enim
1577 2468 1796 2523 duobus
1810 2469 2121 2539 requiritur
2200 2467 2295 2520 fou
2328 2468 2536 2537 priore,
2586 2484 2621 2521 a
2658 2467 2964 2521 Nativitate
3021 2467 3263 2534 Domini,
3315 2469 3402 2522 vel
3440 2468 3613 2539 paulo
3653 2472 3785 2532 ante,

502 2554 816 2627 episcopus.
873 2555 1112 2625 Propter
1137 2554 1283 2608 hanc
1343 2559 1533 2609 autem
1581 2556 2110 2623 reconciliationem,
2199 2570 2376 2625 usque
2430 2554 2501 2608 ad
2555 2554 2944 2617 Pentecosten,
2977 2571 3267 2626 quousque
3300 2555 3600 2626 praedictus
3632 2554 3790 2609 archi-

498 2643 731 2699 ecclesia
754 2642 1109 2699 Lexoviensis
1135 2659 1251 2698 non
1270 2643 1468 2714 perdet
1490 2644 1846 2699 forifacturas
1884 2663 2016 2700 suas
2045 2647 2114 2701 de
2198 2642 2490 2713 episcopus
2515 2660 2546 2696 a
2581 2643 2759 2697 Roma
2779 2643 3006 2697 rediret.

493 2732 882 2799 violatoribus,
933 2737 1160 2804 excepto
1202 2748 1376 2787 manu
1404 2737 1590 2803 pastu,
1621 2732 1678 2787 id
1709 2738 1793 2787 est
1820 2733 2113 2788 servienti-
2265 2733 2427 2785 Anno
2454 2731 2676 2785 Domini
2706 2731 3002 2786 millesimo
3025 2732 3634 2802 centesir‘notrigesimo
3654 2748 3783 2787 nono

495 2822 604 2877 bus
629 2822 1070 2889 monachorum;
1107 2821 1177 2876 de
1206 2821 1275 2875 iis
1320 2821 1471 2875 enim
1501 2821 1885 2876 forif'acturam
1940 2822 2113 2877 habe—
2194 2819 2405 2874 electus
2434 2825 2491 2874 et
2528 2820 2819 2874 institutus
2849 2826 2935 2875 est
2974 2820 3145 2875 abbas
3176 2822 3490 2885 Beccensis,
3534 2822 3604 2875 ab
3649 2819 3784 2875 omni

497 2911 640 2966 bant
668 2910 948 2978 monachi,
1001 2909 1260 2965 videlicet
1286 2910 1356 2964 de
1384 2910 1553 2977 furto,
1586 2911 1671 2965 vel
1704 2910 1773 2964 de
1804 2910 2111 2965 infractura
2190 2909 2483 2978 aqualiter
2532 2910 2983 2979 congregatione,
3035 2910 3119 2962 vir
3164 2927 3382 2980 magna
3409 2911 3717 2965 sanctitatis
3739 2914 3786 2963 et

498 2999 681 3072 ipsius
709 2999 974 3066 ecclesia,
1015 3000 1100 3053 vel
1120 2998 1432 3055 coemeterii
1473 3014 1487 3055 :
1528 3015 1661 3054 nam
1688 2999 1758 3053 de
1777 2999 1996 3053 incestu
2022 2999 2108 3053 vel
2191 2997 2726 3063 scientia,dominus
2745 2998 3020 3051 Letardus
3041 2999 3109 3052 de
3126 2999 3387 3053 Beccensi
3415 2999 3598 3070 burgo
3614 3006 3783 3064 natus,

499 3088 797 3155 adulterio,
817 3089 904 3143 vel
933 3087 1060 3142 aliis
1079 3088 1151 3142 ad
1182 3087 1504 3159 episcopum
1531 3087 1960 3159 pertinentibus,
1991 3087 2110 3159 ipse
2131 3072 2252 3138 Cin
2284 3090 2525 3156 utroque
2551 3086 2912 3140 Testamento
2960 3087 3212 3157 apprime
3257 3086 3534 3152 eruditus,
3587 3087 3786 3159 pollens

499 3177 793 3249 episc0pus
824 3176 1211 3231 forifacturam
1238 3174 1486 3230 habebit.
1537 3176 1667 3246 Ipsa
1693 3193 1823 3231 vero
1875 3176 2111 3230 ecclesia
2191 3174 2440 3240 consilio,
2471 3174 2708 3228 affabilis
2740 3174 3037 3245 colloquio,
3086 3175 3410 3229 moderatus
3465 3175 3543 3229 in‘
3596 3173 3780 3239 verbis,

500 3264 695 3321 Sancti
721 3264 1018 3319 Philiberti
1045 3264 1213 3318 debet
1262 3264 1332 3318 de
1389 3265 1793 3318 consuetudine
1850 3265 2109 3336 episcopo
2192 3263 2464 3318 discretus
2494 3264 2551 3317 in
2572 3264 2898 3333 disciplinis,
2929 3265 3089 3318 tarde
3117 3266 3277 3319 latus
3297 3265 3355 3319 in
3367 3265 3630 3331 terrenis,
3652 3280 3786 3319 sem-

498 3369 602 3426 per
624 3368 836 3408 annum
874 3352 1015 3408 duos
1071 3352 1278 3407 solidos
1316 3356 1560 3419 tantum,
1605 3358 1662 3407 et
1691 3353 1832 3406 nihil
1870 3354 2110 3424 amplius
2193 3369 2293 3421 per
2320 3353 2573 3423 gaudens
2602 3353 2658 3406 in
2710 3353 2950 3419 aternis,
3000 3353 3237 3424 diligens
3278 3352 3472 3415 bonos,
3512 3354 3784 3423 corrigens

500 3441 572 3496 de
600 3441 813 3513 synodo
848 3442 936 3495 vel
974 3440 1044 3495 de
1072 3440 1302 3494 circata.
1341 3436 1641 3512 Presbyter
1690 3446 1877 3496 autem
1935 3442 2111 3512 ipsius
2192 3440 2389 3493 malos.
2413 3440 2520 3503 Qui
2550 3457 2648 3511 pro
2678 3442 2950 3511 qualitate
2981 3443 3250 3512 temporis
3267 3458 3500 3513 gregem
3531 3442 3637 3496 sibi
3655 3457 3787 3495 com-

501 3526 750 3581 ecclesia
770 3525 842 3580 ad
860 3526 1139 3597 synodum
1157 3525 1363 3592 veniet,
1388 3526 1533 3581 sicut
1561 3531 1618 3580 et
1642 3528 1857 3595 cateri;
1884 3532 1940 3582 et
1964 3528 2011 3582 si
2042 3529 2111 3583 de
2193 3529 2427 3583 missum
2453 3529 2662 3599 optime
2682 3530 2846 3596 rexit,
2878 3530 3005 3585 licet
3033 3531 3091 3584 in
3120 3547 3221 3585 suo
3268 3536 3527 3601 tempore
3577 3530 3787 3585 assidua

501 3613 699 3672 ordine
755 3630 856 3669 suo
892 3613 1242 3682 forisfecerit,
1292 3614 1551 3685 episcopo
1611 3615 1932 3670 emendabit
1982 3630 1994 3664 :
2040 3619 2110 3671 ad
2191 3622 2527 3687 tempestate
2555 3618 2739 3689 patria
2765 3618 3109 3673 turbaretur.

499 3703 968 3759 monstrationem
998 3719 1128 3757 vero
1170 3708 1302 3757 ante
1334 3703 1806 3771 archidiaconum,
1841 3705 1925 3759 vel
1945 3706 2109 3759 d‘eca-
2261 3707 2424 3760 Anno
2457 3707 2681 3760 Domini
2700 3707 2996 3762 millesimo
3032 3708 3337 3763 centesimo
3361 3708 3782 3780 quadragesimo

499 3809 656 3862 num,
687 3792 859 3848 libros
888 3792 976 3846 vel
1002 3791 1336 3847 vestimenta
1384 3807 1487 3846 sua
1520 3808 1633 3846 non
1663 3793 1894 3860 deferet,
1927 3810 2109 3865 neque
2193 3792 2713 3865 primo,incaptum
2732 3802 2815 3851 est
2845 3796 3152 3868 capitulum
3184 3797 3362 3862 Becci,
3395 3802 3520 3851 tam
3568 3796 3785 3851 consilio

499 3882 572 3936 ad
599 3881 943 3953 pascendum
971 3880 1447 3947 archidiaconum,
1477 3881 1565 3935 vel
1589 3881 1862 3936 decanum
1902 3881 2060 3935 dabit
2091 3900 2102 3935 :
2190 3897 2361 3953 quam
2386 3882 2664 3953 adjutorio
2688 3883 2919 3939 Roberti
2948 3886 3016 3940 de
3041 3886 3406 3955 Novoburgo;
3435 3891 3495 3939 et
3531 3902 3678 3940 anno
3706 3901 3785 3939 se-

499 3976 558 4026 et
576 3987 678 4042 pro
705 3971 811 4026 hac
842 3969 1197 4025 concessione
1235 3969 1513 4024 libertatis
1549 3970 1929 4027 concessimus
1966 3969 2111 4043 epis—
2191 3973 2386 4042 quenti
2417 3973 2549 4027 data
2592 3978 2678 4027 est
2729 3973 2965 4029 ecclesia
3008 3975 3077 4028 de
3131 3974 3481 4029 Bellomonte
3544 3973 3785 4029 Ecclesia

499 4075 660 4132 copo,
690 4065 747 4115 et
774 4058 1034 4115 omnibus
1085 4057 1498 4115 successoribus
1553 4062 1697 4132 ejus,
1743 4066 1809 4116 ut
1855 4061 1916 4115 in
1953 4059 2108 4115 obitu
2190 4061 2470 4115 Beccensi.
2504 4062 2572 4115 Et
2599 4063 2794 4117 eodem
2849 4079 2997 4117 anno
3050 4063 3389 4117 translatum
3432 4064 3544 4117 luit
3597 4076 3783 4133 corpus

498 4150 624 4220 ejus
680 4149 842 4203 ﬁeret
879 4154 1122 4216 tantum,
1156 4149 1302 4203 sicut
1325 4166 1428 4221 pro
1455 4166 1568 4204 uno
1598 4150 2021 4216 monachorum,
2052 4155 2108 4204 et
2189 4149 2367 4203 sancti
2388 4150 2551 4203 Neoti
2572 4150 2641 4204 de
2671 4150 2844 4204 veteri
2866 4151 3096 4205 ecclesia
3133 4151 3191 4204 in
3227 4167 3429 4205 novam
3478 4151 3778 4207 ecclesiam.

499 4237 571 4292 de
600 4237 883 4292 canonicis
911 4237 1087 4308 ipsius
1116 4237 1358 4293 ecclesia
1386 4239 1485 4293 fiet
1518 4239 1809 4293 servitium
1831 4239 1999 4293 unius
2014 4239 2107 4292 de-
2188 4237 2336 4291 Nota
2376 4237 2523 4307 quod
2560 4237 2808 4305 ecclesia,
2853 4238 2994 4293 sicut
3015 4239 3294 4310 prioratus
3319 4240 3389 4294 de
3418 4240 3774 4305 Bellomonte,

496 4324 695 4392 functi,
720 4341 849 4380 cum
876 4326 997 4396 ejus
1027 4323 1213 4381 obitus
1234 4326 1516 4381 audietur.
1558 4326 1628 4380 Et
1662 4326 1911 4381 invenies
1958 4327 2104 4381 anti-
2188 4325 2293 4379 fuit
2308 4326 2440 4380 data
2463 4342 2499 4379 a
2523 4326 2766 4396 Rogerio
2795 4327 2997 4381 comite
3016 4328 3084 4381 de
3098 4328 3465 4395 Bellomonte,
3491 4329 3780 4383 etfundata

500 4429 678 4485 quum
726 4413 1000 4484 originale
1048 4413 1108 4469 in
1157 4414 1417 4486 caphino,
1471 4414 1531 4469 in
1589 4432 1700 4486 quo
1755 4422 2109 4487 reponuntur
2127 4413 2246 4491 Din
2266 4414 2536 4468 honorem
2586 4420 2791 4470 sancta
2815 4420 2872 4470 et
2918 4415 3215 4471 individua
3237 4417 3555 4484 Trinitatis,
3584 4422 3641 4472 et
3666 4431 3780 4470 con-

498 4502 709 4557 charta
733 4502 974 4558 ecclesia
992 4504 1270 4575 pradictae
1292 4504 1352 4558 in
1379 4504 1700 4559 cartulario.
2191 4502 2416 4556 ﬁrmata
2443 4519 2544 4574 per
2570 4503 2876 4558 Henricum
2906 4520 3099 4574 regem
3137 4505 3446 4574 Anglorum
3500 4510 3561 4560 et
3595 4506 3780 4560 ducem

570 4590 716 4646 Huic
733 4592 1003 4646 successit
1030 4592 1248 4664 primus
1279 4593 1443 4659 Boso,
1496 4592 1555 4646 in
1610 4592 1766 4647 Novo
1815 4596 1873 4647 et
1913 4592 2105 4647 Veteri
2187 4590 2742 4661 Northmannorum;
2776 4597 2833 4647 et
2858 4592 2918 4646 in
2942 4593 3427 4647 conﬁrmationem
3442 4599 3607 4649 vocat
3626 4591 3781 4650 Wali-

496 4678 857 4735 Testamento
885 4680 1138 4752 apprime
1182 4680 1455 4746 eruditus,
1484 4681 1568 4735 vir
1590 4680 1836 4736 scientia
1865 4681 2102 4735 admira—
2184 4695 2446 4734 ramnum
2470 4682 2729 4736 comitem
2759 4682 3028 4747 Mellenti,
3065 4686 3123 4735 et
3157 4681 3516 4737 fundatorem
3547 4682 3778 4738 ecclesia

495 4768 624 4824 bilis
645 4774 697 4836 α
719 4773 779 4824 et
801 4769 1071 4825 doctrina
1099 4767 1593 4840 incomparabilis;
1627 4764 1844 4824 tantam
1875 4770 1927 4824 ei
1955 4770 2109 4825 insu-
2187 4768 2344 4823 Beati
2397 4770 2623 4839 Nicasii,
2682 4771 2738 4825 in
2777 4776 2982 4825 testem
3024 4770 3095 4824 ad
3146 4771 3476 4825 advocatum
3536 4771 3776 4827 Ecclesia

494 4874 598 4929 per
622 4858 869 4929 gratiam
894 4857 1075 4912 virtus
1103 4856 1293 4911 divina
1314 4858 1629 4913 contulerat
1655 4863 1720 4913 ut
1756 4859 1963 4925 nullus,
1988 4864 2106 4913 tam
2188 4858 2365 4913 Becci.
2422 4859 2493 4914 Et
2533 4864 2598 4914 ut
2650 4860 3029 4915 conformetur
3075 4860 3321 4914 Ecclesia
3374 4860 3502 4915 aliis
3541 4860 3774 4916 ecclesiis

494 4947 675 5001 tristis
706 4952 765 5001 et
791 4961 962 5017 egens
992 4944 1245 5010 consilio,
1294 4945 1367 4999 ad
1414 4945 1601 5016 ipsum
1646 4946 1934 5002 accederet
1971 4947 2105 5018 quin
2187 4945 2453 5017 subjectis
2499 4948 2757 5003 Ecclesia
2810 4948 2993 5014 Becci,
3026 4964 3149 5019 qua
3172 4949 3355 5003 solent
3377 4948 3591 5020 aliquid
3620 4950 3677 5003 in
3705 4948 3775 5002 si-

494 5036 776 5107 extemplo
806 5036 987 5103 latus,
1037 5038 1094 5089 et
1121 5033 1448 5089 consiliatus
1493 5034 1563 5090 ab
1617 5035 1740 5107 ipso
1795 5036 2100 5092 recederet.
2188 5051 2363 5105 gnum
2382 5037 2741 5107 subjectionis
2765 5037 3058 5092 annuatim
3088 5038 3253 5092 dicta
3302 5038 3559 5093 Ecclesia
3587 5038 3774 5093 redde.

493 5124 616 5193 Hic,
666 5124 906 5178 dilectus
947 5138 982 5176 a
1032 5123 1150 5177 Deo
1182 5127 1239 5176 et
1266 5122 1605 5190 hominibus,
1644 5124 2102 5201 regipAnglorum
2185 5140 2266 5192 re,
2295 5124 2473 5179 voluit
2493 5131 2558 5181 ut
2579 5126 2734 5198 prior
2752 5132 2956 5182 sancta
2988 5126 3278 5181 Trinitatis
3314 5126 3383 5180 de
3413 5127 3770 5192 Bellomonte,

491 5212 735 5267 Henrico
763 5211 1007 5266 multum
1027 5215 1151 5266 erat
1164 5210 1475 5280 familiaris,
1505 5214 1639 5284 quia
1658 5229 1845 5267 veram
1876 5213 2102 5281 religio-
2182 5211 2241 5266 in
2269 5215 2712 5284 recognitionem
2735 5215 3116 5286 subjectionis,
3141 5216 3340 5269 reddat
3363 5215 3622 5271 Ecclesia
3652 5216 3773 5271 Bec-

490 5318 643 5370 nem,
674 5307 732 5358 et
758 5300 1151 5357 admirandam
1197 5302 1554 5356 sanctitatem
1586 5306 1644 5356 et
1697 5301 1991 5355 consilium
2019 5302 2102 5356 in—
2181 5303 2227 5356 ci
2248 5303 2319 5357 ad
2346 5304 2533 5377 minus
2557 5320 2729 5358 unam
2750 5305 2972 5358 unciam
3001 5306 3151 5363 auri.

488 5390 865 5463 comparabile
908 5390 1243 5464 reperiebat.
1272 5391 1398 5459 Qui,
1430 5391 1564 5445 licet
1591 5392 1858 5445 continua
1885 5407 2099 5461 preme-
2249 5393 2413 5447 Anno
2449 5393 2674 5447 Domini
2694 5393 2991 5448 millesimo
3015 5394 3318 5449 centesimo
3351 5392 3770 5465 quadragesimo

487 5484 647 5534 retur
675 5480 1024 5552 aegritudine,
1063 5486 1256 5535 tamen
1312 5480 1433 5552 ipse
1477 5495 1578 5551 per
1607 5479 1809 5546 Deum,
1859 5479 1972 5533 imo
2008 5480 2099 5553 (ut
2177 5486 2352 5548 sexto,
2383 5482 2689 5553 incoeptum
2734 5488 2820 5536 est
2842 5482 3149 5553 capitulum
3190 5483 3514 5537 monasterii
3546 5484 3770 5537 Beccen-

487 5567 786 5638 credimus)
813 5570 963 5625 Deus
981 5585 1084 5641 pro
1112 5569 1255 5640 ipso,
1288 5569 1481 5624 omnia
1511 5568 1828 5623 necessaria
1854 5584 2094 5624 conven-
2175 5569 2251 5625 sis
2309 5568 2582 5639 Ecclesia,
2639 5571 2818 5641 pridie
2867 5571 3149 5629 Kalendas
3195 5573 3454 5642 Augusti,
3480 5575 3766 5643 prasente

559 5672 672 5741 (7|)
698 5673 869 5728 Deest
899 5674 1134 5747 aliquid.
