3920 6374
138 435 243 493 653

1348 437 1774 494 CHRONICON
1809 436 2197 494 BECCENSE.

3297 439 3404 499 654

136 562 244 631 pia
282 560 569 616 memoria
606 561 833 616 domino
871 561 1112 616 Letardo
1149 562 1326 634 ipsius
1363 564 1468 617 loci
1506 562 1724 616 abbate.
1743 570 1795 629 Α
1884 562 2046 615 Anno
2061 560 2288 616 Domini
2303 560 2600 616 millesimo
2614 561 2919 616 centesimo
2939 562 3403 633 quinquagesimo

209 651 273 704 In
305 651 411 704 hoc
447 667 595 704 anno
634 650 1013 704 controversia
1043 667 1165 720 qua
1197 657 1319 705 erat
1357 652 1506 705 inter
1536 666 1733 704 mona-

135 737 269 791 chos
299 738 478 803 Becci,
500 744 557 791 et
587 738 882 792 canonicos
905 738 1386 793 Exmefordienses
1416 756 1518 811 pro
1547 739 1734 793 Eccle-

131 826 216 878 sia
246 825 319 879 de
358 827 726 891 Bellomonte,
785 826 1035 880 Parisius
1074 827 1132 881 in
1171 828 1472 898 prasentia
1521 827 1735 881 domini

132 931 294 985 papa
321 914 578 985 Eugenii,
611 914 912 968 terminata
941 921 1043 969 est.
1076 917 1273 987 Itaque
1303 917 1437 971 dicti
1474 915 1736 970 monachi

131 1003 297 1058 Becci
335 1008 734 1058 remanserunt
768 1004 826 1057 in
864 1004 1132 1074 pradicta
1169 1004 1421 1059 ecclesia.

206 1089 382 1146 Circa
419 1093 524 1146 hoc
561 1109 699 1162 opus
752 1093 941 1146 evenit
996 1093 1328 1147 miraculum
1383 1109 1483 1164 per
1536 1093 1736 1147 merita

134 1178 317 1234 beata
355 1179 510 1234 Fidis
535 1179 764 1250 virginis
794 1185 850 1234 et
887 1182 1173 1252 martyris,
1215 1199 1250 1235 a
1286 1183 1402 1236 Deo
1427 1185 1731 1252 patratum,

134 1268 192 1322 in
223 1285 473 1339 persona
501 1269 712 1323 domini
740 1269 970 1323 Turoldi
988 1270 1272 1340 quondam
1303 1270 1544 1341 episcopi
1567 1271 1735 1339 Bajo-

134 1357 340 1417 censis,
364 1363 424 1412 et
441 1374 542 1427 pro
570 1363 704 1412 tunc
727 1358 983 1412 monachi
1015 1358 1192 1423 Becci,
1215 1358 1469 1427 germani
1485 1359 1737 1428 Hugonis

137 1445 640 1513 Ewremodiensis;
674 1446 742 1500 de
771 1447 930 1516 cujus
965 1447 1214 1516 Hugonis
1250 1447 1589 1518 patrimonio
1609 1446 1736 1500 fun-

135 1533 306 1588 datus
328 1534 437 1587 fuit
454 1534 736 1604 prioratus
751 1535 939 1588 Sancti
956 1535 1244 1588 Laurentii
1277 1536 1345 1589 de
1366 1534 1733 1602 Ewremodio,

136 1639 171 1676 a
207 1623 559 1676 monasterio
600 1623 668 1677 de
719 1623 892 1677 Becco
943 1623 1198 1677 Herluini
1237 1623 1582 1695 dependens.
1631 1623 1737 1687 Qui

139 1709 432 1780 quondam
471 1710 782 1781 episcopus,
824 1715 880 1765 et
909 1717 1042 1765 tunc
1079 1713 1405 1779 monachus,
1436 1711 1740 1766 vexabatur

139 1797 388 1868 quadam
421 1797 748 1852 inﬁrmitate
779 1816 901 1869 qua
921 1800 1225 1870 vulgariter
1237 1807 1473 1870 ruptura
1487 1810 1738 1867 vocatur;

138 1902 174 1940 a
210 1903 328 1956 qua
383 1886 714 1940 inﬁrmitate
779 1887 1111 1941 mirabiliter
1147 1905 1247 1958 per
1297 1888 1500 1942 merita
1537 1905 1740 1958 supra-

141 1974 306 2028 dicta
334 1973 516 2027 beata
542 1973 769 2044 virginis
795 1981 849 2028 et
877 1977 1142 2047 martyris
1168 1977 1316 2030 Fidis
1347 1982 1577 2030 sanatus
1611 1977 1735 2040 fuit,

142 2067 313 2133 prout
334 2067 494 2132 patet
524 2063 741 2132 plenius
771 2063 830 2116 in
855 2063 998 2118 libro
1028 2063 1302 2134 passionis
1333 2065 1586 2135 ejusdem
1627 2063 1739 2118 vir-'

142 2149 309 2222 ginis.

215 2239 383 2292 Anno
415 2238 716 2292 Dominica
769 2238 1175 2294 lncarnationis
1215 2241 1509 2294 millesimo
1553 2245 1744 2294 cente-

147 2326 292 2381 simo
331 2326 760 2398 quadragesimo
816 2344 984 2397 nono,
1035 2329 1175 2382 obiit
1231 2335 1438 2384 sancta
1490 2329 1744 2382 recorda-

147 2416 320 2470 tionis
369 2416 631 2471 dominus
686 2417 983 2480 Letardus,
1015 2423 1203 2472 sextus
1241 2417 1413 2472 abbas
1451 2418 1742 2472 Beccensis

149 2504 422 2558 Ecclesia.

220 2593 367 2671 Huic
404 2599 597 2647 sancto
652 2593 770 2647 viro
826 2593 1095 2648 successit
1144 2593 1406 2648 dominus
1446 2595 1740 2664 Rogerius,

148 2679 318 2750 hujus
357 2681 585 2734 nomine
615 2682 847 2752 primus,
887 2682 946 2736 in
979 2687 1218 2752 utroque
1246 2683 1604 2736 Testamento
1642 2701 1742 2755 ap-

149 2768 335 2840 prime
361 2769 630 2834 eruditus,
667 2786 767 2823 nec
793 2787 907 2824 non
945 2770 1185 2824 clericali
1208 2788 1272 2824 ac
1292 2771 1530 2825 scholari
1561 2772 1742 2826 scien-

147 2857 228 2911 tia
263 2857 530 2911 decenter
557 2867 807 2923 ornatus,
841 2865 898 2913 et
930 2860 999 2912 ab
1023 2861 1174 2914 omni
1205 2861 1494 2931 aequaliter
1522 2877 1748 2931 congre-

145 2945 378 3016 gatione
411 2947 639 3012 electus,
672 2947 728 3000 in
756 2946 893 3018 ipsis
921 2948 1148 3006 octavis.
1183 2949 1438 3003 videlicet
1466 2950 1746 3020 apostolo-

149 3051 280 3088 rum
311 3035 463 3089 Petri
491 3041 547 3089 et
576 3036 753 3090 Pauli.
797 3037 903 3100 Qui
945 3037 1272 3091 benedictus
1301 3039 1448 3108 apud
1481 3027 1746 3092 Sanctum

149 3123 660 3194 Vandregesillum,
715 3125 773 3177 in
830 3126 919 3179 die
969 3125 1288 3180 festivitatis
1344 3127 1522 3180 sancti
1560 3126 1755 3180 Jacobi.

1814 667 1982 717 nono,
2038 649 2305 705 Kalendis
2354 650 2613 720 Augusti,
2650 650 2927 705 Robertus
2969 651 3038 705 de
3067 652 3404 723 Novoburgo

1816 739 2195 793 vicedominus
2218 738 2390 794 totius
2429 739 2879 805 Northmannia,
2912 740 2996 793 vir
3021 755 3238 810 magna
3279 757 3408 812 pru-

1817 827 2020 882 dentia
2041 833 2099 881 et
2112 827 2399 894 bonitatis,
2425 828 2698 883 multatus
2721 828 3070 896 inﬁrmitate,
3103 829 3286 883 factus
3321 835 3408 884 est

1817 919 2124 972 monachus
2159 916 2446 971 Beccensis
2484 917 2762 986 Ecclesia,
2794 933 2895 971 sua
2924 917 3114 971 omnia
3154 918 3404 989 propria,

1819 1023 1942 1077 quae
1973 1022 2178 1076 magna
2199 1010 2378 1072 erant,
2411 1005 2567 1076 prius
2599 1005 2937 1076 pauperibus
2965 1005 3196 1076 largiter
3215 1007 3409 1062 distri-

1818 1094 2013 1149 buens.
2049 1094 2203 1150 Obiit
2229 1099 2418 1148 autem
2448 1095 2615 1148 tertio
2645 1093 3408 1166 KalendasSeptembris,qui

1819 1183 2064 1254 quinque
2094 1183 2210 1237 fere
2257 1181 2622 1236 hebdomadis
2661 1183 2967 1236 monachus
2999 1183 3258 1249 existens,
3292 1201 3405 1239 sua

1817 1270 2188 1335 abstinentia,
2207 1273 2264 1323 et
2281 1267 2624 1323 admirandae
2635 1269 3218 1339 religionis,virtutum
3232 1271 3405 1325 etiam

1818 1359 2068 1413 omnium
2098 1359 2157 1412 in
2191 1357 2342 1411 brevi
2373 1357 2474 1411 Dei
2503 1357 2707 1411 virtute
2736 1356 2964 1422 ditatus,
2997 1357 3266 1428 auspicio,
3291 1375 3408 1414 om-

1817 1447 1980 1500 nibus
1999 1446 2252 1500 Ecclesia
2271 1445 2578 1516 majoribus
2594 1445 2733 1500 bene
2751 1444 3207 1516 vivendireliquit
3225 1462 3409 1502 exem-

1818 1535 1991 1605 plum,
2019 1550 2145 1588 cum
2183 1538 2350 1587 antea
2379 1533 2551 1598 dives,
2583 1549 2733 1587 nunc
2760 1534 2986 1604 quidem
3015 1535 3406 1605 pauperrimus

1819 1628 2043 1676 secutus
2074 1627 2160 1676 est
2192 1621 2499 1676 Christum.

2311 1757 2638 1799 EPITAPHIUM
2656 1761 2712 1800 EJ
2720 1757 2918 1799 USDEM.

1897 1870 2199 1937 Respiciens
2224 1873 2526 1936 augustum
2548 1871 2779 1936 pracisa
2801 1883 2937 1938 rupe
2948 1872 3301 1938 sepulcrum;

1758 1930 1804 1988 B
1894 1930 2006 2011 Hic.
2019 1960 2167 2025 jacet
2186 1959 2249 2009 in
2281 1930 2494 2010 tumulo
2514 1930 2773 2011 Robertus
2792 1958 2856 2010 de
2869 1930 3186 2027 “Naviburg.

1899 2046 2005 2111 Qui
2032 2061 2208 2110 mare,
2232 2047 2332 2112 qui
2357 2046 2572 2109 caelum,
2605 2047 2705 2112 qui
2734 2050 2909 2100 totum
2929 2049 3172 2101 continet
3199 2065 3376 2104 avum
3389 2067 3413 2118 ;

1897 2135 2058 2188 Hunc
2083 2135 2258 2201 faciat
2286 2148 2410 2186 vero
2431 2135 2689 2201 paradisi
2705 2143 2880 2201 regna
2908 2137 3110 2190 videre.
3141 2136 3336 2193 Amen.

1895 2241 2057 2293 Anno
2105 2239 2326 2294 Domini
2371 2238 2672 2293 millesimo
2718 2240 3026 2294 contesimo
3064 2243 3414 2312 sexagesimo

1824 2329 2027 2399 primo,
2052 2327 2191 2381 obiit
2211 2327 2542 2381 venerabilis
2564 2328 2846 2382 memoria
2868 2329 3128 2384 dominus
3148 2331 3418 2386 Theobal-

1826 2417 1949 2482 dus,
1981 2416 2430 2487 archiepiscopus
2469 2415 2913 2481 Cantuariensis,
2946 2417 3041 2487 qui
3071 2419 3217 2473 rexit
3245 2419 3418 2476 abba-

1825 2505 1964 2560 tiam
1993 2505 2153 2559 Becci
2173 2503 2391 2558 duobus
2421 2505 2605 2571 annis,
2625 2510 2683 2557 et
2704 2504 2957 2572 dimidio,
2975 2506 3415 2580 archiepiscopa-

1825 2600 1949 2648 tum
1974 2599 2163 2648 autem
2188 2593 2386 2663 viginti
2417 2592 2634 2648 duobus
2663 2593 2845 2663 annis,
2862 2593 3058 2650 diebus
3083 2596 3340 2666 totidem,
3361 2603 3418 2654 et

1824 2682 2005 2736 tribus
2033 2681 2339 2737 mensibus.

1827 2777 1832 2782 '
1898 2772 2105 2826 Eodem
2138 2787 2286 2824 anno
2312 2769 2666 2825 intraverunt
2682 2772 2939 2826 monachi
2959 2773 3120 2827 Becci
3136 2773 3195 2828 in
3211 2790 3418 2832 novum

1829 2876 1968 2929 opus
1997 2859 2260 2926 ecclesia,
2284 2858 2344 2911 in
2370 2858 2560 2928 vigilia
2582 2859 3006 2930 Assumptionis
3020 2861 3193 2916 beata
3205 2863 3415 2933 Maria,

1829 2953 2104 3018 prasente
2146 2947 2388 3000 Rotrodo
2420 2947 2678 3017 episcopo
2713 2947 3052 3017 Ebroicensi,
3098 2950 3192 3020 qui
3222 2957 3419 3022 postea

1829 3035 1938 3089 fuit
1966 3034 2418 3105 archiepiscopus
2450 3034 2938 3104 Rothomagensis.

1901 3125 2062 3176 Anno
2106 3121 2330 3176 Domini
2367 3121 2667 3175 millesimo
2713 3123 3016 3178 centesimo
3068 3127 3421 3196 sexagesimo

151 3213 412 3283 apostoli,
448 3229 480 3266 a
519 3212 822 3266 venerabili
853 3214 1088 3284 Hugone
1111 3215 1547 3286 Rothomagensi
1572 3215 1806 3273 archi-C
1831 3211 2094 3276 secundo,
2143 3210 2386 3264 Thomas
2433 3210 2641 3264 Bechet
2705 3209 3125 3268 Cantuariensis
3163 3215 3422 3269 Ecclesia

147 3301 434 3372 episcopo.
489 3303 700 3355 Extunc
744 3319 912 3372 super
946 3320 1174 3373 gregem
1213 3303 1318 3356 sibi
1364 3304 1741 3368 commissum,
1830 3300 2255 3355 archidiaconus
2285 3305 2340 3354 et
2363 3300 2729 3355 cancellarius
2752 3301 2902 3371 regis
2934 3297 3447 3371 Henrici,ordina-'

143 3405 254 3460 pro
278 3405 443 3459 posse
470 3406 590 3454 suo,
626 3391 714 3444 die
739 3408 802 3444 ac
825 3398 985 3444 nocte
1015 3391 1277 3445 decenter
1317 3391 1638 3462 invigilans.
1682 3393 1750 3444 Et
1830 3395 1921 3443 tus
1951 3395 2006 3443 et
2031 3393 2388 3444 consecratus
2438 3392 2526 3442 est
2577 3389 3030 3462 archiepiscopus
3077 3392 3418 3462 Cantuaria,

147 3478 259 3531 hoc
301 3493 452 3531 anno
498 3477 636 3532 obiit
674 3479 933 3532 dominus
973 3481 1291 3533 Bernardus
1334 3479 1504 3533 abbas
1543 3480 1749 3534 Montis
1829 3477 1997 3532 tertio
2026 3478 2216 3532 Nonas
2256 3477 2428 3531 Junii.

149 3566 349 3621 Sancti
379 3566 684 3629 Michaelis,
715 3568 1021 3621 monachus
1042 3567 1354 3629 Beccensis,
1389 3569 1484 3639 qui
1506 3569 1748 3622 multum
1901 3568 2062 3620 Anno
2074 3565 2299 3619 Domini
2314 3565 2610 3620 millesimo
2632 3566 2937 3622 centesimo
2959 3570 3304 3639 sexagesimo
3315 3578 3425 3624 ter-

146 3655 307 3709 intus
339 3659 396 3708 et
424 3654 557 3708 foris
581 3655 728 3709 idem
757 3656 1160 3710 monasterium
1185 3657 1517 3710 emendavit.
1830 3655 1928 3716 tio,
1979 3655 2293 3709 Alexander
2333 3672 2479 3726 papa
2523 3656 2707 3710 tenuit
2735 3657 3031 3711 concilium
3058 3657 3117 3711 in
3145 3659 3426 3713 Turonica

221 3745 389 3797 Anno
416 3744 712 3798 millesimo
733 3745 1038 3799 centesimo
1059 3745 1525 3815 quinquagesimo
1555 3762 1749 3799 secun—
1832 3743 2074 3807 civitate,
2128 3743 2188 3797 in
2239 3761 2349 3814 quo
2395 3745 2639 3798 Thomas
2689 3745 3139 3816 archiepiscopus
3183 3747 3328 3800 sedit
3364 3747 3424 3801 in

149 3831 244 3896 do,
279 3831 510 3903 quidam
535 3833 842 3887 monachus
879 3833 1192 3899 Beccensis,
1227 3834 1456 3887 nomine
1487 3834 1745 3901 Michael,
1831 3832 2061 3886 dextera
2088 3837 2265 3903 parte,
2314 3837 2371 3885 et
2401 3833 2674 3902 Rogerius
2714 3834 2837 3903 [al.,
2871 3834 3174 3904 Rotrodus]
3224 3835 3424 3889 Ebroi-

149 3920 335 3974 factus
383 3926 470 3974 est
509 3920 680 3974 abbas
725 3922 1000 3986 Pratellis,
1032 3922 1088 3974 in
1134 3923 1276 3976 festo
1308 3922 1486 3976 sancti
1523 3923 1750 3977 Thoma
1831 3920 2011 3973 censis
2040 3920 2098 3973 in
2131 3919 2378 3974 sinistra.
2413 3921 2477 3973 In
2507 3920 2702 3974 eodem
2747 3919 2981 3974 concilio
3021 3938 3117 3975 rex
3149 3921 3424 3977 Henricus

151 4007 412 4080 apostoli.
438 4009 646 4062 Eodem
659 4026 805 4064 anno
827 4012 1070 4064 Joannes
1093 4012 1377 4065 Romanus
1391 4011 1485 4082 qui
1516 4028 1550 4064 a
1575 4028 1748 4082 puero
1831 4009 2284 4074 consuetudines,
2317 4024 2455 4078 quas
2477 4009 2653 4062 avitas
2681 4009 3018 4080 appellabat,
3044 4009 3207 4080 petiit
3225 4013 3425 4065 conﬁr-

151 4098 344 4153 fuerat
395 4098 704 4152 monachus
752 4100 939 4152 Sancti
998 4098 1175 4164 Saba,
1238 4105 1294 4152 et
1345 4105 1538 4170 postea
1578 4099 1748 4154 abbas
1834 4097 2273 4151 mariadomino
2293 4113 2456 4168 papa,
2477 4097 2573 4151 sed
2592 4113 2702 4150 non
2731 4097 3216 4163 obtinuit,Thoma
3245 4100 3424 4154 archi-

153 4187 375 4242 Sancta
395 4187 585 4240 Maria
609 4186 664 4240 in
686 4187 957 4257 Capitolio
979 4189 1248 4251 Romano,
1264 4193 1321 4241 et
1339 4189 1534 4242 relicta
1553 4189 1748 4242 eadem
1832 4186 2088 4257 episcOpo
2122 4186 2437 4240 Cantuaria
2458 4186 2771 4240 resistente.

154 4275 384 4329 abbatia
437 4275 615 4329 factus
677 4277 860 4330 fuerat
915 4277 1221 4330 monachus
1278 4277 1457 4338 Becci,
1508 4277 1749 4347 perrexit
1902 4277 2063 4328 Anno
2101 4274 2325 4327 Domini
2373 4275 2668 4328 millesimo
2709 4274 3012 4330 centesimo
3078 4277 3422 4348 sexagesimo

156 4364 417 4430 Romam,
442 4370 498 4417 et
518 4363 646 4418 inde
669 4365 890 4419 rediens
914 4372 971 4431 8
993 4371 1162 4436 caput
1189 4365 1337 4418 beati
1367 4365 1566 4418 Felicis
1598 4383 1748 4419 mar-
1833 4368 2050 4432 quarto,
2085 4362 2231 4432 apud
2263 4363 2643 4418 Claredunum
2673 4365 2742 4418 ad
2765 4365 2923 4434 regni
2951 4365 3169 4434 Anglia
3197 4382 3426 4421 consue-

154 4454 318 4524 tyris,
347 4452 486 4507 socii
514 4453 769 4520 Adaucti,
804 4453 994 4508 attulit
1014 4471 1222 4519 secum,
1256 4459 1313 4508 et
1331 4454 1581 4524 gratuito
1603 4455 1748 4508 dono
1767 4487 1814 4544 D
1833 4451 2056 4505 tudines
2077 4450 2457 4504 observandas
2483 4453 2660 4506 coacti
2688 4459 2822 4507 sunt
2865 4453 3140 4525 episcopi;
3173 4461 3428 4510 exaucto-

157 4542 312 4597 dedit
349 4541 490 4596 illud
523 4542 775 4596 Ecclesia
800 4544 1076 4597 Beccensi.
1767 4539 1806 4544 ”
1833 4539 2032 4594 risatos
2062 4545 2290 4611 propter
2316 4540 2594 4608 flagitium
2633 4542 2864 4596 clericos
2896 4559 2992 4596 rex
3011 4542 3231 4597 dicebat
3256 4544 3424 4599 curia

221 4632 391 4686 Anno
419 4629 717 4685 millesimo
745 4631 1048 4686 centesimo
1071 4631 1534 4703 quinquagesimo
1562 4631 1747 4698 tertio,

159 4719 296 4774 obiit
320 4718 647 4774 Guilbertus
676 4719 745 4774 de
785 4721 966 4786 Clara,
999 4720 1148 4775 ﬁlius
1179 4721 1440 4775 Richardi
1470 4721 1539 4775 de
1566 4721 1748 4787 Clara,

160 4813 214 4863 et
237 4809 500 4881 sepultus
529 4813 614 4862 est
641 4809 790 4879 apud
829 4809 1058 4864 Clarum
1087 4810 1146 4864 in
1175 4811 1334 4877 cella,
1379 4827 1548 4880 quam
1589 4809 1749 4863 Guil-

158 4895 352 4953 bertus
382 4897 453 4951 de
485 4897 666 4964 Clara,
687 4914 822 4952 avus
840 4899 981 4969 ejus,
1003 4899 1235 4952 dederat
1263 4899 1552 4953 monachis
1569 4897 1748 4965 Becci,

161 4987 250 5057 qni
275 4991 512 5041 vocatur
539 4985 694 5055 Stol‘;
723 4987 812 5042 cui
835 4987 1102 5042 successit
1122 4987 1396 5058 Rogerius
1416 4989 1565 5041 ﬁlius
1594 4988 1643 5058 ej
1654 5003 1742 5044 us.

1832 4628 2152 4692 tradendos,
2185 4632 2242 4680 et
2277 4627 2425 4681 illico
2449 4629 2784 4698 puniendos,
2821 4630 3268 4703 archiepiscopus
3297 4649 3426 4687 con-

1833 4716 2173 4782 tradicebat;
2207 4715 2303 4786 qui
2333 4716 2560 4786 quidem
2584 4718 3053 4789 archiepiscopus,
3078 4720 3252 4775 inscio
3267 4737 3420 4791 rege,

1835 4821 2033 4859 navem
2062 4803 2313 4858 ascendit
2342 4809 2576 4874 propter
2605 4806 2754 4876 quod
2787 4805 2936 4876 regis
2975 4807 3214 4862 incurrit
3246 4809 3423 4864 offen-

1835 4911 1976 4950 sam.

1905 4984 2051 5036 Nota
2070 4981 2218 5052 quod
2235 4997 2381 5035 anno
2403 4980 2588 5034 obitus
2608 4980 2969 5037 nobilissima
2989 4981 3234 5039 Matildis
3250 4985 3424 5057 impe-

225 5080 392 5132 Anno
414 5077 948 5132 Dominimillesimo
965 5078 1268 5132 centesimo
1289 5076 1752 5149 quinquagesimo
1833 5071 2070 5136 ratricis,
2108 5071 2219 5124 tria
2258 5069 2417 5140 signa
2446 5068 2503 5123 in
2534 5069 2671 5124 coelo
2701 5069 2819 5124 visa
2856 5077 3023 5139 sunt;
3057 5089 3190 5128 nam
3230 5091 3423 5128 mense

164 5172 382 5236 quarto,
431 5171 585 5220 sexto
625 5167 905 5221 Kalendas
946 5166 1117 5233 Junii,
1163 5165 1303 5220 feria
1349 5165 1564 5237 quinta,
1606 5165 1753 5218 infra
1835 5159 2036 5214 Martio
2062 5163 2280 5212 cometa
2305 5159 2363 5212 in
2395 5157 2577 5212 Gallia
2605 5159 2903 5229 apparuit;
2934 5177 3126 5214 mense
3155 5161 3301 5217 Julio
3323 5163 3426 5217 cir-

165 5261 384 5310 octavas
411 5255 787 5322 Pentecostes,
833 5255 1236 5310 monasterium
1280 5254 1438 5308 Beati
1468 5253 1753 5309 Michaelis
1836 5251 1994 5304 culus
2044 5249 2318 5302 athereus
2372 5247 2521 5302 circa
2565 5248 2738 5301 solem
2792 5249 3173 5319 resplenduit;
3231 5268 3424 5305 mense

167 5343 229 5397 de
269 5343 528 5398 Periculo
571 5345 762 5411 maris,
806 5350 933 5415 post
978 5343 1401 5398 tribulationem
1431 5360 1598 5414 quam
1655 5359 1754 5413 per
1835 5343 2030 5410 postea
2055 5337 2369 5409 Septembri
2399 5336 2585 5391 media
2614 5341 2794 5402 nocte,
2824 5337 2958 5390 luna
2973 5342 3094 5390 tota
3118 5339 3428 5409 sanguinea

169 5432 610 5504 quinquennium
632 5432 747 5486 fere
759 5434 949 5503 jugem
972 5433 1417 5504 passumfuerat,
1451 5433 1565 5486 Deo
1583 5431 1752 5486 mise-
1837 5428 2048 5483 diutius
2098 5429 2214 5481 visa
2241 5432 2325 5481 est
2371 5425 2597 5494 regibus
2639 5425 2852 5495 Anglia
2896 5431 2953 5479 et
3002 5427 3268 5494 Francia,
3301 5433 3429 5500 post

169 5527 344 5588 rante,
387 5520 800 5592 aliquantulum
841 5523 1156 5592 respiravit,
1190 5522 1368 5576 electo
1411 5520 1754 5575 unanimiter
1836 5518 2052 5572 Pascha
2077 5532 2335 5588 sequens,
2368 5514 2438 5568 ad
2480 5530 2539 5567 se
2584 5513 2818 5566 incivem
2859 5514 3324 5571 discordantibus.
3360 5518 3429 5573 Et

171 5607 234 5662 ab
261 5609 414 5664 omni
440 5615 716 5665 conventu
743 5610 987 5665 Roberto
1013 5612 1081 5666 de
1098 5612 1384 5685 Tougeyo,
1403 5611 1590 5683 priore
1611 5611 1757 5665 clau—
1838 5607 1992 5660 misit
2038 5607 2346 5676 imperator
2381 5602 2748 5668 Alemannia,
2807 5619 2932 5656 cum
2980 5603 3121 5658 duce
3177 5607 3429 5662 Saxonia

171 5697 324 5752 stmli
347 5698 635 5753 neccensis
664 5699 1010 5756 monasterii.
1839 5699 2041 5766 nepote
2071 5696 2210 5764 ejus,
2244 5692 2469 5748 nuntios
2496 5691 2567 5746 ad
2596 5708 2785 5761 regem
2831 5692 3045 5763 Anglia
3089 5711 3298 5764 genero
3337 5697 3428 5766 [f.,
