3920 6362
508 381 613 439 655

1421 376 1516 430 AD
1556 375 1797 433 OPERA
1836 374 1899 440 B,
1941 372 2354 428 LANFRANGI
2394 378 2777 435 APPENDIX.

3664 381 3771 439 656

505 506 802 579 generum]
840 502 998 558 ducis
1038 499 1312 566 Saxonia,
1343 499 1477 570 quia
1512 499 1746 553 dederat
1772 500 1919 554 dicto
1965 496 2090 552 duci
2108 498 2303 556 Acum
2325 516 2526 571 magno
2554 504 2759 573 gaudio
2782 505 3086 575 suscipitur
3112 503 3185 558 ab
3214 504 3490 570 omnibus,
3528 506 3773 561 maxime

504 596 680 651 ﬁliam
707 607 867 648 suam
895 591 954 645 in
981 588 1321 659 conjugium,
1352 592 1409 641 et
1428 584 1713 642 mandavit
1740 593 1805 641 ut
1818 605 1944 642 cum
1963 603 2094 656 rege
2178 604 2212 641 a
2250 590 2536 643 monachis
2565 592 2938 646 clamantibus
2978 592 3236 647 omnibus
3267 611 3278 645 ε
3306 596 3648 655 Benedictus,
3673 599 3775 663 qui

504 685 846 740 Francorum
889 695 1085 751 pacem
1122 676 1304 741 iniret,
1351 675 1605 746 foretque
1653 677 1776 746 ejus
1822 675 2089 730 auxilium

2176 680 2321 730 venit
2352 682 2414 731 in
2444 682 2668 733 nomine
2688 683 2913 735 Domini
2932 683 3121 751 (Joan.
3158 696 3255 747 XII,
3286 680 3387 750 13).
3413 681 3556 736 Cum
3578 689 3773 737 autem

503 788 604 846 pro
629 787 696 826 eo
735 785 855 825 esse
897 772 1176 840 paratum,
1208 770 1265 818 et
1289 763 1445 817 misit
1480 764 1656 818 dictos
1698 764 1925 818 nuntios
1961 780 2088 818 cum
2173 770 2300 835 post
2327 766 2431 820 hoc
2468 768 2725 821 tenderet
2770 785 2961 822 versus
2989 769 3322 823 Wdescoalh
3362 770 3433 823 ad
3466 770 3770 826 videndum

503 860 651 915 dicto
703 859 842 914 duce
882 857 1321 924 Rothomagum.
1368 852 1485 906 Rex
1514 857 1705 906 autem
1755 852 1923 922 paulo
1967 856 2093 922 post
2173 868 2363 923 regem
2384 871 2611 919 novum,
2637 861 2693 909 et
2711 855 3091 927 hospitaretur
3121 857 3269 926 apud
3312 857 3633 923 Suthowrd,
3655 874 3761 912 au-

503 952 727 1005 secutus
765 950 850 1001 est
875 961 1023 1011 eum,
1070 947 1128 997 et
1158 943 1237 995 eis
1269 940 1562 995 consilium
1599 957 1764 994 suum
1786 940 2086 1007 intimavit,

499 1042 559 1092 et
592 1051 724 1090 vasa
751 1050 925 1089 aurea
947 1037 1005 1087 et
1032 1035 1298 1101 argentea
1320 1029 1575 1099 praeclari
1605 1015 1868 1099 ponderis
1896 1029 2083 1096 dedit;

495 1125 688 1197 sicque
724 1122 796 1177 ad
823 1123 1221 1192 imperatorem
1248 1116 1480 1171 consilio
1496 1133 1597 1170 suo
1614 1117 1695 1170 eis
1723 1117 2081 1184 demandato,

494 1214 652 1270 latos
671 1211 891 1268 remisit
922 1227 934 1262 :
968 1214 1027 1262 et
1053 1206 1209 1261 dedit
1236 1205 1499 1259 dominus
1535 1222 1633 1258 rex
1661 1205 1926 1276 praedicto
1957 1205 2084 1260 duci

424 1302 437 1307 ’
493 1303 631 1358 duos
659 1299 975 1372 1e0pardos.
1000 1297 1150 1351 Nota
1177 1294 1351 1348 etiam
1379 1293 1533 1363 quod
1562 1293 1633 1347 de
1660 1298 1826 1364 partu
1854 1294 1959 1347 ﬁlii
1994 1294 2083 1348 sui

491 1389 746 1446 Gaufridi
774 1388 1062 1442 inﬁrmata
1085 1383 1241 1438 obiit.

559 1480 723 1534 Anno
765 1474 992 1531 Domini
1036 1471 1334 1526 millesimo
1380 1469 1684 1524 centesimo
1735 1470 2080 1540 sexagesimo

489 1572 665 1632 sexto,
680 1564 818 1620 obiit
845 1565 1048 1619 Petrus
1071 1560 1242 1615 abbas
1262 1558 1684 1625 Gemeticensis,
1699 1558 1788 1612 cui
1815 1558 2082 1612 successit

486 1655 762 1725 Rogerius
789 1651 1097 1706 monachus
1135 1648 1442 1713 Beccensis,
1486 1648 1601 1701 Deo
1631 1652 1689 1700 et
1727 1646 1975 1715 regibus.
2023 1651 2080 1700 et

2172 940 2312 995 divit
2339 943 2568 997 nuntios
2598 960 2663 998 ex
2690 949 2851 1014 parte
2878 946 3045 1014 regis,
3078 961 3150 998 ne
3171 951 3498 1016 peragraret
3525 963 3768 1017 regnum

2169 1030 2404 1099 Anglia,
2440 1032 2684 1085 ofﬁcium
2706 1049 2871 1086 suum
2893 1034 3263 1102 exsequendo,
3300 1034 3396 1088 sed
3427 1034 3765 1104 quantocius

2169 1120 2480 1188 repedaret,
2506 1120 2867 1173 residentiam
2890 1121 3139 1175 facturus
3163 1122 3222 1175 in
3251 1122 3493 1175 Ecclesia
3509 1122 3765 1177 Cantua-

2168 1206 2371 1273 riensi;
2424 1206 2519 1260 ubi
2569 1224 2695 1261 cum
2735 1209 2851 1262 fere
2887 1210 3115 1263 unicum
3154 1226 3404 1263 mensem
3435 1211 3757 1275 resedisset,

2164 1294 2254 1347 die
2275 1294 2596 1349 Nativitatis
2624 1295 2849 1349 Domini
2870 1296 3367 1351 excommunicavit
3394 1296 3761 1368 Nigellumde

2167 1382 2475 1436 Sachevilla
2500 1389 2557 1436 et
2584 1383 2888 1437 Robertum
2920 1385 2989 1438 de
3011 1385 3244 1449 Brooch,
3265 1390 3322 1439 et
3343 1391 3537 1456 postea
3553 1386 3614 1438 in
3635 1402 3760 1439 cra-

2163 1470 2310 1523 stino
2342 1470 2661 1524 festivitatis
2691 1477 3013 1526 sanctorum
3048 1470 3438 1527 Innocentium
3472 1474 3689 1528 occisus
3725 1490 3760 1528 a

2165 1565 2408 1628 quatuor
2437 1559 2709 1613 militibus
2740 1560 2797 1613 in
2837 1566 3017 1614 matre
3056 1560 3289 1614 ecclesia
3335 1561 3752 1627 Cantuariensi,

2160 1652 2291 1700 ante
2319 1648 2496 1700 altare
2527 1648 2715 1701 Sancti
2734 1648 3048 1702 Benedicti:
3073 1655 3310 1703 mortem
3341 1649 3519 1719 ipsius
3543 1649 3602 1704 in
3630 1667 3759 1705 con-

484 1743 684 1799 multis
729 1741 854 1797 aliis
896 1740 1117 1804 charus,
1150 1742 1207 1792 et
1249 1737 1309 1791 in
1337 1735 1534 1790 diebus
1579 1736 1701 1805 ejus
1725 1735 1905 1788 multa
1935 1734 2133 1809 bona“
2158 1742 2348 1805 spectu
2363 1735 2584 1789 Domini
2601 1737 2900 1806 pretiosam
2925 1736 3068 1791 mira
3087 1738 3487 1793 miraculorum
3508 1738 3755 1809 insignia

483 1834 863 1904 provenerunt
884 1826 1142 1883 Ecclesia
1170 1823 1568 1880 Gemetieensi.

552 1920 717 1975 Anno
762 1916 986 1974 Domini
1023 1913 1322 1969 millesimo
1371 1911 1680 1967 centesimo
1725 1910 2073 1980 sexagesimo

479 2013 656 2077 sexto,
684 2008 927 2063 Thomas
957 2002 1409 2073 archiepiscopus
1437 2000 1591 2054 venit
1613 1999 1952 2055 Viceliacum
1982 1999 2073 2052 die

478 2096 861 2161 Ascensionis,
888 2100 948 2149 et
983 2092 1371 2148 observatores
1398 2088 1889 2152 consuetudinum,
1932 2104 2071 2158 quas

475 2184 654 2239 avitas
674 2182 965 2255 appellant
984 2180 1043 2234 in
1081 2177 1305 2249 Anglia,
1342 2176 1670 2231 solemniter
1697 2175 2069 2230 excommuni-

471 2273 638 2327 cavit.

543 2361 729 2416 Ethoc
751 2374 900 2414 anno
911 2356 1111 2427 regina
1125 2353 1341 2424 Anglia
1369 2352 1605 2407 Alienor
1619 2351 1838 2423 peperit
1862 2350 2063 2417 ﬁlium,

471 2465 638 2521 quem
665 2447 882 2503 vocavit
908 2447 1183 2500 Joannem
1221 2441 1343 2495 sine
1375 2445 1546 2495 terra.
1581 2442 1724 2496 Item
1773 2441 1878 2494 hoc
1916 2456 2063 2493 anno

466 2536 797 2590 Willermus
846 2530 1155 2603 Papiensis,
1212 2534 1269 2583 et
1323 2528 1569 2583 Joannes
1624 2526 2057 2598 Neapolitensis,

468 2622 628 2677 missi
657 2628 790 2677 sunt
820 2620 1069 2675 audituri
1092 2632 1321 2673 causam
1355 2616 1505 2687 regis
1542 2615 1757 2687 Anglia
1788 2622 1845 2669 et
1872 2614 2059 2669 archi-

466 2708 714 2782 episcopi
748 2710 1007 2774 Thoma;
1063 2707 1163 2762 sed
1212 2704 1417 2760 infecto
1465 2706 1694 2775 negotio
1736 2705 2055 2770 redierunt;

469 2797 887 2870 archiepiscopo
927 2801 1117 2851 autem
1157 2795 1217 2848 in
1253 2792 1490 2847 Francia
1536 2792 1929 2857 commoranti,
1962 2808 2058 2846 rex

464 2886 810 2942 Francorum
851 2884 1168 2941 Ludovicus
1197 2881 1443 2954 providit
1475 2882 1528 2937 ei
1573 2883 1635 2937 in
1673 2881 1929 2953 expensis
1956 2897 2058 2951 per

463 2980 705 3047 quatuor
734 2991 931 3030 annos.

2090 1802 2137 1859 Β
2156 1802 2559 1893 protestantur.
2601 1802 2802 1878 Postea
2843 1825 2996 1879 missi
3039 1832 3173 1880 sunt
3204 1826 3389 1880 nuntii
3417 1844 3453 1880 a
3480 1802 3753 1897 rege'An-

2152 1913 2375 1981 glorum
2395 1913 2463 1966 ad
2487 1912 2776 1967 dominum
2805 1914 3133 1984 papam,qui
3165 1931 3291 1968 eum
3324 1921 3659 1969 excusarent
3680 1916 3752 1969 de

2154 2007 2334 2054 morte
2388 2000 2581 2071 ipsius,
2619 2007 2676 2054 et
2729 2001 3105 2056 innocentiam
3139 2003 3568 2073 praetenderent.
3602 2005 3750 2058 Nam

2154 2089 2249 2158 υἱ,
2278 2089 2412 2158 non]
2445 2090 2623 2143 multo
2654 2096 2780 2159 post
2808 2090 3105 2160 pradictus
3128 2092 3577 2163 archiepiscopus
3607 2093 3751 2147 mul-

2150 2177 2224 2230 tis
2258 2177 2544 2231 miraculis
2574 2178 2794 2239 claruit,
2832 2184 2889 2231 et
2916 2186 3141 2233 sanctus
3161 2179 3404 2234 Thomas
3427 2181 3746 2251 appellatus

2150 2272 2237 2319 est
2267 2285 2279 2317 :
2311 2272 2369 2318 et
2388 2265 2445 2319 in
2494 2282 2640 2320 anno
2671 2266 2966 2319 millesimo
2998 2267 3303 2321 centesimo
3332 2269 3747 2339 septuagesimo

2150 2358 2342 2407 octavo
2373 2354 2523 2407 idem
2551 2355 2833 2425 pretiosus
2861 2360 3077 2426 martyr
3101 2356 3464 2410 canonizatus
3491 2363 3596 2411 est.

2145 2444 2412 2508 Purgatio
2426 2444 2658 2496 Henrici
2676 2445 3107 2510 regz'sAnglz'ade
3123 2450 3294 2497 morte
3310 2449 3493 2498 sancti
3502 2447 3736 2501 Thomas.

2217 2531 2469 2584 HENRICO
2509 2531 2615 2598 (7‘2)
2650 2531 2769 2601 regi
2813 2532 3049 2601 Anglia,
3086 2535 3383 2587 ALBER’I‘US
3409 2534 3741 2604 dignatione

2144 2618 2332 2671 divina
2377 2618 2530 2672 tituli
2575 2618 2753 2672 sancti
2800 2619 3110 2683 Laurentii,
3166 2625 3223 2673 et
3251 2621 3536 2679 THEDINES
3587 2622 3739 2677 tituli

2145 2707 2335 2760 Sancti
2364 2706 2584 2773 Vitalis,
2616 2706 2930 2777 presbyteri
2961 2708 3293 2770 cardinales,
3327 2716 3384 2762 et
3411 2712 3735 2780 apostolica

2141 2795 2290 2849 sedis
2321 2796 2511 2865 legati,
2536 2796 2777 2849 salutem
2801 2795 2859 2848 in
2880 2812 2945 2849 eo
2975 2796 3070 2866 qui
3099 2796 3197 2850 dat
3215 2797 3454 2851 salutem
3483 2800 3734 2869 regibus.

2142 2884 2225 2937 Ne
2254 2885 2311 2937 in
2342 2883 2574 2937 dubium
2605 2884 2833 2938 veniant
2861 2901 2983 2954 qua
3002 2891 3299 2954 geruntur,
3332 2892 3389 2939 et
3405 2903 3541 2941 usus
3563 2887 3734 2942 habet

2141 2979 2198 3026 et
2216 2973 2529 3027 communis
2552 2973 2927 3027 consideratio
2944 2973 3203 3027 utilitatis
3225 2976 3473 3045 exposcit
3500 2982 3566 3030 ut
3593 2976 3735 3030 scri—

529 3065 693 3120 Anno
747 3063 971 3119 Domini
1026 3062 1328 3117 millesimo
1377 3059 1683 3117 centesimo
1710 3057 2115 3131 sexagesimoc
2140 3069 2318 3133 ptura
2369 3062 2515 3115 serie
2564 3060 2805 3115 debeant
2831 3062 3107 3116 adnotari.
3144 3063 3279 3116 Inde
3308 3070 3393 3117 est
3428 3065 3477 3117 si
3506 3065 3733 3136 quidem

460 3152 720 3224 septimo,
743 3151 1081 3222 Rothomagi
1102 3151 1254 3222 apud
1282 3151 1517 3204 Pratum
1538 3148 1680 3202 obiit
1707 3145 2056 3201 nobilissima

457 3246 524 3306 9
550 3242 781 3296 domina
806 3239 1093 3295 Mathildis
1120 3238 1451 3309 imperatrix
1491 3238 1900 3299 Romanorum,
1941 3234 2056 3287 ﬁlia

455 3329 626 3401 primi
646 3328 870 3383 Henrici
902 3327 1051 3397 regis
1066 3325 1687 3396 Anglorum,quondam
1707 3338 1846 3378 uxor
1873 3322 2051 3392 impe-

455 3418 661 3472 ratoris
690 3416 931 3471 Romani
955 3414 1183 3469 Henrici
1212 3414 1628 3485 quarti,quarto
1649 3411 1781 3467 ldus
1796 3411 2051 3482 Septem-

454 3504 610 3572 bris;
653 3507 813 3574 cujus
850 3519 1051 3574 corpus
1080 3503 1229 3574 apud
1279 3504 1520 3557 Beccum
1561 3500 1811 3554 delatum
1857 3505 1961 3566 est,
1996 3505 2053 3553 et

454 3598 588 3648 ante
608 3593 784 3646 altare
804 3591 979 3646 beatae
1000 3592 1192 3646 Maria
1209 3591 1498 3662 genitricis
1524 3590 1624 3643 Dei
1652 3589 1711 3642 in
1739 3589 1937 3642 eadem
1968 3604 2052 3641 ec-

453 3682 626 3737 clesia
675 3681 978 3736 honoriﬁce
1022 3681 1320 3751 sepultum.
1362 3679 1491 3734 Fuit
1541 3679 1713 3732 etiam
1763 3677 2048 3731 comitissa

448 3769 884 3841 Andegavensis,
913 3769 1084 3824 etiam
1111 3769 1309 3839 regina
1349 3767 1584 3838 Anglia,
1632 3771 1691 3820 et
1730 3773 1912 3819 mater
1952 3782 2046 3818 se-

448 3861 619 3917 cundi
638 3858 864 3914 Henrici
891 3859 1042 3929 regis
1068 3858 1401 3928 Anglorum.

521 3951 652 4004 Hac
698 3948 1048 4003 nobilissima
1068 3946 1298 4001 domina
1324 3946 1383 4000 in
1414 3945 1531 3999 vita
1562 3961 1666 3999 sua
1690 3958 1862 3997 manu
1897 3942 2041 3995 sicut

443 4039 621 4110 larga,
652 4039 733 4093 ita
759 4038 977 4101 devota,
1016 4037 1313 4090 thesauros
1342 4051 1474 4089 suos
1502 4033 1790 4105 orphanis,
1831 4031 2031 4096 viduis,

444 4135 503 4184 et
518 4127 750 4199 reliquis
769 4123 1108 4197 pauperibus
1126 4124 1428 4191 distribuit,
1448 4131 1505 4177 et
1521 4122 1763 4176 maxime
1790 4120 2036 4175 ecclesiis

428 4222 504 4272 ‘et
531 4214 908 4270 monasteriis.
936 4213 1342 4269 Monasterium
1375 4228 1506 4266 vero
1549 4210 1827 4264 Beccense
1856 4209 2035 4263 abun-

441 4304 686 4360 dantiori
705 4302 1092 4358 benedictione
1115 4303 1176 4357 in
1201 4318 1362 4367 auro,
1384 4306 1637 4371 argento,
1669 4304 1727 4353 et
1752 4298 2032 4369 lapidibus

2139 3152 2289 3221 quod
2322 3151 2648 3204 mandatum
2673 3150 2824 3204 istud
2846 3151 2904 3203 in
2918 3151 3184 3222 scriptum
3201 3151 3460 3206 duximus
3479 3154 3734 3224 redigen-

2137 3237 2272 3290 dum
2297 3237 2447 3307 quod
2476 3236 2629 3290 vobis
2677 3253 2777 3306 pro
2807 3254 2871 3291 eo
2904 3238 3134 3291 facimus
3163 3239 3310 3309 quod
3342 3240 3732 3296 malefactores

2136 3325 2261 3379 illos
2286 3326 2380 3395 qui
2412 3330 2619 3378 sancta
2643 3327 2927 3379 memoria
2957 3327 3231 3380 Thomam
3261 3328 3547 3397 quondam
3580 3331 3728 3383 Can-

2136 3415 2481 3467 tuariensem
2521 3414 3003 3485 archiepiscopum
3047 3414 3390 3478 occiderunt,
3436 3418 3726 3472 occasione

2135 3510 2322 3557 motus
2360 3508 2417 3555 et
2469 3502 2908 3573 perturbationis
2948 3519 3115 3573 quam
3161 3503 3445 3572 viderunt,
3485 3506 3557 3559 ad
3585 3505 3724 3561 illud

2132 3591 2347 3644 facinus
2374 3591 2712 3661 processisse
2732 3591 2962 3644 timetis.
3001 3592 3180 3662 Super
3208 3609 3317 3663 quo
3355 3598 3547 3648 tamen
3578 3595 3723 3649 facto

2104 3720 2115 3729 .
2130 3679 2523 3747 purgationem
2555 3678 2614 3731 in
2642 3686 2835 3732 nostra
2852 3680 3169 3749 praesentia,
3188 3679 3256 3734 de
3277 3681 3564 3735 voluntate
3592 3698 3722 3752 pro-

2125 3765 2250 3835 pria
2272 3766 2629 3837 praestitistis,
2665 3768 2812 3837 quod
2841 3767 3095 3821 videlicet
3113 3784 3215 3821 nec
3242 3770 3585 3840 pracepistis
3616 3785 3716 3825 nec

2125 3855 2378 3908 voluistis
2402 3862 2466 3908 ut
2493 3854 2858 3921 occideretur,
2882 3861 2939 3909 et
2960 3856 3182 3926 quando
3211 3858 3467 3927 pervenit
3496 3858 3567 3912 ad
3595 3875 3712 3923 vos,

2120 3944 2426 4015 plurimum
2445 3944 2721 4012 doluistis;
2741 3944 2810 3997 ab
2821 3945 3056 3999 instanti
3068 3944 3343 4016 siquidem
3356 3947 3710 4001 Pentecostes

2119 4049 2297 4104 usque
2326 4026 2397 4087 ad
2425 4050 2656 4099 annum,
2689 4040 2904 4087 tantam
2925 4035 3216 4104 pecuniam
3241 4033 3446 4089 dabitis
3468 4036 3617 4090 unde
3637 4035 3721 4090 ad

2117 4123 2414 4191 arbitrium
2435 4121 2891 4193 fratrumTempli
2905 4122 3131 4176 ducenti
3160 4123 3366 4177 milites
3398 4125 3621 4179 valeant
3636 4125 3704 4178 ad

2116 4212 2498 4266 defensionem
2541 4212 3065 4283 Hierosolymitana
3103 4217 3267 4267 terra
3304 4230 3405 4284 per
3458 4215 3704 4287 spatium

2114 4300 2281 4354 unius
2306 4300 2440 4354 anni
2460 4300 2662 4355 teneri.
2686 4301 2797 4354 Vos
2819 4307 3012 4355 autem
3036 4318 3071 4354 a
3099 4302 3355 4372 sequenti
3399 4303 3702 4358 Nativitate

438 4393 721 4467 pretiosis,
739 4409 805 4447 ac
823 4392 1119 4463 multiplici
1138 4399 1343 4446 ornatu
1361 4389 1604 4444 ecclesia
1624 4404 1792 4460 quam
1814 4388 2032 4458 reliqua
2048 4421 2101 4483 Β
2117 4388 2344 4443 Domini
2393 4404 2571 4459 usque
2620 4388 2690 4441 ad
2738 4389 3065 4458 triennium,
3111 4407 3331 4445 crucem
3374 4392 3659 4463 accipietis
3683 4416 3698 4460 ς

437 4483 798 4549 monasteria,
832 4481 1145 4550 decoravit;
1176 4486 1235 4535 et
1262 4479 1457 4534 multis
1486 4478 1746 4533 humanis
1774 4477 2030 4549 precibus
2048 4477 2089 4483 ’⁷
2114 4478 2369 4549 proxima
2391 4483 2527 4531 tunc
2554 4482 2747 4531 astate
2774 4478 2908 4533 illuc
2950 4479 3009 4532 in
3058 4480 3283 4550 propria
3312 4497 3572 4551 persona,
3603 4482 3701 4537 du-

437 4589 474 4628 a
492 4578 653 4644 patre
666 4587 767 4628 suo
796 4570 1040 4626 obtinuit
1057 4576 1123 4625 ut
1149 4569 1359 4623 ibidem
1384 4573 1512 4639 post
1538 4568 1839 4622 transitum
1861 4584 2028 4622 suum

432 4661 779 4734 sepeliretur.

502 4753 666 4806 Anno
691 4749 917 4806 Domini
947 4748 1244 4803 millesimo
1273 4745 1581 4800 centesimo
1609 4745 2023 4817 septuagesimo

431 4839 635 4911 primo,
648 4837 947 4894 interdicto
975 4835 1297 4907 supradicto
1316 4850 1427 4888 non
1441 4832 2017 4901 obstante,llenricus,

429 4929 581 4983 ﬁlius
609 4928 839 4982 Henrici
866 4925 1017 4996 regis
1037 4924 1369 4995 Anglorum,
1395 4923 1684 4978 Dominica
1713 4928 1841 4994 post
1868 4929 2021 4976 octa-

2111 4572 2272 4621 cente
2296 4566 2555 4633 Domino,
2585 4566 2907 4637 profecturi,
2935 4566 3042 4620 nisi
3067 4569 3451 4623 remanseritis
3478 4587 3583 4641 per
3608 4571 3701 4625 do-

2111 4655 2329 4711 minum
2375 4671 2599 4726 papam,
2634 4655 2719 4709 vel
2758 4655 3093 4711 catholicum
3148 4658 3270 4726 ejus
3298 4674 3696 4714 successorem.

2112 4745 2257 4799 Sane
2270 4744 2317 4799 si
2338 4750 2534 4797 contra
2554 4744 2892 4799 Sarracenos
2911 4743 2971 4799 in
3000 4745 3331 4816 Hispaniam
3356 4764 3458 4817 pro
3477 4749 3699 4820 urgenti

2107 4833 2440 4888 necessitate
2460 4833 2693 4904 profecti
2711 4833 3230 4905 fueritis,quantum
3251 4839 3521 4907 temporis
3533 4837 3701 4893 fuerit

2109 4938 2175 4975 ex
2225 4939 2334 4992 quo
2381 4923 2734 4993 arripueritis
2763 4923 2889 4989 iter,
2923 4925 3280 4979 tantumdem
3310 4927 3695 4997 supradictum

426 5033 525 5073 vas
554 5018 915 5072 Pentecostes
946 5013 1101 5085 apud
1133 5012 1486 5067 Lundoniam
1513 5018 1714 5066 unctus
1741 5018 1825 5065 est
1848 5011 1907 5065 in
1937 5027 2021 5065 re-
2104 5011 2351 5081 spatium
2421 5012 2945 5083 Hierosolymitana
3011 5014 3369 5084 profectionis
3438 5018 3695 5086 poteritis

424 5123 553 5179 gem
583 5123 685 5178 per
714 5120 947 5160 manum
987 5102 1236 5174 pradicti
1278 5101 1502 5172 Rogerii
1526 5099 1894 5155 Eboracensis
1924 5117 2017 5154 ar-
2101 5100 2456 5170 prolongare.
2485 5101 2903 5171 Appellationes
2932 5118 3044 5156 non
3073 5104 3410 5174 impedietis,
3441 5122 3546 5160 nec
3575 5123 3697 5178 per-

424 5194 1065 5268 chiepiscopi,prasente
1086 5191 1327 5245 Henrico
1344 5196 1503 5262 patre
1516 5190 1861 5245 suo.Deinde
1890 5194 2017 5259 post
2100 5189 2337 5243 mittetis
2372 5190 2636 5261 impediri
2666 5190 2801 5261 quin
2829 5191 3002 5246 libere
3032 5193 3173 5246 ﬁant
3201 5194 3260 5247 in
3305 5195 3693 5251 ecclesiasticis

422 5301 630 5356 paucos
644 5286 764 5340 dies
778 5284 1021 5338 Thomas
1036 5280 1485 5351 archiepiscopus
1508 5278 1929 5334 Cantuariensis
1943 5279 2012 5332 de
2096 5278 2277 5333 causis
2306 5279 2377 5333 ad
2409 5279 2719 5334 Romanam
2753 5281 3053 5335 Ecclesiam
3079 5282 3176 5352 [al.
3188 5322 3202 5348 ,
3221 5283 3537 5339 Romanum
3550 5302 3688 5357 pon-

419 5373 674 5440 Francia,
706 5372 803 5428 ubi
832 5388 932 5444 per
958 5388 1055 5427 sex
1079 5386 1258 5425 annos
1284 5375 1341 5423 et
1366 5369 1610 5439 amplius
1640 5368 2008 5429 exsulaverat,
2094 5367 2347 5438 tiﬁcem],
2381 5367 2524 5421 bona
2556 5369 2684 5434 ﬁde,
2720 5370 2929 5440 absque
2959 5370 3153 5425 fraude
3184 5379 3238 5426 et
3262 5373 3409 5426 malo
3440 5374 3684 5444 ingenio,

417 5476 674 5517 reversus
703 5467 790 5517 est
810 5463 869 5516 in
887 5461 1150 5533 Angliam
1169 5478 1183 5529 ;
1204 5464 1264 5514 et
1287 5458 1348 5513 in
1367 5457 1601 5512 ecclesia
1616 5455 2008 5511 Cantuariensi
2091 5463 2156 5510 ut
2163 5457 2582 5528 perRomanum
2596 5460 2917 5529 pontiﬁcem
2933 5476 3115 5514 causa
3132 5466 3446 5516 tractentur
3456 5470 3515 5517 et
3524 5480 3687 5519 suum

490 5637 593 5710 (72)
627 5638 946 5693 Absolvitur
983 5638 1259 5694 Henricus
1286 5654 1322 5691 a
1349 5652 1485 5692 nece
1503 5636 1810 5703 S.Thoma,
1841 5638 2053 5699 Baaou.
2081 5642 2293 5698 Annal.
2320 5638 2391 5693 ad
2421 5655 2512 5693 an.
2542 5637 2700 5697 H72.
