3920 6354
201 339 304 398 657

1395 349 1820 404 CHRONICON
1860 351 2134 406 BECGEN
2143 350 2245 404 SE.

3347 339 3452 398 658

202 473 608 540 consequantur
644 471 920 524 effectum.
970 471 1058 525 Sic
1097 477 1286 528 tamen
1326 480 1391 528 ut
1423 475 1470 529 si
1512 476 1662 530 vobis
1691 478 2190 538 su-Avenerabilis
2242 480 2299 529 et
2354 473 2627 528 discretus
2693 470 2778 524 vir
2833 466 3094 522 dominus
3152 465 3449 537 Rogerius,

199 558 366 628 specti
379 558 590 611 fuerint
600 558 792 629 aliqui,
807 559 1013 612 faciant
1028 561 1384 615 securitatem
1401 565 1545 633 quod
1569 565 1782 618 malum

196 651 431 699 vestrum
467 647 549 700 vel
575 647 731 716 regni
765 649 935 700 vestri
965 664 1074 700 non
1102 657 1371 719 quaerent.
1408 653 1781 706 Consuetudi-‘

197 750 308 800 nes,
360 751 482 804 qua
525 735 764 789 inducta
809 741 939 788 sunt
983 742 1177 790 contra
1217 739 1488 793 Ecclesias
1526 745 1780 811 tempore

195 826 392 888 vestro,
441 823 768 889 dimittetis;
825 825 1202 894 possessiones
1241 828 1484 882 ecclesia
1532 829 1777 884 Cantua-

193 910 402 976 riensis,
433 911 480 964 si
514 927 634 981 qua
673 912 871 966 ablata
895 918 1045 976 sunt,
1075 914 1383 969 restituetis
1412 917 1556 970 sicut
1585 918 1780 973 habuit

191 1013 296 1052 uno
327 1014 474 1052 anno
504 1004 806 1069 antequam
831 1000 1277 1072 archiepiscopus
1305 1004 1375 1056 de
1404 1005 1605 1074 Anglia
1623 1023 1778 1076 egre-

191 1086 428 1140 deretur.
463 1087 690 1141 Clericis
720 1095 991 1158 praeterea
1019 1097 1075 1142 et
1111 1090 1266 1144 laicis
1292 1093 1588 1163 utriusque
1612 1111 1775 1150 sexus

188 1190 371 1244 pacem
414 1182 679 1237 vestram,
726 1181 783 1229 et
826 1178 1086 1246 gratiam,
1137 1185 1194 1232 et
1225 1180 1600 1249 possessiones
1642 1201 1773 1237 suas

189 1263 509 1330 restituatis;
531 1263 755 1334 quibus,
776 1265 1064 1318 occasione
1083 1267 1330 1336 praedicti
1347 1269 1768 1342 archiepiscopi,

186 1351 430 1405 destituti
440 1353 690 1406 fuerunt.
707 1354 825 1406 Hoc
837 1360 1024 1407 autem
1044 1355 1376 1410 auctoritate
1388 1357 1600 1411 domini
1614 1377 1771 1430 papa

184 1440 239 1494 in
265 1441 652 1494 remissionem
674 1447 1028 1512 peccatorum
1061 1449 1370 1498 vestrorum
1399 1447 1765 1516 injungimus,

187 1533 238 1581 et
263 1529 618 1598 praecipimus
648 1529 964 1596 observare,
998 1530 1145 1583 bona
1173 1532 1300 1597 fide,
1336 1533 1546 1606 absque
1576 1536 1772 1591 fraude

185 1621 237 1669 et
254 1616 398 1670 malo
427 1618 676 1687 ingenio.
705 1618 922 1671 Juravit
941 1620 1045 1672 hoc
1072 1636 1185 1683 rex,
1213 1621 1423 1689 juravit
1452 1628 1508 1676 et
1531 1625 1598 1677 de
1637 1643 1769 1678 con-

185 1705 566 1760 suetudinibus
613 1707 980 1772 dimittendis,
1010 1713 1066 1760 et
1101 1709 1250 1761 ﬁlius
1279 1711 1421 1778 ejus,
1453 1718 1510 1765 et
1541 1715 1769 1783 jurave-

1863 574 1995 621 tunc
2024 568 2177 638 prior
2203 562 2518 620 claustralis
2547 558 2801 614 Ecclesia
2832 556 3140 612 Beccensis.

1933 657 2093 708 Anno
2122 653 2349 708 Domini
2397 649 2694 704 millesimo
2737 647 3042 701 centesimo
3087 645 3451 715 nonagesimo

1862 750 2080 812 quarto,
2115 742 2254 795 obiit
2282 741 2386 810 pia
2431 736 2716 791 memoria
2746 735 3005 788 dominus
3037 734 3328 804 Rogerius,
3360 749 3452 787 se-

1859 832 2074 885 cundus
2127 831 2294 899 hujus
2346 826 2611 891 nominis,
2667 840 2848 878 nonus
2896 823 3066 877 abbas
3127 821 3310 885 Becci,
3358 821 3454 892 qui

1859 920 2161 973 Ecclesiam
2194 919 2526 972 Beccensem
2554 919 2782 967 strenue
2822 912 2966 965 rexit
3014 911 3176 964 annis
3213 915 3449 980 septem,

1858 1007 2143 1061 mensibus
2167 1005 2403 1079 duobus,
2435 1002 2630 1056 diebus
2668 1005 2929 1071 quatuor,
2965 1004 3024 1053 et
3069 999 3323 1069 sepultus
3367 1002 3454 1052 est

1855 1096 1915 1149 in
1943 1096 2184 1166 capitulo
2215 1094 2464 1164 ejusdem
2493 1091 2618 1158 loci,
2651 1089 2797 1143 circa
2827 1088 2996 1158 pedes
3028 1087 3329 1158 sepultura
3353 1087 3448 1141 do-

1855 1185 1995 1237 mini
2022 1183 2277 1237 Herluini
2305 1181 2542 1235 abbatis.

1927 1273 2030 1326 Cui
2067 1271 2335 1326 successit
2357 1274 2416 1324 in
2446 1268 2721 1339 regimine
2751 1266 2999 1336 ejusdem
3021 1263 3260 1318 canobii
3285 1279 3447 1319 vene-

1854 1362 2042 1415 randa
2068 1359 2419 1416 discretionis
2439 1358 2542 1424 vir,
2566 1356 2825 1411 dominus
2846 1353 3172 1420 Walterius,
3196 1353 3447 1424 praedicti

1853 1450 1959 1503 loci
1987 1449 2157 1503 abbas
2178 1449 2448 1502 decimus.

1923 1540 2084 1591 Anno
2133 1537 2356 1590 Domini
2395 1533 2693 1589 millesimo
2739 1532 3042 1587 centesimo
3079 1530 3446 1600 nonagesimo

1853 1632 2026 1690 sexto,
2060 1627 2404 1680 conﬁrmata
2424 1629 2558 1678 sunt
2595 1624 2883 1678 libertates
2921 1620 3100 1675 sancti
3131 1619 3347 1690 Nigasii
3376 1619 3447 1673 de

1853 1716 2133 1782 Mellento,
2179 1732 2213 1768 a
2243 1731 2374 1783 rege
2412 1714 2753 1768 Francorum
2800 1709 3078 1780 Philippo,
3111 1725 3259 1762 anno
3288 1707 3447 1776 regni

182 1802 306 1847 runt
334 1795 521 1856 ambo,
551 1795 699 1865 quod
723 1812 758 1848 a
777 1795 934 1848 nobis
963 1802 1020 1849 et
1049 1799 1463 1853 successoribus
1491 1818 1601 1855 non
1622 1783 1832 1857 rece-B
1852 1803 1938 1856 sui
1965 1803 2179 1856 decimo
2193 1800 2449 1871 septimo.
2475 1802 2596 1864 Quo
2613 1799 2837 1870 quidem
2856 1813 3003 1850 anno
3025 1796 3298 1850 translata
3315 1799 3448 1848 sunt

181 1882 384 1948 derent,
414 1883 667 1954 quandiu
691 1900 784 1937 eos
811 1884 1158 1940 Christianos
1188 1902 1349 1956 reges
1381 1894 1438 1940 et
1466 1891 1768 1946 catholicos

181 1971 502 2027 habueritis.
543 1993 568 2024 ι

245 2081 401 2133 Anno
431 2080 660 2134 Domini
686 2079 982 2133 millesimo
1021 2082 1324 2136 centesimo
1353 2089 1767 2157 septuagesimo

180 2172 378 2233 octavo,
397 2168 794 2222 decimotertio
805 2169 1087 2222 Kalendas
1102 2171 1328 2240 Aprilis,
1347 2174 1639 2233 Dominica
1657 2198 1769 2252 qua

181 2261 426 2311 cantatur
452 2272 464 2310 :
509 2259 732 2322 Laetare,
770 2260 1096 2322 Jerusalem,
1136 2259 1394 2315 dedicata
1421 2271 1506 2318 est
1534 2270 1768 2326 ecclesia

182 2347 384 2400 Sancta
445 2346 634 2400 Maria
697 2347 854 2400 Becci
905 2347 1270 2416 praesentibus
1331 2352 1568 2409 Henrico
1635 2376 1765 2431 rege

180 2435 494 2505 Anglorum,
548 2441 606 2489 et
643 2435 880 2489 Henrico
921 2452 1051 2505 rege
1095 2437 1207 2490 filio
1246 2429 1367 2503 suo,
1423 2447 1480 2495 et
1519 2429 1763 2505 Rotrodo

180 2523 604 2594 Rothomagensi
637 2524 914 2594 episcopo,
955 2531 1069 2589 l0
1097 2531 1154 2579 et
1183 2527 1422 2582 Henrico
1453 2532 1757 2605 Briocensi,

180 2610 439 2666 Richardo
486 2612 836 2678 Abrincensi,
872 2630 973 2666 nec
1020 2631 1132 2667 non
1190 2616 1385 2685 ,I‘Jgidio
1439 2619 1757 2681 Ebroicensi

179 2702 454 2771 episcopis.

239 2805 320 2858 Ad
374 2806 784 2861 dedicationem
831 2825 959 2862 vero
1008 2810 1204 2865 altaris
1252 2813 1500 2883 majoris,
1558 2817 1761 2873 obtulit

178 2893 436 2949 Henricus
467 2913 566 2949 rex
621 2901 781 2965 pater
818 2913 916 2966 per
959 2899 1231 2968 capellum
1281 2919 1443 2956 suum
1475 2906 1756 2962 redditum

178 2997 407 3037 annuum
447 2989 675 3038 centum
717 2984 1027 3054 librarum;
1072 2988 1175 3041 hoc
1205 2989 1411 3044 donum
1453 2994 1626 3062 patris
1668 2998 1755 3050 sui

177 3073 508 3126 conﬁrmavit
554 3071 830 3126 Henricus
877 3089 969 3126 rex
1012 3075 1222 3143 junior,
1277 3084 1467 3132 astans
1529 3081 1604 3135 ibi
1659 3095 1815 3154 perc

179 3158 500 3215 ablationem
532 3161 727 3214 annuli
759 3161 864 3214 sui.
911 3163 1193 3216 Statutum
1235 3171 1319 3220 est
1345 3174 1534 3222 autem
1565 3170 1634 3224 ab
1664 3189 1755 3226 ar-

177 3248 528 3321 chiepiscopo,
591 3255 646 3303 et
696 3251 910 3303 caeteris
969 3252 1242 3323 episcopis
1305 3256 1400 3326 qui
1464 3260 1754 3315 ecclesiam

175 3335 573 3402 dedicaverunt,
632 3354 694 3390 ac
751 3338 921 3391 etiam
995 3339 1063 3391 ab
1121 3340 1320 3396 abbate
1377 3345 1634 3416 Rogerio,
1693 3356 1757 3404 ut

175 3427 603 3481 anniversarium
636 3427 812 3497 ipsius
857 3427 1221 3483 dedicationis
1270 3448 1557 3503 nunquam
1605 3438 1753 3491 infra

175 3514 644 3585 quadragesimam
674 3517 850 3580 fieret,
877 3516 974 3568 sed
1005 3533 1227 3586 semper
1265 3521 1404 3574 feria
1431 3525 1599 3577 tertia
1628 3532 1752 3595 post

174 3609 376 3657 octavas
401 3605 650 3659 Pascha.
682 3604 920 3666 Quidam
946 3605 1393 3676 archiepiscopus
1413 3609 1648 3679 largitus
1666 3619 1750 3667 est

174 3692 528 3762 quadraginta
558 3693 676 3746 dies
697 3692 1172 3762 indulgentiarum
1203 3696 1460 3750 omnibus
1489 3716 1614 3753 vere
1639 3718 1749 3771 pa-

174 3779 477 3846 nitentibus,
531 3787 589 3834 et
633 3781 914 3845 confessis,
949 3782 1042 3852 qui
1091 3783 1416 3852 praedictam
1457 3788 1748 3843 ecclesiam

173 3867 496 3924 visitaverint
522 3871 578 3923 in
601 3869 981 3923 anniversario
1003 3870 1177 3940 ipsius
1193 3871 1748 3946 dedicationis,prout

174 3956 318 4024 plane
346 3965 499 4028 patet
530 3959 589 4012 in
615 3959 817 4011 litteris
846 3959 980 4011 dicti
1007 3961 1219 4013 domini
1252 3962 1673 4034 archiepiscopi.

233 4065 383 4118 Anno
411 4065 638 4119 Domini
668 4065 963 4118 millesimo
1003 4067 1304 4121 centesimo
1334 4070 1746 4140 septuagesimo

174 4166 322 4218 nono,
335 4154 468 4208 obiit
481 4155 588 4225 pia
603 4154 881 4207 memoria
902 4154 1162 4208 dominus
1175 4157 1743 4228 Rogerius,septimus

172 4237 323 4295 abbas
349 4243 524 4307 Becci,
555 4242 649 4313 qui
680 4243 817 4296 rexit
846 4243 1097 4296 eamdem
1127 4243 1408 4298 abbatiam
1438 4252 1666 4301 strenue
1687 4255 1743 4302 et

1850 1907 2083 1961 corpora
2112 1894 2432 1943 sanctorum
2459 1887 2694 1956 Nigasii,
2720 1885 2962 1954 Quirini,
2995 1889 3164 1953 atque
3192 1881 3442 1948 Bientia,

1851 1986 1906 2032 et
1953 1979 2101 2032 beati
2158 1977 2408 2032 Gratiani
2466 1976 2750 2046 martyris,
2805 1975 2864 2028 in
2919 1972 3211 2026 ecclesiam
3267 1970 3446 2024 sancti

1850 2067 2065 2137 Nigasii
2094 2067 2163 2120 de
2194 2067 2476 2129 Mellento,
2511 2070 2703 2118 octavo
2730 2061 3010 2117 Kalendas
3037 2060 3210 2114 Junii.

1921 2154 2090 2208 Anno
2129 2154 2353 2208 Domini
2381 2153 2678 2207 millesimo
2726 2149 3029 2205 centesimo
3078 2146 3443 2217 nonagesimo

1849 2244 2086 2314 septimo
2123 2243 2429 2297 Walterius
2480 2241 2651 2296 abbas
2700 2239 2858 2293 Becci
2900 2235 3202 2306 resignavit
3247 2250 3442 2290 curam

1849 2333 2112 2386 Beccensi
2144 2331 2492 2386 monasterii.
2523 2330 2627 2384 Cui
2659 2327 2927 2383 successit
2961 2327 3020 2379 in
3046 2325 3244 2380 eadem
3268 2323 3440 2378 abba-

1846 2421 1926 2473 tia
1955 2423 2117 2490 Hugo
2149 2421 2303 2491 prior
2330 2421 2398 2473 de
2426 2420 2628 2483 Prato;
2660 2417 2755 2488 qui
2785 2414 3010 2487 prafuit
3032 2413 3296 2485 pradicto
3326 2428 3443 2466 mo-

1846 2510 2089 2563 nasterio
2109 2511 2281 2563 abbas
2297 2495 2649 2572 undecimus,
2664 2522 2812 2560 anno
2831 2521 2943 2558 uno
2965 2508 3022 2570 et
3043 2502 3295 2567 dimidio,
3313 2517 3441 2556 cum

1841 2597 2021 2651 tribus
2052 2598 2360 2666 mensibus,
2385 2603 2442 2650 et
2467 2595 2647 2650 tribus
2675 2592 3041 2647 hebdomadis
3063 2610 3076 2658 ;
3095 2596 3152 2644 et
3179 2590 3445 2660 migravit

1841 2703 1876 2740 a
1905 2687 2105 2742 saculo
2150 2685 2300 2757 apud
2339 2687 2592 2747 Pratum,
2631 2699 2778 2737 anno
2807 2680 3103 2735 millesimo
3133 2679 3438 2733 centesimo

1841 2774 2202 2844 nonagesimo
2216 2779 2427 2838 octavo,
2443 2773 2534 2825 die
2545 2770 2761 2824 decima
2777 2774 2939 2822 sexta
2956 2767 3164 2821 mensis
3177 2766 3440 2832 Maii,hoc

1841 2869 1926 2916 est
1945 2863 2160 2916 decimo
2183 2861 2422 2931 septimo
2453 2859 2734 2914 Kalendas
2755 2856 2908 2912 Junii
2933 2875 2945 2923 ;
2967 2856 3329 2925 sepultusque
3353 2860 3441 2909 est

1841 2951 1901 3005 in
1921 2951 2165 3020 capitulo
2182 2950 2340 3004 Becci
2353 2950 2513 3018 juxta
2532 2947 2700 3018 pedes
2711 2944 2913 3000 tumuli
2924 2943 3140 2998 domini
3156 2943 3433 2998 Herluini.

1910 3040 2052 3093 Huic
2068 3038 2331 3093 successit
2341 3032 2971 3100 Willermus,secundus
2985 3033 3152 3102 hujus
3167 3031 3432 3098 nominis,

1838 3127 2010 3181 abbas
2051 3127 2414 3181 duodecimus
2459 3123 2748 3178 Beccensis
2784 3121 3131 3187 monasterii,
3176 3122 3431 3192 ejusdem

1838 3217 1942 3271 loci
1969 3216 2294 3270 monachus.

1909 3309 2069 3359 Anno
2118 3304 2338 3357 Domini
2381 3300 2682 3356 millesimo
2709 3299 3013 3354 centesimo
3064 3299 3431 3370 nonagesimo

1836 3411 2004 3456 nono,
2039 3393 2338 3448 Matthaus
2373 3408 2559 3446 comes
2588 3388 2936 3445 Bellimontis
2975 3404 3148 3458 supra
3192 3389 3428 3452 Isaram,

1835 3490 1891 3536 et
1912 3483 2140 3536 Alienor
2155 3499 2295 3537 uxor
2323 3483 2462 3551 ejus,
2495 3479 2872 3534 fundaverunt
2894 3476 3185 3531 ecclesiam
3211 3477 3430 3543 Sancta

1835 3573 2022 3626 Mariae
2051 3572 2119 3624 de
2148 3572 2319 3642 Layo.

1900 3664 2061 3714 Anno
2078 3660 2300 3713 Domini
2322 3659 2620 3712 millesimo
2641 3655 3023 3711 ducentesimo
3040 3652 3426 3719 octavo,tertio

1830 3750 2020 3802 Nonas
2067 3749 2220 3813 Julii,
2265 3749 2593 3802 Willermus
2635 3746 2808 3800 abbas
2854 3744 3012 3798 Becci
3065 3742 3426 3797 duodecimus

1830 3837 2075 3906 perrexit
2103 3837 2251 3906 apud
2291 3837 2524 3905 Layum,
2561 3840 2761 3902 rogatu
2799 3831 3044 3888 Matthai
3091 3830 3312 3884 comitis
3356 3831 3426 3884 de

1830 3925 2178 3978 Bellomonte
2221 3939 2388 3994 super
2439 3923 2671 3985 Isaram,
2721 3921 2817 3990 qui
2870 3919 3076 3972 ibidem
3131 3917 3424 3971 ecclesiam

1830 4017 2219 4068 construxerat
2248 4030 2259 4064 :
2291 4011 2480 4081 ibique
2525 4010 2826 4081 pradictus
2868 4007 3060 4071 abbas,
3110 4023 3237 4060 cum
3267 4006 3422 4060 omni

1828 4103 2126 4156 sanctitate
2164 4106 2220 4155 et
2261 4099 2572 4154 reverentia
2608 4097 2906 4168 spirituali,
2957 4100 3292 4149 conventum
3338 4094 3422 4149 in~

1827 4191 2013 4244 stituit
2041 4191 2109 4244 de
2138 4189 2427 4243 monachis
2462 4187 2641 4252 Becci,
2677 4202 2814 4256 quos
2862 4201 3051 4238 secum
3085 4183 3414 4250 adduxerat,

1823 4286 1938 4333 tam
1971 4279 2038 4332 de
2077 4278 2509 4348 congregatione
2562 4275 2720 4342 Becci
2751 4291 2920 4344 quam
2949 4273 3018 4327 de
3057 4271 3414 4337 Conﬂancio;

170 4329 404 4438 fit?”
429 4349 613 4430 .anms
662 4337 915 4438 ,mgmtff’
977 4334 1258 4438 'nerlélbus
1310 4335 1491 4438 tfltfus
1522 4337 1916 4438 _de?emeui
1953 4367 2133 4420 dictus
2169 4383 2354 4420 comes
2394 4366 2590 4420 eodem
2628 4381 2775 4418 anno
2817 4361 3072 4429 decessit,
3106 4367 3164 4416 et
3202 4360 3412 4415 ibidem

169 4415 341 4473 diebus
369 4421 553 4474 minus
580 4439 592 4486 ;
627 4426 683 4473 et
720 4421 970 4490 sepultus
1003 4430 1089 4473 est
1118 4422 1176 4474 in
1216 4423 1457 4492 capitulo
1485 4425 1735 4493 ejusdem

171 4505 404 4574 ecclesia,
432 4511 579 4562 circa
601 4509 766 4578 pedes
785 4509 997 4562 domini
1019 4510 1273 4563 Herluini
1295 4512 1462 4580 primi
1485 4514 1735 4582 ejusdem

169 4589 260 4647 loci
284 4596 510 4652 abbatis.

229 4701 359 4756 Huic
377 4704 676 4759 venerabili
691 4705 807 4758 viro
829 4705 1093 4758 successit
1113 4705 1170 4758 in
1193 4706 1465 4774 regimine
1488 4707 1736 4776 ejusdem

170 4784 402 4846 Ecclesia
425 4793 753 4848 venerabilis
792 4799 849 4846 et
879 4794 1180 4847 admodum
1209 4795 1504 4863 religiosus
1537 4797 1618 4848 vir
1646 4797 1740 4849 do-

169 4875 334 4933 minus
354 4882 632 4936 Osbernus
659 4882 811 4952 prior
832 4882 902 4935 de
932 4883 1277 4936 Bellomonte
1308 4884 1552 4952 Rogerii.

228 4976 374 5029 Anno
415 4979 639 5033 Domini
691 4979 990 5032 millesimo
1039 4979 1342 5032 centesimo
1395 4981 1733 5049 octogesimo

171 5063 400 5131 septimo,
424 5067 562 5121 obiit
584 5067 685 5137 pia
714 5067 1116 5120 recordationis
1147 5068 1405 5121 dominus
1427 5069 1728 5135 Osbernus,

171 5154 371 5206 octavus
412 5156 581 5210 abbas
628 5156 918 5209 Beccensis
965 5157 1311 5219 monasterii,
1375 5158 1457 5210 vir
1501 5174 1732 5212 summa

172 5240 471 5307 prudentia,
522 5245 795 5314 religiosa
843 5251 900 5298 et
955 5245 1200 5298 honesta
1256 5245 1400 5311 vita,
1451 5247 1545 5315 qui
1591 5248 1732 5300 rexit

171 5320 299 5380 idem
314 5333 706 5386 monasterium
727 5333 887 5386 annis
903 5339 1138 5402 septem,
1159 5334 1446 5387 mensibus
1470 5335 1728 5388 undecim

173 5425 268 5466 una
297 5418 378 5471 die
419 5422 618 5484 minus,
661 5427 716 5474 et
747 5421 997 5491 sepultus
1041 5421 1148 5474 fuit
1190 5421 1245 5473 in
1275 5421 1536 5491 capitulo,
1585 5421 1730 5476 circa

175 5502 319 5566 pedes
336 5511 529 5563 tumuli
552 5510 826 5573 Herluini,
855 5510 1101 5578 ejusdem
1124 5509 1226 5562 loci
1257 5510 1589 5563 fundatoris.

234 5599 359 5656 Huic
412 5608 673 5662 successit
728 5607 786 5660 in
835 5606 1106 5676 regimine
1162 5607 1336 5677 ipsius
1404 5609 1722 5663 monasterii

1819 4456 2061 4509 traditur
2097 4455 2415 4525 sepultura.

1888 4547 2049 4597 Anno
2081 4544 2303 4598 Domini
2347 4543 2644 4598 millesimo
2683 4539 3064 4596 ducentesimo
3092 4539 3413 4608 undecimo,

1819 4633 2004 4686 media
2026 4638 2207 4696 nocte,
2225 4633 2534 4698 Dominica,
2551 4633 2765 4686 decimo
2789 4635 2989 4702 quarto
3010 4629 3292 4686 Kalendas
3312 4627 3414 4683 Oc-

1819 4721 2015 4784 tobris,
2073 4720 2211 4774 obiit
2266 4720 2369 4790 pia
2420 4721 2702 4774 memoria
2759 4720 3030 4774 Dominus
3084 4718 3411 4772 Willermus

1821 4810 2184 4864 duodecimus
2221 4808 2392 4862 abbas
2431 4809 2590 4862 Becci
2615 4825 2628 4874 ;
2654 4809 2751 4878 qui
2782 4807 3002 4877 praefuit
3027 4806 3208 4860 eidem
3228 4821 3412 4858 coeno-

1815 4898 1906 4951 bio
1954 4898 2116 4951 annis
2157 4897 2444 4964 tredecim,
2483 4896 2769 4950 mensibus
2811 4895 3046 4960 duobus,
3097 4899 3155 4948 et
3190 4893 3407 4948 duabus

1815 4986 2199 5052 hebdomadis,
2233 5002 2348 5040 una
2393 4986 2482 5040 die
2531 4990 2759 5055 excepta
2790 5002 2802 5049 ;
2836 4989 2893 5036 et
2930 4983 3183 5053 sepultus
3224 4987 3310 5035 est
3349 4981 3410 5036 in

1817 5075 2078 5146 capitulo,
2107 5077 2269 5145 juxta
2306 5075 2589 5129 tumulum
2637 5072 2804 5144 primi
2833 5071 3114 5127 Willermi
3152 5069 3406 5140 ejusdem

1814 5165 1917 5219 loci
1940 5164 2160 5218 abbatis
2180 5163 2353 5230 tertii,
2381 5163 2441 5217 in
2461 5164 2690 5217 dextera
2723 5165 2882 5232 parte
2911 5159 3125 5214 domini
3151 5159 3408 5214 Herluini

1813 5253 2060 5325 praedicti
2108 5253 2213 5306 loci
2251 5253 2588 5317 fundatoris,
2619 5267 2857 5322 quorum
2900 5249 3152 5304 omnium
3205 5248 3406 5303 anima

1811 5344 2163 5413 requiescant
2191 5343 2249 5395 in
2278 5359 2428 5413 pace.
2465 5341 2624 5396 Unde
2651 5356 2843 5394 versus
2869 5357 2880 5392 :

1949 5432 2107 5487 Alter
2146 5433 2462 5485 Willermus
2482 5435 2627 5498 jacet
2657 5431 2748 5484 hic
2767 5430 2928 5482 abbas
2957 5430 3257 5483 duodenus.

1881 5521 1983 5573 Cui
2021 5520 2285 5573 successit
2315 5521 2372 5572 in
2420 5519 2644 5572 abbatia
2682 5518 2940 5571 dominus
2989 5517 3296 5571 Richardus
3334 5516 3402 5568 de

1810 5612 2011 5663 Sancto
2052 5608 2412 5678 Leodegario,
2447 5613 2578 5662 tunc
2607 5607 2947 5661 infirmarius
2985 5605 3233 5677 praedicti
3274 5605 3398 5672 loci,
