3920 6350
503 297 609 355 659

1458 295 1557 354 AD
1596 299 1836 355 OPERA
1872 301 1935 357 B.
1977 296 2392 355 LANFRANCI
2428 295 2814 352 APPENDIX.
2861 286 2868 290 ’

3670 297 3772 362 660

505 423 604 494 qui
649 423 761 478 fuit
807 423 878 478 ab
932 423 1085 479 omni
1136 422 1568 493 congregatione
1614 429 1771 479 sexto
1817 421 2442 482 KalendasAdominus
2459 421 2734 475 Henricus
2757 420 2827 474 de
2854 420 3057 476 Sancto
3079 422 3441 494 Leodegario,
3457 423 3612 495 prior
3632 424 3774 494 ejus-

506 509 761 567 Octobris
800 512 1029 576 electus,
1074 516 1274 582 quarto
1306 511 1586 566 Kalendas
1615 513 1865 581 ejusdem
1890 512 2097 566 mensis

506 599 765 671 Philippo
789 601 911 671 regi
938 601 1189 656 Francia?
1215 604 1604 670 prresentatus,
1628 606 1685 654 et
1710 607 2001 671 gratanter
2027 601 2096 655 ab

508 703 572 743 eo
588 693 966 760 susceptus,et
982 689 1249 744 Kalendis
1269 688 1574 759 supradicti
1590 690 1816 754 mensis,
1841 690 1929 742 die
1950 689 2097 743 vide-

503 776 638 832 licet
655 779 834 833 sancti
855 777 1114 847 Remigii,
1134 777 1203 830 ab
1223 776 1634 848 archiepiscopo
1663 785 1702 842 Ι
1728 784 1766 842 Ι
1799 778 2097 832 Rothoma—

501 865 684 935 gensi,
708 871 766 920 et
792 867 852 920 in
884 865 1114 920 ecclesia
1141 865 1576 934 Rothomagensi
1605 865 1949 919 benedictus.

575 954 737 1009 Anno
748 955 974 1009 Domini
988 953 1287 1008 millesimo
1307 953 1688 1008 ducentesimo
1704 953 1919 1006 decimo
1935 971 2098 1025 quar-

505 1046 584 1107 to,
608 1058 754 1096 anno
783 1048 982 1114 quarto
1021 1048 1316 1113 postquam
1352 1041 1649 1112 praedictus
1687 1040 2000 1096 Richardus
2028 1043 2096 1096 de

501 1131 1038 1201 sanctoLeodegario
1051 1130 1295 1200 suscepit
1311 1129 1756 1184 abbatiamBecci
1769 1130 2090 1200 regendam,

501 1217 670 1288 coepit
685 1218 835 1273 idem
855 1219 1166 1274 Richardus
1192 1235 1463 1273 renovare
1484 1223 1541 1272 et
1569 1218 1906 1272 reaediﬁcare
1929 1219 2097 1273 eccle-

499 1306 641 1362 siam
674 1307 921 1378 praedicti
949 1309 1077 1372 loci,
1119 1324 1242 1378 quae
1268 1312 1520 1377 tempore
1557 1307 1816 1360 Walterii
1845 1308 2093 1378 ejusdem

499 1394 606 1449 loci
645 1395 882 1461 abbatis,
914 1413 1015 1466 pro
1044 1412 1252 1464 magna
1280 1401 1438 1465 parte
1473 1399 1781 1448 corruerat.

569 1483 752 1553 Igitur
771 1484 937 1552 jactis
964 1484 1024 1536 in
1053 1484 1230 1537 altum
1252 1483 1653 1548 fundamentis,
1678 1483 1796 1554 ipse
1836 1484 2093 1538 manibus

500 1571 620 1626 suis
645 1572 893 1641 primum
940 1571 1206 1642 lapidem,
1237 1571 1635 1626 circumstante
1664 1578 1936 1626 conventu
1967 1590 2087 1641 suo,

501 1675 674 1729 super
693 1660 1123 1714 fundamentum
1142 1659 1346 1730 posuit,
1371 1659 1554 1730 prima
1570 1660 1660 1713 die
1687 1661 1832 1715 lunae
1856 1662 2091 1732 quadra-

498 1747 754 1818 gesimae;
775 1754 1109 1818 procurante
1125 1754 1182 1802 et
1196 1754 1532 1820 cooperante
1554 1751 1909 1820 Ingelramno
1921 1752 2095 1822 magi—
2111 1730 2161 1795 Β

499 1841 617 1891 stro
639 1837 821 1908 operis
846 1838 1031 1892 Beataa
1060 1840 1248 1893 Mariae
1273 1837 1763 1917 Rothomagensis,
1789 1842 1945 1910 cujus
1967 1859 2094 1896 con-

499 1925 627 1980 silio
645 1942 706 1979 se
726 1927 1004 1980 commisit
1030 1927 1099 1980 ad
1120 1927 1258 1981 illud
1275 1943 1414 1998 opus
1429 1927 1807 1982 inchoandum
1829 1934 1886 1983 et
1900 1947 2093 2000 procu-

497 2014 756 2069 randum.
775 2015 930 2070 Idem
945 2032 1072 2070 vero
1083 2016 1472 2086 Ingelramnus
1495 2016 1731 2072 viriliter
1747 2034 1934 2089 agens,
1953 2035 2093 2089 Opus

496 2100 807 2172 incoeptum
827 2104 1010 2175 primo
1032 2121 1178 2157 anno
1192 2121 1318 2157 cum
1335 2121 1542 2174 magna
1562 2104 1764 2159 virtute
1780 2105 2088 2170 aedificavit,

498 2194 556 2244 et
608 2190 852 2246 frontem
902 2193 1161 2257 ecclesiae,
1207 2196 1265 2245 et
1317 2208 1515 2246 navem
1566 2192 1625 2246 in
1683 2193 2091 2262 longitudinem

497 2278 650 2333 auxit
673 2297 686 2346 ;
711 2283 768 2332 et
787 2279 1002 2334 duabus
1023 2279 1382 2350 amplissimis
1412 2280 1661 2334 turribus
1682 2281 1914 2335 miriﬁce
1935 2282 2094 2336 ador-

496 2365 689 2434 navit;
741 2372 966 2438 peracto
1023 2373 1214 2421 autem
1261 2384 1409 2422 anno
1453 2375 1512 2422 et
1561 2369 1718 2433 semi,
1772 2370 2005 2424 retraxit
2035 2389 2094 2425 se

496 2452 931 2524 aliquantulum,
959 2472 1098 2526 opus
1121 2455 1479 2522 retardando,
1495 2461 1553 2510 et
1571 2474 1703 2523 non,
1735 2463 1798 2512 ut
1819 2461 2092 2529 promise—

496 2545 606 2605 rat,
655 2543 1015 2612 perﬁciendo.
1067 2544 1187 2607 Quo
1224 2544 1338 2597 viso
1371 2550 1428 2598 et
1464 2551 1771 2616 comperto,
1803 2546 1974 2602 abbas
2001 2565 2091 2602 sa-

498 2629 675 2702 pienti
704 2647 838 2684 usus
867 2631 1116 2697 consilio,
1149 2633 1271 2702 jam
1305 2649 1417 2686 uno
1449 2649 1595 2686 anno
1636 2639 1693 2688 et
1730 2641 1852 2688 octo
1882 2637 2093 2690 mensi-

495 2717 603 2772 bus
630 2719 886 2788 expletis,
914 2725 1101 2774 amoto
1144 2721 1500 2790 Ingelramno
1548 2722 1668 2776 foro
1706 2728 1896 2777 sancto
1935 2723 2089 2797 [edit.

501 2807 668 2862 Gilles
682 2808 870 2879 facto],
894 2809 1280 2864 tradiditillud
1302 2827 1442 2882 Opus
1459 2811 1529 2864 ad
1554 2812 1954 2882 perﬁciendum
1979 2831 2094 2869 ma-

2178 509 2305 562 dem
2335 509 2461 573 loci,
2489 508 2574 560 vir
2601 508 2716 561 vita
2759 507 3110 572 venerabilis,
3146 514 3202 564 et
3223 509 3490 580 progenie
3519 514 3770 577 exortus;

2177 595 2612 667 benedictusque
2655 601 2740 650 est
2781 595 2851 649 ab
2890 597 3305 668 archiepiscopo
3339 598 3775 668 Rothomagensi

2177 684 2495 738 Theobaldo
2522 684 2718 755 quinto
2738 684 3021 739 Kalendas
3049 685 3308 755 Augusti.

2248 773 2358 826 Iste
2388 772 2660 826 Henricus
2699 772 2756 825 in
2787 771 2984 826 diebus
3014 773 3147 838 suis,
3179 773 3538 828 laudabiliter
3568 778 3630 828 et
3654 773 3774 828 reli~

2175 860 2330 929 giose
2376 861 2582 925 vivens,
2625 877 2794 931 super
2830 861 2988 926 alios,
3041 866 3105 914 ut
3135 861 3398 928 creditur,
3436 868 3774 916 conventum

2179 966 2342 1003 suum
2364 949 2622 1019 diligens,
2641 948 2903 1015 debonis,
2929 966 3051 1020 quae
3067 950 3228 1003 multi
3249 949 3521 1004 nobilium
3546 956 3606 1004 et
3624 951 3775 1021 igno-

2179 1036 2371 1090 bilium
2403 1037 2558 1108 large
2593 1043 2647 1090 et
2666 1037 3093 1092 afﬂuentissime
3121 1044 3372 1110 tempore
3401 1056 3503 1093 suo
3525 1039 3774 1094 ecclesia

2178 1125 2339 1180 Becci
2367 1126 2738 1191 contulerant,
2774 1125 3045 1195 pitancias
3082 1127 3154 1180 ad
3185 1127 3549 1182 necessitates
3578 1144 3773 1182 eorum

2176 1213 2485 1268 liberaliter
2513 1214 2820 1271 constituit.
2854 1215 2966 1267 Iste
2998 1215 3386 1270 dormitorium
3415 1233 3624 1270 novum
3657 1216 3774 1270 ﬁeri

2177 1301 2325 1367 fecit,
2367 1302 2499 1373 quia
2545 1307 2712 1356 antea
2749 1303 3022 1356 monachi
3050 1304 3350 1358 Beccenses
3395 1304 3666 1375 jacebant
3719 1305 3772 1358 in

2177 1392 2418 1461 quodam
2477 1391 2654 1444 veteri
2713 1391 3061 1456 dormitorio,
3125 1392 3183 1445 in
3236 1392 3418 1466 tribus
3484 1392 3774 1447 ordinibus

2175 1481 2446 1534 lectorum
2458 1481 2701 1534 confuse.
2725 1481 2851 1550 Ipse
2871 1480 3038 1532 etiam
3054 1481 3414 1550 aquaeductus
3432 1482 3502 1535 ad
3525 1499 3774 1535 cameras

2171 1568 2569 1623 necessitatum
2631 1569 3036 1636 emundandas,
3078 1575 3195 1622 tam
3253 1587 3354 1640 pro
3412 1571 3769 1624 inﬁrmitorio

2173 1674 2339 1728 quam
2372 1674 2471 1728 pro
2491 1663 2784 1723 conventu,
2809 1673 3039 1711 manare
3059 1657 3205 1724 fecit,
3237 1659 3306 1712 ad
3335 1661 3645 1713 maximam
3676 1659 3772 1713 do-

2177 1763 2301 1800 mus
2324 1746 2796 1811 emundationem,
2824 1747 2958 1817 quia
2982 1752 3167 1811 antea,
3203 1753 3267 1800 ut
3287 1747 3511 1813 dicitur,
3537 1747 3625 1800 vix
3647 1765 3772 1819 pos-

2174 1840 2299 1889 sent
2327 1835 2585 1888 monachi
2606 1835 2663 1888 in
2685 1835 2927 1888 claustro
2953 1839 3180 1906 propter
3208 1836 3443 1889 fetorem
3473 1835 3574 1890 diu
3603 1840 3770 1891 stare.

2243 1925 2405 1976 Anno
2444 1923 2668 1977 Domini
2709 1923 3005 1976 millesimo
3043 1923 3426 1978 ducentesimo
3477 1924 3770 1995 trigesimo

2175 2016 2370 2066 octavo
2383 2011 2640 2064 dedicata
2658 2011 2765 2064 fuit
2788 2012 3020 2066 ecclesia
3031 2011 3220 2066 Sancti
3233 2012 3398 2066 Neoti
3419 2013 3774 2079 Lincolnien-

2175 2099 2251 2153 sis
2285 2100 2536 2153 dioecesis
2575 2100 2633 2152 in
2663 2101 2883 2170 Anglia.

2244 2189 2407 2242 Anno
2433 2188 2656 2242 Domini
2683 2189 2980 2243 millesimo
3001 2189 3382 2245 ducentesimo
3412 2191 3772 2263 quadragesi-

2176 2293 2270 2330 mo
2297 2277 2485 2342 tertio,
2518 2276 2698 2347 pridie
2724 2277 2854 2330 Idus
2876 2278 3101 2349 Aprilis,
3124 2279 3215 2333 die
3247 2280 3458 2347 Martis,
3491 2280 3646 2336 inter
3661 2282 3772 2353 pri-

2177 2381 2327 2418 mam
2360 2371 2416 2418 et
2456 2365 2703 2432 tertiam,
2737 2378 2868 2419 ante
2899 2367 3128 2421 missam
3169 2369 3586 2437 matutinalem,
3624 2387 3770 2424 com-

2174 2453 2496 2508 busta‘fuit
2538 2455 2769 2508 ecclesia
2807 2456 2981 2520 Prati,
3026 2472 3155 2510 cum
3202 2457 3461 2511 omnibus
3512 2459 3767 2525 ofﬁcinis,

2177 2549 2404 2614 excepto
2432 2543 2808 2610 inﬁrmitorio,
2843 2543 2912 2597 ab
2930 2545 3059 2614 igne
3090 2545 3159 2599 de
3185 2545 3669 2602 Ermentomvilla.

2247 2633 2408 2684 Anno
2431 2632 2652 2686 Domini
2673 2632 2967 2686 millesimo
2997 2633 3377 2689 ducentesimo
3408 2636 3771 2707 quadragesi-

2176 2736 2267 2773 mo
2296 2719 2552 2790 septimo,
2583 2721 2722 2774 obiit
2746 2721 2851 2791 piae
2891 2723 3175 2777 memoriae
3205 2724 3465 2778 dominus
3497 2725 3770 2780 Henricus

2177 2807 2348 2861 abbas
2377 2809 2534 2862 Becci
2566 2809 2817 2862 decimus
2848 2815 3101 2880 quartus,
3144 2811 3204 2864 in
3233 2812 3424 2882 vigilia
3450 2813 3770 2868 Nativitatis

497 2894 675 2964 gistro
695 2897 968 2951 VValterio
990 2898 1057 2952 de
1077 2899 1361 2966 Mellento,
1387 2899 1482 2970 qui
1503 2900 1670 2954 tertio
1694 2917 1842 2954 anno
1862 2902 2096 2956 adduxit
2177 2897 2357 2950 sancti
2385 2897 2615 2951 Joannis
2641 2897 2938 2968 Baptista-3;
2971 2899 3215 2954 traditur
3243 2902 3547 2972 sepulturae
3579 2902 3640 2956 in
3677 2919 3771 2957 ca-

499 2988 556 3038 et
574 2985 837 3038 exaltavit
861 2987 1185 3056 praedictum
1208 3004 1348 3059 Opus
1366 2988 1425 3041 in
1446 2993 1686 3053 tantum,
1722 2989 1870 3060 quod
1888 3006 2092 3044 novum
2116 3041 2153 3060 η
2177 2986 2355 3056 pitulo
2403 2987 2653 3055 ejusdem
2683 2987 2808 3051 loci,
2852 2988 3000 3041 circa
3045 2989 3212 3059 pedes
3250 2990 3462 3044 domini
3494 2992 3767 3058 Herluini,

499 3088 640 3144 opus
671 3075 910 3144 aequavit
944 3077 1137 3140 veteri,
1173 3076 1341 3131 simul
1370 3093 1493 3130 cum
1525 3077 1783 3131 turribus
1815 3083 1873 3131 et
1901 3095 2095 3132 earum
2113 3073 2156 3100 υ
2177 3073 2544 3143 praesentibus
2573 3075 2643 3128 ad
2668 3075 2772 3128 hoc
2798 3076 3077 3145 prioribus
3105 3077 3362 3133 omnibus
3393 3079 3613 3134 ordinis
3648 3082 3772 3135 Bec-

503 3160 760 3230 ciboriis;
793 3164 1204 3233 coopertorium
1233 3165 1564 3236 presbyterii
1601 3172 1658 3220 et
1673 3167 1876 3220 turrim
1907 3167 2096 3222 Sancti
2179 3163 2378 3230 censis,
2418 3168 2536 3216 tam
2581 3163 2896 3218 cismarinis
2935 3181 3102 3236 quam
3131 3168 3541 3235 transmarinis,
3580 3170 3680 3241 qui
3706 3169 3770 3223 ad

501 3249 718 3303 Nicolai
763 3251 994 3321 plumbo
1042 3269 1107 3306 ex
1155 3259 1273 3307 toto
1308 3254 1615 3308 renovavit.
1665 3255 1844 3326 Super
1896 3273 2096 3328 corpus
2183 3252 2287 3305 hoc
2314 3251 2392 3305 ibi
2431 3257 2823 3318 convenerant,
2863 3257 2929 3306 ut
2955 3255 3292 3310 interessent
3320 3257 3568 3328 capitulo
3606 3275 3772 3330 gene-

503 3337 748 3393 ecclesiae
794 3355 995 3394 novam
1041 3345 1314 3395 tecturam
1346 3343 1552 3412 posuit,
1596 3347 1713 3397 tam
1756 3360 1925 3416 super
1957 3363 2097 3416 opus
2179 3339 2285 3392 Pali
2329 3339 2523 3392 80dem
2553 3340 2642 3394 die
2689 3340 3047 3398 εθὶθῦΐθιῐιάοο
3095 3342 3203 3406 QUi
3245 3345 3494 3414 PPaBdiCti
3535 3347 3769 3417 ΡΓίοΓθεν

505 3424 801 3497 antiquum
816 3444 984 3499 quam
1001 3445 1225 3495 novum,
1241 3431 1497 3500 ettegula
1512 3431 1774 3502 plumbea
1788 3435 2094 3504 cooperuit.
2180 3443 2307 3481 cum
2334 3427 2487 3481 omni
2511 3429 2963 3498 congregatione,
2981 3431 3039 3484 in
3061 3431 3258 3485 θοάθῐῐι
3287 3433 3552 3503 capitum,
3590 3436 3769 3506 elege-

574 3516 739 3586 Apud
797 3515 1150 3584 Vemonem,
1210 3520 1523 3574 thalamum
1579 3523 1877 3592 (chambre)
1931 3541 2100 3594 super
2179 3517 3496 3578 runtunanimiconsensudominumRobertum
3518 3525 3592 3580 de
3615 3527 3772 3581 Claro

506 3603 798 3660 cellarium
827 3611 885 3659 et
933 3608 1203 3677 capellam
1251 3608 1440 3664 Sancti
1481 3609 1695 3664 Nicolai
1727 3613 2014 3666 renovavit
2040 3599 2101 3666 et
2182 3606 2375 3671 Becco,
2425 3610 2559 3660 tunc
2608 3607 2950 3662 vineatorem
2997 3609 3155 3664 Becci
3195 3612 3255 3666 in
3304 3613 3561 3675 Francia,
3597 3616 3771 3670 virum

506 3692 812 3764 ampliavit,
827 3699 884 3749 et
897 3695 1036 3750 alias
1056 3696 1270 3762 domos,
1291 3714 1414 3770 quae
1433 3703 1600 3753 antea
1624 3699 1702 3754 ibi
1724 3717 1834 3755 non
1850 3700 2095 3768 fuerant,
2183 3695 2512 3765 prudentem
2539 3695 2597 3749 in
2627 3696 3012 3767 spiritualibus
3042 3703 3100 3752 et
3121 3703 3524 3772 temporalibus
3541 3705 3772 3760 circum-

506 3781 1212 3852 afundamentisfundavit,
1229 3791 1284 3840 et
1297 3788 1483 3842 omnia
1506 3789 1696 3858 tegula
1710 3790 1930 3861 operire
1950 3789 2098 3856 fecit,
2181 3790 2456 3854 Spectum,
2507 3783 2565 3837 in
2596 3785 2893 3842 festiVitate
2949 3789 3126 3843 beatae
3164 3790 3352 3844 Mariae
3405 3793 3769 3862 Magdalenwa

509 3875 566 3925 et
586 3871 800 3926 curiam
829 3889 990 3927 muro
1009 3873 1230 3944 lapideo
1251 3875 1654 3930 circumcinxit.
1676 3877 1840 3946 Apud
1861 3878 2103 3932 Murelos
2187 3872 2293 3936 Qui
2313 3879 2569 3943 receptus
2597 3873 2665 3928 ab
2686 3876 2920 3946 Hugone
2937 3877 3005 3931 de
3024 3878 3148 3932 Pise
3178 3884 3310 3933 tunc
3327 3881 3537 3934 decano
3562 3881 3772 3937 Rotho-

512 3961 2103 4033 unamdomumpermaximamafundamentis,aediﬁcavit,
2187 3961 2458 4031 magensi,
2499 3967 2556 4016 et
2591 3964 2834 4034 capitulo
2871 3966 3328 4038 Rothomagensi,
3372 3976 3607 4025 vacante
3646 3978 3771 4026 tunc

507 4053 565 4102 et
587 4064 712 4102 eam
738 4050 930 4120 tegula
948 4051 1261 4121 cooperuit;
1279 4053 1335 4105 in
1360 4069 1471 4123 qua
1497 4053 1794 4119 domo‘,duo
1824 4056 2102 4124 pressoria.
2183 4049 2312 4104 sede
2334 4067 2434 4121 per
2457 4057 2694 4105 mortem
2715 4053 2925 4108 Odonis
2937 4056 3340 4127 archiepiscopi
3359 4058 3770 4132 Rothomagen—

509 4137 823 4204 constituit;
852 4138 964 4192 tria
979 4155 1107 4192 vero
1127 4139 1238 4193 alia
1263 4141 1542 4212 pressoria
1566 4157 1690 4210 quae
1721 4142 1920 4197 domus
1943 4144 2101 4199 Becci
2182 4139 2277 4205 SiS,
2301 4140 2583 4209 quondam
2598 4141 2817 4196 abbatis
2842 4143 3032 4197 Sancti
3053 4145 3322 4217 Dionysii,
3337 4146 3772 4221 benedictusque

509 4225 681 4283 habet
699 4225 848 4280 circa
865 4227 1192 4282 Mellentum
1211 4230 1515 4295 renovavit,
1539 4235 1597 4284 et
1616 4247 1737 4300 quae
1753 4231 2103 4303 discooperta
2183 4234 2269 4282 est
2298 4229 2632 4301 Rothomagi
2663 4231 2732 4284 ab
2763 4232 3024 4304 episcopo
3056 4233 3394 4303 Ebroicensi,
3417 4237 3476 4291 in
3505 4238 3597 4292 die
3618 4238 3769 4294 Nati-

511 4319 690 4378 erant,
717 4314 936 4385 operire
965 4315 1130 4384 fecit;
1163 4317 1260 4372 sed
1289 4323 1348 4372 et
1379 4318 1574 4372 domos
1607 4319 1787 4386 Becci,
1820 4337 1942 4390 quae
1971 4317 2372 4383 suntDvitatis
2400 4318 2656 4388 gloriosae
2684 4321 2932 4390 Virginis
2961 4322 3169 4377 Mariae.

505 4403 566 4456 in
615 4402 800 4456 insula
859 4404 1046 4458 Sancti
1103 4407 1334 4471 Cosmee,
1391 4407 1699 4473 renovavit,
1758 4425 1956 4463 novam
2015 4416 2098 4464 te-
2265 4407 3768 4488 l2AnnoDominimillesimoducentesimoquinqua-

511 4495 1122 4563 cturamsuperponens
1142 4495 1398 4565 ettegula
1415 4496 1756 4565 cooperiens.
1775 4498 1903 4551 Haec
1921 4503 1975 4552 et
1992 4500 2102 4553 alia
2181 4495 2414 4564 geSimO.
2439 4496 2529 4550 die
2559 4496 2850 4552 Dominica
2878 4504 3008 4553 ante
3037 4500 3240 4555 festum
3263 4503 3440 4557 sancti
3470 4504 3765 4569 ΜίοῙιθιθῙίεν

512 4595 685 4650 opera
711 4581 868 4635 valde
901 4584 1215 4638 necessaria
1242 4583 1375 4636 fecit
1413 4583 1561 4637 idem
1590 4584 1900 4639 Richardus
1928 4587 2102 4643 abbas
2184 4584 2331 4653 RPUd
2388 4584 2785 4651 Conﬂantium,
2815 4588 3154 4643 translatum
3206 4597 3292 4645 est
3329 4609 3531 4663 corpus
3572 4600 3767 4649 sancta

509 4668 657 4722 infra
677 4673 790 4724 tres
811 4687 1006 4738 annos,
1028 4677 1146 4726 tam
1172 4671 1229 4724 in
1249 4671 1486 4725 Francia
1505 4688 1670 4742 quam
1693 4673 1751 4727 in
1763 4676 2102 4731 Northman-

511 4758 625 4823 nia,
655 4758 776 4813 sine
805 4760 1041 4830 alicujus
1070 4761 1152 4813 vel
1183 4759 1498 4829 aliquorum
1529 4761 1749 4815 auxilio.

580 4849 743 4902 Anno
787 4849 1011 4902 Domini
1060 4845 1357 4902 millesimo
1399 4850 1780 4905 ducentesimo
1812 4853 2096 4922 vigesimo,

506 4937 684 4991 Nonis
711 4937 864 5002 Julii,
885 4937 1192 4990 translatus
1222 4941 1307 4990 est
1323 4937 1600 5007 gloriosus
1630 4945 1845 5011 martyr
1858 4943 2100 4996 Thomas

507 5025 931 5081 Cantuariensis
952 5025 1234 5094 quondam
1263 5027 1730 5098 archiepiscopus,
1759 5046 1905 5083 anno
1925 5048 1958 5083 a
1983 5049 2103 5101 pas-

506 5116 664 5170 sione
686 5131 789 5169 sua
819 5113 1305 5184 quinquagesimo.

574 5205 736 5258 Anno
783 5201 1008 5256 Domini
1062 5201 1357 5257 millesimo
1409 5203 1788 5260 ducentesimo
1833 5207 2099 5275 vigesimo

502 5293 691 5360 tertio,
741 5291 1000 5346 dominus
1031 5291 1340 5347 Richardus
1369 5293 1541 5348 abbas
1587 5295 1747 5349 Becci
1777 5296 1988 5349 clcctus
2017 5302 2101 5351 est

504 5382 560 5435 in
595 5381 916 5452 episcopum
945 5380 1356 5449 Ebroicensem,
1390 5383 1606 5436 decimo
1631 5389 1786 5437 sexto
1819 5385 2098 5440 Kalendas

504 5470 762 5540 Augusti,
780 5476 1145 5543 sacratusque
1159 5477 1243 5526 est
1258 5477 1412 5527 sexto
1423 5472 1705 5527 Kalendas
1721 5473 2062 5543 Septembris
2084 5495 2096 5543 ;

508 5558 600 5615 cui
627 5560 895 5631 successit
921 5560 982 5616 in
1012 5561 1238 5617 abbatia
1265 5561 1426 5618 Becci
1449 5561 1786 5617 venerabilis
1817 5564 2100 5621 memoriae

2185 4672 2484 4727 Honorinze
2511 4673 2579 4727 de
2607 4675 2780 4728 veteri
2811 4693 2975 4746 capsa
3004 4678 3064 4731 in
3093 4679 3333 4748 quadam
3365 4681 3478 4734 alia
3504 4699 3675 4753 capsa
3692 4699 3770 4736 ar-

2181 4765 2404 4830 gentea,
2431 4767 2682 4833 tempore
2708 4764 2935 4819 Roberti
2964 4765 3181 4821 abbatis
3211 4769 3387 4835 Becci,
3412 4777 3469 4824 et
3497 4770 3768 4827 Willermi

2179 4848 2253 4901 de
2281 4849 2486 4904 Brzetot
2513 4851 2715 4921 prioris
2745 4853 2813 4906 de
2844 4855 3224 4922 Conﬂuancio,
3252 4859 3623 4926 przesentibus
3663 4859 3768 4914 Ro-

2183 4937 2536 5008 thomagensi
2573 4941 3015 5013 archiepiscopo,
3049 4949 3106 4997 et
3135 4945 3392 5016 episcopo
3424 4947 3762 5012 Parisiensi;

2184 5041 2295 5079 una
2334 5044 2461 5081 cum
2504 5028 2666 5082 dictis
2708 5029 2908 5084 abbate
2958 5033 3219 5098 Roberto,
3248 5035 3434 5104 priore
3462 5037 3762 5101 Willermo,

2185 5115 2253 5168 de
2272 5115 2498 5170 licentia
2509 5117 2721 5172 domini
2743 5120 3053 5174 Innocentii
3082 5137 3235 5194 papae
3249 5125 3456 5194 quarti,
3479 5130 3614 5180 tunc
3631 5125 3766 5198 apud

2183 5204 2520 5274 Lugdunum
2541 5207 2827 5276 existenti;
2855 5215 3130 5279 regnante
3158 5211 3439 5267 Ludovico
3469 5213 3765 5270 illustrissi-

2183 5309 2273 5346 mo
2305 5311 2436 5365 rege
2475 5296 2838 5361 Francorum,
2871 5304 3004 5352 tunc
3034 5299 3091 5353 in
3129 5305 3279 5354 terra
3312 5303 3761 5375 Ierosolymitana

2183 5384 2593 5454 peregrinante,
2663 5386 2910 5440 Blancha
2965 5392 3146 5442 matre
3203 5391 3454 5460 ejusdem
3515 5391 3762 5448 Ludovici

2183 5492 2419 5546 regnum
2441 5477 2784 5533 Francorum
2814 5485 3043 5535 strenue
3065 5481 3434 5552 gubernante.

2253 5566 2416 5622 Anno
2464 5567 2689 5623 Domini
2725 5569 3024 5627 millesimo
3070 5571 3453 5629 ducentesimo
3503 5576 3762 5648 quinqua-
