3920 6358
172 326 282 385 661
1354 325 1673 381 CHRONIC
1682 324 1753 378 Ol

1847 323 2211 381 SECCENSE.
3348 328 3457 399 662

163 454 394 524 gesimo
421 458 600 522 sexto,
646 452 946 523 praedictus
992 452 1323 517 Ludovicus,
1358 468 1454 506 rex
1499 450 1769 514 Francia,
1791 450 1843 509 Α
1933 450 2076 503 Huic
2109 448 2414 504 venerabili
2441 448 2560 503 viro
2590 463 2657 503 ex
2698 448 2983 502 communi
3012 464 3245 505 assensu
3280 451 3457 508 totius

160 541 285 596 fuit
312 542 462 613 apud
489 542 726 596 Beccum
760 540 1023 607 Hirluini,
1067 542 1125 594 in
1172 541 1263 594 die
1309 538 1771 595 Annuntiationis
1856 538 2105 607 ejusdem
2163 538 2270 593 loci
2319 536 2753 608 congregatione
2805 536 3073 591 successit
3123 540 3454 596 venerabilis

160 628 508 697 Dominica;
542 646 651 700 qua
693 629 783 683 die
812 629 1053 683 comedit
1074 630 1135 682 in
1157 628 1469 694 refectorio,
1502 644 1629 682 cum
1660 626 1769 681 mi-

159 714 369 769 litibus
395 719 454 768 et
474 713 778 767 baronibus
806 713 942 780 suis,
969 712 1196 767 domino
1214 713 1407 767 Odone
1434 711 1655 783 Rigaud
1683 727 1769 765 ar-

157 802 525 874 chiepiscopo
553 802 993 871 Rothomagensi
1021 803 1092 856 ad
1121 802 1429 868 sinistram,
1455 806 1513 854 et
1541 799 1767 854 domino

156 890 419 946 Roberto
438 891 639 945 abbate
664 890 822 945 Becci
842 891 1209 945 addexteram
1232 907 1413 956 suam,
1428 906 1555 944 cum
1576 887 1769 941 multis

155 980 294 1033 aliis
324 980 569 1052 pralatis
595 979 938 1034 sedentibus.
971 980 1040 1034 Et
1068 979 1265 1034 exinde
1312 979 1548 1033 Pontem
1576 977 1768 1032 Audo-

157 1068 317 1122 mari
361 1085 622 1140 pergens,
663 1068 949 1123 libertates
995 1068 1269 1139 plurimas
1317 1066 1562 1123 ecclesia
1608 1065 1767 1123 Becci

154 1157 544 1213 conﬁrmavit.

231 1247 404 1301 Anno
434 1245 657 1300 Domini
687 1245 985 1300 millesimo
1018 1244 1400 1299 ducentesimo
1421 1244 1767 1313 sexagesimo

160 1339 399 1405 quarto,
433 1333 625 1389 Idibus
649 1334 803 1401 Maii,
833 1334 971 1388 feria
998 1334 1166 1388 tertia
1198 1339 1329 1388 ante
1374 1334 1762 1399 Pentecosten,

1853 626 2115 693 Joannes,
2133 630 2270 681 tunc
2293 626 2448 697 prior
2470 624 2650 694 Becci,
2668 624 3103 697 benedictusque
3133 616 3219 681 est
3244 627 3454 684 Rotho-

1852 713 2022 784 magi,
2043 713 2104 767 in
2133 713 2224 767 die
2246 713 2424 770 sancti
2435 712 2668 769 Joannis
2687 713 3060 784 evangelista.
3085 715 3454 772 Conﬁrmata-

1853 820 1960 873 que
2008 806 2064 855 et
2102 807 2347 873 recepto,
2392 796 2449 857 et
2492 818 2607 857 non
2648 801 2825 857 multo
2875 807 3022 873 post,
3064 803 3356 874 elegerunt
3389 806 3451 860 in

1849 891 2093 962 priorem
2124 891 2259 945 dicti
2301 891 2427 959 loci,
2471 891 2711 945 fratrum
2754 892 3127 946 concordante
3151 908 3451 965 consensu,

1850 980 2124 1033 Joannem
2143 979 2212 1033 de
2223 978 2464 1033 Plesseis
2476 979 2723 1050 priorem
2742 979 3138 1048 dejGoldelina;
3156 981 3256 1036 sed
3266 986 3449 1038 morte

1850 1073 2185 1140 praeventus,
2206 1067 2473 1124 successit
2489 1068 2549 1122 in
2567 1068 2823 1139 prioratu
2836 1068 3165 1125 Willermus
3183 1069 3254 1125 de
3264 1070 3446 1127 Bour-

1847 1154 2127 1225 geanvilla
2153 1155 2306 1226 prior
2334 1153 2403 1209 de
2432 1155 2622 1209 Prato.

1919 1246 2082 1298 Anno
2108 1242 2336 1297 Domini
2362 1242 2663 1297 millesimo
2681 1241 3069 1297 ducentesimo
3098 1236 3446 1316 sexagesimo

1848 1349 2017 1400 nono,
2048 1337 2304 1403 tempore
2332 1332 2565 1386 Joannis
2602 1330 2822 1386 abbatis
2867 1332 3030 1386 Becci
3071 1332 3275 1388 decimi
3302 1335 3446 1390 sexti

152 1423 404 1478 ecclesia
433 1423 591 1478 Becci
614 1422 906 1477 combusta
931 1422 1058 1488 fuit,
1092 1439 1219 1477 cum
1246 1421 1505 1476 omnibus
1525 1421 1762 1475 ofﬁcinis
1848 1421 2175 1492 supradicti,
2199 1420 2477 1474 translata
2506 1424 2593 1473 est
2629 1418 2895 1490 parochia
2921 1421 3100 1475 sancti
3130 1422 3347 1492 Nigasii
3374 1423 3446 1477 de

151 1515 214 1566 et
244 1511 535 1581 domibus,
561 1516 689 1582 post
722 1512 1172 1582 completorium,
1206 1510 1275 1565 ab
1314 1510 1432 1580 igni
1479 1509 1640 1575 villae,
1668 1510 1763 1581 qui
1846 1510 2110 1564 Mellento
2140 1510 2209 1563 de
2238 1507 2582 1562 monasterio
2628 1508 3033 1563 monachorum
3075 1509 3136 1564 in
3170 1510 3446 1582 capellam

148 1600 397 1672 incoepit
423 1600 482 1654 in
506 1602 673 1655 domo
701 1600 1055 1671 presbyterii,
1102 1606 1159 1653 et
1206 1597 1603 1654 miserabiliter
1628 1615 1762 1652 con-
1847 1598 2035 1653 Sancti
2081 1597 2272 1652 Jacobi
2310 1596 2564 1667 ejusdem
2602 1596 2897 1667 parochia,
2944 1601 3002 1650 et
3044 1597 3191 1652 facta
3231 1604 3318 1653 est
3347 1599 3447 1654 illa

148 1690 410 1761 sumpsit
439 1690 625 1744 villam
650 1694 707 1743 et
730 1689 1019 1743 ecclesiam
1050 1689 1212 1752 villae,
1265 1694 1322 1741 et
1358 1694 1553 1759 postea
1588 1687 1811 1761 abba-_
1845 1687 2059 1757 capella
2081 1685 2418 1758 parochialis
2452 1690 2509 1739 et
2532 1684 2883 1755 baptismalis
2911 1686 3162 1754 ecclesia,
3202 1687 3446 1743 interve-

147 1757 339 1844 tiamv;
375 1777 577 1831 abbate
610 1777 850 1831 Roberto
879 1782 1014 1831 tunc
1044 1777 1193 1847 apud
1223 1757 1488 1830 Lexovias
1517 1776 1587 1829 ad
1613 1757 1821 1847 capi-B
1843 1777 2035 1829 niente
2065 1791 2299 1829 assensu
2336 1774 2617 1846 pontiﬁcis
2649 1774 3031 1841 Carnotensis,
3063 1774 3281 1830 abbatis
3318 1792 3446 1830 con-

146 1866 345 1919 tulum
365 1864 630 1920 abbatum
650 1866 915 1936 generale
933 1865 1223 1919 existente.
1246 1864 1451 1919 Eodem
1482 1880 1630 1918 anno
1646 1880 1758 1917 non
1842 1869 2042 1918 ventus
2082 1863 2394 1929 Beccensis,
2444 1868 2503 1917 et
2545 1862 2769 1934 prioris,
2812 1868 2868 1917 et
2909 1869 3213 1920 conventus
3252 1862 3446 1921 Sancti

146 1955 339 2009 multo
369 1960 498 2024 post
525 1955 698 2008 turris
727 1954 1019 2009 Beccensis
1035 1954 1275 2024 lapidea,
1301 1970 1423 2024 qua
1453 1958 1575 2007 erat
1597 1953 1760 2022 juxta

147 2043 475 2107 cellarium,
504 2043 732 2110 corruit,
767 2048 824 2098 et
853 2043 1067 2097 dictum
1096 2042 1387 2097 cellarium
1436 2046 1494 2095 et
1538 2047 1757 2112 partem

149 2131 409 2186 ecclesia
438 2132 845 2203 conquassavit.

224 2221 400 2274 Anno
424 2220 647 2274 Domini
675 2219 972 2275 millesimo
1004 2219 1386 2274 ducentesimo
1415 2219 1761 2289 sexagesimo

151 2309 381 2379 quinto,
410 2307 551 2363 obiit
573 2309 676 2380 pia
718 2308 1022 2373 memoria,
1055 2314 1112 2362 et
1138 2307 1433 2362 laudabilis
1463 2308 1607 2371 vita,
1636 2308 1761 2378 glo-

148 2397 505 2451 riosissimus
542 2396 819 2453 Robertus
848 2398 1020 2452 abbas
1049 2397 1207 2452 Becci
1236 2396 1485 2451 decimus
1507 2397 1758 2467 quintus,

147 2485 210 2540 in
245 2490 412 2540 nocte
441 2487 619 2540 sancti
646 2488 987 2554 Clementis;
1021 2486 1117 2557 qui
1146 2486 1291 2540 rexit
1313 2485 1597 2540 abbatiam
1627 2485 1761 2539 dicti

148 2575 286 2642 loci,
311 2580 445 2629 ante
468 2574 911 2630 combustionem
942 2577 1083 2646 ejus,
1099 2574 1376 2629 sexdecim
1398 2574 1585 2642 annis,
1602 2591 1761 2628 men-

151 2663 317 2718 sibus
357 2680 575 2730 novem,
609 2665 977 2719 hebdomadis
1012 2664 1212 2730 tribus,
1250 2670 1306 2718 et
1336 2664 1516 2718 tribus
1544 2664 1759 2730 diebus,

149 2759 288 2824 post
317 2753 763 2808 combustionem
787 2771 916 2808 vero
958 2752 1178 2808 duobus
1209 2753 1371 2807 annis
1414 2758 1472 2806 et
1506 2752 1762 2822 dimidio,

152 2846 401 2912 octoque
451 2841 682 2909 diebus;
715 2843 810 2913 qui
847 2842 906 2896 in
945 2859 1121 2895 unum
1154 2842 1386 2905 collecti,
1433 2843 1580 2895 ﬁunt
1624 2841 1758 2895 anni

152 2924 566 2991 novemdecim,
611 2932 853 2997 quatuor
895 2943 1118 2980 menses
1148 2932 1204 2979 et
1233 2930 1475 2997 quatuor
1521 2925 1660 2978 dies.
1690 2925 1760 2978 Et

1841 1952 2061 2023 Nigasii
2092 1952 2162 2005 de
2190 1953 2457 2006 Mellento
2508 1952 2833 2023 supradicti,
2881 1957 2939 2006 et
2973 1952 3157 2006 Ivonis
3186 1953 3444 2009 Ecclesia

1842 2041 2076 2095 rectoris
2096 2042 2144 2110 ej
2152 2040 2971 2107 usdem,contradicentibus,et
2980 2040 3372 2096 resistentibus
3387 2048 3446 2098 et

1841 2129 2321 2203 proclamantibus
2340 2128 2714 2200 parochianis,
2737 2128 2836 2182 sed
2863 2144 2977 2183 non
2991 2128 3444 2199 praevalentibus.

1915 2219 2219 2288 Postquam
2244 2216 2546 2287 praedictus
2566 2217 2810 2271 Joannes
2839 2215 3010 2271 abbas
3033 2216 3195 2271 Becci
3212 2222 3443 2274 strenue

1840 2305 2174 2378 gubernavit
2205 2306 2461 2360 eamdem
2490 2304 2795 2370 abbatiam,
2826 2305 3004 2360 ferme
3024 2310 3241 2378 septem
3257 2307 3443 2375 annis,

1843 2396 1992 2450 diem
2021 2394 2223 2449 clausit
2246 2400 2579 2459 extremum,
2611 2393 2672 2448 in
2715 2393 2806 2447 die
2853 2398 3177 2449 sanctorum
3205 2394 3443 2466 Nigasii,

1843 2484 2234 2554 sociorumque
2254 2484 2394 2553 ejus,
2420 2499 2568 2537 anno
2600 2469 2825 2538 Domini
2857 2482 3154 2537 millesimo
3172 2483 3443 2540 ducente-

1842 2573 1983 2627 simo
2003 2573 2417 2644 septuagesimo
2433 2572 2694 2638 secundo,
2704 2577 2762 2627 et
2781 2573 3035 2643 sepultus
3054 2576 3140 2627 est
3153 2573 3212 2627 in
3227 2574 3444 2646 capitu-

1844 2662 1899 2715 lo
1920 2661 2056 2716 dicti
2075 2661 2201 2728 loci,
2226 2661 2373 2715 circa
2399 2666 2569 2732 caput
2601 2660 2815 2715 domini
2846 2661 3104 2715 Herluini
3123 2662 3293 2733 primi
3312 2662 3448 2718 dicti

1845 2750 1951 2805 loci
1979 2750 2311 2804 fundatoris.
2336 2751 2406 2803 Et
2443 2750 2641 2804 eodem
2680 2766 2828 2803 anno
2862 2749 3107 2804 Ecclesia
3134 2750 3294 2805 Becci
3321 2767 3449 2806 con-

1836 2840 2034 2909 juncta
2062 2844 2148 2893 est
2170 2838 2516 2893 fraternitati
2545 2838 2801 2893 Ecclesia
2830 2837 3171 2893 Fiscanensi.

1912 2928 2016 2981 Cui
2042 2928 2311 2981 successit
2337 2927 2398 2981 in
2427 2926 2654 2980 abbatia
2684 2925 3163 2981 eminentissimus
3193 2927 3295 2994 vir,
3334 2928 3443 2983 Pe-

149 3014 416 3084 sepultus
445 3020 530 3067 est
553 3013 612 3067 in
641 3016 885 3086 capitulo
915 3015 1061 3068 circa
1080 3015 1250 3085 pedes
1268 3013 1479 3068 domini
1500 3012 1758 3068 Herluini
1780 3080 1813 3087 _
1838 3020 1960 3070 trus
1990 3016 2058 3069 de
2087 3015 2299 3069 Caniba
2335 3017 2499 3086 juxta
2539 3016 2796 3081 Beccum,
2837 3019 2971 3068 tunc
3019 3019 3137 3083 la
3166 3015 3322 3087 prior
3370 3015 3442 3072 de

149 3102 209 3157 in
244 3102 479 3157 sinistra
495 3108 674 3173 parte.

641 3204 986 3246 BPITAPHIUM
1024 3204 1186 3245 EJUSD
1196 3204 1286 3244 ΕΜ.

300 3282 453 3334 Becci
471 3282 793 3346 coenobium,
815 3281 1163 3349 quindenum
1178 3281 1379 3347 plango
1399 3280 1686 3335 Robertum

297 3369 593 3434 Abbatem;
620 3373 797 3423 cinwit
827 3375 872 3422 te
903 3373 1102 3435 muris,
1141 3374 1290 3438 teque
1324 3371 1509 3437 refecit

300 3457 699 3525 Consump‘tmn
722 3461 985 3528 ﬂammis,
1023 3460 1179 3511 rebus
1204 3460 1401 3511 (litavit
1430 3463 1479 3511 et
1509 3460 1681 3525 agris.

225 3548 378 3600 Nota
417 3547 583 3616 quod.
608 3547 830 3617 quando
846 3547 1133 3600 combusta
1146 3547 1251 3600 fuit
1272 3547 1503 3600 ecclesia
1523 3547 1756 3601 Beccen-

149 3635 250 3700 sis,
275 3634 485 3688 summi
510 3635 819 3705 pontiﬁces,
848 3635 1089 3688 maxime
1113 3635 1372 3689 Urbanus
1395 3641 1450 3689 et
1472 3636 1749 3702 Clemens,

145 3723 412 3795 precibus
424 3724 631 3777 nostris
650 3723 922 3790 inclinati,
944 3724 999 3777 in
1014 3724 1497 3777 readiﬁcationem
1520 3729 1577 3777 et
1596 3741 1752 3795 repa-

147 3814 431 3868 rationem
444 3813 688 3867 ecclesia
709 3819 932 3879 nostra,
958 3814 1104 3883 ignis
1128 3813 1563 3883 conﬂagratione
1588 3830 1750 3868 casu-

150 3918 261 3973 que
290 3901 597 3955 miserabili
626 3902 706 3955 sic
730 3907 1092 3971 consumpta,
1123 3901 1525 3956 ordinaverunt
1548 3902 1749 3956 utred-

149 3990 303 4045 ditus
329 3994 385 4044 et
405 3996 705 4061 proventus
731 3990 897 4044 unius
945 3991 1077 4043 anni
1108 3991 1466 4043 ecclesiarum
1498 3995 1554 4044 et
1581 3990 1749 4044 bene-

149 4080 407 4134 ﬁciorum
438 4079 711 4143 omnium,
738 4079 796 4133 in
826 4079 1027 4149 quibus
1056 4097 1157 4133 nos
1196 4080 1280 4133 vel
1299 4079 1511 4149 priores
1537 4079 1749 4150 priora-

147 4171 309 4223 tuum
345 4173 667 4222 nostrorum
691 4168 786 4239 jus
817 4174 1147 4239 patronatus
1178 4168 1467 4234 habemus,
1501 4169 1749 4222 existen-

146 4258 291 4312 tium
332 4257 390 4310 in
409 4256 656 4310 Francia
685 4262 739 4309 et
769 4257 983 4327 Anglia
1011 4258 1217 4326 regnis,
1262 4263 1318 4310 et
1355 4274 1530 4327 usque
1556 4258 1624 4310 ad
1657 4258 1747 4310 de-

1772 3080 1814 3139 C
1840 3104 2169 3160 Evremodio
2190 3123 2204 3172 ;
2236 3080 2674 3175 benedictusque
2704 3080 2791 3157 est
2818 3102 2889 3157 ab
2919 3080 3112 3158 Odone
3140 3080 3448 3160 Ilothoma-

1837 3194 1999 3264 gensi
2016 3193 2457 3265 archiepiscopo.
2475 3192 2579 3247 Cui
2593 3191 2797 3246 accidit
2825 3191 2883 3246 in
2903 3191 3085 3263 primo
3114 3208 3262 3247 anno
3291 3191 3443 3264 regi-

1839 3280 2008 3335 minis
2035 3282 2154 3350 ejus
2188 3281 2303 3335 tale
2327 3280 2703 3335 infortunium
2723 3280 2890 3351 quod,
2914 3279 3181 3351 pradicto
3208 3297 3356 3336 anno
3382 3279 3443 3336 in

1839 3370 2149 3424 crastinum
2169 3370 2454 3434 Cinerum,
2472 3368 2689 3423 decimo
2712 3369 2907 3440 quinto
2929 3368 3212 3424 Kalendas
3232 3369 3441 3436 Martii,

1840 3458 1936 3530 qui
1977 3463 2063 3512 est
2090 3475 2271 3513 annus
2299 3457 2369 3513 ab
2398 3457 2795 3513 Incarnatione
2839 3457 3068 3512 Domini
3103 3457 3440 3513 millesimus

1838 3548 2254 3602 ducentesimus
2283 3546 2732 3619 septuagesimus
2747 3546 2966 3613 tertius,
2991 3546 3169 3600 turris
3193 3546 3439 3601 maxima

1837 3637 1997 3691 Becci
2026 3637 2255 3704 corruit,
2290 3641 2347 3691 et
2378 3635 2670 3690 ecclesiam
2690 3635 2806 3690 fere
2832 3634 3179 3707 consumpsit
3206 3640 3261 3690 et
3300 3652 3440 3691 con-

1836 3726 2123 3797 quassavit
2147 3745 2159 3792 ;
2195 3730 2252 3780 et
2277 3726 2404 3797 plus
2432 3725 2806 3796 ponderatum
2843 3723 2951 3777 fuit
2978 3724 3247 3777 damnum
3268 3724 3439 3794 hujus

1832 3832 2059 3869 consum
2067 3814 2273 3886 ptionis
2303 3831 2469 3886 quam
2485 3814 2755 3868 damnum
2767 3811 3185 3879 combustionis,
3199 3812 3333 3881 quia
3351 3817 3439 3866 to-

1831 3909 1954 3958 tum
2009 3904 2449 3975 presbysterium
2492 3902 2551 3956 in
2598 3902 2835 3956 circuitu
2874 3901 3123 3972 oportuit
3160 3900 3434 3955 radicitus

1832 3994 2068 4048 evellere
2093 4010 2270 4065 usque
2295 3992 2367 4046 ad
2395 3991 2783 4047 fundamenta.
2802 3990 2909 4055 Qui
2930 3989 3229 4060 pradictus
3255 3987 3428 4044 abbas

1830 4083 1998 4154 coepit
2025 4087 2393 4153 augmentare
2413 4080 2720 4146 ecclesiam,
2754 4084 2811 4133 et
2828 4077 3059 4149 incoepit
3086 4093 3309 4132 crucem
3341 4094 3425 4133 ec-

1830 4172 2010 4226 clesia
2031 4176 2087 4225 et
2114 4171 2368 4239 chorum,
2385 4175 2443 4225 et
2455 4169 2658 4224 locavit
2677 4173 2919 4240 quatuor
2940 4166 3163 4239 pillaria
3181 4166 3428 4222 maxima

1830 4278 1930 4332 per
1960 4261 2241 4331 quadrum
2282 4261 2341 4313 in
2387 4276 2550 4314 cruce
2587 4257 2853 4313 Ecclesia
2896 4258 2968 4312 ad
3005 4246 3173 4311 aliam
3220 4256 3427 4311 turrim

147 4360 266 4400 cem
283 4362 461 4399 annos
481 4362 674 4399 vacare
695 4346 1057 4415 contigerint:
1080 4346 1260 4415 primo
1275 4363 1441 4409 anno,
1448 4350 1747 4415 postquam
1763 4353 1811 4410 D
1832 4349 2407 4420 superadiﬁcandam.
2453 4350 2534 4403 De
2578 4364 2689 4419 qua
2724 4347 2892 4401 ruina
2922 4347 3132 4402 factum
3164 4345 3269 4402 fuit
3289 4344 3429 4401 illud

148 4450 345 4489 vacare
375 4434 712 4504 contigerint
753 4440 810 4488 et
857 4434 1189 4501 vacaverint,
1241 4435 1300 4488 in
1344 4434 1452 4488 illis
1493 4433 1749 4486 videlicet
1827 4436 2183 4508 proverbium
2215 4436 2428 4505 Gallia,
2456 4437 2607 4508 quod
2635 4436 2926 4508 sequitur:

148 4522 498 4589 dioecesibus,
528 4522 586 4575 in
612 4522 813 4594 quibus
852 4522 947 4575 illo
985 4540 1149 4583 anno,
1175 4522 1504 4577 dioecesanis
1542 4522 1749 4593 episco-

146 4611 230 4682 pis
248 4611 503 4666 redditus
523 4616 579 4664 et
589 4616 891 4682 proventus
906 4612 1247 4681 hujusmodi,
1261 4628 1329 4665 ex
1344 4610 1748 4665 consuetudine

147 4715 256 4755 non
295 4698 532 4754 debetur
562 4713 574 4748 :
602 4699 661 4753 in
693 4699 804 4754 illis
850 4705 1039 4753 autem
1082 4699 1139 4753 in
1184 4699 1385 4770 quibus
1430 4699 1525 4752 illo
1571 4715 1738 4764 anno,

150 4789 240 4859 qui
302 4787 710 4860 deportationis
765 4790 834 4859 [le
892 4790 1102 4859 depart]
1155 4790 1459 4858 vulgariter
1518 4788 1739 4854 dicitur,

148 4876 422 4932 debentur
449 4878 745 4948 episcopis,
782 4878 1106 4949 hujusmodi
1153 4876 1560 4948 deportationis
1593 4893 1740 4931 anno

147 4963 466 5021 immediate
493 4966 769 5037 sequenti,
791 4967 1069 5037 possimus
1100 4967 1383 5038 percipere
1411 4967 1470 5020 in
1501 4965 1741 5021 readiﬁ—

148 5055 421 5110 cationem
469 5055 602 5109 dicti
636 5056 963 5110 monasterii
993 5056 1412 5112 convertendos.
1464 5057 1533 5110 Et
1570 5056 1741 5110 etiam

149 5144 544 5198 ordinaverunt
599 5145 746 5214 quod
791 5145 848 5198 in
898 5145 1237 5216 prioratibus
1277 5144 1487 5199 ordinis
1540 5145 1738 5209 nostri,

148 5238 355 5286 certum
386 5232 662 5286 tributum
691 5234 1057 5304 acciperetur,
1092 5234 1399 5288 secundum
1432 5235 1737 5305 compossi-

147 5310 427 5375 bilitatem'
468 5320 895 5389 beneﬁciorum;
946 5331 1002 5377 et
1055 5323 1179 5377 aliis
1222 5323 1435 5377 cunctis
1481 5324 1737 5379 ﬁdelibus

147 5410 560 5478 penitentibus,
583 5410 676 5482 qui
695 5413 1049 5482 erogaverint
1069 5412 1125 5465 in
1152 5413 1301 5483 piam
1325 5413 1735 5484 eleemosynam

150 5496 211 5551 de
241 5498 401 5552 bonis
427 5515 623 5552 eorum
647 5500 885 5556 Domino
907 5501 1040 5555 anni
1068 5501 1370 5556 ducentum
1402 5502 1521 5556 dies
1548 5502 1737 5557 indul-

150 5587 464 5654 gentiarum
493 5588 749 5643 contulit.

2042 4527 2173 4579 L’an
2211 4526 2274 4579 de
2301 4541 2464 4593 grace
2486 4529 2589 4580 mil
2618 4527 2765 4580 deum
2787 4543 2908 4581 cens

2041 4614 2301 4669 Soz‘xante
2330 4619 2380 4668 et
2412 4617 2595 4679 trez'se,
2619 4618 2807 4670 virent
2834 4632 2966 4685 gens

2037 4704 2111 4756 La
2141 4705 2367 4757 maistre
2397 4706 2524 4756 tour
2551 4704 2628 4756 du
2652 4705 2750 4758 Bec
2770 4704 3076 4773 descendre,

2038 4791 2371 4844 Lendemaz'n
2391 4790 2467 4843 du
2482 4794 2621 4857 jour
2647 4792 2714 4844 de
2734 4794 2790 4845 la
2809 4793 3004 4845 cendre
3022 4808 3045 4859 ;

2037 4879 2255 4931 Entour
2276 4880 2481 4947 prime,
2523 4880 2612 4946 fut
2631 4881 2688 4931 la
2715 4881 2923 4933 ruina:

2036 4968 2272 5021 L’wuvre
2300 4968 2514 5021 dessous
2538 4969 2750 5021 n’estoit
2771 4983 2874 5036 pas
2903 4969 3014 5036 ﬁne
3045 4987 3061 5022 :

2034 5057 2185 5109 Pour
2216 5072 2270 5110 ce
2298 5058 2353 5110 la
2384 5060 2511 5109 tour
2538 5070 2592 5110 se
2620 5056 2914 5121 descendit,

2045 5146 2175 5199 Toul
2201 5148 2247 5200 le
2272 5146 2639 5212 Chaureassa,
2667 5151 2715 5200 et
2741 5148 2920 5214 fendz‘t

2030 5236 2106 5288 De
2135 5238 2190 5289 la
2221 5237 2442 5304 nefune
2478 5237 2688 5304 grande
2706 5238 2910 5304 partis,

2039 5324 2201 5378 ('assa
2234 5328 2290 5380 la
2324 5329 2448 5378 τοῖιν
2472 5327 2534 5379 de
2566 5326 2807 5394 l'abbaye
2826 5344 2844 5389 ;

2035 5416 2177 5467 Mais
2207 5416 2343 5468 Dz'eu
2385 5428 2570 5482 mercy
2590 5431 2643 5467 cc
2665 5430 2764 5482 roy
2785 5415 2955 5482 eheri,

2042 5504 2282 5572 Oncques
2304 5492 2424 5557 Itoni
2436 5520 2517 5556 me
2532 5504 2626 5571 n’y
2656 5509 2771 5557 cust
2789 5507 2947 5572 peri;

2038 5595 2112 5645 (Δις
2141 5594 2226 5659 fut
2256 5609 2323 5647 en
2350 5597 2519 5663 temps
2546 5594 2609 5647 de
2643 5594 2808 5648 l'abbe
2835 5596 3042 5674 Rierre.
