3920 6354
513 322 620 383 663

731 463 940 516 Pource
965 461 1128 530 qu'en
1150 462 1362 531 pierres
1391 463 1630 527 abonda,

728 548 866 604 Sous
885 551 1058 617 ferme
1075 553 1260 618 pierrc
1289 553 1344 604 la
1368 551 1556 618 fanda.

587 636 797 692 Eodem
817 651 965 692 anno
994 636 1054 692 in
1083 633 1325 708 capitulo
1342 638 1592 708 generali
1614 637 1911 708 pradictus
1938 633 2111 692 abbas

515 726 739 791 Petrus,
771 741 834 780 ex
864 741 1140 780 consensu
1165 731 1220 780 et
1248 727 1535 781 voluntate
1566 726 1737 780 totius
1766 727 1997 797 capituli
2027 742 2112 780 or-

517 813 735 868 dinavit
780 813 930 884 quod
976 814 1339 879 camerarius,
1383 814 1479 885 qui
1525 815 1692 868 ofﬁcii
1747 815 1894 868 vices
1945 815 2108 884 gerit,

519 901 793 974 percipiet
834 903 1083 974 quolibet
1111 919 1258 958 anno
1288 903 1347 958 in
1377 904 1718 958 Ascensione
1752 905 1974 958 Domini
2015 921 2116 975 per

517 1007 748 1046 manum
771 991 1096 1061 grenetarii,
1129 992 1222 1062 qui
1251 1008 1350 1064 pro
1380 997 1632 1063 tempore
1657 993 1842 1058 fuerit,
1879 993 2115 1063 triginta

517 1077 690 1134 libras
730 1081 1102 1146 Turonenses,
1147 1097 1246 1150 pro
1294 1081 1812 1152 recompensatione
1854 1098 2114 1136 cavarum

518 1168 900 1222 maneriorum
930 1169 1065 1223 dicti
1105 1170 1433 1240 grenetarii,
1467 1187 1606 1241 quas
1650 1171 1834 1225 dictus
1870 1187 2116 1225 camera-

520 1255 638 1311 rius
668 1257 884 1312 solebat
919 1257 1224 1330 percipere.

589 1345 900 1416 Inceptum
939 1350 1026 1399 est
1062 1346 1168 1400 hoc
1200 1361 1341 1416 opus
1389 1361 1536 1399 anno
1565 1345 1791 1399 Domini
1821 1345 2114 1402 millesimo

519 1435 902 1492 ducentesimo
951 1435 1365 1504 septuagesimo
1401 1434 1616 1504 quinto,
1646 1433 1704 1487 in
1732 1450 1840 1504 quo
1869 1436 2113 1505 primum

519 1523 765 1593 lapidem
796 1521 985 1593 posuit
1005 1522 1205 1577 Petrus
1226 1521 1400 1575 abbas
1413 1522 1592 1588 Becci,
1609 1523 1915 1576 secundum
1943 1523 2113 1576 abbas

521 1611 739 1666 Sancta
801 1609 1118 1664 Catharina
1163 1626 1336 1682 prope
1390 1610 1822 1681 Rothomagum,
1885 1612 2111 1665 tertium

520 1698 839 1752 Willelmus
861 1697 1032 1769 prior,
1052 1704 1110 1752 et
1132 1698 1448 1754 Almaricus
1475 1699 1545 1753 de
1573 1699 1835 1754 Mellento
1852 1701 1945 1770 qui
1964 1701 2116 1770 prior

522 1786 719 1840 eodem
759 1802 907 1840 anno
937 1785 1154 1840 decimo
1193 1786 1478 1841 Kalendas
1515 1787 1768 1841 Octobris
1799 1787 1954 1852 obiit,
1981 1793 2036 1841 et
2061 1773 2174 1841 eiB

522 1873 787 1928 successit
813 1873 1088 1928 Robertus
1131 1874 1201 1928 de
1247 1875 1433 1929 Leone
1478 1875 1630 1946 prior
1675 1875 1744 1930 de
1791 1876 2025 1942 Scotris;
2057 1877 2114 1930 in

523 1978 632 2033 quo
653 1979 821 2033 opere
845 1963 1144 2032 pradictus
1173 1962 1344 2017 abbas
1373 1965 1621 2034 quandiu
1645 1965 1781 2018 vixit
1808 1965 2115 2034 diligentis-

521 2050 662 2106 sime
690 2050 950 2108 intendit.

585 2141 748 2194 Anno
762 2139 1058 2194 millesimo
1069 2139 1800 2210 ducentesimooctogesimo
1814 2147 1967 2196 sexto
1981 2158 2117 2212 pra-

519 2229 702 2283 dictus
729 2228 902 2282 abbas
933 2227 1136 2282 Petrus
1163 2227 1548 2282 transfretavit
1589 2228 1648 2282 in
1694 2231 1974 2298 Angliam,
2019 2231 2116 2284 de-

520 2317 712 2371 functo
736 2317 1014 2371 Richardo
1057 2317 1126 2370 de
1169 2316 1456 2370 Flamvilla
1487 2323 1850 2387 procuratore
1880 2319 2118 2373 Olehon-

520 2406 648 2472 nia,
680 2403 868 2476 ibique
896 2404 1189 2459 constituit
1211 2405 1444 2460 fratrem
1475 2405 1784 2460 Robertum
1825 2407 1895 2460 de
1934 2408 2117 2462 Leone

519 2499 941 2567 procuratorem
972 2510 1073 2564 pro
1103 2510 1188 2547 eo.

591 2583 755 2637 Anno
765 2581 990 2635 Domini
1005 2580 1299 2634 millesimo
1309 2580 1692 2635 ducentesimo
1703 2583 2114 2653 septuagesimo

522 2686 692 2736 nono,
711 2670 800 2724 die
812 2671 982 2724 Luna
1012 2675 1138 2741 post
1155 2670 1357 2724 festum
1381 2669 1559 2724 sancti
1583 2671 1814 2724 Joannis
1831 2672 2112 2743 Baptistae,

521 2759 582 2814 in
612 2759 821 2814 Assisia
853 2759 1378 2814 Pontis-Audomari
1421 2759 1570 2812 facta
1600 2759 1707 2813 fuit
1737 2759 2010 2815 discussio
2048 2761 2118 2815 de

1469 329 1567 385 AD
1606 329 1846 386 OPERA
1883 330 1944 384 Β.
1985 327 2400 387 ῙιΑΝΡΚΑΝΟΙ
2436 332 2824 389 APPENDIX.

3671 337 3763 394 664

2125 464 2177 523 Α
2195 463 2485 534 elegerunt
2508 463 2689 516 virum
2718 461 2981 515 idoneum
3006 459 3064 512 in
3091 457 3510 529 temporalibus,
3541 461 3598 513 et
3624 458 3768 529 spiri-

2192 552 2437 606 tualibus
2479 552 2719 606 multum
2753 551 3216 619 circumspectum
3263 547 3526 618 omnique
3577 563 3770 601 recom-

2193 641 2551 695 mendatione
2573 639 2827 710 dignum,
2860 637 3152 692 dominum
3180 635 3465 690 Ymerium
3490 636 3559 689 de
3580 637 3768 690 Sancto

2191 729 2435 791 Ymerio,
2464 736 2598 783 tunc
2629 728 2870 798 priorem
2900 725 3040 780 dicti
3072 723 3195 778 loci.
3231 725 3337 788 Qui
3357 724 3538 777 dictus
3557 725 3766 790 electus,

2194 818 2300 872 fuit
2328 818 2690 871 conﬁrmatus
2729 815 2877 886 apud
2922 813 3251 878 Pontisiam,
3292 811 3486 866 Martis
3519 812 3628 878 die,
3658 819 3774 882 post

2195 905 2397 959 festum
2430 905 2609 958 sancti
2639 903 2873 957 Andrea
2905 900 3163 972 apostoli,
3209 901 3267 954 in
3315 900 3568 971 prioratu
3597 907 3773 956 nostro

2196 994 2384 1048 Sancti
2415 993 2566 1048 Petri
2596 993 2652 1046 in
2683 991 2834 1044 dicta
2869 989 3016 1054 villa,
3063 1005 3097 1042 a
3138 988 3422 1042 Willelmo
3460 988 3563 1042 Dei
3606 989 3775 1060 gratia

2196 1081 2612 1152 archiepiscopo
2644 1077 3100 1148 Rothomagensi,
3150 1082 3207 1130 et
3246 1077 3336 1130 die
3367 1076 3630 1130 Mercurii
3657 1093 3774 1147 pro-

2196 1171 2348 1224 xima
2375 1169 2523 1241 apud
2555 1169 2805 1223 Parisius
2843 1166 2913 1220 ab
2953 1166 3332 1220 illustrissimo
3371 1182 3503 1235 rege
3545 1165 3775 1220 Francia

2198 1259 2454 1330 Philippo
2483 1261 2760 1328 receptus.
2809 1254 3022 1309 Deinde
3070 1252 3363 1307 Dominica
3393 1253 3668 1324 sequenti,
3696 1269 3776 1306 se-

2197 1347 2380 1402 cunda
2405 1347 2695 1409 adventus,
2711 1343 2969 1396 videlicet
3000 1349 3036 1409 |
3052 1347 3110 1406 4
3134 1341 3374 1411 septimo
3405 1340 3538 1394 Idus
3558 1341 3775 1394 Decem-

2195 1434 2330 1500 bris,
2364 1433 2510 1506 apud
2533 1431 2802 1487 Fraxinos
2841 1429 3261 1500 archiepiscopi,
3311 1429 3380 1482 ab
3421 1429 3617 1483 eodem
3645 1428 3775 1482 Wil-

2195 1525 2370 1578 lermo
2412 1521 2826 1592 archiepiscopo
2857 1518 3295 1587 Rothomagcnsi
3344 1517 3684 1581 benedictus,
3729 1521 3777 1570 et

2196 1613 2252 1666 in
2277 1612 2625 1680 Rothomago
2648 1609 2735 1662 die
2766 1609 2936 1662 Luna
2959 1607 3016 1660 in
3047 1607 3280 1660 ecclesia
3321 1605 3631 1659 cathedrali
3660 1605 3778 1658 fecit

2197 1699 2595 1771 professionem
2650 1702 2994 1761 consuetam,
3043 1700 3100 1748 et
3145 1695 3236 1748 die
3289 1693 3555 1748 Mercurii
3607 1692 3778 1746 subse-

2195 1788 2388 1861 quenti
2416 1787 2562 1858 apud
2593 1787 2829 1840 Beccum
2855 1801 2980 1838 cum
3021 1782 3376 1837 solemnitate
3402 1786 3658 1852 receptus
3683 1786 3776 1834 est.

2265 1878 2412 1930 Nota
2440 1877 2823 1946 juramentum
2869 1873 3016 1943 quod
3059 1871 3191 1924 fecit
3226 1870 3397 1924 abbas
3434 1871 3693 1924 Ymerius
3728 1870 3778 1923 in

2199 1964 2516 2035 receptione
2563 1979 2666 2017 sua
2696 1981 2706 2014 :
2740 1985 2759 2008 α
2799 1962 2912 2031 Ego
2942 1961 3117 2013 frater
3140 1959 3398 2013 Ymerius
3427 1959 3779 2030 permissione

2197 2053 2383 2107 divina
2423 2051 2593 2105 abbas
2619 2049 2946 2104 monasterii
2975 2049 3160 2102 Beata
3191 2048 3374 2103 Maria
3399 2048 3469 2102 de
3502 2048 3691 2114 Becco,
3720 2047 3779 2100 de

2195 2140 2362 2208 bona,
2394 2147 2451 2194 et
2477 2140 2710 2210 antiqua
2751 2144 2809 2192 et
2850 2137 3160 2209 approbata
3191 2136 3598 2190 consuetudine
3625 2137 3779 2206 hujus

2197 2227 2545 2295 monasterii,
2579 2229 2729 2298 juro,
2761 2243 2860 2298 per
2889 2227 3067 2280 Deum
3099 2231 3155 2279 et
3185 2230 3407 2279 sanctos
3437 2226 3581 2295 ejus,
3613 2231 3667 2279 et
3693 2240 3782 2296 per

2198 2319 2303 2372 hoc
2337 2322 2751 2371 sacrosanctum
2796 2314 3175 2384 Evangelium,
3214 2314 3361 2385 quod
3404 2330 3509 2384 ego
3553 2319 3665 2368 tam
3694 2330 3781 2384 per

2199 2424 2288 2461 me
2338 2423 2505 2477 quam
2554 2422 2656 2476 per
2701 2420 2968 2475 personas
3011 2403 3182 2473 hujus
3215 2401 3542 2456 monasterii
3570 2402 3781 2456 idoneas

2199 2495 2604 2549 monasterium
2627 2491 3191 2558 Beccense,etomnia
3223 2493 3344 2560 ejus
3375 2490 3648 2556 membra,
3668 2506 3780 2544 cum

2197 2583 2455 2637 omnibus
2477 2581 2831 2654 pertinentiis
2849 2581 2985 2644 suis,
3005 2583 3121 2634 tam
3144 2579 3201 2633 in
3224 2579 3614 2649 spiritualibus
3627 2595 3776 2650 quam

2197 2670 2618 2741 temporalibus,
2653 2686 2716 2723 ac
2746 2668 2995 2722 omnium
3022 2667 3414 2738 pradictorum
3442 2669 3596 2737 jura.
3623 2666 3781 2738 juris-

2199 2760 2486 2825 dictiones,
2529 2759 2834 2823 libertates,
2865 2758 3078 2821 charta,
3106 2756 3415 2827 privilegia.
3437 2755 3783 2811 consuetudi-

523 2848 780 2913 emenda,
815 2848 984 2917 [Gal.,
1016 2847 1278 2904 Amende.
1313 2849 1680 2913 MARCULFUS,
1713 2848 2028 2916 SPELMANN,
2060 2850 2116 2904 in
2200 2865 2298 2903 nes
2319 2848 2452 2902 dicti
2467 2847 2793 2901 monasterii
2819 2846 3080 2916 antiquas
3102 2851 3160 2900 et
3183 2845 3604 2917 approbatasad
3628 2845 3784 2899 hono-

522 2937 1055 3007 Glossar.],moneta
1071 2936 1249 3001 Becci,
1271 2937 1339 2990 de
1355 2936 1484 2990 villa
1502 2953 1670 3006 quam
1689 2954 1787 2990 rex
1807 2937 2027 2992 volebat
2046 2939 2120 2993 le-
2150 3005 2174 3007 _7
2203 2955 2320 2992 rem
2342 2939 2443 2992 Dei
2465 2943 2521 2992 et
2540 2937 2844 2991 utilitatem
2865 2935 2998 2990 dicti
3030 2935 3376 3001 monasterii,
3409 2934 3554 2989 bene
3588 2941 3640 2989 et
3659 2934 3783 2988 ﬁde--

519 3043 670 3092 vare,
705 3025 864 3080 nobis
885 3025 1296 3097 opponentibus
1327 3042 1428 3096 per
1446 3031 1668 3080 nostras
1690 3027 1913 3081 chartas
1935 3044 1967 3081 a
1987 3044 2117 3098 rege
2135 3005 2179 3064 Ο
2202 3027 2347 3093 liter,
2362 3027 2431 3080 de
2459 3031 2579 3080 toto
2601 3042 2764 3096 posse
2787 3041 2909 3079 meo
2936 3024 3245 3095 procurabo
3266 3030 3324 3078 et
3350 3024 3602 3091 servabo,
3618 3027 3785 3078 custo-

521 3115 736 3186 Anglia
765 3131 1074 3180 concessas,
1124 3131 1188 3168 ac
1234 3131 1268 3168 a
1308 3113 1423 3168 suis
1469 3115 1882 3169 successoribus
1912 3117 2116 3170 conﬁr-

520 3209 724 3257 matas.
773 3203 986 3267 Quibus
1031 3203 1298 3273 inspectis
1341 3207 1399 3256 et
1445 3203 1502 3256 in
1548 3204 1914 3273 parlamentis
1968 3205 2117 3274 regis

519 3291 678 3346 lectis
709 3295 766 3345 et
792 3291 1074 3357 indicatis,
1105 3290 1251 3344 dicta
1283 3291 1522 3345 emenda
1549 3291 1655 3345 fuit
1684 3291 1845 3346 nobis
1876 3292 2114 3358 reddita,

523 3385 578 3435 et
618 3395 807 3434 coram
842 3379 1067 3433 baillivo
1103 3378 1406 3450 multisque
1435 3380 1729 3448 militibus,
1779 3380 1988 3435 ibidem
2028 3399 2119 3436 as-

523 3468 874 3533 sistentibus,
907 3468 1210 3522 declarata.

595 3559 744 3612 Nota
786 3557 934 3628 quod
980 3573 1082 3628 pro
1126 3555 1655 3627 prasentationibus
1699 3556 2116 3626 beneficiorum,

524 3645 674 3701 unde
703 3649 790 3700 est
829 3645 976 3716 quod
1013 3645 1233 3716 priores
1270 3661 1383 3699 non
1434 3644 1641 3699 habent
1689 3652 2028 3717 prasentare
2061 3649 2120 3703 in

525 3733 808 3790 beneﬁciis
819 3735 956 3800 suis,
987 3750 1155 3788 causa
1166 3739 1251 3789 est
1271 3739 1334 3788 ut
1355 3734 1796 3805 quotiescunque
1810 3753 1980 3807 super
1993 3738 2122 3807 jure

525 3829 858 3896 patronatus
889 3823 1167 3894 contingit
1185 3823 1394 3878 moveri
1416 3825 1666 3894 quastio,
1694 3825 2016 3880 conclusum
2039 3833 2123 3881 est

526 3917 592 3968 ut
617 3913 746 3968 talis
773 3914 1006 3984 quastio
1034 3913 1274 3966 ducatur
1312 3911 1627 3982 sumptibus
1656 3913 2004 3980 monasterii,
2043 3918 2118 3976 et,

527 4009 756 4073 propter
780 4002 984 4056 nimios
1023 4006 1281 4072 sumptus
1311 4005 1367 4054 et
1405 4006 1619 4054 metum
1662 4017 2003 4067 muscarum,
2036 4018 2125 4055 vo-

524 4090 735 4145 luerint
761 4107 956 4145 omnes
982 4091 1196 4162 priores
1228 4090 1556 4144 monasterii
1585 4090 1738 4160 quod
1767 4089 2123 4161 prasentatio

526 4184 804 4250 spectaret
847 4180 917 4233 ad
973 4179 1254 4243 abbatem,
1305 4178 1401 4249 qui
1451 4178 1665 4232 subiret
1721 4195 1894 4232 onera
1939 4179 2124 4233 litium

526 4269 934 4339 emergentium
961 4268 1108 4322 circa
1132 4269 1227 4337 jus
1258 4273 1608 4337 patronatus,
1659 4274 1887 4338 excepto
1931 4273 2124 4324 tamen

525 4355 712 4426 priore
740 4355 809 4409 de
839 4355 1074 4410 Cancico
1106 4353 1202 4424 qui
1230 4369 1342 4408 non
1371 4355 1712 4425 comparuit.

598 4445 758 4496 Anno
787 4442 1087 4496 Dominica
1116 4442 1526 4496 Incarnationis
1568 4443 1864 4498 millesimo
1907 4444 2116 4498 ducen-

527 4531 732 4588 tesimo
761 4531 1099 4601 octogesimo
1146 4531 1348 4600 primo,
1398 4531 1489 4585 die
1534 4532 1827 4587 Dominica
1863 4533 2008 4587 circa
2039 4549 2123 4587 ve-

530 4636 741 4692 speras,
775 4619 833 4672 in
858 4619 948 4673 die
975 4620 1225 4674 omnium
1255 4619 1506 4673 ﬁdelium
1538 4620 1950 4688 defunctorum,
1987 4622 2127 4676 obiit

531 4707 864 4764 venerabilis
909 4707 1192 4762 memoria
1231 4709 1491 4762 dominus
1543 4709 1742 4764 Petrus
1777 4711 1846 4764 de
1891 4711 2120 4776 Caniba,

530 4797 704 4853 abbas
735 4797 893 4851 Becci
923 4797 1171 4851 decimus
1200 4797 1491 4867 septimus,
1510 4798 1781 4853 oriundus
1805 4816 1976 4870 prope
1998 4801 2129 4854 Bec-

531 4904 692 4955 cum;
753 4885 1179 4956 canobiumque
1227 4887 1502 4940 Beccense
1558 4887 1701 4940 rexit
1738 4889 2125 4943 strenuissime

532 4993 731 5032 novem
765 4975 949 5040 annis,
983 4980 1039 5028 et
1065 4991 1157 5029 sex
1187 4973 1405 5039 diebus,
1437 4975 1725 5046 Nonisque
1771 4977 2117 5042 Novembris,

527 5065 786 5121 videlicet
814 5065 905 5118 die
933 5065 1123 5127 Luna,
1155 5063 1396 5117 traditus
1427 5064 1534 5117 fuit
1561 5065 1863 5134 sepultura
1893 5065 1960 5118 in
1980 5067 2126 5136 capi-

530 5156 649 5210 tulo
676 5154 837 5209 Becci
877 5153 1025 5206 circa
1062 5153 1232 5224 pedes
1271 5152 1580 5224 sepultura
1622 5153 1834 5206 domini
1872 5155 2125 5208 llerluini

529 5243 748 5299 abbatis
772 5242 959 5314 primi,
989 5241 1358 5313 praesentibus
1403 5241 1661 5312 episc0po
1702 5241 2032 5296 Abrincensi
2069 5250 2126 5297 et

530 5332 731 5388 abbate
753 5331 996 5388 Bernaii.
1021 5330 1090 5386 Et
1105 5331 1280 5403 petita
1292 5336 1349 5384 et
1366 5329 1595 5385 obtenta
1614 5329 1837 5384 licentia
1858 5331 2120 5400 eligendi,

527 5421 924 5492 assignataquc
939 5421 1030 5476 die
1045 5421 1303 5476 Mercurii
1325 5421 1384 5475 in
1403 5420 1648 5474 crastino
1688 5425 1892 5474 sancta
1916 5422 2120 5475 Catha-

531 5509 667 5564 rina
709 5510 959 5582 virginis,
993 5510 1106 5565 voti
1145 5511 1348 5566 fratres
1393 5509 1694 5566 concordes
1743 5513 1800 5563 et
1827 5510 2120 5566 unanimes

602 5597 1022 5670 (73)1Erarium
1043 5601 1282 5673 regium,
1309 5601 1394 5658 vel
1419 5599 1670 5658 tribunal
1698 5599 1904 5657 ﬁscale.

2203 3116 2354 3169 diam
2384 3120 2441 3169 et
2469 3114 2785 3169 defendam.
2821 3114 2912 3169 Sic
2941 3130 3032 3168 me
3061 3114 3211 3167 Deus
3239 3113 3485 3182 adjuvet.
3539 3135 3560 3160 ιι
3598 3113 3665 3167 Et
3688 3111 3784 3164 for-

2198 3221 2350 3258 mam
2375 3203 2709 3275 receptionis
2743 3203 2989 3257 invenies
3015 3203 3074 3256 in
3107 3202 3449 3256 chartulario
3471 3203 3531 3256 in
3546 3198 3783 3257 Fardello

2201 3291 2420 3362 signato
2451 3307 2551 3362 per
2579 3309 2635 3362 y.

2272 3379 2482 3434 Eodem
2514 3396 2660 3433 anno
2709 3379 3007 3451 praedictus
3042 3377 3213 3431 abbas
3249 3377 3512 3432 Ymerius
3539 3377 3787 3431 transfre-

2203 3468 2341 3524 tavit
2368 3469 2427 3521 in
2455 3469 2716 3538 Angliam
2735 3486 2834 3540 pro
2857 3467 3098 3538 negotiis
3124 3473 3180 3521 et
3204 3465 3372 3522 rebus
3415 3467 3668 3522 Ecclesia
3685 3482 3785 3520 sua

2203 3557 2586 3628 disponendis.

2273 3647 2436 3700 Anno
2467 3643 2692 3704 Domini
2725 3643 3022 3697 millesimo
3052 3642 3436 3697 ducentesimo
3464 3643 3786 3714 octogesimo

2205 3734 2407 3806 primo,
2435 3735 2718 3789 declarata
2760 3733 2867 3786 fuit
2915 3731 3143 3786 libertas
3202 3731 3403 3802 prioris
3429 3732 3500 3786 de
3527 3734 3707 3797 Prato,
3736 3731 3785 3784 in

2205 3824 2367 3896 pleno
2383 3823 2628 3878 scacario
2650 3823 2873 3876 Pascha
2887 3819 3024 3892 (73),
3040 3837 3227 3875 coram
3250 3820 3537 3890 magistris
3555 3819 3787 3890 ejusdem

2206 3911 2622 3983 scacarii,apud
2652 3911 3065 3980 Rothomagum
3091 3927 3103 3974 ;
3137 3909 3205 3962 de
3241 3909 3485 3978 quodam
3517 3925 3675 3980 equo,
3703 3907 3786 3977 qui

2204 4001 2484 4056 occiderat
2499 3999 2798 4071 quamdam
2821 3998 3112 4052 mulierem
3131 3996 3187 4050 in
3210 3997 3476 4052 nundinis
3489 3998 3558 4051 de
3578 3999 3789 4051 Ermen-

2204 4090 2413 4152 truilla,
2454 4094 2510 4143 et
2549 4087 2902 4159 adjudicatus
2944 4086 3049 4140 fuit
3091 4085 3272 4139 dictus
3311 4102 3490 4156 equus
3532 4085 3699 4157 priori
3727 4083 3788 4136 de

2206 4180 2394 4244 Prato,
2420 4195 2520 4248 per
2553 4178 2851 4248 magistros
2880 4177 2939 4230 in
2965 4175 3111 4230 dicto
3140 4174 3386 4228 scacario
3419 4175 3783 4246 praesidentes,

2207 4273 2264 4322 et
2291 4284 2462 4339 super
2477 4268 2582 4320 hoc
2606 4267 2860 4320 confecta
2882 4266 2989 4319 fuit
3011 4264 3196 4318 littera
3224 4263 3483 4318 baillivia
3507 4263 3787 4318 Rotboma-

2145 4358 2194 4417 D
2205 4357 2412 4428 gensis.

2283 4449 2444 4499 Anno
2473 4443 2696 4498 Domini
2735 4443 3033 4496 millesimo
3063 4442 3446 4496 ducentesimo
3468 4439 3788 4511 octogesimo

2210 4534 2473 4597 secundo,
2493 4533 2710 4587 decimo
2732 4532 3014 4586 Kalendas
3036 4531 3184 4596 Maii,
3203 4531 3374 4585 abbas
3407 4530 3664 4585 Ymerius
3693 4526 3790 4581 dis-

2208 4622 2402 4693 positis
2433 4621 2600 4676 rebus
2645 4621 2760 4675 suis
2799 4620 2858 4674 in
2904 4620 3125 4691 Anglia,
3167 4619 3236 4674 ab
3275 4637 3342 4674 ea
3376 4619 3620 4684 recessit,
3649 4621 3701 4670 et
3726 4613 3788 4668 ad

2207 4719 2394 4782 partes
2423 4711 2670 4765 Francia
2695 4710 3098 4769 transfretavit,
3123 4715 3490 4780 receptusque
3521 4708 3628 4762 fuit
3655 4702 3788 4776 apud

2213 4801 2447 4854 Beccum
2496 4800 2565 4854 ab
2611 4799 2764 4853 omni
2793 4805 3070 4853 conventu
3117 4815 3237 4863 suo,
3288 4805 3480 4853 octavo
3527 4793 3787 4851 Kalendas

2217 4891 2469 4960 ejusdem
2493 4889 2722 4943 mensis.

2278 4978 2487 5031 Eodem
2519 4994 2667 5031 anno
2699 4977 2932 5047 quastio
2961 4977 3109 5030 facta
3128 4983 3212 5031 est
3232 4977 3379 5048 apud
3411 4977 3643 5032 Beccum
3671 4974 3784 5044 post

2206 5071 2428 5120 tantum
2459 5066 2799 5137 incendium,
2844 5072 2902 5120 et
2931 5068 3170 5132 ruinam,
3205 5067 3301 5121 ubi
3332 5084 3530 5138 corpus
3557 5065 3655 5136 pia
3683 5076 3782 5114 me-

2208 5155 2399 5209 moria
2446 5155 2688 5210 domina
2739 5157 3024 5210 Mathildis
3082 5156 3453 5227 imperatricis
3477 5153 3704 5226 jacebat,
3733 5153 3781 5202 et

2206 5245 2495 5299 inventum
2526 5245 2634 5298 fuit
2662 5250 2793 5298 ante
2816 5245 3004 5298 sedem
3035 5245 3264 5316 majoris
3293 5245 3505 5310 altaris,
3537 5238 3779 5297 intercluo

2206 5350 2328 5387 sum
2357 5333 2415 5387 in
2448 5333 2690 5404 quodam
2720 5333 2869 5387 corio
2902 5334 3125 5388 bovino.

2274 5423 2436 5476 Anno
2464 5422 2687 5476 Domini
2723 5423 3018 5478 millesimo
3053 5423 3433 5478 ducentesimo
3461 5416 3777 5490 octogesimo

2203 5512 2419 5584 quinto,
2452 5512 2513 5568 in
2541 5513 2784 5569 crastino
2843 5513 3108 5570 Omnium
3158 5515 3509 5579 Sanctorum,
3557 5512 3777 5585 quatuor
