3920 6382
121 373 229 430 665
1297 375 1391 432 CH
1399 373 1718 430 RONICON

1801 373 2044 428 lECCEN
2049 371 2154 430 SE.
3296 372 3402 429 666

121 500 431 566 torestarii,
481 503 576 572 qui
612 517 843 556 nemora
890 500 1101 555 domini
1147 499 1443 570 Reginaldi
1472 501 1540 554 de
1593 499 1958 560 TrieAcima
1985 500 2182 570 quinta
2226 499 2435 554 mensis
2477 498 2827 566 Novembris,
2879 504 3177 570 postquam
3220 500 3404 556 dictus

121 588 323 642 militis
352 590 758 654 custodiebant,
799 590 1051 644 fecerunt
1105 589 1376 642 insultum
1417 588 1725 643 terribilem
1808 589 2070 643 Ymerius
2085 594 2311 644 strenue
2337 594 2395 642 et
2413 587 2772 642 laudabiliter
2797 587 3276 658 rexitpradictum
3291 607 3405 643 mo-

121 677 273 747 apud
306 678 542 748 Layum,
577 679 838 733 clericum
876 678 1009 731 dicti
1040 677 1319 748 prioratus
1348 678 1723 743 vulnerantes,
1809 679 2120 732 nasterium
2150 679 2324 732 ferme
2354 677 2549 747 viginti
2569 676 2750 730 tribus
2801 677 2980 742 annis,
3037 677 3184 730 diem
3206 678 3408 732 clausit

122 770 176 819 et
197 766 344 819 duos
375 767 698 832 monachos,
734 766 988 820 videlicet
1018 767 1292 820 Joannem
1323 765 1393 818 de
1425 767 1610 820 Leone
1630 783 1725 820 su-
1809 771 2142 830 extremum,
2165 767 2326 836 cujus
2352 767 2556 820 anima
2585 765 2922 836 propitietur
2948 765 3404 838 Deus,sepultus-

120 853 426 924 periorem,
457 860 514 908 et
541 856 772 909 fratrem
811 855 1086 909 Thomam
1116 855 1185 908 de
1212 853 1448 919 Tonilla,
1481 855 1561 909 sic
1610 856 1726 909 vul-
1808 872 1916 926 que
1947 861 2033 909 est
2063 855 2118 910 in
2141 855 2404 926 capitulo,
2451 862 2561 919 .5
2586 855 2749 923 juxta
2790 860 2961 925 cuput
3005 853 3229 908 Domini
3261 855 3403 908 Her-

120 948 390 997 nerantes
420 948 484 998 ut
512 944 693 997 dictus
742 945 986 997 Joannes
1027 943 1172 996 infra
1210 943 1458 1014 quinque
1487 943 1622 1008 dies,
1666 949 1725 998 et
1805 943 1947 998 luini
1973 944 2141 1015 primi
2167 943 2409 1014 pastoris
2439 943 2712 1013 ejusdem.

121 1030 304 1084 dictus
323 1031 570 1086 Thomas
595 1031 741 1086 infra
770 1032 1086 1103 quindecim
1119 1031 1237 1086 dies
1256 1031 1426 1086 vitam
1447 1032 1714 1088 ﬁnierint.
1875 1035 2038 1087 Anno
2059 1033 2284 1087 Domini
2307 1029 2606 1084 millesimo
2636 1030 3030 1084 trecentesimo
3062 1034 3282 1101 quarto,
3311 1027 3403 1084 die

122 1121 186 1174 Et
210 1119 322 1173 hoc
352 1136 502 1174 anno
531 1121 669 1174 obiit
709 1120 987 1174 Robertus
1026 1120 1093 1173 de
1121 1120 1306 1174 Leone
1354 1121 1508 1192 prior
1536 1121 1715 1188 Becci,
1799 1121 1949 1174 Jovis
1969 1126 2095 1192 post
2145 1121 2349 1175 festum
2404 1119 2588 1174 Lucia
2645 1119 2896 1189 virginis,
2931 1124 3059 1189 post
3098 1118 3401 1172 transitum

122 1214 175 1261 et
193 1209 248 1262 ei
274 1209 551 1262 successit
579 1209 755 1262 frater
770 1208 1090 1264 Willelmus
1105 1209 1174 1262 de
1204 1214 1396 1264 sancto
1415 1210 1720 1264 Elodoaldo
1803 1210 2053 1281 pradicti
2078 1209 2306 1273 Ymerii,
2327 1208 2656 1280 prasidente
2681 1207 2740 1261 in
2759 1207 3002 1278 capitulo
3043 1207 3199 1261 Becci
3228 1207 3402 1260 fratre

122 1301 254 1351 tunc
284 1297 444 1367 prior
463 1297 652 1352 Sancti
685 1297 830 1350 Petri
859 1297 928 1350 de
947 1297 1258 1351 Pontisara.
1805 1298 2114 1352 Guillermo
2144 1298 2213 1352 de
2235 1299 2437 1352 Sancto
2462 1297 2701 1350 Paterno
2723 1296 2931 1366 priore,
2980 1301 3252 1367 prasente
3282 1300 3400 1349 toto

189 1385 406 1438 Eodem
438 1401 585 1439 anno
614 1385 875 1440 Ymerius
895 1384 1066 1439 abbas
1087 1386 1246 1442 Becci
1270 1385 1328 1439 in
1356 1386 1599 1457 capitulo
1621 1403 1721 1457 ge—
1803 1393 2078 1440 conventu
2099 1387 2276 1457 ipsius
2297 1385 2770 1451 monasterii,una
2797 1401 2922 1439 cum
2955 1385 3236 1455 prioribus
3256 1383 3402 1455 prio-

123 1473 320 1538 nerali,
352 1474 503 1544 quod
526 1473 840 1528 celebratur
867 1474 925 1527 in
955 1473 1143 1544 vigilia
1164 1475 1342 1528 sancti
1362 1475 1594 1529 Joannis
1622 1476 1724 1529 Ba-
1804 1481 2030 1529 ratuum
2061 1475 2131 1528 ab
2153 1475 2273 1546 ipso
2299 1473 2736 1546 dependentium
2762 1493 2776 1541 ;
2805 1473 2870 1526 ad
2893 1473 2998 1526 hoc
3025 1473 3210 1526 debite
3233 1489 3399 1526 voca-

121 1561 325 1632 ptista,
352 1562 424 1615 de
469 1579 699 1616 assensu
744 1562 917 1616 totius
971 1563 1422 1633 congregationis
1467 1564 1726 1634 permisit
1803 1569 1896 1619 tus
1915 1563 2247 1617 venerabilis
2275 1568 2333 1617 et
2358 1563 2631 1616 discretus
2686 1562 2766 1615 vir
2783 1561 2958 1615 frater
2984 1562 3306 1616 Guilbertus
3331 1561 3401 1616 de

123 1651 417 1704 monachis
441 1651 830 1705 claustralibus
873 1651 1080 1706 habere
1127 1668 1350 1723 cappas,
1381 1653 1606 1723 quando
1644 1653 1724 1708 eis
1807 1653 2010 1708 Sancto
2040 1653 2343 1724 Stephano,
2377 1657 2511 1705 tunc
2536 1651 2891 1722 grenetarius
2914 1651 3042 1714 loci,
3064 1650 3170 1704 fuit
3192 1651 3401 1704 electus

122 1755 349 1792 necesse
381 1740 492 1793 erit
512 1739 662 1794 exire
681 1740 828 1794 foras
857 1757 958 1811 pro
988 1740 1176 1812 aliquo
1216 1741 1461 1811 negotio,
1485 1746 1586 1795 aut
1612 1742 1718 1795 ali-
1739 1812 1762 1813 ί
1801 1759 1902 1813 per
1931 1742 2078 1795 viam
2108 1740 2493 1812 compromissi
2520 1741 2580 1793 in
2611 1739 2891 1804 abbatem,
2920 1740 3209 1792 etPatrem
3226 1739 3401 1809 ipsius

122 1843 231 1897 qua
248 1828 602 1892 necessitate,
621 1828 987 1899 deposuitque
1017 1829 1294 1882 sotulares
1325 1829 1580 1899 corrigiis
1607 1812 1784 1883 vin-B
1803 1812 2161 1896 monasterii;
2189 1829 2546 1901 postmodum
2568 1830 2931 1883 conﬁrmatus
2961 1833 3017 1882 et
3040 1827 3396 1894 benedictus;

121 1921 254 1969 ctos.
282 1915 693 1987 Ordinavitque
720 1917 866 1988 quod
898 1917 1154 1971 monachi
1186 1918 1609 1989 Beccenses,qui
1623 1935 1724 1990 per
1805 1919 2130 1989 pradictum
2162 1919 2565 1972 monasterium
2587 1918 2872 1988 sapienter
2899 1921 2956 1969 et
2984 1916 3243 1986 religiose
3259 1915 3402 1969 rexit

121 2002 496 2057 obedientiam
521 2005 820 2059 mittuntur
851 2006 909 2059 in
956 2005 1236 2076 aliquibus
1296 2006 1636 2077 prioratibus
1663 2007 1722 2061 in
1804 2025 1905 2079 per
1931 2007 2175 2078 spatium
2193 2007 2401 2076 viginti
2429 2007 2666 2060 duorum
2699 2022 2998 2070 annorum,
3019 2011 3077 2058 et
3104 2009 3227 2058 octo
3248 2021 3400 2057 men-

122 2091 346 2162 Anglia,
374 2092 492 2146 sive
521 2093 653 2147 alibi
671 2093 740 2148 ad
757 2095 1237 2160 commorandum,
1257 2095 1391 2149 dum
1417 2095 1492 2149 ibi
1508 2113 1608 2166 per
1627 2112 1721 2150 sex
1803 2096 1969 2161 sium,
2003 2096 2089 2150 vel
2119 2113 2184 2150 eo
2213 2095 2374 2149 circa.
2412 2096 2516 2149 Hic
2543 2094 2954 2149 consummavit
2997 2109 3200 2147 novum
3259 2109 3400 2163 opus

123 2197 297 2234 annos
327 2197 544 2235 moram
580 2181 836 2247 fecerint,
878 2189 930 2237 et
955 2183 1189 2237 honeste
1213 2183 1291 2237 ibi
1311 2201 1370 2238 se
1398 2183 1721 2250 habuerint,
1803 2185 2048 2239 ecclesia
2078 2190 2331 2255 tempore
2359 2200 2498 2250 suo;
2534 2183 2679 2254 quod
2738 2200 2878 2253 opus
2917 2183 3035 2252 jam
3093 2181 3396 2252 inemptum

126 2270 191 2324 ad
219 2270 530 2325 claustrum
574 2271 866 2325 Beccensis
923 2273 1251 2326 monasterii
1304 2279 1714 2339 revocarentur,
1802 2274 1988 2328 fuerat
2016 2278 2270 2344 tempore
2295 2273 2508 2326 domini
2537 2272 2689 2326 Petri
2718 2272 2787 2326 de
2811 2271 3024 2326 Caniba
3053 2270 3252 2324 decimi
3277 2286 3400 2340 sep-

122 2357 315 2412 audita
339 2375 512 2430 super
538 2359 644 2413 hoc
665 2358 934 2414 relatione
991 2365 1048 2414 et
1095 2361 1416 2414 testimonio
1468 2362 1720 2432 priorum
1801 2363 1928 2417 timi
1957 2361 2172 2416 abbatis
2191 2362 2613 2433 pradecessoris
2638 2361 2753 2428 sui;
2788 2360 3054 2430 deditque
3101 2358 3399 2430 pradictus

124 2463 376 2514 suorum,
401 2447 506 2501 sub
527 2447 730 2518 quibus
755 2465 968 2503 moram
990 2448 1239 2503 fecerint.
1803 2452 2127 2506 Guilbertus
2157 2451 2474 2514 conventui,
2507 2467 2607 2522 pro
2637 2450 2819 2504 salute
2852 2450 3055 2502 anima
3084 2453 3283 2511 sua,et
3297 2464 3398 2519 pro

192 2537 261 2590 Et
279 2535 336 2590 in
359 2537 555 2590 eodem
571 2536 814 2608 capitulo
851 2537 1348 2592 excommunicavit
1376 2554 1570 2592 omnes
1593 2554 1722 2592 con-
1801 2540 2185 2595 anniversario
2215 2557 2317 2594 suo
2371 2539 2646 2606 faciendo,
2699 2537 2950 2608 quolibet
2977 2554 3143 2604 anno,
3205 2535 3400 2606 viginti

125 2623 432 2694 spiratores
457 2630 515 2678 et
532 2625 924 2696 compilatores
937 2626 1212 2679 malorum
1233 2631 1290 2680 et
1301 2643 1495 2680 omnes
1525 2626 1720 2681 inobe-
1801 2629 1970 2683 libras
1994 2631 2348 2684 Turonenses
2370 2629 2640 2694 redditus,
2669 2627 2739 2681 ad
2757 2627 2998 2681 ofﬁcium
3023 2626 3400 2698 pitanciarum

125 2713 362 2779 dientes,
397 2718 453 2767 et
483 2713 577 2784 qui
607 2713 904 2786 imponunt
931 2715 1095 2768 sociis
1124 2715 1242 2768 suis
1293 2715 1434 2784 falsa
1460 2716 1714 2782 crimina,
1800 2721 2135 2790 capiendum
2175 2724 2232 2773 et
2261 2718 2681 2790 percipiendum
2711 2717 2768 2770 in
2797 2722 2851 2770 et
2880 2733 3049 2788 super
3077 2714 3402 2787 prapositu-

125 2807 182 2856 et
215 2818 408 2856 omnes
430 2803 526 2874 qui
554 2809 858 2874 procurant
885 2820 986 2875 per
1013 2805 1305 2858 saculares
1345 2821 1612 2875 personas
1649 2806 1720 2860 de
1802 2825 1866 2862 ra
1886 2809 2064 2864 Becci.

121 2891 244 2946 loco
273 2892 344 2945 ad
365 2891 548 2946 locum
577 2898 772 2946 contra
800 2892 1174 2946 obedientiam
1194 2894 1466 2948 removeri
1490 2913 1502 2962 ;
1527 2900 1584 2948 et
1604 2911 1721 2948 om-
1873 2897 2024 2952 Obiit
2047 2913 2194 2951 anno
2221 2895 2446 2952 Domini
2476 2893 2774 2948 millesimo
2819 2890 3215 2946 trecentesimo
3253 2890 3399 2962 vigeo

119 2997 223 3035 nes
252 2980 349 3051 qui
379 2987 683 3052 procurant
733 2999 832 3052 per
877 2982 1170 3036 saculares
1217 2999 1485 3053 personas
1510 2983 1720 3037 habere
1801 2987 1943 3040 simo
1974 2985 2210 3057 septimo
2238 2985 2295 3038 in
2323 2985 2413 3037 die
2464 2983 2641 3036 sancti
2699 2980 3092 3036 Bartholomai
3133 2979 3391 3050 apostoli,

117 3068 454 3140 prioratum,
487 3070 570 3142 vel
591 3069 833 3124 officium
859 3071 1262 3141 quodcunque;
1296 3077 1352 3124 et
1379 3071 1474 3142 qui
1524 3089 1718 3143 procu-
1741 3128 1779 3144 η
1802 3091 1950 3130 ηοηο
1977 3075 2258 3130 Kalendas
2280 3072 2644 3144 Septembris,
2663 3071 3026 3142 sepultusque
3039 3069 3148 3123 fuit
3165 3069 3224 3122 in
3255 3085 3399 3122 nova

116 3163 251 3212 rant
280 3174 381 3228 per
409 3175 467 3212 se
499 3159 584 3212 vel
617 3175 718 3230 per
736 3159 893 3225 alios,
925 3165 990 3214 ut
1030 3176 1140 3213 non
1184 3160 1419 3230 possint,
1456 3165 1555 3214 aut
1598 3177 1710 3215 non
1737 3159 1782 3188 υ
1807 3165 2021 3235 capella
2049 3164 2236 3218 Beata
2258 3162 2448 3216 Maria
2477 3160 2748 3232 Virginis,
2795 3165 2945 3214 retro
2973 3159 3225 3224 chorum,
3266 3161 3398 3211 ante

117 3247 364 3302 debeant
393 3265 427 3301 a
451 3248 722 3318 prioratu,
755 3249 840 3302 vel
861 3248 1045 3302 ofﬁcio
1067 3249 1361 3308 removeri.
1802 3254 1979 3308 altare
2007 3252 2258 3324 ejusdem
2286 3249 2534 3322 Virginis
2557 3249 2768 3304 Maria.

188 3335 498 3390 Pradictus
517 3337 796 3404 Ymerius,
819 3354 935 3409 pra
963 3337 1178 3392 cateris
1216 3337 1717 3409 pradecessoribus
2109 3353 2317 3396 vnasus
2344 3353 2516 3395 SUPER
2558 3351 2916 3394 SEPULTURAM
2945 3350 3093 3393 EJUS.

117 3424 258 3491 suis,
287 3425 498 3496 legitur
525 3426 828 3497 capitulum
857 3427 1120 3498 generale
1141 3426 1391 3498 quolibet
1415 3443 1564 3481 anno
1603 3427 1720 3481 fre-
1875 3432 1915 3486 0
1943 3447 2032 3484 vos
2059 3433 2158 3499 qui
2189 3432 2462 3495 transitis,
2496 3444 2756 3482 memores
2785 3429 2980 3480 mortis
3008 3440 3137 3493 rogo
3165 3426 3307 3488 sitis,

119 3519 454 3584 quentasse;
503 3521 560 3569 et
596 3513 674 3568 ibi
714 3515 922 3569 multas
964 3516 1393 3570 constitutiones
1446 3517 1721 3571 salutares
1874 3521 2026 3587 Quod
2045 3535 2190 3585 sum,
2213 3535 2302 3572 vos
2331 3521 2487 3572 eritis
2510 3536 2525 3580 ;
2548 3533 2649 3586 pro
2668 3533 2752 3570 me
2791 3519 3034 3583 rogitare
3062 3515 3264 3568 velitis.

118 3602 433 3657 instituisse
458 3622 472 3670 ;
506 3608 563 3658 et
589 3604 868 3675 pracipue
897 3621 997 3676 per
1048 3621 1178 3659 suas
1211 3605 1431 3659 litteras
1460 3611 1718 3676 patentes
1873 3609 2016 3662 Huic
2045 3607 2348 3662 venerabili
2375 3607 2494 3661 viro
2515 3605 2782 3660 successit
2808 3605 2866 3658 in
2897 3603 3171 3674 regimine
3224 3600 3399 3672 ipsius

118 3691 448 3764 pracepisse
469 3699 525 3746 et
554 3693 863 3764 injunxisse
895 3693 1172 3764 prioribus
1194 3694 1454 3748 omnibus
1467 3694 1719 3765 ejusdem

119 3781 333 3835 ordinis
349 3782 497 3852 quod
515 3781 750 3852 singulis
775 3782 936 3836 annis
964 3783 1020 3837 in
1051 3783 1240 3853 vigilia
1265 3783 1444 3838 sancti
1490 3784 1720 3838 Joannis

124 3870 412 3941 Baptista,
449 3871 508 3925 in
541 3871 785 3942 capitulo
812 3872 1060 3941 generali
1089 3873 1237 3942 apud
1267 3873 1720 3938 Beccum,trade-

123 3965 250 4013 rent
273 3959 331 4013 in
352 3959 577 4031 scriptis
605 3976 790 4014 coram
807 3961 1134 4015 omnibusin
1153 3961 1301 4016 dicto
1322 3961 1586 4032 capitulo,
1612 3967 1722 4017 sta-

123 4053 243 4102 tum
274 4049 478 4102 domus
505 4065 605 4103 seu
634 4049 914 4120 prioratus
933 4050 1039 4104 sui.

190 4137 295 4190 Hic
316 4137 374 4190 in
403 4142 655 4208 tempore
683 4155 784 4192 suo
815 4155 942 4192 cum
970 4138 1175 4202 studio,
1200 4137 1494 4209 diligentia
1537 4143 1594 4193 et
1634 4155 1721 4193 sa-

122 4225 364 4295 gacitate
388 4226 598 4280 institit
626 4227 781 4298 operi
811 4232 868 4280 et
921 4227 1275 4282 adiﬁcationi
1315 4227 1535 4281 fabricae
1565 4243 1720 4281 nova

124 4314 387 4380 ecclesia,
418 4332 540 4386 quae
570 4321 698 4387 post
727 4315 948 4370 ruinam
975 4315 1218 4388 incapta
1255 4315 1440 4371 fuerat
1468 4321 1720 4388 tempore

133 4401 282 4458 Petri
308 4403 528 4458 abbatis
583 4405 1005 4476 pradecessoris
1053 4405 1160 4470 sui,
1195 4411 1252 4460 et
1279 4405 1482 4459 locavit
1515 4405 1718 4476 pradi-

1735 4447 1784 4505 D

1803 3697 2060 3750 Ecclesia
2088 3696 2526 3766 circumspectus
2556 3694 2638 3747 vir
2671 3693 2932 3747 dominus
2963 3690 3286 3755 Gaufridus,
3320 3689 3401 3742 di-

1803 3790 1926 3838 ctus
1957 3785 2096 3838 Fare
2117 3783 2244 3857 [at.,
2272 3782 2571 3856 Fae],tunc
2587 3783 2742 3854 prior
2768 3782 2837 3835 de
2867 3781 3056 3844 Prato,
3079 3779 3399 3848 electusque

1802 3873 1909 3927 fuit
1935 3890 2035 3944 per
2066 3873 2210 3926 viam
2269 3871 2678 3943 compromissi,
2719 3871 2776 3924 in
2824 3870 2916 3923 die
2967 3867 3214 3930 Sabbati,
3254 3866 3398 3920 festo

1801 3962 2196 4016 Decollationis
2223 3961 2399 4015 sancti
2429 3959 2659 4015 Joannis
2691 3958 2974 4029 Baptista,
3001 3971 3148 4010 anno
3173 3954 3398 4009 Domini

1804 4051 2101 4105 millesimo
2125 4048 2814 4118 trecentesimo,vigesimo
2831 4046 3087 4116 septimo,
3120 4048 3177 4098 et
3203 4047 3399 4115 postea

1801 4141 2184 4204 conﬁrmatus,
2211 4145 2268 4193 et
2323 4138 2648 4192 benedictus
2687 4134 2857 4190 abbas
2907 4133 3246 4204 vigesimus;
3299 4130 3396 4202 qui

1801 4234 2097 4300 postquam
2127 4228 2311 4299 ipsum
2344 4225 2743 4282 monasterium
2761 4222 3119 4278 laudabiliter
3147 4227 3398 4276 strenue-

1803 4334 1909 4388 que
1939 4318 2103 4378 rcxit,
2135 4334 2238 4388 per
2261 4317 2504 4387 spatium
2529 4317 2702 4370 ferme
2721 4319 2936 4387 septem
2961 4327 3256 4376 annorum,
3279 4310 3397 4364 suis

1801 4405 2040 4476 cognitis
2072 4405 2306 4469 meritis,
2349 4405 2417 4458 ad
2449 4405 2831 4476 episcOpatum
2863 4401 3252 4456 Ebroicensem
3281 4400 3396 4453 ele-

131 4497 277 4545 ctum
311 4509 454 4564 Opus
505 4493 724 4547 cuidam
774 4493 985 4548 latomo
1039 4493 1329 4564 magistro,
1369 4494 1612 4548 Roberto
1651 4489 1925 4550 deuctus
1953 4499 2059 4558 est,
2090 4510 2238 4547 anno
2269 4493 2574 4548 Dominica
2635 4490 3043 4547 Incarnationis
3098 4489 3396 4544 millesimo

128 4579 299 4635 Fonte
328 4583 575 4645 nomine,
608 4583 679 4636 ad
725 4584 1160 4637 construendum
1211 4583 1539 4655 pradictum
1580 4601 1719 4655 opus

125 4685 296 4739 usque
328 4671 398 4724 ad
423 4676 722 4737 tecturam,
755 4677 820 4726 ut
842 4677 995 4744 patet
1021 4689 1122 4744 per
1158 4671 1375 4726 litteras
1428 4672 1604 4744 ipsius
1635 4674 1716 4727 la-

127 4759 277 4813 tomi.
320 4759 598 4831 Tempore
628 4761 798 4814 etiam
828 4777 928 4815 suo
949 4761 1185 4816 viriliter
1203 4761 1465 4816 tractavit
1492 4762 1718 4831 negotia

127 4847 382 4913 ecclesia,
405 4847 788 4909 custodiendo,
822 4849 1192 4915 defendendo,
1244 4855 1302 4905 et
1356 4851 1713 4922 procurando

123 4933 267 5002 jura,
293 4935 601 5002 libertates,
635 4937 1040 5005 immunitates,
1067 4944 1125 4993 et
1153 4939 1443 5011 privilegia
1462 4939 1717 4994 Ecclesia

132 5021 431 5090 Beccensis,
463 5030 582 5079 tam
625 5025 683 5080 in
712 5026 949 5081 Francia
973 5044 1141 5098 quam
1187 5027 1247 5081 in
1283 5027 1713 5094 Northmannia,

128 5114 232 5166 tam
253 5113 490 5184 Anglia,
539 5131 706 5186 quam
736 5115 955 5170 Wallia
997 5116 1204 5186 regnis.
1255 5117 1397 5170 Item
1441 5116 1720 5170 ordinavit

130 5201 265 5271 quod
297 5208 612 5270 succentor,
640 5203 736 5274 qui
763 5204 972 5258 multos
988 5204 1241 5259 Ecclesia
1270 5203 1488 5258 labores
1507 5205 1596 5259 die
1615 5221 1717 5259 no-

126 5292 319 5362 ctuque
340 5296 550 5363 portat,
579 5292 892 5364 perciperet
921 5293 1170 5364 quolibet
1208 5311 1356 5348 anno
1411 5311 1580 5365 super
1601 5293 1719 5348 ofﬁ-

127 5377 264 5433 cium
288 5380 536 5434 cantoris
567 5381 976 5452 quinquaginta
1003 5382 1210 5437 solidos
1229 5383 1583 5438 Turonenses
1608 5402 1620 5450 ;
1661 5389 1717 5438 et

129 5468 264 5536 quod
287 5469 634 5540 justitiarius
655 5471 829 5525 solvat
851 5470 1100 5542 quolibet
1127 5488 1276 5526 anno
1323 5473 1539 5528 custodi
1559 5473 1717 5528 char-

128 5558 301 5613 tarum
328 5560 620 5630 sexaginta
649 5559 856 5614 solidos
882 5561 1254 5617 Turonenses.

190 5647 346 5705 Anno
371 5648 601 5706 Domini
627 5648 923 5706 millesimo
950 5651 1347 5709 trecentesimo
1369 5657 1595 5726 quarto,
1624 5652 1716 5708 de-

1803 4583 2218 4646 treccntesimo,
2257 4582 2551 4653 trigesimo
2608 4587 2827 4653 quarto,
2855 4598 2957 4635 nec
3008 4584 3238 4650 propter
3275 4579 3397 4648 ejus

1801 4672 2153 4743 dignitatem,
2201 4671 2455 4724 habitum
2502 4671 2718 4724 dimisit
2773 4671 3087 4740 regularem
3143 4667 3398 4723 Ecclesia

1800 4761 2119 4828 Beccensis;
2154 4760 2248 4814 sed
2271 4776 2493 4830 semper
2513 4760 2665 4812 omni
2688 4761 2807 4813 loco
2837 4775 2971 4813 usus
2986 4759 3092 4812 fuit
3104 4757 3399 4811 vestimen-

1798 4850 1870 4905 tis
1901 4849 2060 4916 albis,
2091 4855 2150 4904 et
2180 4849 2420 4903 maxime
2439 4849 2656 4902 cuculla
2686 4847 2832 4913 alba,
2861 4864 2983 4917 qua
3013 4846 3270 4918 specialis
3298 4845 3395 4898 ha-

1797 4939 1948 4994 bitus
1962 4939 2219 4994 Ecclesia
2248 4937 2452 4992 existit.
2487 4937 2590 4990 Hic
2618 4935 2965 5007 temporibus
3012 4934 3126 4989 suis
3145 4933 3302 4988 auxit
3339 4937 3396 4987 et

1800 5027 2090 5099 ampliavit
2117 5027 2384 5083 fabricam
2411 5025 2655 5081 ecclesia
2693 5023 3063 5087 Ebroicensis,
3101 5028 3158 5077 et
3207 5021 3395 5093 praci-

1800 5134 1908 5189 pue
1936 5118 2188 5182 chorum,
2222 5122 2279 5171 et
2341 5114 2691 5170 intuentibus
2739 5113 2994 5168 clarescit
3029 5113 3098 5166 de
3140 5117 3395 5183 tempore

1801 5223 1910 5278 quo
1942 5207 2011 5261 de
2041 5205 2266 5260 abbatia
2295 5205 2366 5260 ad
2397 5205 2773 5276 episcopatum
2803 5202 3190 5258 Ebroicensem
3206 5206 3395 5254 trans-

1800 5297 1947 5351 latus
1973 5301 2076 5357 est,
2097 5296 2303 5350 factum
2334 5300 2419 5349 est
2444 5295 2548 5348 hoc
2569 5292 2920 5365 proverbium
2944 5310 2955 5345 :

2010 5387 2192 5440 Prend
2224 5387 2278 5438 ια
2301 5389 2422 5438 teste
2449 5385 2584 5437 d'un
2612 5385 2910 5451 maquerel,

2010 5474 2158 5528 D’un
2184 5474 2359 5536 chien,
2391 5473 2528 5525 d'un
2545 5485 2759 5538 congre,
2799 5475 2848 5524 et
2876 5471 3012 5523 d'un
3027 5472 3210 5538 carpet
3235 5489 3247 5536 ;

2009 5563 2081 5616 Dc
2109 5564 2196 5615 sia:
2223 5564 2418 5628 viores,
2451 5565 2499 5615 et
2519 5561 2580 5612 de
2604 5565 2798 5630 quatre
2817 5564 2982 5629 ytres,

2011 5651 2075 5707 Si
2103 5655 2384 5704 trouveras
2408 5666 2538 5705 sans
2559 5655 2747 5704 autres
2769 5651 2963 5713 tittres,
