  <div class='ocr_page' id='page_1' title='image "/cluster/home/n/w/nwhite01/storage/ocr_20150623/150/umn.31951002477443u/391.png"; bbox 0 0 3920 6358; ppageno 0'>
   <div class='ocr_carea' id='block_1_1' title="bbox 601 302 3827 368">
    <p class='ocr_par' dir='ltr' id='par_1_1' title="bbox 601 302 3827 368">
     <span class='ocr_line' id='line_1_1' title="bbox 601 302 3827 368; baseline 0.002 -8"><span class='ocrx_word' id='word_1_1' title='bbox 601 302 708 361; x_wconf 84' lang='grc'>667</span> <span class='ocrx_word' id='word_1_2' title='bbox 1550 312 1649 367; x_wconf 81' lang='grc' dir='ltr'>ΑΙ)</span> <span class='ocrx_word' id='word_1_3' title='bbox 1688 312 1927 368; x_wconf 83' lang='lat' dir='ltr'><strong>OPERA</strong></span> <span class='ocrx_word' id='word_1_4' title='bbox 1962 315 2027 368; x_wconf 92' lang='lat' dir='ltr'>B.</span> <span class='ocrx_word' id='word_1_5' title='bbox 2068 313 2483 368; x_wconf 82' lang='lat' dir='ltr'>LANFRANCI</span> <span class='ocrx_word' id='word_1_6' title='bbox 2521 313 2911 368; x_wconf 80' lang='lat' dir='ltr'>APPENDIX.</span> <span class='ocrx_word' id='word_1_7' title='bbox 3742 311 3827 368; x_wconf 80' lang='grc'>668</span> 
     </span>
    </p>
   </div>
   <div class='ocr_carea' id='block_1_2' title="bbox 2207 435 3832 509">
    <p class='ocr_par' dir='ltr' id='par_1_2' title="bbox 2207 435 3832 509">
     <span class='ocr_line' id='line_1_2' title="bbox 2207 435 3832 509; baseline -0.002 -17"><span class='ocrx_word' id='word_1_8' title='bbox 2207 437 2410 498; x_wconf 83' lang='lat' dir='ltr'>Asoris</span> <span class='ocrx_word' id='word_1_9' title='bbox 2439 438 2527 492; x_wconf 87' lang='lat' dir='ltr'>sui</span> <span class='ocrx_word' id='word_1_10' title='bbox 2546 437 2794 508; x_wconf 87' lang='lat' dir='ltr'>regentis</span> <span class='ocrx_word' id='word_1_11' title='bbox 2836 437 3104 506; x_wconf 89' lang='lat' dir='ltr'>Parisius,</span> <span class='ocrx_word' id='word_1_12' title='bbox 3149 442 3207 492; x_wconf 91' lang='lat' dir='ltr'>et</span> <span class='ocrx_word' id='word_1_13' title='bbox 3262 453 3362 509; x_wconf 89' lang='lat' dir='ltr'>per</span> <span class='ocrx_word' id='word_1_14' title='bbox 3389 435 3601 491; x_wconf 86' lang='lat' dir='ltr'>bullam</span> <span class='ocrx_word' id='word_1_15' title='bbox 3630 436 3832 508; x_wconf 67' lang='lat' dir='ltr'>excipie-</span> 
     </span>
    </p>
   </div>
   <div class='ocr_carea' id='block_1_3' title="bbox 2274 525 3163 582">
    <p class='ocr_par' dir='ltr' id='par_1_3' title="bbox 2274 525 3163 582">
     <span class='ocr_line' id='line_1_3' title="bbox 2274 525 3163 582; baseline 0.002 -2"><span class='ocrx_word' id='word_1_16' title='bbox 2274 525 2480 582; x_wconf 85' lang='lat' dir='ltr'>bantur</span> <span class='ocrx_word' id='word_1_17' title='bbox 2506 528 2797 582; x_wconf 85' lang='lat' dir='ltr'>studentes</span> <span class='ocrx_word' id='word_1_18' title='bbox 2824 526 3089 581; x_wconf 85' lang='lat' dir='ltr'>Parisius.</span> <span class='ocrx_word' id='word_1_19' title='bbox 3102 566 3115 580; x_wconf 94' lang='lat'>.</span> <span class='ocrx_word' id='word_1_20' title='bbox 3127 566 3139 581; x_wconf 92' lang='lat'><strong>.</strong></span> <span class='ocrx_word' id='word_1_21' title='bbox 3151 568 3163 582; x_wconf 94' lang='lat'><strong>.</strong></span> 
     </span>
    </p>
   </div>
   <div class='ocr_carea' id='block_1_4' title="bbox 2342 612 3830 671">
    <p class='ocr_par' dir='ltr' id='par_1_4' title="bbox 2342 612 3830 671">
     <span class='ocr_line' id='line_1_4' title="bbox 2342 612 3830 671; baseline -0.003 -1"><span class='ocrx_word' id='word_1_22' title='bbox 2342 617 2412 670; x_wconf 93' lang='lat' dir='ltr'>Et</span> <span class='ocrx_word' id='word_1_23' title='bbox 2437 616 2496 670; x_wconf 90' lang='lat' dir='ltr'>in</span> <span class='ocrx_word' id='word_1_24' title='bbox 2525 632 2672 671; x_wconf 91' lang='lat' dir='ltr'>anno</span> <span class='ocrx_word' id='word_1_25' title='bbox 2720 616 2943 671; x_wconf 90' lang='lat' dir='ltr'>Domini</span> <span class='ocrx_word' id='word_1_26' title='bbox 2974 615 3271 670; x_wconf 88' lang='lat' dir='ltr'>millesimo</span> <span class='ocrx_word' id='word_1_27' title='bbox 3306 612 3693 668; x_wconf 86' lang='lat' dir='ltr'>trecentesimo</span> <span class='ocrx_word' id='word_1_28' title='bbox 3720 614 3830 667; x_wconf 90' lang='lat' dir='ltr'>duo-</span> 
     </span>
    </p>
   </div>
   <div class='ocr_carea' id='block_1_5' title="bbox 816 698 3831 775">
    <p class='ocr_par' dir='ltr' id='par_1_5' title="bbox 816 698 3831 775">
     <span class='ocr_line' id='line_1_5' title="bbox 816 698 3831 775; baseline 0.001 -25"><span class='ocrx_word' id='word_1_29' title='bbox 816 698 953 751; x_wconf 70' lang='grc' dir='ltr'>Βίου</span> <span class='ocrx_word' id='word_1_30' title='bbox 980 702 1460 766; x_wconf 73' lang='lat' dir='ltr'>gardel’hostel,et</span> <span class='ocrx_word' id='word_1_31' title='bbox 1488 704 1689 756; x_wconf 75' lang='lat' dir='ltr'>t‘ordre</span> <span class='ocrx_word' id='word_1_32' title='bbox 1710 708 1873 756; x_wconf 74' lang='grc' dir='ltr'>ιυαιε.</span> <span class='ocrx_word' id='word_1_33' title='bbox 2072 742 2077 745; x_wconf 86' lang='grc'><strong>-</strong></span> <span class='ocrx_word' id='word_1_34' title='bbox 2268 703 2500 771; x_wconf 88' lang='lat' dir='ltr'>decimo,</span> <span class='ocrx_word' id='word_1_35' title='bbox 2534 705 2867 775; x_wconf 88' lang='lat' dir='ltr'>prasidente</span> <span class='ocrx_word' id='word_1_36' title='bbox 2895 705 2953 758; x_wconf 90' lang='lat' dir='ltr'>in</span> <span class='ocrx_word' id='word_1_37' title='bbox 3000 703 3251 759; x_wconf 84' lang='lat' dir='ltr'>Ecclesia</span> <span class='ocrx_word' id='word_1_38' title='bbox 3297 701 3523 756; x_wconf 91' lang='lat' dir='ltr'>domino</span> <span class='ocrx_word' id='word_1_39' title='bbox 3570 701 3831 756; x_wconf 85' lang='lat' dir='ltr'>Clemente</span> 
     </span>
    </p>
   </div>
   <div class='ocr_carea' id='block_1_6' title="bbox 668 781 3831 863">
    <p class='ocr_par' dir='ltr' id='par_1_6' title="bbox 668 781 3831 863">
     <span class='ocr_line' id='line_1_6' title="bbox 668 781 3831 863; baseline 0.002 -26"><span class='ocrx_word' id='word_1_40' title='bbox 668 781 817 838; x_wconf 90' lang='lat' dir='ltr'>Nota</span> <span class='ocrx_word' id='word_1_41' title='bbox 861 787 1008 857; x_wconf 92' lang='lat' dir='ltr'>quod</span> <span class='ocrx_word' id='word_1_42' title='bbox 1042 787 1240 858; x_wconf 81' lang='lat'>(1334),</span> <span class='ocrx_word' id='word_1_43' title='bbox 1298 795 1549 861; x_wconf 90' lang='lat' dir='ltr'>tempore</span> <span class='ocrx_word' id='word_1_44' title='bbox 1585 790 1799 845; x_wconf 87' lang='lat' dir='ltr'>domini</span> <span class='ocrx_word' id='word_1_45' title='bbox 1837 791 2183 859; x_wconf 90' lang='lat' dir='ltr'>Guilleberti,</span> <span class='ocrx_word' id='word_1_46' title='bbox 2268 793 2484 863; x_wconf 91' lang='lat' dir='ltr'>quinto,</span> <span class='ocrx_word' id='word_1_47' title='bbox 2504 810 2657 848; x_wconf 87' lang='lat' dir='ltr'>mere</span> <span class='ocrx_word' id='word_1_48' title='bbox 2686 798 2743 847; x_wconf 92' lang='lat' dir='ltr'>et</span> <span class='ocrx_word' id='word_1_49' title='bbox 2766 793 3072 847; x_wconf 85' lang='lat' dir='ltr'>liberaliter</span> <span class='ocrx_word' id='word_1_50' title='bbox 3100 792 3358 847; x_wconf 88' lang='lat' dir='ltr'>dedimus</span> <span class='ocrx_word' id='word_1_51' title='bbox 3376 807 3479 861; x_wconf 91' lang='lat' dir='ltr'>pro</span> <span class='ocrx_word' id='word_1_52' title='bbox 3497 789 3831 844; x_wconf 88' lang='lat' dir='ltr'>subventione</span> 
     </span>
    </p>
   </div>
   <div class='ocr_carea' id='block_1_7' title="bbox 598 874 3831 953">
    <p class='ocr_par' dir='ltr' id='par_1_7' title="bbox 598 874 3831 953">
     <span class='ocr_line' id='line_1_7' title="bbox 598 874 3831 953; baseline 0.002 -30"><span class='ocrx_word' id='word_1_53' title='bbox 598 885 852 926; x_wconf 88' lang='lat' dir='ltr'>summus</span> <span class='ocrx_word' id='word_1_54' title='bbox 872 874 1115 943; x_wconf 81' lang='lat' dir='ltr'>pontifex</span> <span class='ocrx_word' id='word_1_55' title='bbox 1130 877 1388 933; x_wconf 82' lang='lat' dir='ltr'>Clemens</span> <span class='ocrx_word' id='word_1_56' title='bbox 1407 877 1697 949; x_wconf 81' lang='lat' dir='ltr'>regnabat;</span> <span class='ocrx_word' id='word_1_57' title='bbox 1722 878 2184 934; x_wconf 85' lang='lat' dir='ltr'>ﬁlialidevotione</span> <span class='ocrx_word' id='word_1_58' title='bbox 2266 882 2415 936; x_wconf 90' lang='lat' dir='ltr'>sedis</span> <span class='ocrx_word' id='word_1_59' title='bbox 2447 883 2784 953; x_wconf 85' lang='lat' dir='ltr'>apostolica,</span> <span class='ocrx_word' id='word_1_60' title='bbox 2818 883 3007 936; x_wconf 90' lang='lat' dir='ltr'>decem</span> <span class='ocrx_word' id='word_1_61' title='bbox 3039 881 3190 935; x_wconf 88' lang='lat' dir='ltr'>mille</span> <span class='ocrx_word' id='word_1_62' title='bbox 3230 882 3471 934; x_wconf 84' lang='lat' dir='ltr'>florenos</span> <span class='ocrx_word' id='word_1_63' title='bbox 3521 884 3638 933; x_wconf 92' lang='lat' dir='ltr'>tum</span> <span class='ocrx_word' id='word_1_64' title='bbox 3683 878 3831 931; x_wconf 88' lang='lat' dir='ltr'>etiam</span> 
     </span>
    </p>
   </div>
   <div class='ocr_carea' id='block_1_8' title="bbox 597 959 3833 1042">
    <p class='ocr_par' dir='ltr' id='par_1_8' title="bbox 597 959 3833 1042">
     <span class='ocr_line' id='line_1_8' title="bbox 597 959 3833 1042; baseline 0.002 -30"><span class='ocrx_word' id='word_1_65' title='bbox 597 959 757 1025; x_wconf 87' lang='lat' dir='ltr'>moti,</span> <span class='ocrx_word' id='word_1_66' title='bbox 782 977 896 1015; x_wconf 92' lang='lat' dir='ltr'>non</span> <span class='ocrx_word' id='word_1_67' title='bbox 926 962 1160 1031; x_wconf 83' lang='lat' dir='ltr'>inducti,</span> <span class='ocrx_word' id='word_1_68' title='bbox 1191 966 1290 1035; x_wconf 78' lang='lat' dir='ltr'>sed</span> <span class='ocrx_word' id='word_1_69' title='bbox 1318 983 1477 1021; x_wconf 89' lang='lat' dir='ltr'>mera</span> <span class='ocrx_word' id='word_1_70' title='bbox 1508 968 2068 1039; x_wconf 84' lang='lat' dir='ltr'>libertate,pratextu</span> <span class='ocrx_word' id='word_1_71' title='bbox 2086 985 2186 1023; x_wconf 91' lang='lat' dir='ltr'>ne-</span> <span class='ocrx_word' id='word_1_72' title='bbox 2268 988 2369 1041; x_wconf 90' lang='lat' dir='ltr'>pro</span> <span class='ocrx_word' id='word_1_73' title='bbox 2386 971 2628 1041; x_wconf 90' lang='lat' dir='ltr'>negotiis</span> <span class='ocrx_word' id='word_1_74' title='bbox 2645 971 2852 1026; x_wconf 81' lang='lat' dir='ltr'>nostris</span> <span class='ocrx_word' id='word_1_75' title='bbox 2873 970 3230 1042; x_wconf 85' lang='lat' dir='ltr'>expediendis</span> <span class='ocrx_word' id='word_1_76' title='bbox 3254 987 3268 1036; x_wconf 90' lang='lat'>;</span> <span class='ocrx_word' id='word_1_77' title='bbox 3299 974 3358 1023; x_wconf 92' lang='lat' dir='ltr'>et</span> <span class='ocrx_word' id='word_1_78' title='bbox 3384 968 3493 1022; x_wconf 92' lang='lat' dir='ltr'>nisi</span> <span class='ocrx_word' id='word_1_79' title='bbox 3511 967 3703 1021; x_wconf 87' lang='lat' dir='ltr'>fuisset</span> <span class='ocrx_word' id='word_1_80' title='bbox 3728 982 3833 1037; x_wconf 81' lang='lat' dir='ltr'>pro-</span> 
     </span>
    </p>
   </div>
   <div class='ocr_carea' id='block_1_9' title="bbox 592 1049 3832 1130">
    <p class='ocr_par' dir='ltr' id='par_1_9' title="bbox 592 1049 3832 1130">
     <span class='ocr_line' id='line_1_9' title="bbox 592 1049 3832 1130; baseline 0.002 -27"><span class='ocrx_word' id='word_1_81' title='bbox 592 1049 735 1118; x_wconf 86' lang='lat' dir='ltr'>gotii</span> <span class='ocrx_word' id='word_1_82' title='bbox 762 1054 925 1106; x_wconf 88' lang='lat' dir='ltr'>terra</span> <span class='ocrx_word' id='word_1_83' title='bbox 953 1058 1178 1119; x_wconf 81' lang='lat' dir='ltr'>sancta,</span> <span class='ocrx_word' id='word_1_84' title='bbox 1203 1060 1261 1109; x_wconf 91' lang='lat' dir='ltr'>et</span> <span class='ocrx_word' id='word_1_85' title='bbox 1296 1057 1650 1111; x_wconf 87' lang='lat' dir='ltr'>exaltationis</span> <span class='ocrx_word' id='word_1_86' title='bbox 1695 1058 1826 1112; x_wconf 91' lang='lat' dir='ltr'>ﬁdei</span> <span class='ocrx_word' id='word_1_87' title='bbox 1875 1058 2182 1124; x_wconf 89' lang='lat' dir='ltr'>catholica,</span> <span class='ocrx_word' id='word_1_88' title='bbox 2272 1065 2516 1126; x_wconf 89' lang='lat' dir='ltr'>curator,</span> <span class='ocrx_word' id='word_1_89' title='bbox 2549 1060 2633 1115; x_wconf 91' lang='lat' dir='ltr'>vel</span> <span class='ocrx_word' id='word_1_90' title='bbox 2665 1060 2932 1130; x_wconf 86' lang='lat' dir='ltr'>magister</span> <span class='ocrx_word' id='word_1_91' title='bbox 2971 1062 3215 1114; x_wconf 90' lang='lat' dir='ltr'>Joannes</span> <span class='ocrx_word' id='word_1_92' title='bbox 3237 1056 3476 1124; x_wconf 88' lang='lat' dir='ltr'>abbatis,</span> <span class='ocrx_word' id='word_1_93' title='bbox 3511 1055 3832 1110; x_wconf 88' lang='lat' dir='ltr'>dedissemus</span> 
     </span>
    </p>
   </div>
   <div class='ocr_carea' id='block_1_10' title="bbox 592 1135 3525 1221">
    <p class='ocr_par' dir='ltr' id='par_1_10' title="bbox 592 1135 3525 1221">
     <span class='ocr_line' id='line_1_10' title="bbox 592 1135 3525 1221; baseline 0.003 -31"><span class='ocrx_word' id='word_1_94' title='bbox 592 1135 847 1193; x_wconf 89' lang='lat' dir='ltr'>dedimus</span> <span class='ocrx_word' id='word_1_95' title='bbox 876 1140 1023 1195; x_wconf 88' lang='lat' dir='ltr'>dicto</span> <span class='ocrx_word' id='word_1_96' title='bbox 1053 1158 1275 1197; x_wconf 89' lang='lat' dir='ltr'>summo</span> <span class='ocrx_word' id='word_1_97' title='bbox 1328 1146 1579 1216; x_wconf 79' lang='lat' dir='ltr'>pontifici</span> <span class='ocrx_word' id='word_1_98' title='bbox 1634 1146 1957 1215; x_wconf 90' lang='lat' dir='ltr'>quindecim</span> <span class='ocrx_word' id='word_1_99' title='bbox 2010 1146 2187 1200; x_wconf 88' lang='lat' dir='ltr'>millia</span> <span class='ocrx_word' id='word_1_100' title='bbox 2271 1149 2588 1221; x_wconf 88' lang='lat' dir='ltr'>quindecim</span> <span class='ocrx_word' id='word_1_101' title='bbox 2616 1150 2787 1216; x_wconf 90' lang='lat' dir='ltr'>mille,</span> <span class='ocrx_word' id='word_1_102' title='bbox 2816 1154 2879 1204; x_wconf 93' lang='lat' dir='ltr'>ut</span> <span class='ocrx_word' id='word_1_103' title='bbox 2905 1154 3062 1220; x_wconf 83' lang='lat' dir='ltr'>patet</span> <span class='ocrx_word' id='word_1_104' title='bbox 3080 1149 3136 1202; x_wconf 90' lang='lat' dir='ltr'>in</span> <span class='ocrx_word' id='word_1_105' title='bbox 3166 1146 3525 1202; x_wconf 89' lang='lat' dir='ltr'>cbartulario.</span> 
     </span>
    </p>
   </div>
   <div class='ocr_carea' id='block_1_11' title="bbox 591 1224 3833 1306">
    <p class='ocr_par' dir='ltr' id='par_1_11' title="bbox 591 1224 3833 1306">
     <span class='ocr_line' id='line_1_11' title="bbox 591 1224 3833 1306; baseline 0.002 -27"><span class='ocrx_word' id='word_1_106' title='bbox 591 1224 932 1283; x_wconf 86' lang='lat' dir='ltr'>ﬂorenorum</span> <span class='ocrx_word' id='word_1_107' title='bbox 960 1246 1259 1301; x_wconf 90' lang='lat' dir='ltr'>parvorum</span> <span class='ocrx_word' id='word_1_108' title='bbox 1301 1234 1371 1289; x_wconf 91' lang='lat' dir='ltr'>de</span> <span class='ocrx_word' id='word_1_109' title='bbox 1416 1236 1720 1302; x_wconf 90' lang='lat' dir='ltr'>Florentia,</span> <span class='ocrx_word' id='word_1_110' title='bbox 1752 1253 1853 1306; x_wconf 89' lang='lat' dir='ltr'>pro</span> <span class='ocrx_word' id='word_1_111' title='bbox 1907 1236 2070 1291; x_wconf 87' lang='lat' dir='ltr'>dictis</span> <span class='ocrx_word' id='word_1_112' title='bbox 2092 1251 2185 1290; x_wconf 91' lang='lat' dir='ltr'>ne-</span> <span class='ocrx_word' id='word_1_113' title='bbox 2226 1276 2231 1280; x_wconf 90' lang='grc'><strong>-</strong></span> <span class='ocrx_word' id='word_1_114' title='bbox 2339 1239 2409 1293; x_wconf 92' lang='lat' dir='ltr'>Et</span> <span class='ocrx_word' id='word_1_115' title='bbox 2435 1255 2582 1293; x_wconf 88' lang='lat' dir='ltr'>anno</span> <span class='ocrx_word' id='word_1_116' title='bbox 2603 1238 2826 1293; x_wconf 91' lang='lat' dir='ltr'>Domini</span> <span class='ocrx_word' id='word_1_117' title='bbox 2857 1237 3153 1291; x_wconf 85' lang='lat' dir='ltr'>millesimo</span> <span class='ocrx_word' id='word_1_118' title='bbox 3196 1234 3592 1291; x_wconf 88' lang='lat' dir='ltr'>trecentesimo</span> <span class='ocrx_word' id='word_1_119' title='bbox 3635 1248 3833 1301; x_wconf 85' lang='lat' dir='ltr'>sexage-</span> 
     </span>
    </p>
   </div>
   <div class='ocr_carea' id='block_1_12' title="bbox 592 1315 3831 1398">
    <p class='ocr_par' dir='ltr' id='par_1_12' title="bbox 592 1315 3831 1398">
     <span class='ocr_line' id='line_1_12' title="bbox 592 1315 3831 1398; baseline 0.001 -29"><span class='ocrx_word' id='word_1_120' title='bbox 592 1315 948 1373; x_wconf 88' lang='lat' dir='ltr'>cessitatibus</span> <span class='ocrx_word' id='word_1_121' title='bbox 1008 1323 1443 1393; x_wconf 87' lang='lat' dir='ltr'>supportandis;</span> <span class='ocrx_word' id='word_1_122' title='bbox 1497 1340 1735 1394; x_wconf 89' lang='lat' dir='ltr'>quorum</span> <span class='ocrx_word' id='word_1_123' title='bbox 1775 1325 1965 1378; x_wconf 90' lang='lat' dir='ltr'>decem</span> <span class='ocrx_word' id='word_1_124' title='bbox 2008 1324 2187 1379; x_wconf 91' lang='lat' dir='ltr'>millia</span> <span class='ocrx_word' id='word_1_125' title='bbox 2267 1325 2409 1379; x_wconf 91' lang='lat' dir='ltr'>simo</span> <span class='ocrx_word' id='word_1_126' title='bbox 2434 1342 2583 1380; x_wconf 92' lang='lat' dir='ltr'>nono</span> <span class='ocrx_word' id='word_1_127' title='bbox 2610 1326 2782 1380; x_wconf 90' lang='lat' dir='ltr'>voluit</span> <span class='ocrx_word' id='word_1_128' title='bbox 2811 1343 2957 1398; x_wconf 87' lang='lat' dir='ltr'>papa</span> <span class='ocrx_word' id='word_1_129' title='bbox 2993 1325 3178 1380; x_wconf 89' lang='lat' dir='ltr'>levare</span> <span class='ocrx_word' id='word_1_130' title='bbox 3227 1340 3399 1378; x_wconf 89' lang='lat' dir='ltr'>unam</span> <span class='ocrx_word' id='word_1_131' title='bbox 3457 1322 3725 1377; x_wconf 89' lang='lat' dir='ltr'>decimam</span> <span class='ocrx_word' id='word_1_132' title='bbox 3747 1334 3831 1390; x_wconf 86' lang='lat' dir='ltr'>pro</span> 
     </span>
    </p>
   </div>
   <div class='ocr_carea' id='block_1_13' title="bbox 592 1405 3829 1485">
    <p class='ocr_par' dir='ltr' id='par_1_13' title="bbox 592 1405 3829 1485">
     <span class='ocr_line' id='line_1_13' title="bbox 592 1405 3829 1485; baseline 0.001 -27"><span class='ocrx_word' id='word_1_133' title='bbox 592 1405 803 1459; x_wconf 88' lang='lat' dir='ltr'>tradita</span> <span class='ocrx_word' id='word_1_134' title='bbox 832 1414 967 1463; x_wconf 89' lang='lat' dir='ltr'>sunt</span> <span class='ocrx_word' id='word_1_135' title='bbox 990 1426 1104 1479; x_wconf 89' lang='lat' dir='ltr'>pra</span> <span class='ocrx_word' id='word_1_136' title='bbox 1124 1411 1405 1479; x_wconf 89' lang='lat' dir='ltr'>manibus,</span> <span class='ocrx_word' id='word_1_137' title='bbox 1436 1412 1548 1466; x_wconf 90' lang='lat' dir='ltr'>alia</span> <span class='ocrx_word' id='word_1_138' title='bbox 1579 1412 1824 1483; x_wconf 90' lang='lat' dir='ltr'>quinque</span> <span class='ocrx_word' id='word_1_139' title='bbox 1853 1413 2049 1480; x_wconf 89' lang='lat' dir='ltr'>millia,</span> <span class='ocrx_word' id='word_1_140' title='bbox 2082 1430 2183 1485; x_wconf 91' lang='lat' dir='ltr'>po-</span> <span class='ocrx_word' id='word_1_141' title='bbox 2266 1415 2624 1485; x_wconf 89' lang='lat' dir='ltr'>reparatione</span> <span class='ocrx_word' id='word_1_142' title='bbox 2653 1415 2899 1470; x_wconf 85' lang='lat' dir='ltr'>ecclesia</span> <span class='ocrx_word' id='word_1_143' title='bbox 2920 1419 3020 1468; x_wconf 91' lang='lat' dir='ltr'>aut</span> <span class='ocrx_word' id='word_1_144' title='bbox 3047 1412 3373 1468; x_wconf 89' lang='lat' dir='ltr'>monasterii</span> <span class='ocrx_word' id='word_1_145' title='bbox 3402 1411 3609 1466; x_wconf 88' lang='lat' dir='ltr'>Montis</span> <span class='ocrx_word' id='word_1_146' title='bbox 3627 1408 3829 1473; x_wconf 85' lang='lat' dir='ltr'>Casini;</span> 
     </span>
    </p>
   </div>
   <div class='ocr_carea' id='block_1_14' title="bbox 592 1496 3834 1573">
    <p class='ocr_par' dir='ltr' id='par_1_14' title="bbox 592 1496 3834 1573">
     <span class='ocr_line' id='line_1_14' title="bbox 592 1496 3834 1573; baseline 0 -26"><span class='ocrx_word' id='word_1_147' title='bbox 592 1498 732 1562; x_wconf 88' lang='lat' dir='ltr'>stea,</span> <span class='ocrx_word' id='word_1_148' title='bbox 764 1500 829 1549; x_wconf 91' lang='lat' dir='ltr'>ut</span> <span class='ocrx_word' id='word_1_149' title='bbox 847 1502 1004 1566; x_wconf 90' lang='lat' dir='ltr'>patet</span> <span class='ocrx_word' id='word_1_150' title='bbox 1029 1498 1086 1551; x_wconf 91' lang='lat' dir='ltr'>in</span> <span class='ocrx_word' id='word_1_151' title='bbox 1111 1499 1470 1566; x_wconf 89' lang='lat' dir='ltr'>chartulario,</span> <span class='ocrx_word' id='word_1_152' title='bbox 1499 1501 1861 1572; x_wconf 89' lang='lat' dir='ltr'>perlitteram</span> <span class='ocrx_word' id='word_1_153' title='bbox 1890 1519 2060 1573; x_wconf 89' lang='lat' dir='ltr'>super</span> <span class='ocrx_word' id='word_1_154' title='bbox 2077 1503 2183 1555; x_wconf 90' lang='lat' dir='ltr'>hoc</span> <span class='ocrx_word' id='word_1_155' title='bbox 2263 1503 2414 1557; x_wconf 91' lang='lat' dir='ltr'>unde</span> <span class='ocrx_word' id='word_1_156' title='bbox 2434 1503 2542 1556; x_wconf 91' lang='lat' dir='ltr'>fuit</span> <span class='ocrx_word' id='word_1_157' title='bbox 2552 1508 2714 1573; x_wconf 90' lang='lat' dir='ltr'>pater</span> <span class='ocrx_word' id='word_1_158' title='bbox 2729 1508 2921 1557; x_wconf 87' lang='lat' dir='ltr'>noster</span> <span class='ocrx_word' id='word_1_159' title='bbox 2940 1502 3273 1557; x_wconf 89' lang='lat' dir='ltr'>Benedictus</span> <span class='ocrx_word' id='word_1_160' title='bbox 3308 1500 3499 1567; x_wconf 89' lang='lat' dir='ltr'>abbas,</span> <span class='ocrx_word' id='word_1_161' title='bbox 3525 1504 3583 1553; x_wconf 91' lang='lat' dir='ltr'>et</span> <span class='ocrx_word' id='word_1_162' title='bbox 3607 1496 3834 1551; x_wconf 87' lang='lat' dir='ltr'>commis-</span> 
     </span>
    </p>
   </div>
   <div class='ocr_carea' id='block_1_15' title="bbox 591 1582 3833 1659">
    <p class='ocr_par' dir='ltr' id='par_1_15' title="bbox 591 1582 3833 1659">
     <span class='ocr_line' id='line_1_15' title="bbox 591 1582 3833 1659; baseline 0.001 -25"><span class='ocrx_word' id='word_1_163' title='bbox 591 1582 918 1649; x_wconf 86' lang='lat' dir='ltr'>confectam,</span> <span class='ocrx_word' id='word_1_164' title='bbox 952 1602 1075 1655; x_wconf 85' lang='lat' dir='ltr'>qua</span> <span class='ocrx_word' id='word_1_165' title='bbox 1102 1587 1305 1658; x_wconf 85' lang='lat' dir='ltr'>duplex</span> <span class='ocrx_word' id='word_1_166' title='bbox 1336 1593 1421 1641; x_wconf 91' lang='lat' dir='ltr'>est</span> <span class='ocrx_word' id='word_1_167' title='bbox 1463 1587 1522 1642; x_wconf 91' lang='lat' dir='ltr'>in</span> <span class='ocrx_word' id='word_1_168' title='bbox 1575 1589 1817 1643; x_wconf 91' lang='lat' dir='ltr'>armario</span> <span class='ocrx_word' id='word_1_169' title='bbox 1865 1589 2183 1643; x_wconf 90' lang='lat' dir='ltr'>litterarum</span> <span class='ocrx_word' id='word_1_170' title='bbox 2264 1607 2387 1645; x_wconf 89' lang='lat' dir='ltr'>sum</span> <span class='ocrx_word' id='word_1_171' title='bbox 2410 1591 2515 1645; x_wconf 84' lang='lat' dir='ltr'>fuit</span> <span class='ocrx_word' id='word_1_172' title='bbox 2543 1590 2732 1645; x_wconf 91' lang='lat' dir='ltr'>abbati</span> <span class='ocrx_word' id='word_1_173' title='bbox 2752 1591 2940 1645; x_wconf 88' lang='lat' dir='ltr'>Sancti</span> <span class='ocrx_word' id='word_1_174' title='bbox 2956 1590 3210 1645; x_wconf 86' lang='lat' dir='ltr'>Audoeni</span> <span class='ocrx_word' id='word_1_175' title='bbox 3233 1589 3497 1659; x_wconf 87' lang='lat' dir='ltr'>colligere</span> <span class='ocrx_word' id='word_1_176' title='bbox 3536 1587 3596 1641; x_wconf 92' lang='lat' dir='ltr'>in</span> <span class='ocrx_word' id='word_1_177' title='bbox 3631 1585 3833 1656; x_wconf 90' lang='lat' dir='ltr'>provin-</span> 
     </span>
    </p>
   </div>
   <div class='ocr_carea' id='block_1_16' title="bbox 593 1669 3834 1750">
    <p class='ocr_par' dir='ltr' id='par_1_16' title="bbox 593 1669 3834 1750">
     <span class='ocr_line' id='line_1_16' title="bbox 593 1669 3834 1750; baseline 0.001 -28"><span class='ocrx_word' id='word_1_178' title='bbox 593 1669 950 1737; x_wconf 88' lang='lat' dir='ltr'>electionum,</span> <span class='ocrx_word' id='word_1_179' title='bbox 975 1679 1033 1728; x_wconf 94' lang='lat' dir='ltr'>et</span> <span class='ocrx_word' id='word_1_180' title='bbox 1059 1674 1167 1730; x_wconf 91' lang='lat' dir='ltr'>fuit</span> <span class='ocrx_word' id='word_1_181' title='bbox 1193 1676 1411 1731; x_wconf 88' lang='lat' dir='ltr'>decima</span> <span class='ocrx_word' id='word_1_182' title='bbox 1428 1677 1708 1747; x_wconf 86' lang='lat' dir='ltr'>generalis</span> <span class='ocrx_word' id='word_1_183' title='bbox 1755 1678 1936 1732; x_wconf 90' lang='lat' dir='ltr'>levata</span> <span class='ocrx_word' id='word_1_184' title='bbox 1967 1676 2179 1750; x_wconf 86' lang='lat' dir='ltr'>[vulgo,</span> <span class='ocrx_word' id='word_1_185' title='bbox 2263 1678 2350 1733; x_wconf 91' lang='lat' dir='ltr'>cia</span> <span class='ocrx_word' id='word_1_186' title='bbox 2377 1680 2835 1750; x_wconf 86' lang='lat' dir='ltr'>Rothomagensi,</span> <span class='ocrx_word' id='word_1_187' title='bbox 2863 1696 3033 1750; x_wconf 90' lang='lat' dir='ltr'>super</span> <span class='ocrx_word' id='word_1_188' title='bbox 3060 1677 3319 1733; x_wconf 88' lang='lat' dir='ltr'>ecclesias</span> <span class='ocrx_word' id='word_1_189' title='bbox 3366 1682 3467 1731; x_wconf 90' lang='lat' dir='ltr'>aut</span> <span class='ocrx_word' id='word_1_190' title='bbox 3517 1672 3834 1729; x_wconf 90' lang='lat' dir='ltr'>monasteria</span> 
     </span>
    </p>
   </div>
   <div class='ocr_carea' id='block_1_17' title="bbox 593 1762 3833 1853">
    <p class='ocr_par' dir='ltr' id='par_1_17' title="bbox 593 1762 3833 1853">
     <span class='ocr_line' id='line_1_17' title="bbox 593 1762 3833 1853; baseline 0 -40"><span class='ocrx_word' id='word_1_191' title='bbox 593 1775 705 1813; x_wconf 81' lang='lat' dir='ltr'>une</span> <span class='ocrx_word' id='word_1_192' title='bbox 723 1762 901 1832; x_wconf 81' lang='lat' dir='ltr'>levée],</span> <span class='ocrx_word' id='word_1_193' title='bbox 928 1763 987 1817; x_wconf 92' lang='lat' dir='ltr'>in</span> <span class='ocrx_word' id='word_1_194' title='bbox 1017 1780 1190 1835; x_wconf 86' lang='lat' dir='ltr'>regno</span> <span class='ocrx_word' id='word_1_195' title='bbox 1249 1766 1496 1820; x_wconf 90' lang='lat' dir='ltr'>Francia</span> <span class='ocrx_word' id='word_1_196' title='bbox 1530 1783 1632 1836; x_wconf 89' lang='lat' dir='ltr'>per</span> <span class='ocrx_word' id='word_1_197' title='bbox 1668 1766 1953 1832; x_wconf 84' lang='lat' dir='ltr'>dioeceses,</span> <span class='ocrx_word' id='word_1_198' title='bbox 1987 1772 2044 1820; x_wconf 90' lang='lat' dir='ltr'>et</span> <span class='ocrx_word' id='word_1_199' title='bbox 2082 1784 2243 1853; x_wconf 82' lang='lat' dir='ltr'>proB</span> <span class='ocrx_word' id='word_1_200' title='bbox 2264 1767 2443 1821; x_wconf 90' lang='lat' dir='ltr'>sancti</span> <span class='ocrx_word' id='word_1_201' title='bbox 2473 1767 2780 1834; x_wconf 89' lang='lat' dir='ltr'>Benedicti,</span> <span class='ocrx_word' id='word_1_202' title='bbox 2801 1768 2895 1838; x_wconf 89' lang='lat' dir='ltr'>qui</span> <span class='ocrx_word' id='word_1_203' title='bbox 2925 1767 3190 1838; x_wconf 89' lang='lat' dir='ltr'>penurias</span> <span class='ocrx_word' id='word_1_204' title='bbox 3220 1766 3585 1820; x_wconf 81' lang='lat' dir='ltr'>ecclesiarum</span> <span class='ocrx_word' id='word_1_205' title='bbox 3614 1762 3833 1816; x_wconf 89' lang='lat' dir='ltr'>declara-</span> 
     </span>
    </p>
   </div>
   <div class='ocr_carea' id='block_1_18' title="bbox 591 1847 3832 1910">
    <p class='ocr_par' dir='ltr' id='par_1_18' title="bbox 591 1847 3832 1910">
     <span class='ocr_line' id='line_1_18' title="bbox 591 1847 3832 1910; baseline -0 -7"><span class='ocrx_word' id='word_1_206' title='bbox 591 1847 690 1903; x_wconf 90' lang='lat' dir='ltr'>illa</span> <span class='ocrx_word' id='word_1_207' title='bbox 718 1848 934 1904; x_wconf 89' lang='lat' dir='ltr'>decima</span> <span class='ocrx_word' id='word_1_208' title='bbox 962 1852 1180 1907; x_wconf 83' lang='lat' dir='ltr'>ratione</span> <span class='ocrx_word' id='word_1_209' title='bbox 1195 1857 1474 1908; x_wconf 88' lang='lat' dir='ltr'>terrarum</span> <span class='ocrx_word' id='word_1_210' title='bbox 1503 1860 1823 1908; x_wconf 89' lang='lat' dir='ltr'>nostrarum</span> <span class='ocrx_word' id='word_1_211' title='bbox 1850 1855 2181 1909; x_wconf 78' lang='lat' dir='ltr'>ditfusarum</span> <span class='ocrx_word' id='word_1_212' title='bbox 2198 1847 2239 1853; x_wconf 66' lang='grc'><em>’</em></span> <span class='ocrx_word' id='word_1_213' title='bbox 2263 1856 2376 1909; x_wconf 91' lang='lat' dir='ltr'>vit:</span> <span class='ocrx_word' id='word_1_214' title='bbox 2413 1860 2469 1910; x_wconf 91' lang='lat' dir='ltr'>et</span> <span class='ocrx_word' id='word_1_215' title='bbox 2487 1856 2706 1910; x_wconf 90' lang='lat' dir='ltr'>decima</span> <span class='ocrx_word' id='word_1_216' title='bbox 2724 1856 3089 1910; x_wconf 90' lang='lat' dir='ltr'>nihilominus</span> <span class='ocrx_word' id='word_1_217' title='bbox 3117 1855 3299 1910; x_wconf 86' lang='lat' dir='ltr'>soluta</span> <span class='ocrx_word' id='word_1_218' title='bbox 3326 1859 3415 1909; x_wconf 93' lang='lat' dir='ltr'>est</span> <span class='ocrx_word' id='word_1_219' title='bbox 3444 1871 3457 1906; x_wconf 86' lang='lat'><strong>:</strong></span> <span class='ocrx_word' id='word_1_220' title='bbox 3500 1858 3558 1907; x_wconf 89' lang='lat' dir='ltr'>et</span> <span class='ocrx_word' id='word_1_221' title='bbox 3591 1850 3832 1907; x_wconf 83' lang='lat' dir='ltr'>solvimus</span> 
     </span>
    </p>
   </div>
   <div class='ocr_carea' id='block_1_19' title="bbox 586 1938 3831 2015">
    <p class='ocr_par' dir='ltr' id='par_1_19' title="bbox 586 1938 3831 2015">
     <span class='ocr_line' id='line_1_19' title="bbox 586 1938 3831 2015; baseline -0 -24"><span class='ocrx_word' id='word_1_222' title='bbox 586 1954 693 2010; x_wconf 87' lang='lat' dir='ltr'>per</span> <span class='ocrx_word' id='word_1_223' title='bbox 704 1939 1000 2008; x_wconf 87' lang='lat' dir='ltr'>pradictas</span> <span class='ocrx_word' id='word_1_224' title='bbox 1018 1941 1281 1996; x_wconf 82' lang='lat' dir='ltr'>diaceses</span> <span class='ocrx_word' id='word_1_225' title='bbox 1310 1944 1593 2009; x_wconf 88' lang='lat' dir='ltr'>solvimus,</span> <span class='ocrx_word' id='word_1_226' title='bbox 1618 1943 1827 2015; x_wconf 89' lang='lat' dir='ltr'>absque</span> <span class='ocrx_word' id='word_1_227' title='bbox 1858 1943 2017 1998; x_wconf 92' lang='lat' dir='ltr'>bonis</span> <span class='ocrx_word' id='word_1_228' title='bbox 2037 1944 2183 2015; x_wconf 90' lang='lat' dir='ltr'>prio-</span> <span class='ocrx_word' id='word_1_229' title='bbox 2260 1959 2362 2015; x_wconf 89' lang='lat' dir='ltr'>pro</span> <span class='ocrx_word' id='word_1_230' title='bbox 2392 1950 2551 2014; x_wconf 90' lang='lat' dir='ltr'>parte</span> <span class='ocrx_word' id='word_1_231' title='bbox 2582 1950 2639 1998; x_wconf 92' lang='lat' dir='ltr'>et</span> <span class='ocrx_word' id='word_1_232' title='bbox 2660 1945 2918 2015; x_wconf 90' lang='lat' dir='ltr'>portione</span> <span class='ocrx_word' id='word_1_233' title='bbox 2944 1949 3139 1997; x_wconf 90' lang='lat' dir='ltr'>nostra</span> <span class='ocrx_word' id='word_1_234' title='bbox 3157 1940 3535 2014; x_wconf 83' lang='lat' dir='ltr'>quadraginta</span> <span class='ocrx_word' id='word_1_235' title='bbox 3552 1955 3739 1994; x_wconf 88' lang='lat' dir='ltr'>novem</span> <span class='ocrx_word' id='word_1_236' title='bbox 3751 1938 3831 1990; x_wconf 82' lang='lat' dir='ltr'>llo-</span> 
     </span>
    </p>
   </div>
   <div class='ocr_carea' id='block_1_20' title="bbox 587 2031 3141 2104">
    <p class='ocr_par' dir='ltr' id='par_1_20' title="bbox 587 2031 3141 2104">
     <span class='ocr_line' id='line_1_20' title="bbox 587 2031 3141 2104; baseline 0.002 -23"><span class='ocrx_word' id='word_1_237' title='bbox 587 2032 814 2082; x_wconf 89' lang='lat' dir='ltr'>ratuum</span> <span class='ocrx_word' id='word_1_238' title='bbox 840 2035 1183 2098; x_wconf 90' lang='lat' dir='ltr'>nostrorum,</span> <span class='ocrx_word' id='word_1_239' title='bbox 1214 2032 1327 2086; x_wconf 88' lang='lat' dir='ltr'>tria</span> <span class='ocrx_word' id='word_1_240' title='bbox 1379 2033 1555 2086; x_wconf 90' lang='lat' dir='ltr'>millia</span> <span class='ocrx_word' id='word_1_241' title='bbox 1607 2034 1816 2087; x_wconf 87' lang='lat' dir='ltr'>sexcies</span> <span class='ocrx_word' id='word_1_242' title='bbox 1858 2038 2082 2087; x_wconf 90' lang='lat' dir='ltr'>centum</span> <span class='ocrx_word' id='word_1_243' title='bbox 2116 2033 2178 2087; x_wconf 93' lang='lat' dir='ltr'>li-</span> <span class='ocrx_word' id='word_1_244' title='bbox 2260 2049 2444 2099; x_wconf 90' lang='lat' dir='ltr'>renos,</span> <span class='ocrx_word' id='word_1_245' title='bbox 2467 2038 2531 2087; x_wconf 89' lang='lat' dir='ltr'>ut</span> <span class='ocrx_word' id='word_1_246' title='bbox 2559 2037 2713 2104; x_wconf 87' lang='lat' dir='ltr'>patet</span> <span class='ocrx_word' id='word_1_247' title='bbox 2741 2033 2800 2086; x_wconf 92' lang='lat' dir='ltr'>in</span> <span class='ocrx_word' id='word_1_248' title='bbox 2827 2032 3059 2086; x_wconf 86' lang='lat' dir='ltr'>fardello</span> <span class='ocrx_word' id='word_1_249' title='bbox 3087 2031 3141 2085; x_wconf 85' lang='grc'>1.</span> 
     </span>
    </p>
   </div>
   <div class='ocr_carea' id='block_1_21' title="bbox 1550 312 2911 370">
    <p class='ocr_par' dir='ltr' id='par_1_21' title="bbox 1550 312 2911 370">
     <span class='ocr_line' id='line_1_21' title="bbox 1550 312 2911 370; baseline 0.001 -4"><span class='ocrx_word' id='word_1_250' title='bbox 1550 312 1649 367; x_wconf 82' lang='grc' dir='ltr'>ΑΙ)</span> <span class='ocrx_word' id='word_1_251' title='bbox 1688 312 1927 369; x_wconf 83' lang='lat' dir='ltr'><strong>OPERA</strong></span> <span class='ocrx_word' id='word_1_252' title='bbox 1962 315 2027 369; x_wconf 92' lang='lat' dir='ltr'>B.</span> <span class='ocrx_word' id='word_1_253' title='bbox 2068 313 2483 370; x_wconf 83' lang='lat' dir='ltr'>LANFRANCI</span> <span class='ocrx_word' id='word_1_254' title='bbox 2521 313 2911 369; x_wconf 81' lang='lat' dir='ltr'>APPENDIX.</span> 
     </span>
    </p>
   </div>
   <div class='ocr_carea' id='block_1_22' title="bbox 811 432 1755 503">
    <p class='ocr_par' dir='ltr' id='par_1_22' title="bbox 811 432 1755 503">
     <span class='ocr_line' id='line_1_22' title="bbox 811 432 1755 503; baseline 0.005 -18"><span class='ocrx_word' id='word_1_255' title='bbox 811 432 1011 499; x_wconf 79' lang='lat' dir='ltr'>Quand</span> <span class='ocrx_word' id='word_1_256' title='bbox 1028 434 1291 503; x_wconf 75' lang='lat' dir='ltr'>Gieufroy</span> <span class='ocrx_word' id='word_1_257' title='bbox 1312 438 1451 492; x_wconf 69' lang='lat' dir='ltr'>Pars</span> <span class='ocrx_word' id='word_1_258' title='bbox 1479 454 1532 491; x_wconf 83' lang='lat' dir='ltr'>se</span> <span class='ocrx_word' id='word_1_259' title='bbox 1561 439 1755 491; x_wconf 71' lang='lat' dir='ltr'>domist</span> 
     </span>
    </p>
   </div>
   <div class='ocr_carea' id='block_1_23' title="bbox 811 521 1726 594">
    <p class='ocr_par' dir='ltr' id='par_1_23' title="bbox 811 521 1726 594">
     <span class='ocr_line' id='line_1_23' title="bbox 811 521 1726 594; baseline 0.007 -21"><span class='ocrx_word' id='word_1_260' title='bbox 811 521 1005 575; x_wconf 80' lang='lat' dir='ltr'>D‘abbé</span> <span class='ocrx_word' id='word_1_261' title='bbox 1025 524 1102 576; x_wconf 85' lang='lat' dir='ltr'>du</span> <span class='ocrx_word' id='word_1_262' title='bbox 1120 526 1237 591; x_wconf 85' lang='lat' dir='ltr'>Bec,</span> <span class='ocrx_word' id='word_1_263' title='bbox 1262 530 1310 578; x_wconf 83' lang='lat' dir='ltr'>et</span> <span class='ocrx_word' id='word_1_264' title='bbox 1325 527 1542 581; x_wconf 70' lang='lat' dir='ltr'>Evreuzr</span> <span class='ocrx_word' id='word_1_265' title='bbox 1565 530 1726 594; x_wconf 79' lang='lat' dir='ltr'>prist.</span> 
     </span>
    </p>
   </div>
   <div class='ocr_carea' id='block_1_24' title="bbox 812 610 1876 681">
    <p class='ocr_par' dir='ltr' id='par_1_24' title="bbox 812 610 1876 681">
     <span class='ocr_line' id='line_1_24' title="bbox 812 610 1876 681; baseline 0.006 -18"><span class='ocrx_word' id='word_1_266' title='bbox 812 610 878 663; x_wconf 86' lang='lat' dir='ltr'>Le</span> <span class='ocrx_word' id='word_1_267' title='bbox 898 615 1145 678; x_wconf 77' lang='lat' dir='ltr'>premz&#39;er</span> <span class='ocrx_word' id='word_1_268' title='bbox 1158 616 1539 681; x_wconf 72' lang='lat' dir='ltr'>jourd&#39;Avrz‘l,</span> <span class='ocrx_word' id='word_1_269' title='bbox 1560 632 1689 669; x_wconf 85' lang='lat' dir='ltr'>sans</span> <span class='ocrx_word' id='word_1_270' title='bbox 1715 617 1876 669; x_wconf 73' lang='lat' dir='ltr'>dante</span> 
     </span>
    </p>
   </div>
   <div class='ocr_carea' id='block_1_25' title="bbox 587 2113 3829 2191">
    <p class='ocr_par' dir='ltr' id='par_1_25' title="bbox 587 2113 3829 2191">
     <span class='ocr_line' id='line_1_25' title="bbox 587 2113 3829 2191; baseline -0.001 -22"><span class='ocrx_word' id='word_1_271' title='bbox 587 2113 718 2170; x_wconf 86' lang='lat' dir='ltr'>bras</span> <span class='ocrx_word' id='word_1_272' title='bbox 742 2135 755 2184; x_wconf 89' lang='lat'>;</span> <span class='ocrx_word' id='word_1_273' title='bbox 785 2117 1052 2172; x_wconf 89' lang='lat' dir='ltr'>tredecim</span> <span class='ocrx_word' id='word_1_274' title='bbox 1080 2118 1269 2186; x_wconf 87' lang='lat' dir='ltr'>libras,</span> <span class='ocrx_word' id='word_1_275' title='bbox 1303 2121 1443 2175; x_wconf 88' lang='lat' dir='ltr'>duos</span> <span class='ocrx_word' id='word_1_276' title='bbox 1470 2121 1694 2187; x_wconf 90' lang='lat' dir='ltr'>solidos,</span> <span class='ocrx_word' id='word_1_277' title='bbox 1710 2138 1807 2175; x_wconf 84' lang='lat' dir='ltr'>sex</span> <span class='ocrx_word' id='word_1_278' title='bbox 1834 2122 2180 2189; x_wconf 89' lang='lat' dir='ltr'>denarios,ut</span> <span class='ocrx_word' id='word_1_279' title='bbox 2331 2122 2480 2175; x_wconf 90' lang='lat' dir='ltr'>Nota</span> <span class='ocrx_word' id='word_1_280' title='bbox 2499 2121 2645 2191; x_wconf 90' lang='lat' dir='ltr'>quod</span> <span class='ocrx_word' id='word_1_281' title='bbox 2667 2137 2814 2175; x_wconf 92' lang='lat' dir='ltr'>anno</span> <span class='ocrx_word' id='word_1_282' title='bbox 2852 2118 3078 2176; x_wconf 91' lang='lat' dir='ltr'>Domini</span> <span class='ocrx_word' id='word_1_283' title='bbox 3112 2118 3412 2174; x_wconf 92' lang='lat' dir='ltr'>millesimo</span> <span class='ocrx_word' id='word_1_284' title='bbox 3463 2114 3829 2171; x_wconf 89' lang='lat' dir='ltr'>trecentesimo</span> 
     </span>
    </p>
   </div>
   <div class='ocr_carea' id='block_1_26' title="bbox 581 2205 3828 2281">
    <p class='ocr_par' dir='ltr' id='par_1_26' title="bbox 581 2205 3828 2281">
     <span class='ocr_line' id='line_1_26' title="bbox 581 2205 3828 2281; baseline -0.001 -23"><span class='ocrx_word' id='word_1_285' title='bbox 581 2209 740 2276; x_wconf 90' lang='lat' dir='ltr'>patet</span> <span class='ocrx_word' id='word_1_286' title='bbox 763 2222 863 2276; x_wconf 92' lang='lat' dir='ltr'>per</span> <span class='ocrx_word' id='word_1_287' title='bbox 891 2207 1107 2262; x_wconf 89' lang='lat' dir='ltr'>litteras</span> <span class='ocrx_word' id='word_1_288' title='bbox 1135 2209 1475 2279; x_wconf 85' lang='lat' dir='ltr'>quittancia.</span> <span class='ocrx_word' id='word_1_289' title='bbox 2263 2210 2501 2281; x_wconf 91' lang='lat' dir='ltr'>septimo</span> <span class='ocrx_word' id='word_1_290' title='bbox 2523 2214 2579 2263; x_wconf 88' lang='lat' dir='ltr'>et</span> <span class='ocrx_word' id='word_1_291' title='bbox 2591 2209 2986 2263; x_wconf 85' lang='lat' dir='ltr'>trecentesimo</span> <span class='ocrx_word' id='word_1_292' title='bbox 3003 2207 3436 2279; x_wconf 90' lang='lat' dir='ltr'>quadragesimo</span> <span class='ocrx_word' id='word_1_293' title='bbox 3452 2205 3663 2277; x_wconf 90' lang='lat' dir='ltr'>quinto,</span> <span class='ocrx_word' id='word_1_294' title='bbox 3682 2218 3828 2256; x_wconf 88' lang='lat' dir='ltr'>vene—</span> 
     </span>
    </p>
   </div>
   <div class='ocr_carea' id='block_1_27' title="bbox 654 2291 3829 2372">
    <p class='ocr_par' dir='ltr' id='par_1_27' title="bbox 654 2291 3829 2372">
     <span class='ocr_line' id='line_1_27' title="bbox 654 2291 3829 2372; baseline -0.002 -24"><span class='ocrx_word' id='word_1_295' title='bbox 654 2294 817 2348; x_wconf 87' lang='lat' dir='ltr'>Anno</span> <span class='ocrx_word' id='word_1_296' title='bbox 841 2295 1064 2351; x_wconf 90' lang='lat' dir='ltr'>Domini</span> <span class='ocrx_word' id='word_1_297' title='bbox 1117 2298 1417 2353; x_wconf 90' lang='lat' dir='ltr'>millesimo</span> <span class='ocrx_word' id='word_1_298' title='bbox 1462 2299 1856 2354; x_wconf 87' lang='lat' dir='ltr'>trecentesimo</span> <span class='ocrx_word' id='word_1_299' title='bbox 1886 2291 2176 2372; x_wconf 73' lang='lat' dir='ltr'>trigesimo</span> <span class='ocrx_word' id='word_1_300' title='bbox 2258 2297 2463 2352; x_wconf 90' lang='lat' dir='ltr'>rabiles</span> <span class='ocrx_word' id='word_1_301' title='bbox 2485 2298 2609 2363; x_wconf 90' lang='lat' dir='ltr'>viri,</span> <span class='ocrx_word' id='word_1_302' title='bbox 2633 2297 2902 2368; x_wconf 85' lang='lat' dir='ltr'>magister</span> <span class='ocrx_word' id='word_1_303' title='bbox 2954 2297 3220 2351; x_wconf 89' lang='lat' dir='ltr'>Nicolaus</span> <span class='ocrx_word' id='word_1_304' title='bbox 3272 2295 3342 2349; x_wconf 92' lang='lat' dir='ltr'>de</span> <span class='ocrx_word' id='word_1_305' title='bbox 3392 2295 3633 2359; x_wconf 84' lang='lat' dir='ltr'>Quercu,</span> <span class='ocrx_word' id='word_1_306' title='bbox 3668 2294 3829 2346; x_wconf 89' lang='lat' dir='ltr'>rector</span> 
     </span>
    </p>
   </div>
   <div class='ocr_carea' id='block_1_28' title="bbox 584 2380 3827 2457">
    <p class='ocr_par' dir='ltr' id='par_1_28' title="bbox 584 2380 3827 2457">
     <span class='ocr_line' id='line_1_28' title="bbox 584 2380 3827 2457; baseline -0.001 -21"><span class='ocrx_word' id='word_1_307' title='bbox 584 2383 822 2455; x_wconf 87' lang='lat' dir='ltr'>septimo</span> <span class='ocrx_word' id='word_1_308' title='bbox 850 2383 958 2439; x_wconf 85' lang='lat' dir='ltr'>fuit</span> <span class='ocrx_word' id='word_1_309' title='bbox 981 2386 1041 2440; x_wconf 91' lang='lat' dir='ltr'>in</span> <span class='ocrx_word' id='word_1_310' title='bbox 1070 2387 1316 2457; x_wconf 91' lang='lat' dir='ltr'>capitulo</span> <span class='ocrx_word' id='word_1_311' title='bbox 1345 2388 1685 2453; x_wconf 88' lang='lat' dir='ltr'>ordinatum,</span> <span class='ocrx_word' id='word_1_312' title='bbox 1711 2393 1776 2442; x_wconf 92' lang='lat' dir='ltr'>ut</span> <span class='ocrx_word' id='word_1_313' title='bbox 1804 2388 2177 2444; x_wconf 90' lang='lat' dir='ltr'>bulladomini</span> <span class='ocrx_word' id='word_1_314' title='bbox 2260 2387 2503 2441; x_wconf 80' lang='lat' dir='ltr'>ecclesia</span> <span class='ocrx_word' id='word_1_315' title='bbox 2518 2386 2707 2441; x_wconf 89' lang='lat' dir='ltr'>Sancti</span> <span class='ocrx_word' id='word_1_316' title='bbox 2724 2385 3001 2441; x_wconf 90' lang='lat' dir='ltr'>Silvinide</span> <span class='ocrx_word' id='word_1_317' title='bbox 3023 2385 3176 2452; x_wconf 89' lang='lat' dir='ltr'>Glos,</span> <span class='ocrx_word' id='word_1_318' title='bbox 3209 2384 3364 2439; x_wconf 91' lang='lat' dir='ltr'>dedit</span> <span class='ocrx_word' id='word_1_319' title='bbox 3395 2383 3558 2437; x_wconf 87' lang='lat' dir='ltr'>nobis</span> <span class='ocrx_word' id='word_1_320' title='bbox 3580 2380 3827 2452; x_wconf 86' lang='lat' dir='ltr'>quasdam</span> 
     </span>
    </p>
   </div>
   <div class='ocr_carea' id='block_1_29' title="bbox 584 2469 3825 2547">
    <p class='ocr_par' dir='ltr' id='par_1_29' title="bbox 584 2469 3825 2547">
     <span class='ocr_line' id='line_1_29' title="bbox 584 2469 3825 2547; baseline -0.001 -20"><span class='ocrx_word' id='word_1_321' title='bbox 584 2471 869 2527; x_wconf 88' lang='lat' dir='ltr'>Benedicti</span> <span class='ocrx_word' id='word_1_322' title='bbox 892 2491 1049 2546; x_wconf 83' lang='lat' dir='ltr'>papa</span> <span class='ocrx_word' id='word_1_323' title='bbox 1061 2492 1231 2547; x_wconf 86' lang='lat' dir='ltr'>super</span> <span class='ocrx_word' id='word_1_324' title='bbox 1250 2477 1600 2531; x_wconf 83' lang='lat' dir='ltr'>ordinatione</span> <span class='ocrx_word' id='word_1_325' title='bbox 1627 2478 1963 2531; x_wconf 89' lang='lat' dir='ltr'>scholarium</span> <span class='ocrx_word' id='word_1_326' title='bbox 1992 2478 2175 2533; x_wconf 87' lang='lat' dir='ltr'>obser-</span> <span class='ocrx_word' id='word_1_327' title='bbox 2256 2476 2582 2542; x_wconf 89' lang='lat' dir='ltr'>decretales,</span> <span class='ocrx_word' id='word_1_328' title='bbox 2606 2491 2732 2529; x_wconf 91' lang='lat' dir='ltr'>cum</span> <span class='ocrx_word' id='word_1_329' title='bbox 2755 2480 3030 2546; x_wconf 90' lang='lat' dir='ltr'>apparatu</span> <span class='ocrx_word' id='word_1_330' title='bbox 3046 2472 3349 2539; x_wconf 88' lang='lat' dir='ltr'>ordinario,</span> <span class='ocrx_word' id='word_1_331' title='bbox 3364 2488 3481 2526; x_wconf 90' lang='lat' dir='ltr'>una</span> <span class='ocrx_word' id='word_1_332' title='bbox 3500 2487 3625 2526; x_wconf 91' lang='lat' dir='ltr'>cum</span> <span class='ocrx_word' id='word_1_333' title='bbox 3654 2469 3825 2541; x_wconf 84' lang='lat' dir='ltr'>quinto</span> 
     </span>
    </p>
   </div>
   <div class='ocr_carea' id='block_1_30' title="bbox 584 2561 3827 2636">
    <p class='ocr_par' dir='ltr' id='par_1_30' title="bbox 584 2561 3827 2636">
     <span class='ocr_line' id='line_1_30' title="bbox 584 2561 3827 2636; baseline -0.001 -22"><span class='ocrx_word' id='word_1_334' title='bbox 584 2572 829 2625; x_wconf 86' lang='lat' dir='ltr'>varetur,</span> <span class='ocrx_word' id='word_1_335' title='bbox 852 2567 909 2616; x_wconf 93' lang='lat' dir='ltr'>et</span> <span class='ocrx_word' id='word_1_336' title='bbox 935 2569 1212 2618; x_wconf 87' lang='lat' dir='ltr'>statutum</span> <span class='ocrx_word' id='word_1_337' title='bbox 1242 2570 1328 2618; x_wconf 91' lang='lat' dir='ltr'>est</span> <span class='ocrx_word' id='word_1_338' title='bbox 1356 2570 1417 2619; x_wconf 93' lang='lat' dir='ltr'>ut</span> <span class='ocrx_word' id='word_1_339' title='bbox 1467 2565 1701 2636; x_wconf 86' lang='lat' dir='ltr'>quilibet</span> <span class='ocrx_word' id='word_1_340' title='bbox 1748 2566 1901 2636; x_wconf 89' lang='lat' dir='ltr'>prior</span> <span class='ocrx_word' id='word_1_341' title='bbox 1936 2567 2177 2622; x_wconf 89' lang='lat' dir='ltr'>solveret</span> <span class='ocrx_word' id='word_1_342' title='bbox 2258 2564 2644 2630; x_wconf 90' lang='lat' dir='ltr'>decretalium,</span> <span class='ocrx_word' id='word_1_343' title='bbox 2672 2580 2798 2618; x_wconf 91' lang='lat' dir='ltr'>cum</span> <span class='ocrx_word' id='word_1_344' title='bbox 2822 2580 2923 2617; x_wconf 90' lang='lat' dir='ltr'>suo</span> <span class='ocrx_word' id='word_1_345' title='bbox 2954 2568 3231 2634; x_wconf 89' lang='lat' dir='ltr'>apparatu</span> <span class='ocrx_word' id='word_1_346' title='bbox 3255 2582 3267 2630; x_wconf 88' lang='lat'>;</span> <span class='ocrx_word' id='word_1_347' title='bbox 3308 2561 3600 2616; x_wconf 91' lang='lat' dir='ltr'>decretum</span> <span class='ocrx_word' id='word_1_348' title='bbox 3621 2573 3827 2626; x_wconf 87' lang='lat' dir='ltr'>cumap—</span> 
     </span>
    </p>
   </div>
   <div class='ocr_carea' id='block_1_31' title="bbox 585 2648 3825 2726">
    <p class='ocr_par' dir='ltr' id='par_1_31' title="bbox 585 2648 3825 2726">
     <span class='ocr_line' id='line_1_31' title="bbox 585 2648 3825 2726; baseline -0.002 -23"><span class='ocrx_word' id='word_1_349' title='bbox 585 2648 748 2704; x_wconf 84' lang='lat' dir='ltr'>dictis</span> <span class='ocrx_word' id='word_1_350' title='bbox 779 2651 1125 2706; x_wconf 89' lang='lat' dir='ltr'>scholaribus</span> <span class='ocrx_word' id='word_1_351' title='bbox 1142 2653 1211 2707; x_wconf 90' lang='lat' dir='ltr'>de</span> <span class='ocrx_word' id='word_1_352' title='bbox 1241 2652 1491 2723; x_wconf 90' lang='lat' dir='ltr'>quolibet</span> <span class='ocrx_word' id='word_1_353' title='bbox 1518 2654 1710 2709; x_wconf 90' lang='lat' dir='ltr'>franco</span> <span class='ocrx_word' id='word_1_354' title='bbox 1745 2655 1997 2709; x_wconf 90' lang='lat' dir='ltr'>redditus</span> <span class='ocrx_word' id='word_1_355' title='bbox 2021 2656 2176 2726; x_wconf 88' lang='lat' dir='ltr'>prio-</span> <span class='ocrx_word' id='word_1_356' title='bbox 2260 2657 2462 2723; x_wconf 90' lang='lat' dir='ltr'>paratu</span> <span class='ocrx_word' id='word_1_357' title='bbox 2490 2652 2802 2719; x_wconf 89' lang='lat' dir='ltr'>ordinario;</span> <span class='ocrx_word' id='word_1_358' title='bbox 2837 2656 2894 2705; x_wconf 90' lang='lat' dir='ltr'>et</span> <span class='ocrx_word' id='word_1_359' title='bbox 2912 2650 3181 2721; x_wconf 88' lang='lat' dir='ltr'>magister</span> <span class='ocrx_word' id='word_1_360' title='bbox 3215 2651 3460 2705; x_wconf 87' lang='lat' dir='ltr'>Joannes</span> <span class='ocrx_word' id='word_1_361' title='bbox 3483 2649 3551 2702; x_wconf 92' lang='lat' dir='ltr'>de</span> <span class='ocrx_word' id='word_1_362' title='bbox 3576 2648 3825 2716; x_wconf 83' lang='lat' dir='ltr'>Boesseyo</span> 
     </span>
    </p>
   </div>
   <div class='ocr_carea' id='block_1_32' title="bbox 581 2735 3828 2815">
    <p class='ocr_par' dir='ltr' id='par_1_32' title="bbox 581 2735 3828 2815">
     <span class='ocr_line' id='line_1_32' title="bbox 581 2735 3828 2815; baseline -0.002 -23"><span class='ocrx_word' id='word_1_363' title='bbox 581 2744 739 2794; x_wconf 90' lang='lat' dir='ltr'>ratus</span> <span class='ocrx_word' id='word_1_364' title='bbox 769 2740 856 2794; x_wconf 91' lang='lat' dir='ltr'>sui</span> <span class='ocrx_word' id='word_1_365' title='bbox 884 2746 1001 2795; x_wconf 89' lang='lat' dir='ltr'>tres</span> <span class='ocrx_word' id='word_1_366' title='bbox 1024 2742 1249 2808; x_wconf 90' lang='lat' dir='ltr'>solidos,</span> <span class='ocrx_word' id='word_1_367' title='bbox 1274 2757 1402 2795; x_wconf 90' lang='lat' dir='ltr'>cum</span> <span class='ocrx_word' id='word_1_368' title='bbox 1439 2742 1619 2797; x_wconf 86' lang='lat' dir='ltr'>tribus</span> <span class='ocrx_word' id='word_1_369' title='bbox 1668 2743 1932 2811; x_wconf 86' lang='lat' dir='ltr'>denariis,</span> <span class='ocrx_word' id='word_1_370' title='bbox 1965 2745 2177 2815; x_wconf 91' lang='lat' dir='ltr'>persol-</span> <span class='ocrx_word' id='word_1_371' title='bbox 2257 2745 2444 2795; x_wconf 86' lang='lat' dir='ltr'>rector</span> <span class='ocrx_word' id='word_1_372' title='bbox 2471 2740 2715 2794; x_wconf 90' lang='lat' dir='ltr'>ecclesia</span> <span class='ocrx_word' id='word_1_373' title='bbox 2743 2739 2934 2794; x_wconf 89' lang='lat' dir='ltr'>Sancti</span> <span class='ocrx_word' id='word_1_374' title='bbox 2965 2737 3223 2808; x_wconf 88' lang='lat' dir='ltr'>Gregorii</span> <span class='ocrx_word' id='word_1_375' title='bbox 3271 2737 3340 2792; x_wconf 92' lang='lat' dir='ltr'>de</span> <span class='ocrx_word' id='word_1_376' title='bbox 3390 2737 3556 2803; x_wconf 88' lang='lat' dir='ltr'>Tilia,</span> <span class='ocrx_word' id='word_1_377' title='bbox 3589 2735 3679 2807; x_wconf 93' lang='lat' dir='ltr'>qui</span> <span class='ocrx_word' id='word_1_378' title='bbox 3706 2752 3737 2788; x_wconf 90' lang='lat' dir='ltr'>a</span> <span class='ocrx_word' id='word_1_379' title='bbox 3752 2735 3828 2803; x_wconf 89' lang='lat' dir='ltr'>ju-</span> 
     </span>
    </p>
   </div>
   <div class='ocr_carea' id='block_1_33' title="bbox 583 2821 3830 2904">
    <p class='ocr_par' dir='ltr' id='par_1_33' title="bbox 583 2821 3830 2904">
     <span class='ocr_line' id='line_1_33' title="bbox 583 2821 3830 2904; baseline -0.002 -22"><span class='ocrx_word' id='word_1_380' title='bbox 583 2833 738 2882; x_wconf 89' lang='lat' dir='ltr'>veret</span> <span class='ocrx_word' id='word_1_381' title='bbox 760 2829 1113 2897; x_wconf 81' lang='lat' dir='ltr'>integraliter</span> <span class='ocrx_word' id='word_1_382' title='bbox 1127 2829 1185 2882; x_wconf 93' lang='lat' dir='ltr'>in</span> <span class='ocrx_word' id='word_1_383' title='bbox 1214 2846 1385 2885; x_wconf 88' lang='lat' dir='ltr'>manu</span> <span class='ocrx_word' id='word_1_384' title='bbox 1407 2830 1745 2902; x_wconf 81' lang='lat' dir='ltr'>pitantiarii;</span> <span class='ocrx_word' id='word_1_385' title='bbox 1776 2832 1855 2887; x_wconf 91' lang='lat' dir='ltr'>sic</span> <span class='ocrx_word' id='word_1_386' title='bbox 1884 2834 2031 2904; x_wconf 93' lang='lat' dir='ltr'>quod</span> <span class='ocrx_word' id='word_1_387' title='bbox 2053 2850 2175 2887; x_wconf 90' lang='lat' dir='ltr'>ma-</span> <span class='ocrx_word' id='word_1_388' title='bbox 2255 2834 2484 2883; x_wconf 92' lang='lat' dir='ltr'>ventute</span> <span class='ocrx_word' id='word_1_389' title='bbox 2504 2829 2689 2882; x_wconf 87' lang='lat' dir='ltr'>fuerat</span> <span class='ocrx_word' id='word_1_390' title='bbox 2707 2828 2955 2882; x_wconf 82' lang='lat' dir='ltr'>nutritus</span> <span class='ocrx_word' id='word_1_391' title='bbox 2975 2826 3034 2881; x_wconf 92' lang='lat' dir='ltr'>in</span> <span class='ocrx_word' id='word_1_392' title='bbox 3054 2827 3220 2881; x_wconf 90' lang='lat' dir='ltr'>domo</span> <span class='ocrx_word' id='word_1_393' title='bbox 3242 2832 3457 2892; x_wconf 86' lang='lat' dir='ltr'>nostra,</span> <span class='ocrx_word' id='word_1_394' title='bbox 3482 2830 3541 2880; x_wconf 92' lang='lat' dir='ltr'>et</span> <span class='ocrx_word' id='word_1_395' title='bbox 3561 2821 3830 2878; x_wconf 85' lang='lat' dir='ltr'>beneﬁcia-</span> 
     </span>
    </p>
   </div>
   <div class='ocr_carea' id='block_1_34' title="bbox 581 2911 3829 2991">
    <p class='ocr_par' dir='ltr' id='par_1_34' title="bbox 581 2911 3829 2991">
     <span class='ocr_line' id='line_1_34' title="bbox 581 2911 3829 2991; baseline -0.002 -22"><span class='ocrx_word' id='word_1_396' title='bbox 581 2915 758 2986; x_wconf 88' lang='lat' dir='ltr'>gister</span> <span class='ocrx_word' id='word_1_397' title='bbox 781 2916 840 2971; x_wconf 94' lang='lat' dir='ltr'>in</span> <span class='ocrx_word' id='word_1_398' title='bbox 860 2918 1144 2988; x_wconf 90' lang='lat' dir='ltr'>theologia</span> <span class='ocrx_word' id='word_1_399' title='bbox 1171 2918 1381 2990; x_wconf 85' lang='lat' dir='ltr'>legens,</span> <span class='ocrx_word' id='word_1_400' title='bbox 1413 2920 1787 2991; x_wconf 88' lang='lat' dir='ltr'>quadraginta</span> <span class='ocrx_word' id='word_1_401' title='bbox 1834 2921 2073 2988; x_wconf 88' lang='lat' dir='ltr'>francos,</span> <span class='ocrx_word' id='word_1_402' title='bbox 2114 2927 2172 2976; x_wconf 87' lang='lat' dir='ltr'>et</span> <span class='ocrx_word' id='word_1_403' title='bbox 2253 2922 2365 2984; x_wconf 92' lang='lat' dir='ltr'>tus,</span> <span class='ocrx_word' id='word_1_404' title='bbox 2386 2917 2542 2971; x_wconf 92' lang='lat' dir='ltr'>dedit</span> <span class='ocrx_word' id='word_1_405' title='bbox 2568 2916 2728 2970; x_wconf 91' lang='lat' dir='ltr'>nobis</span> <span class='ocrx_word' id='word_1_406' title='bbox 2740 2932 2933 2970; x_wconf 86' lang='lat' dir='ltr'>omnes</span> <span class='ocrx_word' id='word_1_407' title='bbox 2950 2914 3121 2969; x_wconf 91' lang='lat' dir='ltr'>libros</span> <span class='ocrx_word' id='word_1_408' title='bbox 3149 2932 3299 2983; x_wconf 87' lang='lat' dir='ltr'>suos,</span> <span class='ocrx_word' id='word_1_409' title='bbox 3331 2920 3461 2985; x_wconf 92' lang='lat' dir='ltr'>post</span> <span class='ocrx_word' id='word_1_410' title='bbox 3490 2917 3722 2967; x_wconf 89' lang='lat' dir='ltr'>mortem</span> <span class='ocrx_word' id='word_1_411' title='bbox 3745 2911 3829 2963; x_wconf 87' lang='lat' dir='ltr'>ha-</span> 
     </span>
    </p>
   </div>
   <div class='ocr_carea' id='block_1_35' title="bbox 582 3001 3827 3077">
    <p class='ocr_par' dir='ltr' id='par_1_35' title="bbox 582 3001 3827 3077">
     <span class='ocr_line' id='line_1_35' title="bbox 582 3001 3827 3077; baseline -0.002 -18"><span class='ocrx_word' id='word_1_412' title='bbox 582 3006 817 3060; x_wconf 89' lang='lat' dir='ltr'>studens</span> <span class='ocrx_word' id='word_1_413' title='bbox 835 3006 892 3060; x_wconf 88' lang='lat' dir='ltr'>in</span> <span class='ocrx_word' id='word_1_414' title='bbox 922 3006 1204 3077; x_wconf 84' lang='lat' dir='ltr'>theologia</span> <span class='ocrx_word' id='word_1_415' title='bbox 1231 3008 1485 3075; x_wconf 90' lang='lat' dir='ltr'>totidem,</span> <span class='ocrx_word' id='word_1_416' title='bbox 1505 3015 1562 3064; x_wconf 91' lang='lat' dir='ltr'>et</span> <span class='ocrx_word' id='word_1_417' title='bbox 1576 3010 1772 3064; x_wconf 93' lang='lat' dir='ltr'>doctor</span> <span class='ocrx_word' id='word_1_418' title='bbox 1794 3010 2166 3077; x_wconf 89' lang='lat' dir='ltr'>decretorum,</span> <span class='ocrx_word' id='word_1_419' title='bbox 2202 3070 2235 3077; x_wconf 77' lang='lat'>_</span> <span class='ocrx_word' id='word_1_420' title='bbox 2254 3006 2503 3073; x_wconf 88' lang='lat' dir='ltr'>bituros;</span> <span class='ocrx_word' id='word_1_421' title='bbox 2538 3010 2595 3059; x_wconf 92' lang='lat' dir='ltr'>et</span> <span class='ocrx_word' id='word_1_422' title='bbox 2622 3005 2669 3058; x_wconf 91' lang='lat' dir='ltr'>si</span> <span class='ocrx_word' id='word_1_423' title='bbox 2697 3004 2995 3075; x_wconf 68' lang='lat' dir='ltr'>Contigerit</span> <span class='ocrx_word' id='word_1_424' title='bbox 3025 3021 3154 3058; x_wconf 90' lang='lat' dir='ltr'>eum</span> <span class='ocrx_word' id='word_1_425' title='bbox 3184 3003 3515 3057; x_wconf 83' lang='lat' dir='ltr'>inﬁrmitate</span> <span class='ocrx_word' id='word_1_426' title='bbox 3544 3001 3626 3055; x_wconf 89' lang='lat' dir='ltr'>vel</span> <span class='ocrx_word' id='word_1_427' title='bbox 3655 3015 3827 3055; x_wconf 87' lang='lat' dir='ltr'>neces-</span> 
     </span>
    </p>
   </div>
   <div class='ocr_carea' id='block_1_36' title="bbox 578 3070 3827 3170">
    <p class='ocr_par' dir='ltr' id='par_1_36' title="bbox 578 3070 3827 3170">
     <span class='ocr_line' id='line_1_36' title="bbox 578 3070 3827 3170; baseline -0.003 -21"><span class='ocrx_word' id='word_1_428' title='bbox 578 3094 710 3166; x_wconf 88' lang='lat' dir='ltr'>jura</span> <span class='ocrx_word' id='word_1_429' title='bbox 735 3095 1007 3149; x_wconf 88' lang='lat' dir='ltr'>canonica</span> <span class='ocrx_word' id='word_1_430' title='bbox 1051 3095 1262 3166; x_wconf 87' lang='lat' dir='ltr'>legens,</span> <span class='ocrx_word' id='word_1_431' title='bbox 1318 3098 1763 3170; x_wconf 79' lang='lat' dir='ltr'>quinquaginta;</span> <span class='ocrx_word' id='word_1_432' title='bbox 1797 3105 1855 3153; x_wconf 91' lang='lat' dir='ltr'>et</span> <span class='ocrx_word' id='word_1_433' title='bbox 1903 3100 2173 3154; x_wconf 88' lang='lat' dir='ltr'>scholaris</span> <span class='ocrx_word' id='word_1_434' title='bbox 2193 3070 2236 3131; x_wconf 78' lang='lat' dir='ltr'>C</span> <span class='ocrx_word' id='word_1_435' title='bbox 2257 3095 2423 3150; x_wconf 88' lang='lat' dir='ltr'>sitate</span> <span class='ocrx_word' id='word_1_436' title='bbox 2450 3094 2707 3160; x_wconf 87' lang='lat' dir='ltr'>vendere,</span> <span class='ocrx_word' id='word_1_437' title='bbox 2741 3101 3094 3148; x_wconf 86' lang='lat' dir='ltr'>exsecutores</span> <span class='ocrx_word' id='word_1_438' title='bbox 3131 3093 3220 3147; x_wconf 90' lang='lat' dir='ltr'>sui</span> <span class='ocrx_word' id='word_1_439' title='bbox 3250 3097 3522 3146; x_wconf 89' lang='lat' dir='ltr'>tenentur</span> <span class='ocrx_word' id='word_1_440' title='bbox 3559 3089 3712 3144; x_wconf 91' lang='lat' dir='ltr'>nobis</span> <span class='ocrx_word' id='word_1_441' title='bbox 3732 3086 3827 3142; x_wconf 93' lang='lat' dir='ltr'>sol-</span> 
     </span>
    </p>
   </div>
   <div class='ocr_carea' id='block_1_37' title="bbox 579 3173 3829 3258">
    <p class='ocr_par' dir='ltr' id='par_1_37' title="bbox 579 3173 3829 3258">
     <span class='ocr_line' id='line_1_37' title="bbox 579 3173 3829 3258; baseline -0.001 -23"><span class='ocrx_word' id='word_1_442' title='bbox 579 3183 813 3236; x_wconf 91' lang='lat' dir='ltr'>studens</span> <span class='ocrx_word' id='word_1_443' title='bbox 836 3183 988 3254; x_wconf 79' lang='lat' dir='ltr'>jura,</span> <span class='ocrx_word' id='word_1_444' title='bbox 1005 3188 1062 3238; x_wconf 92' lang='lat' dir='ltr'>et</span> <span class='ocrx_word' id='word_1_445' title='bbox 1075 3184 1540 3242; x_wconf 91' lang='lat' dir='ltr'>baccalaureusin</span> <span class='ocrx_word' id='word_1_446' title='bbox 1555 3187 1786 3254; x_wconf 89' lang='lat' dir='ltr'>eisdem,</span> <span class='ocrx_word' id='word_1_447' title='bbox 1818 3189 2052 3258; x_wconf 89' lang='lat' dir='ltr'>triginta</span> <span class='ocrx_word' id='word_1_448' title='bbox 2079 3206 2173 3243; x_wconf 84' lang='lat' dir='ltr'>sex</span> <span class='ocrx_word' id='word_1_449' title='bbox 2255 3201 2383 3237; x_wconf 86' lang='lat' dir='ltr'>vere</span> <span class='ocrx_word' id='word_1_450' title='bbox 2401 3184 2703 3238; x_wconf 88' lang='lat' dir='ltr'>ducentum</span> <span class='ocrx_word' id='word_1_451' title='bbox 2736 3182 2940 3250; x_wconf 90' lang='lat' dir='ltr'>libras;</span> <span class='ocrx_word' id='word_1_452' title='bbox 2995 3187 3052 3236; x_wconf 93' lang='lat' dir='ltr'>et</span> <span class='ocrx_word' id='word_1_453' title='bbox 3070 3187 3192 3236; x_wconf 90' lang='lat' dir='ltr'>erat</span> <span class='ocrx_word' id='word_1_454' title='bbox 3218 3181 3338 3253; x_wconf 91' lang='lat' dir='ltr'>ipse</span> <span class='ocrx_word' id='word_1_455' title='bbox 3367 3180 3566 3235; x_wconf 90' lang='lat' dir='ltr'>doctor</span> <span class='ocrx_word' id='word_1_456' title='bbox 3604 3180 3660 3233; x_wconf 92' lang='lat' dir='ltr'>in</span> <span class='ocrx_word' id='word_1_457' title='bbox 3678 3173 3829 3231; x_wconf 86' lang='lat' dir='ltr'>medi-</span> 
     </span>
    </p>
   </div>
   <div class='ocr_carea' id='block_1_38' title="bbox 578 3269 3346 3347">
    <p class='ocr_par' dir='ltr' id='par_1_38' title="bbox 578 3269 3346 3347">
     <span class='ocr_line' id='line_1_38' title="bbox 578 3269 3346 3347; baseline 0.001 -24"><span class='ocrx_word' id='word_1_458' title='bbox 578 3269 773 3337; x_wconf 89' lang='lat' dir='ltr'>libras,</span> <span class='ocrx_word' id='word_1_459' title='bbox 805 3277 869 3325; x_wconf 92' lang='lat' dir='ltr'>ut</span> <span class='ocrx_word' id='word_1_460' title='bbox 892 3276 1049 3342; x_wconf 90' lang='lat' dir='ltr'>patet</span> <span class='ocrx_word' id='word_1_461' title='bbox 1074 3273 1133 3328; x_wconf 91' lang='lat' dir='ltr'>in</span> <span class='ocrx_word' id='word_1_462' title='bbox 1175 3274 1517 3331; x_wconf 88' lang='lat' dir='ltr'>chartulario</span> <span class='ocrx_word' id='word_1_463' title='bbox 1568 3277 1627 3330; x_wconf 90' lang='lat' dir='ltr'>in</span> <span class='ocrx_word' id='word_1_464' title='bbox 1685 3276 1917 3331; x_wconf 83' lang='lat' dir='ltr'>fardello</span> <span class='ocrx_word' id='word_1_465' title='bbox 1953 3278 2172 3347; x_wconf 88' lang='lat' dir='ltr'>signato</span> <span class='ocrx_word' id='word_1_466' title='bbox 2255 3274 2399 3339; x_wconf 88' lang='lat' dir='ltr'>cina,</span> <span class='ocrx_word' id='word_1_467' title='bbox 2428 3278 2485 3327; x_wconf 92' lang='lat' dir='ltr'>et</span> <span class='ocrx_word' id='word_1_468' title='bbox 2508 3273 2757 3345; x_wconf 91' lang='lat' dir='ltr'>ejusdem</span> <span class='ocrx_word' id='word_1_469' title='bbox 2788 3272 3024 3326; x_wconf 86' lang='lat' dir='ltr'>eximius</span> <span class='ocrx_word' id='word_1_470' title='bbox 3048 3272 3346 3343; x_wconf 88' lang='lat' dir='ltr'>professor.</span> 
     </span>
    </p>
   </div>
   <div class='ocr_carea' id='block_1_39' title="bbox 572 3353 3829 3431">
    <p class='ocr_par' dir='ltr' id='par_1_39' title="bbox 572 3353 3829 3431">
     <span class='ocr_line' id='line_1_39' title="bbox 572 3353 3829 3431; baseline -0.007 0"><span class='ocrx_word' id='word_1_471' title='bbox 572 3374 677 3431; x_wconf 73' lang='lat' dir='ltr'>Per</span> <span class='ocrx_word' id='word_1_472' title='bbox 711 3376 766 3412; x_wconf 70' lang='grc' dir='ltr'>κο</span> <span class='ocrx_word' id='word_1_473' title='bbox 2324 3365 2486 3417; x_wconf 83' lang='lat' dir='ltr'>Anno</span> <span class='ocrx_word' id='word_1_474' title='bbox 2523 3362 2749 3416; x_wconf 88' lang='lat' dir='ltr'>Domini</span> <span class='ocrx_word' id='word_1_475' title='bbox 2794 3361 3092 3416; x_wconf 90' lang='lat' dir='ltr'>millesimo</span> <span class='ocrx_word' id='word_1_476' title='bbox 3136 3359 3534 3415; x_wconf 88' lang='lat' dir='ltr'>trecentesimo</span> <span class='ocrx_word' id='word_1_477' title='bbox 3563 3353 3829 3427; x_wconf 87' lang='lat' dir='ltr'>trigesimo</span> 
     </span>
    </p>
   </div>
   <div class='ocr_carea' id='block_1_40' title="bbox 650 3440 3828 3522">
    <p class='ocr_par' dir='ltr' id='par_1_40' title="bbox 650 3440 3828 3522">
     <span class='ocr_line' id='line_1_40' title="bbox 650 3440 3828 3522; baseline -0.002 -20"><span class='ocrx_word' id='word_1_478' title='bbox 650 3449 812 3503; x_wconf 90' lang='lat' dir='ltr'>Anno</span> <span class='ocrx_word' id='word_1_479' title='bbox 844 3448 1067 3504; x_wconf 90' lang='lat' dir='ltr'>Domini</span> <span class='ocrx_word' id='word_1_480' title='bbox 1097 3450 1393 3507; x_wconf 90' lang='lat' dir='ltr'>millesimo</span> <span class='ocrx_word' id='word_1_481' title='bbox 1421 3454 1813 3508; x_wconf 89' lang='lat' dir='ltr'>trecentesimo</span> <span class='ocrx_word' id='word_1_482' title='bbox 1842 3454 2058 3508; x_wconf 91' lang='lat' dir='ltr'>decimo</span> <span class='ocrx_word' id='word_1_483' title='bbox 2084 3472 2172 3509; x_wconf 88' lang='lat' dir='ltr'>oc-</span> <span class='ocrx_word' id='word_1_484' title='bbox 2254 3450 2470 3522; x_wconf 89' lang='lat' dir='ltr'>quinto,</span> <span class='ocrx_word' id='word_1_485' title='bbox 2500 3450 2591 3505; x_wconf 90' lang='lat' dir='ltr'>die</span> <span class='ocrx_word' id='word_1_486' title='bbox 2615 3452 2643 3505; x_wconf 91' lang='lat' dir='ltr'>J</span> <span class='ocrx_word' id='word_1_487' title='bbox 2649 3450 2783 3517; x_wconf 87' lang='lat' dir='ltr'>ovis,</span> <span class='ocrx_word' id='word_1_488' title='bbox 2817 3457 2949 3504; x_wconf 90' lang='lat' dir='ltr'>ante</span> <span class='ocrx_word' id='word_1_489' title='bbox 2978 3450 3184 3504; x_wconf 87' lang='lat' dir='ltr'>festum</span> <span class='ocrx_word' id='word_1_490' title='bbox 3200 3449 3380 3503; x_wconf 90' lang='lat' dir='ltr'>sancti</span> <span class='ocrx_word' id='word_1_491' title='bbox 3402 3446 3635 3502; x_wconf 89' lang='lat' dir='ltr'>Joannis</span> <span class='ocrx_word' id='word_1_492' title='bbox 3664 3440 3828 3513; x_wconf 88' lang='lat' dir='ltr'>Bapti-</span> 
     </span>
    </p>
   </div>
   <div class='ocr_carea' id='block_1_41' title="bbox 576 3534 3827 3615">
    <p class='ocr_par' dir='ltr' id='par_1_41' title="bbox 576 3534 3827 3615">
     <span class='ocr_line' id='line_1_41' title="bbox 576 3534 3827 3615; baseline -0.002 -24"><span class='ocrx_word' id='word_1_493' title='bbox 576 3540 725 3604; x_wconf 87' lang='lat' dir='ltr'>tavo,</span> <span class='ocrx_word' id='word_1_494' title='bbox 758 3537 865 3591; x_wconf 90' lang='lat' dir='ltr'>fuit</span> <span class='ocrx_word' id='word_1_495' title='bbox 894 3554 927 3592; x_wconf 95' lang='lat' dir='ltr'>a</span> <span class='ocrx_word' id='word_1_496' title='bbox 955 3539 1086 3594; x_wconf 89' lang='lat' dir='ltr'>sede</span> <span class='ocrx_word' id='word_1_497' title='bbox 1106 3540 1411 3610; x_wconf 90' lang='lat' dir='ltr'>apostolica</span> <span class='ocrx_word' id='word_1_498' title='bbox 1452 3542 1732 3597; x_wconf 89' lang='lat' dir='ltr'>indultum</span> <span class='ocrx_word' id='word_1_499' title='bbox 1759 3543 2017 3614; x_wconf 89' lang='lat' dir='ltr'>Philippo</span> <span class='ocrx_word' id='word_1_500' title='bbox 2048 3544 2169 3615; x_wconf 89' lang='lat' dir='ltr'>regi</span> <span class='ocrx_word' id='word_1_501' title='bbox 2251 3547 2369 3607; x_wconf 88' lang='lat' dir='ltr'>sta,</span> <span class='ocrx_word' id='word_1_502' title='bbox 2402 3540 2492 3594; x_wconf 91' lang='lat' dir='ltr'>die</span> <span class='ocrx_word' id='word_1_503' title='bbox 2512 3540 2781 3610; x_wconf 89' lang='lat' dir='ltr'>vigesima</span> <span class='ocrx_word' id='word_1_504' title='bbox 2808 3539 2976 3594; x_wconf 88' lang='lat' dir='ltr'>tertia</span> <span class='ocrx_word' id='word_1_505' title='bbox 3024 3538 3236 3593; x_wconf 91' lang='lat' dir='ltr'>mensis</span> <span class='ocrx_word' id='word_1_506' title='bbox 3274 3535 3442 3602; x_wconf 88' lang='lat' dir='ltr'>Junii,</span> <span class='ocrx_word' id='word_1_507' title='bbox 3477 3540 3603 3607; x_wconf 91' lang='lat' dir='ltr'>post</span> <span class='ocrx_word' id='word_1_508' title='bbox 3630 3534 3827 3604; x_wconf 77' lang='lat' dir='ltr'>sponta-</span> 
     </span>
    </p>
   </div>
   <div class='ocr_carea' id='block_1_42' title="bbox 575 3617 3825 3704">
    <p class='ocr_par' dir='ltr' id='par_1_42' title="bbox 575 3617 3825 3704">
     <span class='ocr_line' id='line_1_42' title="bbox 575 3617 3825 3704; baseline -0.003 -23"><span class='ocrx_word' id='word_1_509' title='bbox 575 3624 920 3681; x_wconf 90' lang='lat' dir='ltr'>Francorum</span> <span class='ocrx_word' id='word_1_510' title='bbox 950 3633 1007 3681; x_wconf 88' lang='lat' dir='ltr'>et</span> <span class='ocrx_word' id='word_1_511' title='bbox 1024 3629 1306 3695; x_wconf 82' lang='lat' dir='ltr'>Navarra,</span> <span class='ocrx_word' id='word_1_512' title='bbox 1343 3630 1510 3684; x_wconf 84' lang='lat' dir='ltr'>certis</span> <span class='ocrx_word' id='word_1_513' title='bbox 1540 3632 1609 3685; x_wconf 91' lang='lat' dir='ltr'>de</span> <span class='ocrx_word' id='word_1_514' title='bbox 1625 3632 1826 3697; x_wconf 87' lang='lat' dir='ltr'>causis,</span> <span class='ocrx_word' id='word_1_515' title='bbox 1867 3632 1924 3686; x_wconf 93' lang='lat' dir='ltr'>in</span> <span class='ocrx_word' id='word_1_516' title='bbox 1954 3632 2174 3704; x_wconf 89' lang='lat' dir='ltr'>provin-</span> <span class='ocrx_word' id='word_1_517' title='bbox 2255 3645 2419 3682; x_wconf 90' lang='lat' dir='ltr'>neam</span> <span class='ocrx_word' id='word_1_518' title='bbox 2459 3628 2897 3699; x_wconf 87' lang='lat' dir='ltr'>resignationem</span> <span class='ocrx_word' id='word_1_519' title='bbox 2946 3627 3202 3682; x_wconf 86' lang='lat' dir='ltr'>Gaufridi</span> <span class='ocrx_word' id='word_1_520' title='bbox 3256 3626 3398 3680; x_wconf 90' lang='lat' dir='ltr'>Fare</span> <span class='ocrx_word' id='word_1_521' title='bbox 3439 3625 3661 3688; x_wconf 89' lang='lat' dir='ltr'>factam,</span> <span class='ocrx_word' id='word_1_522' title='bbox 3684 3626 3744 3675; x_wconf 91' lang='lat' dir='ltr'>ut</span> <span class='ocrx_word' id='word_1_523' title='bbox 3766 3617 3825 3672; x_wconf 87' lang='lat' dir='ltr'>ad</span> 
     </span>
    </p>
   </div>
   <div class='ocr_carea' id='block_1_43' title="bbox 577 3712 3828 3792">
    <p class='ocr_par' dir='ltr' id='par_1_43' title="bbox 577 3712 3828 3792">
     <span class='ocr_line' id='line_1_43' title="bbox 577 3712 3828 3792; baseline -0.002 -23"><span class='ocrx_word' id='word_1_524' title='bbox 577 3714 666 3769; x_wconf 89' lang='lat' dir='ltr'>cia</span> <span class='ocrx_word' id='word_1_525' title='bbox 686 3714 1124 3787; x_wconf 87' lang='lat' dir='ltr'>Rothomagensi</span> <span class='ocrx_word' id='word_1_526' title='bbox 1149 3718 1336 3772; x_wconf 87' lang='lat' dir='ltr'>levare</span> <span class='ocrx_word' id='word_1_527' title='bbox 1366 3719 1676 3788; x_wconf 86' lang='lat' dir='ltr'>decimam;</span> <span class='ocrx_word' id='word_1_528' title='bbox 1706 3726 1765 3774; x_wconf 92' lang='lat' dir='ltr'>et</span> <span class='ocrx_word' id='word_1_529' title='bbox 1792 3737 1891 3791; x_wconf 91' lang='lat' dir='ltr'>pro</span> <span class='ocrx_word' id='word_1_530' title='bbox 1920 3726 2080 3792; x_wconf 88' lang='lat' dir='ltr'>parte</span> <span class='ocrx_word' id='word_1_531' title='bbox 2115 3726 2171 3775; x_wconf 91' lang='lat' dir='ltr'>et</span> <span class='ocrx_word' id='word_1_532' title='bbox 2253 3717 2582 3789; x_wconf 88' lang='lat' dir='ltr'>pradictum</span> <span class='ocrx_word' id='word_1_533' title='bbox 2627 3717 3008 3788; x_wconf 84' lang='lat' dir='ltr'>episcOpatum</span> <span class='ocrx_word' id='word_1_534' title='bbox 3063 3715 3515 3785; x_wconf 86' lang='lat' dir='ltr'>transmigraret,</span> <span class='ocrx_word' id='word_1_535' title='bbox 3547 3714 3755 3788; x_wconf 84' lang='lat' dir='ltr'>astante</span> <span class='ocrx_word' id='word_1_536' title='bbox 3781 3712 3828 3759; x_wconf 82' lang='lat' dir='ltr'>et</span> 
     </span>
    </p>
   </div>
   <div class='ocr_carea' id='block_1_44' title="bbox 576 3800 3824 3877">
    <p class='ocr_par' dir='ltr' id='par_1_44' title="bbox 576 3800 3824 3877">
     <span class='ocr_line' id='line_1_44' title="bbox 576 3800 3824 3877; baseline -0.003 -18"><span class='ocrx_word' id='word_1_537' title='bbox 576 3804 836 3876; x_wconf 87' lang='lat' dir='ltr'>portione</span> <span class='ocrx_word' id='word_1_538' title='bbox 861 3811 1058 3860; x_wconf 89' lang='lat' dir='ltr'>nostra</span> <span class='ocrx_word' id='word_1_539' title='bbox 1101 3806 1312 3863; x_wconf 87' lang='lat' dir='ltr'>fuimus</span> <span class='ocrx_word' id='word_1_540' title='bbox 1352 3809 1526 3862; x_wconf 83' lang='lat' dir='ltr'>taxati</span> <span class='ocrx_word' id='word_1_541' title='bbox 1578 3810 1650 3863; x_wconf 92' lang='lat' dir='ltr'>ad</span> <span class='ocrx_word' id='word_1_542' title='bbox 1693 3826 1969 3864; x_wconf 89' lang='lat' dir='ltr'>summam</span> <span class='ocrx_word' id='word_1_543' title='bbox 2016 3810 2170 3863; x_wconf 90' lang='lat' dir='ltr'>mille</span> <span class='ocrx_word' id='word_1_544' title='bbox 2252 3806 2589 3877; x_wconf 86' lang='lat' dir='ltr'>prasidente</span> <span class='ocrx_word' id='word_1_545' title='bbox 2605 3806 2666 3859; x_wconf 91' lang='lat' dir='ltr'>in</span> <span class='ocrx_word' id='word_1_546' title='bbox 2679 3806 2924 3876; x_wconf 89' lang='lat' dir='ltr'>capitulo</span> <span class='ocrx_word' id='word_1_547' title='bbox 2944 3805 3105 3859; x_wconf 88' lang='lat' dir='ltr'>Becci</span> <span class='ocrx_word' id='word_1_548' title='bbox 3124 3805 3298 3858; x_wconf 89' lang='lat' dir='ltr'>fratre</span> <span class='ocrx_word' id='word_1_549' title='bbox 3317 3804 3536 3858; x_wconf 89' lang='lat' dir='ltr'>Joanne</span> <span class='ocrx_word' id='word_1_550' title='bbox 3562 3802 3629 3855; x_wconf 93' lang='lat' dir='ltr'>de</span> <span class='ocrx_word' id='word_1_551' title='bbox 3645 3800 3824 3854; x_wconf 86' lang='lat' dir='ltr'>Sancto</span> 
     </span>
    </p>
   </div>
   <div class='ocr_carea' id='block_1_45' title="bbox 577 3887 3826 3970">
    <p class='ocr_par' dir='ltr' id='par_1_45' title="bbox 577 3887 3826 3970">
     <span class='ocr_line' id='line_1_45' title="bbox 577 3887 3826 3970; baseline -0.004 -22"><span class='ocrx_word' id='word_1_552' title='bbox 577 3900 906 3950; x_wconf 79' lang='lat' dir='ltr'>sexcentum</span> <span class='ocrx_word' id='word_1_553' title='bbox 963 3895 1321 3967; x_wconf 87' lang='lat' dir='ltr'>septuaginta</span> <span class='ocrx_word' id='word_1_554' title='bbox 1363 3897 1631 3953; x_wconf 86' lang='lat' dir='ltr'>librarum</span> <span class='ocrx_word' id='word_1_555' title='bbox 1661 3917 1673 3966; x_wconf 91' lang='lat'>;</span> <span class='ocrx_word' id='word_1_556' title='bbox 1730 3916 1868 3970; x_wconf 90' lang='lat' dir='ltr'>quas</span> <span class='ocrx_word' id='word_1_557' title='bbox 1905 3898 2170 3953; x_wconf 88' lang='lat' dir='ltr'>solvimus</span> <span class='ocrx_word' id='word_1_558' title='bbox 2253 3895 2533 3948; x_wconf 90' lang='lat' dir='ltr'>Mellanno</span> <span class='ocrx_word' id='word_1_559' title='bbox 2564 3894 2752 3964; x_wconf 91' lang='lat' dir='ltr'>priore</span> <span class='ocrx_word' id='word_1_560' title='bbox 2773 3892 2951 3958; x_wconf 90' lang='lat' dir='ltr'>Becci,</span> <span class='ocrx_word' id='word_1_561' title='bbox 2980 3910 3093 3948; x_wconf 90' lang='lat' dir='ltr'>una</span> <span class='ocrx_word' id='word_1_562' title='bbox 3108 3911 3233 3948; x_wconf 92' lang='lat' dir='ltr'>cum</span> <span class='ocrx_word' id='word_1_563' title='bbox 3261 3891 3548 3965; x_wconf 86' lang='lat' dir='ltr'>prioribus</span> <span class='ocrx_word' id='word_1_564' title='bbox 3577 3887 3739 3944; x_wconf 88' lang='lat' dir='ltr'>totius</span> <span class='ocrx_word' id='word_1_565' title='bbox 3754 3899 3826 3937; x_wconf 87' lang='lat' dir='ltr'>or-</span> 
     </span>
    </p>
   </div>
   <div class='ocr_carea' id='block_1_46' title="bbox 574 3978 3827 4058">
    <p class='ocr_par' dir='ltr' id='par_1_46' title="bbox 574 3978 3827 4058">
     <span class='ocr_line' id='line_1_46' title="bbox 574 3978 3827 4058; baseline -0.004 -21"><span class='ocrx_word' id='word_1_566' title='bbox 574 3983 725 4054; x_wconf 86' lang='lat' dir='ltr'>apud</span> <span class='ocrx_word' id='word_1_567' title='bbox 756 3983 1015 4050; x_wconf 90' lang='lat' dir='ltr'>Beccum,</span> <span class='ocrx_word' id='word_1_568' title='bbox 1063 3990 1338 4056; x_wconf 87' lang='lat' dir='ltr'>prasente</span> <span class='ocrx_word' id='word_1_569' title='bbox 1395 4003 1545 4057; x_wconf 87' lang='lat' dir='ltr'>rege,</span> <span class='ocrx_word' id='word_1_570' title='bbox 1576 3987 1667 4041; x_wconf 91' lang='lat' dir='ltr'>die</span> <span class='ocrx_word' id='word_1_571' title='bbox 1706 3988 1923 4042; x_wconf 88' lang='lat' dir='ltr'>decima</span> <span class='ocrx_word' id='word_1_572' title='bbox 1964 3992 2168 4058; x_wconf 79' lang='lat' dir='ltr'>quarta</span> <span class='ocrx_word' id='word_1_573' title='bbox 2249 3983 2415 4047; x_wconf 87' lang='lat' dir='ltr'>dinis,</span> <span class='ocrx_word' id='word_1_574' title='bbox 2446 3982 2656 4037; x_wconf 81' lang='lat' dir='ltr'>electus</span> <span class='ocrx_word' id='word_1_575' title='bbox 2686 3983 2795 4036; x_wconf 88' lang='lat' dir='ltr'>fuit</span> <span class='ocrx_word' id='word_1_576' title='bbox 2820 3982 2995 4037; x_wconf 86' lang='lat' dir='ltr'>frater</span> <span class='ocrx_word' id='word_1_577' title='bbox 3021 3984 3264 4037; x_wconf 87' lang='lat' dir='ltr'>Joannes</span> <span class='ocrx_word' id='word_1_578' title='bbox 3311 3981 3381 4036; x_wconf 92' lang='lat' dir='ltr'>de</span> <span class='ocrx_word' id='word_1_579' title='bbox 3413 3978 3693 4049; x_wconf 89' lang='lat' dir='ltr'>Grangiis,</span> <span class='ocrx_word' id='word_1_580' title='bbox 3710 3981 3827 4029; x_wconf 90' lang='lat' dir='ltr'>tunc</span> 
     </span>
    </p>
   </div>
   <div class='ocr_carea' id='block_1_47' title="bbox 574 4060 3826 4147">
    <p class='ocr_par' dir='ltr' id='par_1_47' title="bbox 574 4060 3826 4147">
     <span class='ocr_line' id='line_1_47' title="bbox 574 4060 3826 4147; baseline -0.004 -20"><span class='ocrx_word' id='word_1_581' title='bbox 574 4072 814 4143; x_wconf 86' lang='lat' dir='ltr'>Augusti</span> <span class='ocrx_word' id='word_1_582' title='bbox 841 4073 977 4127; x_wconf 87' lang='lat' dir='ltr'>anni</span> <span class='ocrx_word' id='word_1_583' title='bbox 1005 4073 1274 4144; x_wconf 86' lang='lat' dir='ltr'>pradicti,</span> <span class='ocrx_word' id='word_1_584' title='bbox 1305 4080 1369 4128; x_wconf 90' lang='lat' dir='ltr'>ut</span> <span class='ocrx_word' id='word_1_585' title='bbox 1421 4081 1580 4146; x_wconf 90' lang='lat' dir='ltr'>patet</span> <span class='ocrx_word' id='word_1_586' title='bbox 1623 4093 1724 4146; x_wconf 90' lang='lat' dir='ltr'>per</span> <span class='ocrx_word' id='word_1_587' title='bbox 1775 4077 2163 4147; x_wconf 89' lang='lat' dir='ltr'>quittanciam,</span> <span class='ocrx_word' id='word_1_588' title='bbox 2244 4071 2593 4143; x_wconf 88' lang='lat' dir='ltr'>justiciarius</span> <span class='ocrx_word' id='word_1_589' title='bbox 2607 4072 2788 4136; x_wconf 91' lang='lat' dir='ltr'>Becci,</span> <span class='ocrx_word' id='word_1_590' title='bbox 2813 4072 2868 4125; x_wconf 93' lang='lat' dir='ltr'>in</span> <span class='ocrx_word' id='word_1_591' title='bbox 2900 4078 3181 4143; x_wconf 89' lang='lat' dir='ltr'>pastorem</span> <span class='ocrx_word' id='word_1_592' title='bbox 3211 4071 3346 4125; x_wconf 90' lang='lat' dir='ltr'>dicti</span> <span class='ocrx_word' id='word_1_593' title='bbox 3371 4065 3719 4132; x_wconf 81' lang='lat' dir='ltr'>monasterii;</span> <span class='ocrx_word' id='word_1_594' title='bbox 3744 4060 3826 4133; x_wconf 91' lang='lat' dir='ltr'>qui</span> 
     </span>
    </p>
   </div>
   <div class='ocr_carea' id='block_1_48' title="bbox 575 4153 3825 4232">
    <p class='ocr_par' dir='ltr' id='par_1_48' title="bbox 575 4153 3825 4232">
     <span class='ocr_line' id='line_1_48' title="bbox 575 4153 3825 4232; baseline -0.004 -16"><span class='ocrx_word' id='word_1_595' title='bbox 575 4177 698 4232; x_wconf 89' lang='lat' dir='ltr'>qua</span> <span class='ocrx_word' id='word_1_596' title='bbox 723 4160 884 4215; x_wconf 87' lang='lat' dir='ltr'>estin</span> <span class='ocrx_word' id='word_1_597' title='bbox 913 4162 1256 4217; x_wconf 77' lang='lat' dir='ltr'>chartulario</span> <span class='ocrx_word' id='word_1_598' title='bbox 1278 4162 1336 4217; x_wconf 92' lang='lat' dir='ltr'>in</span> <span class='ocrx_word' id='word_1_599' title='bbox 1364 4163 1596 4219; x_wconf 82' lang='lat' dir='ltr'>{ardello</span> <span class='ocrx_word' id='word_1_600' title='bbox 1619 4165 1707 4219; x_wconf 92' lang='lat' dir='ltr'>de.</span> <span class='ocrx_word' id='word_1_601' title='bbox 1727 4211 1738 4222; x_wconf 91' lang='lat'><strong>.</strong></span> <span class='ocrx_word' id='word_1_602' title='bbox 1841 4166 1911 4219; x_wconf 91' lang='lat' dir='ltr'>Et</span> <span class='ocrx_word' id='word_1_603' title='bbox 1933 4166 1992 4218; x_wconf 92' lang='lat' dir='ltr'>in</span> <span class='ocrx_word' id='word_1_604' title='bbox 2020 4182 2168 4219; x_wconf 91' lang='lat' dir='ltr'>anno</span> <span class='ocrx_word' id='word_1_605' title='bbox 2252 4161 2558 4216; x_wconf 90' lang='lat' dir='ltr'>Ecclesiam</span> <span class='ocrx_word' id='word_1_606' title='bbox 2612 4160 2972 4215; x_wconf 88' lang='lat' dir='ltr'>laudabiliter</span> <span class='ocrx_word' id='word_1_607' title='bbox 3024 4177 3244 4231; x_wconf 85' lang='lat' dir='ltr'>regens,</span> <span class='ocrx_word' id='word_1_608' title='bbox 3294 4159 3445 4213; x_wconf 90' lang='lat' dir='ltr'>inter</span> <span class='ocrx_word' id='word_1_609' title='bbox 3480 4163 3675 4213; x_wconf 86' lang='lat' dir='ltr'>catera</span> <span class='ocrx_word' id='word_1_610' title='bbox 3698 4153 3825 4206; x_wconf 88' lang='lat' dir='ltr'>bona</span> 
     </span>
    </p>
   </div>
   <div class='ocr_carea' id='block_1_49' title="bbox 574 4241 3822 4324">
    <p class='ocr_par' dir='ltr' id='par_1_49' title="bbox 574 4241 3822 4324">
     <span class='ocr_line' id='line_1_49' title="bbox 574 4241 3822 4324; baseline -0.002 -19"><span class='ocrx_word' id='word_1_611' title='bbox 574 4250 971 4305; x_wconf 84' lang='lat' dir='ltr'>trecentesimo</span> <span class='ocrx_word' id='word_1_612' title='bbox 985 4251 1412 4322; x_wconf 88' lang='lat' dir='ltr'>quadragesimo</span> <span class='ocrx_word' id='word_1_613' title='bbox 1426 4259 1581 4307; x_wconf 82' lang='lat' dir='ltr'>sexto</span> <span class='ocrx_word' id='word_1_614' title='bbox 1605 4252 1711 4323; x_wconf 74' lang='grc'>(74)</span> <span class='ocrx_word' id='word_1_615' title='bbox 1736 4273 1748 4321; x_wconf 94' lang='lat'>;</span> <span class='ocrx_word' id='word_1_616' title='bbox 1802 4254 1911 4308; x_wconf 88' lang='lat' dir='ltr'>fuit</span> <span class='ocrx_word' id='word_1_617' title='bbox 1939 4254 2169 4307; x_wconf 89' lang='lat' dir='ltr'>collecta</span> <span class='ocrx_word' id='word_1_618' title='bbox 2255 4270 2377 4324; x_wconf 88' lang='lat' dir='ltr'>qua</span> <span class='ocrx_word' id='word_1_619' title='bbox 2405 4253 2483 4307; x_wconf 93' lang='lat' dir='ltr'>ibi</span> <span class='ocrx_word' id='word_1_620' title='bbox 2512 4254 2707 4323; x_wconf 88' lang='lat' dir='ltr'>gessit,</span> <span class='ocrx_word' id='word_1_621' title='bbox 2741 4253 2872 4306; x_wconf 83' lang='lat' dir='ltr'>fecit</span> <span class='ocrx_word' id='word_1_622' title='bbox 2900 4253 3161 4307; x_wconf 91' lang='lat' dir='ltr'>dedicare</span> <span class='ocrx_word' id='word_1_623' title='bbox 3214 4252 3509 4307; x_wconf 88' lang='lat' dir='ltr'>ecclesiam</span> <span class='ocrx_word' id='word_1_624' title='bbox 3549 4263 3739 4303; x_wconf 89' lang='lat' dir='ltr'>novam</span> <span class='ocrx_word' id='word_1_625' title='bbox 3764 4241 3822 4294; x_wconf 81' lang='lat' dir='ltr'>de</span> 
     </span>
    </p>
   </div>
   <div class='ocr_carea' id='block_1_50' title="bbox 574 4336 3727 4413">
    <p class='ocr_par' dir='ltr' id='par_1_50' title="bbox 574 4336 3727 4413">
     <span class='ocr_line' id='line_1_50' title="bbox 574 4336 3727 4413; baseline -0.002 -21"><span class='ocrx_word' id='word_1_626' title='bbox 574 4338 634 4394; x_wconf 89' lang='lat' dir='ltr'>in</span> <span class='ocrx_word' id='word_1_627' title='bbox 657 4355 832 4410; x_wconf 88' lang='lat' dir='ltr'>regno</span> <span class='ocrx_word' id='word_1_628' title='bbox 859 4339 1126 4407; x_wconf 86' lang='lat' dir='ltr'>Francia,</span> <span class='ocrx_word' id='word_1_629' title='bbox 1156 4346 1212 4395; x_wconf 88' lang='lat' dir='ltr'>et</span> <span class='ocrx_word' id='word_1_630' title='bbox 1238 4342 1420 4396; x_wconf 90' lang='lat' dir='ltr'>levata</span> <span class='ocrx_word' id='word_1_631' title='bbox 1467 4359 1569 4413; x_wconf 90' lang='lat' dir='ltr'>per</span> <span class='ocrx_word' id='word_1_632' title='bbox 1604 4342 1929 4413; x_wconf 82' lang='lat' dir='ltr'>praedictum</span> <span class='ocrx_word' id='word_1_633' title='bbox 1962 4342 2169 4412; x_wconf 88' lang='lat' dir='ltr'>Philip-</span> <span class='ocrx_word' id='word_1_634' title='bbox 2186 4347 2233 4404; x_wconf 93' lang='lat' dir='ltr'>D</span> <span class='ocrx_word' id='word_1_635' title='bbox 2252 4359 2395 4397; x_wconf 92' lang='lat' dir='ltr'>novo</span> <span class='ocrx_word' id='word_1_636' title='bbox 2426 4343 2764 4412; x_wconf 90' lang='lat' dir='ltr'>completam</span> <span class='ocrx_word' id='word_1_637' title='bbox 2797 4341 3176 4408; x_wconf 88' lang='lat' dir='ltr'>laudabiliter,</span> <span class='ocrx_word' id='word_1_638' title='bbox 3197 4346 3263 4395; x_wconf 93' lang='lat' dir='ltr'>ut</span> <span class='ocrx_word' id='word_1_639' title='bbox 3285 4347 3482 4412; x_wconf 89' lang='lat' dir='ltr'>postea</span> <span class='ocrx_word' id='word_1_640' title='bbox 3506 4336 3727 4410; x_wconf 88' lang='lat' dir='ltr'>patebit.</span> 
     </span>
    </p>
   </div>
   <div class='ocr_carea' id='block_1_51' title="bbox 573 4425 3822 4504">
    <p class='ocr_par' dir='ltr' id='par_1_51' title="bbox 573 4425 3822 4504">
     <span class='ocr_line' id='line_1_51' title="bbox 573 4425 3822 4504; baseline -0.003 -22"><span class='ocrx_word' id='word_1_641' title='bbox 573 4444 729 4500; x_wconf 86' lang='lat' dir='ltr'>pum,</span> <span class='ocrx_word' id='word_1_642' title='bbox 764 4429 861 4500; x_wconf 92' lang='lat' dir='ltr'>qui</span> <span class='ocrx_word' id='word_1_643' title='bbox 890 4429 1050 4484; x_wconf 80' lang='lat' dir='ltr'>duxit</span> <span class='ocrx_word' id='word_1_644' title='bbox 1068 4429 1275 4485; x_wconf 89' lang='lat' dir='ltr'>bellum</span> <span class='ocrx_word' id='word_1_645' title='bbox 1324 4437 1520 4487; x_wconf 90' lang='lat' dir='ltr'>contra</span> <span class='ocrx_word' id='word_1_646' title='bbox 1548 4449 1737 4501; x_wconf 84' lang='lat' dir='ltr'>regem</span> <span class='ocrx_word' id='word_1_647' title='bbox 1787 4432 2023 4501; x_wconf 84' lang='lat' dir='ltr'>Anglia;</span> <span class='ocrx_word' id='word_1_648' title='bbox 2063 4448 2166 4504; x_wconf 89' lang='lat' dir='ltr'>pro</span> <span class='ocrx_word' id='word_1_649' title='bbox 2319 4433 2483 4484; x_wconf 89' lang='lat' dir='ltr'>Anno</span> <span class='ocrx_word' id='word_1_650' title='bbox 2505 4430 2730 4484; x_wconf 90' lang='lat' dir='ltr'>Domini</span> <span class='ocrx_word' id='word_1_651' title='bbox 2761 4430 3059 4484; x_wconf 90' lang='lat' dir='ltr'>millesimo</span> <span class='ocrx_word' id='word_1_652' title='bbox 3092 4429 3484 4485; x_wconf 89' lang='lat' dir='ltr'>trecentesimo</span> <span class='ocrx_word' id='word_1_653' title='bbox 3533 4425 3822 4498; x_wconf 85' lang='lat' dir='ltr'>quadrage-</span> 
     </span>
    </p>
   </div>
   <div class='ocr_carea' id='block_1_52' title="bbox 575 4518 2167 4592">
    <p class='ocr_par' dir='ltr' id='par_1_52' title="bbox 575 4518 2167 4592">
     <span class='ocr_line' id='line_1_52' title="bbox 575 4518 2167 4592; baseline 0.001 -19"><span class='ocrx_word' id='word_1_654' title='bbox 575 4535 688 4590; x_wconf 89' lang='lat' dir='ltr'>qua</span> <span class='ocrx_word' id='word_1_655' title='bbox 710 4518 976 4574; x_wconf 86' lang='lat' dir='ltr'>solvimus</span> <span class='ocrx_word' id='word_1_656' title='bbox 1003 4536 1105 4591; x_wconf 88' lang='lat' dir='ltr'>pro</span> <span class='ocrx_word' id='word_1_657' title='bbox 1135 4520 1295 4576; x_wconf 88' lang='lat' dir='ltr'>nobis</span> <span class='ocrx_word' id='word_1_658' title='bbox 1321 4527 1378 4575; x_wconf 92' lang='lat' dir='ltr'>et</span> <span class='ocrx_word' id='word_1_659' title='bbox 1391 4520 1729 4592; x_wconf 86' lang='lat' dir='ltr'>prioratibus</span> <span class='ocrx_word' id='word_1_660' title='bbox 1742 4537 2021 4574; x_wconf 88' lang='lat' dir='ltr'>summam</span> <span class='ocrx_word' id='word_1_661' title='bbox 2042 4538 2167 4575; x_wconf 89' lang='lat' dir='ltr'>cen-</span> 
     </span>
    </p>
   </div>
   <div class='ocr_carea' id='block_1_53' title="bbox 574 4607 2158 4681">
    <p class='ocr_par' dir='ltr' id='par_1_53' title="bbox 574 4607 2158 4681">
     <span class='ocr_line' id='line_1_53' title="bbox 574 4607 2158 4681; baseline 0.001 -19"><span class='ocrx_word' id='word_1_662' title='bbox 574 4612 697 4662; x_wconf 89' lang='lat' dir='ltr'>tum</span> <span class='ocrx_word' id='word_1_663' title='bbox 709 4607 906 4679; x_wconf 89' lang='lat' dir='ltr'>viginti</span> <span class='ocrx_word' id='word_1_664' title='bbox 930 4609 1220 4666; x_wconf 89' lang='lat' dir='ltr'>librarum.</span> <span class='ocrx_word' id='word_1_665' title='bbox 1236 4611 1307 4666; x_wconf 91' lang='lat' dir='ltr'>Et</span> <span class='ocrx_word' id='word_1_666' title='bbox 1324 4610 1382 4663; x_wconf 90' lang='lat' dir='ltr'>in</span> <span class='ocrx_word' id='word_1_667' title='bbox 1409 4626 1555 4663; x_wconf 89' lang='lat' dir='ltr'>anno</span> <span class='ocrx_word' id='word_1_668' title='bbox 1578 4609 1877 4664; x_wconf 89' lang='lat' dir='ltr'>millesimo</span> <span class='ocrx_word' id='word_1_669' title='bbox 1894 4610 2158 4681; x_wconf 85' lang='lat' dir='ltr'>quadrin-</span> 
     </span>
    </p>
   </div>
   <div class='ocr_carea' id='block_1_54' title="bbox 569 4697 2165 4770">
    <p class='ocr_par' dir='ltr' id='par_1_54' title="bbox 569 4697 2165 4770">
     <span class='ocr_line' id='line_1_54' title="bbox 569 4697 2165 4770; baseline 0 -18"><span class='ocrx_word' id='word_1_670' title='bbox 569 4697 882 4768; x_wconf 85' lang='lat' dir='ltr'>gentesimo</span> <span class='ocrx_word' id='word_1_671' title='bbox 908 4698 1175 4770; x_wconf 89' lang='lat' dir='ltr'>vigesimo</span> <span class='ocrx_word' id='word_1_672' title='bbox 1205 4704 1426 4770; x_wconf 90' lang='lat' dir='ltr'>quarto,</span> <span class='ocrx_word' id='word_1_673' title='bbox 1450 4699 1558 4752; x_wconf 87' lang='lat' dir='ltr'>fuit</span> <span class='ocrx_word' id='word_1_674' title='bbox 1580 4699 1763 4752; x_wconf 87' lang='lat' dir='ltr'>levata</span> <span class='ocrx_word' id='word_1_675' title='bbox 1808 4699 1922 4752; x_wconf 88' lang='lat' dir='ltr'>alia</span> <span class='ocrx_word' id='word_1_676' title='bbox 1947 4699 2165 4753; x_wconf 91' lang='lat' dir='ltr'>decima</span> 
     </span>
    </p>
   </div>
   <div class='ocr_carea' id='block_1_55' title="bbox 566 4787 2164 4859">
    <p class='ocr_par' dir='ltr' id='par_1_55' title="bbox 566 4787 2164 4859">
     <span class='ocr_line' id='line_1_55' title="bbox 566 4787 2164 4859; baseline -0.001 -16"><span class='ocrx_word' id='word_1_677' title='bbox 566 4803 831 4843; x_wconf 87' lang='lat' dir='ltr'>concessa</span> <span class='ocrx_word' id='word_1_678' title='bbox 867 4788 1093 4843; x_wconf 89' lang='lat' dir='ltr'>domino</span> <span class='ocrx_word' id='word_1_679' title='bbox 1117 4789 1255 4858; x_wconf 86' lang='lat' dir='ltr'>regi,</span> <span class='ocrx_word' id='word_1_680' title='bbox 1289 4803 1390 4858; x_wconf 87' lang='lat' dir='ltr'>pro</span> <span class='ocrx_word' id='word_1_681' title='bbox 1423 4804 1534 4857; x_wconf 92' lang='lat' dir='ltr'>qua</span> <span class='ocrx_word' id='word_1_682' title='bbox 1558 4787 1721 4841; x_wconf 79' lang='lat' dir='ltr'>solvit</span> <span class='ocrx_word' id='word_1_683' title='bbox 1746 4787 1900 4859; x_wconf 88' lang='lat' dir='ltr'>prior</span> <span class='ocrx_word' id='word_1_684' title='bbox 1926 4788 1995 4842; x_wconf 91' lang='lat' dir='ltr'>de</span> <span class='ocrx_word' id='word_1_685' title='bbox 2038 4789 2164 4842; x_wconf 91' lang='lat' dir='ltr'>Bel-</span> 
     </span>
    </p>
   </div>
   <div class='ocr_carea' id='block_1_56' title="bbox 567 4877 2158 4949">
    <p class='ocr_par' dir='ltr' id='par_1_56' title="bbox 567 4877 2158 4949">
     <span class='ocr_line' id='line_1_56' title="bbox 567 4877 2158 4949; baseline -0.002 -16"><span class='ocrx_word' id='word_1_686' title='bbox 567 4878 817 4933; x_wconf 90' lang='lat' dir='ltr'>lomonte</span> <span class='ocrx_word' id='word_1_687' title='bbox 842 4894 942 4948; x_wconf 90' lang='lat' dir='ltr'>pro</span> <span class='ocrx_word' id='word_1_688' title='bbox 970 4878 1229 4949; x_wconf 90' lang='lat' dir='ltr'>portione</span> <span class='ocrx_word' id='word_1_689' title='bbox 1248 4892 1371 4940; x_wconf 83' lang='lat' dir='ltr'>sua,</span> <span class='ocrx_word' id='word_1_690' title='bbox 1405 4877 1649 4947; x_wconf 90' lang='lat' dir='ltr'>quinque</span> <span class='ocrx_word' id='word_1_691' title='bbox 1666 4882 1891 4931; x_wconf 89' lang='lat' dir='ltr'>centum</span> <span class='ocrx_word' id='word_1_692' title='bbox 1919 4877 2158 4932; x_wconf 86' lang='lat' dir='ltr'>francos.</span> 
     </span>
    </p>
   </div>
   <div class='ocr_carea' id='block_1_57' title="bbox 567 4965 2162 5037">
    <p class='ocr_par' dir='ltr' id='par_1_57' title="bbox 567 4965 2162 5037">
     <span class='ocr_line' id='line_1_57' title="bbox 567 4965 2162 5037; baseline -0.001 -15"><span class='ocrx_word' id='word_1_693' title='bbox 567 4967 638 5022; x_wconf 91' lang='lat' dir='ltr'>Et</span> <span class='ocrx_word' id='word_1_694' title='bbox 680 4967 739 5021; x_wconf 91' lang='lat' dir='ltr'>in</span> <span class='ocrx_word' id='word_1_695' title='bbox 765 4983 913 5021; x_wconf 90' lang='lat' dir='ltr'>anno</span> <span class='ocrx_word' id='word_1_696' title='bbox 943 4966 1243 5020; x_wconf 89' lang='lat' dir='ltr'>millesimo</span> <span class='ocrx_word' id='word_1_697' title='bbox 1272 4965 1824 5036; x_wconf 87' lang='lat' dir='ltr'>quadringentesimo</span> <span class='ocrx_word' id='word_1_698' title='bbox 1870 4966 2162 5037; x_wconf 87' lang='lat' dir='ltr'>trigesimo</span> 
     </span>
    </p>
   </div>
   <div class='ocr_carea' id='block_1_58' title="bbox 566 5053 2165 5130">
    <p class='ocr_par' dir='ltr' id='par_1_58' title="bbox 566 5053 2165 5130">
     <span class='ocr_line' id='line_1_58' title="bbox 566 5053 2165 5130; baseline -0.003 -17"><span class='ocrx_word' id='word_1_699' title='bbox 566 5058 784 5130; x_wconf 88' lang='lat' dir='ltr'>quinto,</span> <span class='ocrx_word' id='word_1_700' title='bbox 812 5056 918 5111; x_wconf 86' lang='lat' dir='ltr'>fuit</span> <span class='ocrx_word' id='word_1_701' title='bbox 954 5055 1126 5110; x_wconf 87' lang='lat' dir='ltr'>abbas</span> <span class='ocrx_word' id='word_1_702' title='bbox 1168 5054 1414 5109; x_wconf 88' lang='lat' dir='ltr'>Thomas</span> <span class='ocrx_word' id='word_1_703' title='bbox 1472 5053 1780 5120; x_wconf 90' lang='lat' dir='ltr'>absolutus,</span> <span class='ocrx_word' id='word_1_704' title='bbox 1829 5060 1945 5121; x_wconf 68' lang='lat' dir='ltr'>l6</span> <span class='ocrx_word' id='word_1_705' title='bbox 1972 5055 2042 5109; x_wconf 94' lang='lat' dir='ltr'>ob</span> <span class='ocrx_word' id='word_1_706' title='bbox 2072 5056 2165 5109; x_wconf 90' lang='lat' dir='ltr'>de-</span> 
     </span>
    </p>
   </div>
   <div class='ocr_carea' id='block_1_59' title="bbox 563 5142 2163 5201">
    <p class='ocr_par' dir='ltr' id='par_1_59' title="bbox 563 5142 2163 5201">
     <span class='ocr_line' id='line_1_59' title="bbox 563 5142 2163 5201; baseline -0.002 0"><span class='ocrx_word' id='word_1_707' title='bbox 563 5146 775 5201; x_wconf 83' lang='lat' dir='ltr'>fectum</span> <span class='ocrx_word' id='word_1_708' title='bbox 831 5142 1127 5200; x_wconf 85' lang='lat' dir='ltr'>solutionis</span> <span class='ocrx_word' id='word_1_709' title='bbox 1164 5142 1392 5197; x_wconf 88' lang='lat' dir='ltr'>decima</span> <span class='ocrx_word' id='word_1_710' title='bbox 1429 5143 1571 5197; x_wconf 86' lang='lat' dir='ltr'>data</span> <span class='ocrx_word' id='word_1_711' title='bbox 1611 5159 1643 5196; x_wconf 89' lang='lat' dir='ltr'>a</span> <span class='ocrx_word' id='word_1_712' title='bbox 1672 5143 1900 5198; x_wconf 91' lang='lat' dir='ltr'>domino</span> <span class='ocrx_word' id='word_1_713' title='bbox 1920 5144 2163 5198; x_wconf 84' lang='lat' dir='ltr'>Martino</span> 
     </span>
    </p>
   </div>
   <div class='ocr_carea' id='block_1_60' title="bbox 565 5230 2160 5306">
    <p class='ocr_par' dir='ltr' id='par_1_60' title="bbox 565 5230 2160 5306">
     <span class='ocr_line' id='line_1_60' title="bbox 565 5230 2160 5306; baseline -0.002 -17"><span class='ocrx_word' id='word_1_714' title='bbox 565 5250 714 5306; x_wconf 90' lang='lat' dir='ltr'>papa</span> <span class='ocrx_word' id='word_1_715' title='bbox 734 5233 930 5306; x_wconf 89' lang='lat' dir='ltr'>quinto</span> <span class='ocrx_word' id='word_1_716' title='bbox 959 5231 1089 5286; x_wconf 90' lang='lat' dir='ltr'>duci</span> <span class='ocrx_word' id='word_1_717' title='bbox 1115 5230 1445 5297; x_wconf 87' lang='lat' dir='ltr'>Behfordia,</span> <span class='ocrx_word' id='word_1_718' title='bbox 1479 5248 1649 5302; x_wconf 89' lang='lat' dir='ltr'>super</span> <span class='ocrx_word' id='word_1_719' title='bbox 1668 5232 1938 5286; x_wconf 88' lang='lat' dir='ltr'>fructibus</span> <span class='ocrx_word' id='word_1_720' title='bbox 1965 5232 2023 5286; x_wconf 93' lang='lat' dir='ltr'>in</span> <span class='ocrx_word' id='word_1_721' title='bbox 2054 5232 2160 5286; x_wconf 88' lang='lat' dir='ltr'>du-</span> 
     </span>
    </p>
   </div>
   <div class='ocr_carea' id='block_1_61' title="bbox 561 5320 2162 5392">
    <p class='ocr_par' dir='ltr' id='par_1_61' title="bbox 561 5320 2162 5392">
     <span class='ocr_line' id='line_1_61' title="bbox 561 5320 2162 5392; baseline -0.002 -13"><span class='ocrx_word' id='word_1_722' title='bbox 561 5328 695 5379; x_wconf 86' lang='lat' dir='ltr'>catu</span> <span class='ocrx_word' id='word_1_723' title='bbox 740 5320 1164 5379; x_wconf 86' lang='lat' dir='ltr'>Northmannia</span> <span class='ocrx_word' id='word_1_724' title='bbox 1209 5320 1662 5384; x_wconf 87' lang='lat' dir='ltr'>consistentibus,</span> <span class='ocrx_word' id='word_1_725' title='bbox 1723 5321 1856 5392; x_wconf 90' lang='lat' dir='ltr'>quia</span> <span class='ocrx_word' id='word_1_726' title='bbox 1897 5320 2162 5392; x_wconf 89' lang='lat' dir='ltr'>imposita</span> 
     </span>
    </p>
   </div>
   <div class='ocr_carea' id='block_1_62' title="bbox 565 5410 2158 5483">
    <p class='ocr_par' dir='ltr' id='par_1_62' title="bbox 565 5410 2158 5483">
     <span class='ocr_line' id='line_1_62' title="bbox 565 5410 2158 5483; baseline -0.002 -15"><span class='ocrx_word' id='word_1_727' title='bbox 565 5412 690 5481; x_wconf 85' lang='lat' dir='ltr'>fuit,</span> <span class='ocrx_word' id='word_1_728' title='bbox 731 5416 790 5467; x_wconf 94' lang='lat' dir='ltr'>et</span> <span class='ocrx_word' id='word_1_729' title='bbox 825 5413 1008 5467; x_wconf 88' lang='lat' dir='ltr'>levata</span> <span class='ocrx_word' id='word_1_730' title='bbox 1046 5415 1302 5483; x_wconf 87' lang='lat' dir='ltr'>tempore</span> <span class='ocrx_word' id='word_1_731' title='bbox 1330 5411 1546 5467; x_wconf 91' lang='lat' dir='ltr'>domini</span> <span class='ocrx_word' id='word_1_732' title='bbox 1602 5410 1832 5466; x_wconf 90' lang='lat' dir='ltr'>Roberti</span> <span class='ocrx_word' id='word_1_733' title='bbox 1859 5411 2158 5482; x_wconf 82' lang='lat' dir='ltr'>praedeces-</span> 
     </span>
    </p>
   </div>
   <div class='ocr_carea' id='block_1_63' title="bbox 633 5585 1480 5659">
    <p class='ocr_par' dir='ltr' id='par_1_63' title="bbox 633 5585 1480 5659">
     <span class='ocr_line' id='line_1_63' title="bbox 633 5585 1480 5659; baseline 0.002 -15"><span class='ocrx_word' id='word_1_734' title='bbox 633 5585 746 5659; x_wconf 79' lang='grc'>(74)</span> <span class='ocrx_word' id='word_1_735' title='bbox 769 5590 917 5645; x_wconf 75' lang='lat' dir='ltr'>Anni</span> <span class='ocrx_word' id='word_1_736' title='bbox 937 5591 1166 5648; x_wconf 80' lang='lat' dir='ltr'>confuse</span> <span class='ocrx_word' id='word_1_737' title='bbox 1193 5595 1480 5649; x_wconf 80' lang='lat' dir='ltr'>notantur.</span> 
     </span>
    </p>
   </div>
   <div class='ocr_carea' id='block_1_64' title="bbox 2248 4508 3822 4591">
    <p class='ocr_par' dir='ltr' id='par_1_64' title="bbox 2248 4508 3822 4591">
     <span class='ocr_line' id='line_1_64' title="bbox 2248 4508 3822 4591; baseline -0.007 -17"><span class='ocrx_word' id='word_1_738' title='bbox 2248 4520 2409 4587; x_wconf 91' lang='lat' dir='ltr'>simo,</span> <span class='ocrx_word' id='word_1_739' title='bbox 2435 4519 2650 4574; x_wconf 89' lang='lat' dir='ltr'>decimo</span> <span class='ocrx_word' id='word_1_740' title='bbox 2683 4519 2878 4590; x_wconf 91' lang='lat' dir='ltr'>quinto</span> <span class='ocrx_word' id='word_1_741' title='bbox 2905 4519 2996 4573; x_wconf 91' lang='lat' dir='ltr'>die</span> <span class='ocrx_word' id='word_1_742' title='bbox 3016 4519 3243 4591; x_wconf 84' lang='lat' dir='ltr'>Aprilis,</span> <span class='ocrx_word' id='word_1_743' title='bbox 3264 4517 3405 4573; x_wconf 87' lang='lat' dir='ltr'>obiit</span> <span class='ocrx_word' id='word_1_744' title='bbox 3431 4518 3537 4588; x_wconf 87' lang='lat' dir='ltr'>pia</span> <span class='ocrx_word' id='word_1_745' title='bbox 3565 4508 3822 4568; x_wconf 77' lang='lat' dir='ltr'>memoriae</span> 
     </span>
    </p>
   </div>
   <div class='ocr_carea' id='block_1_65' title="bbox 2249 4597 3816 4679">
    <p class='ocr_par' dir='ltr' id='par_1_65' title="bbox 2249 4597 3816 4679">
     <span class='ocr_line' id='line_1_65' title="bbox 2249 4597 3816 4679; baseline -0.009 -15"><span class='ocrx_word' id='word_1_746' title='bbox 2249 4610 2513 4664; x_wconf 89' lang='lat' dir='ltr'>dominus</span> <span class='ocrx_word' id='word_1_747' title='bbox 2564 4608 2888 4664; x_wconf 79' lang='lat' dir='ltr'>Gautfridus</span> <span class='ocrx_word' id='word_1_748' title='bbox 2934 4609 3066 4675; x_wconf 90' lang='lat' dir='ltr'>Fae,</span> <span class='ocrx_word' id='word_1_749' title='bbox 3100 4607 3401 4679; x_wconf 90' lang='lat' dir='ltr'>vigesimus</span> <span class='ocrx_word' id='word_1_750' title='bbox 3441 4606 3612 4661; x_wconf 90' lang='lat' dir='ltr'>abbas</span> <span class='ocrx_word' id='word_1_751' title='bbox 3656 4597 3816 4661; x_wconf 85' lang='lat' dir='ltr'>Becci,</span> 
     </span>
    </p>
   </div>
   <div class='ocr_carea' id='block_1_66' title="bbox 2247 4687 3821 4771">
    <p class='ocr_par' dir='ltr' id='par_1_66' title="bbox 2247 4687 3821 4771">
     <span class='ocr_line' id='line_1_66' title="bbox 2247 4687 3821 4771; baseline -0.01 -18"><span class='ocrx_word' id='word_1_752' title='bbox 2247 4704 2443 4771; x_wconf 87' lang='lat' dir='ltr'>postea</span> <span class='ocrx_word' id='word_1_753' title='bbox 2470 4697 2762 4769; x_wconf 90' lang='lat' dir='ltr'>episcopus</span> <span class='ocrx_word' id='word_1_754' title='bbox 2788 4696 3155 4763; x_wconf 88' lang='lat' dir='ltr'>Ebroicensis,</span> <span class='ocrx_word' id='word_1_755' title='bbox 3188 4712 3302 4751; x_wconf 92' lang='lat' dir='ltr'>non</span> <span class='ocrx_word' id='word_1_756' title='bbox 3331 4696 3629 4749; x_wconf 91' lang='lat' dir='ltr'>immemor</span> <span class='ocrx_word' id='word_1_757' title='bbox 3671 4687 3821 4743; x_wconf 86' lang='lat' dir='ltr'>eccle-</span> 
     </span>
    </p>
   </div>
   <div class='ocr_carea' id='block_1_67' title="bbox 2248 4781 3817 4856">
    <p class='ocr_par' dir='ltr' id='par_1_67' title="bbox 2248 4781 3817 4856">
     <span class='ocr_line' id='line_1_67' title="bbox 2248 4781 3817 4856; baseline -0.008 -15"><span class='ocrx_word' id='word_1_758' title='bbox 2248 4788 2343 4842; x_wconf 88' lang='lat' dir='ltr'>sia</span> <span class='ocrx_word' id='word_1_759' title='bbox 2372 4786 2689 4853; x_wconf 88' lang='lat' dir='ltr'>Beccensis,</span> <span class='ocrx_word' id='word_1_760' title='bbox 2722 4786 2820 4840; x_wconf 92' lang='lat' dir='ltr'>sed</span> <span class='ocrx_word' id='word_1_761' title='bbox 2846 4786 2995 4856; x_wconf 91' lang='lat' dir='ltr'>apud</span> <span class='ocrx_word' id='word_1_762' title='bbox 3016 4802 3141 4840; x_wconf 90' lang='lat' dir='ltr'>eam</span> <span class='ocrx_word' id='word_1_763' title='bbox 3169 4784 3410 4849; x_wconf 89' lang='lat' dir='ltr'>delatus,</span> <span class='ocrx_word' id='word_1_764' title='bbox 3446 4789 3504 4838; x_wconf 91' lang='lat' dir='ltr'>et</span> <span class='ocrx_word' id='word_1_765' title='bbox 3532 4783 3588 4837; x_wconf 91' lang='lat' dir='ltr'>in</span> <span class='ocrx_word' id='word_1_766' title='bbox 3615 4781 3728 4851; x_wconf 89' lang='lat' dir='ltr'>ipsa</span> <span class='ocrx_word' id='word_1_767' title='bbox 3740 4792 3817 4829; x_wconf 88' lang='lat' dir='ltr'>se-</span> 
     </span>
    </p>
   </div>
   <div class='ocr_carea' id='block_1_68' title="bbox 2245 4870 3820 4949">
    <p class='ocr_par' dir='ltr' id='par_1_68' title="bbox 2245 4870 3820 4949">
     <span class='ocr_line' id='line_1_68' title="bbox 2245 4870 3820 4949; baseline -0.008 -18"><span class='ocrx_word' id='word_1_768' title='bbox 2245 4877 2437 4949; x_wconf 90' lang='lat' dir='ltr'>pultus</span> <span class='ocrx_word' id='word_1_769' title='bbox 2465 4876 2524 4929; x_wconf 92' lang='lat' dir='ltr'>in</span> <span class='ocrx_word' id='word_1_770' title='bbox 2543 4875 2771 4929; x_wconf 88' lang='lat' dir='ltr'>sinistra</span> <span class='ocrx_word' id='word_1_771' title='bbox 2800 4875 2955 4929; x_wconf 91' lang='lat' dir='ltr'>chori</span> <span class='ocrx_word' id='word_1_772' title='bbox 2983 4877 3161 4946; x_wconf 89' lang='lat' dir='ltr'>parte,</span> <span class='ocrx_word' id='word_1_773' title='bbox 3190 4878 3255 4927; x_wconf 91' lang='lat' dir='ltr'>ut</span> <span class='ocrx_word' id='word_1_774' title='bbox 3283 4874 3404 4943; x_wconf 87' lang='lat' dir='ltr'>ejus</span> <span class='ocrx_word' id='word_1_775' title='bbox 3420 4870 3700 4943; x_wconf 87' lang='lat' dir='ltr'>sepultura</span> <span class='ocrx_word' id='word_1_776' title='bbox 3719 4879 3820 4919; x_wconf 81' lang='lat' dir='ltr'>ma-</span> 
     </span>
    </p>
   </div>
   <div class='ocr_carea' id='block_1_69' title="bbox 2246 4962 3523 5036">
    <p class='ocr_par' dir='ltr' id='par_1_69' title="bbox 2246 4962 3523 5036">
     <span class='ocr_line' id='line_1_69' title="bbox 2246 4962 3523 5036; baseline -0.003 -16"><span class='ocrx_word' id='word_1_777' title='bbox 2246 4966 2507 5032; x_wconf 87' lang='lat' dir='ltr'>nifestat;</span> <span class='ocrx_word' id='word_1_778' title='bbox 2541 4966 2702 5036; x_wconf 90' lang='lat' dir='ltr'>cujus</span> <span class='ocrx_word' id='word_1_779' title='bbox 2733 4963 2923 5018; x_wconf 86' lang='lat' dir='ltr'>anima</span> <span class='ocrx_word' id='word_1_780' title='bbox 2944 4963 3003 5016; x_wconf 93' lang='lat' dir='ltr'>in</span> <span class='ocrx_word' id='word_1_781' title='bbox 3031 4979 3165 5034; x_wconf 88' lang='lat' dir='ltr'>pace</span> <span class='ocrx_word' id='word_1_782' title='bbox 3187 4962 3523 5032; x_wconf 87' lang='lat' dir='ltr'>requiescat.</span> 
     </span>
    </p>
   </div>
   <div class='ocr_carea' id='block_1_70' title="bbox 2316 5045 3817 5120">
    <p class='ocr_par' dir='ltr' id='par_1_70' title="bbox 2316 5045 3817 5120">
     <span class='ocr_line' id='line_1_70' title="bbox 2316 5045 3817 5120; baseline -0.007 -12"><span class='ocrx_word' id='word_1_783' title='bbox 2316 5056 2479 5108; x_wconf 87' lang='lat' dir='ltr'>Anno</span> <span class='ocrx_word' id='word_1_784' title='bbox 2502 5054 2725 5108; x_wconf 90' lang='lat' dir='ltr'>Domini</span> <span class='ocrx_word' id='word_1_785' title='bbox 2756 5052 3053 5107; x_wconf 90' lang='lat' dir='ltr'>millesimo</span> <span class='ocrx_word' id='word_1_786' title='bbox 3093 5050 3484 5107; x_wconf 88' lang='lat' dir='ltr'>trecentesimo</span> <span class='ocrx_word' id='word_1_787' title='bbox 3534 5045 3817 5120; x_wconf 84' lang='lat' dir='ltr'>quadrage-</span> 
     </span>
    </p>
   </div>
   <div class='ocr_carea' id='block_1_71' title="bbox 2248 5137 3815 5213">
    <p class='ocr_par' dir='ltr' id='par_1_71' title="bbox 2248 5137 3815 5213">
     <span class='ocr_line' id='line_1_71' title="bbox 2248 5137 3815 5213; baseline -0.008 -15"><span class='ocrx_word' id='word_1_788' title='bbox 2248 5144 2392 5199; x_wconf 85' lang='lat' dir='ltr'>simo</span> <span class='ocrx_word' id='word_1_789' title='bbox 2419 5143 2682 5209; x_wconf 92' lang='lat' dir='ltr'>secundo,</span> <span class='ocrx_word' id='word_1_790' title='bbox 2716 5142 2931 5197; x_wconf 90' lang='lat' dir='ltr'>decimo</span> <span class='ocrx_word' id='word_1_791' title='bbox 2981 5141 3175 5213; x_wconf 93' lang='lat' dir='ltr'>quinto</span> <span class='ocrx_word' id='word_1_792' title='bbox 3224 5140 3313 5195; x_wconf 91' lang='lat' dir='ltr'>die</span> <span class='ocrx_word' id='word_1_793' title='bbox 3345 5138 3555 5194; x_wconf 88' lang='lat' dir='ltr'>mensis</span> <span class='ocrx_word' id='word_1_794' title='bbox 3589 5137 3815 5206; x_wconf 87' lang='lat' dir='ltr'>Septem-</span> 
     </span>
    </p>
   </div>
   <div class='ocr_carea' id='block_1_72' title="bbox 2245 5222 3813 5303">
    <p class='ocr_par' dir='ltr' id='par_1_72' title="bbox 2245 5222 3813 5303">
     <span class='ocr_line' id='line_1_72' title="bbox 2245 5222 3813 5303; baseline -0.01 -16"><span class='ocrx_word' id='word_1_795' title='bbox 2245 5232 2611 5296; x_wconf 88' lang='lat' dir='ltr'>bris,decimo</span> <span class='ocrx_word' id='word_1_796' title='bbox 2641 5231 2883 5303; x_wconf 90' lang='lat' dir='ltr'>septimo</span> <span class='ocrx_word' id='word_1_797' title='bbox 2914 5231 3198 5286; x_wconf 89' lang='lat' dir='ltr'>Kalendas</span> <span class='ocrx_word' id='word_1_798' title='bbox 3235 5228 3507 5293; x_wconf 87' lang='lat' dir='ltr'>Octobris,</span> <span class='ocrx_word' id='word_1_799' title='bbox 3543 5222 3813 5298; x_wconf 82' lang='lat' dir='ltr'>pontiﬁca-</span> 
     </span>
    </p>
   </div>
   <div class='ocr_carea' id='block_1_73' title="bbox 2243 5308 3809 5378">
    <p class='ocr_par' dir='ltr' id='par_1_73' title="bbox 2243 5308 3809 5378">
     <span class='ocr_line' id='line_1_73' title="bbox 2243 5308 3809 5378; baseline -0.01 0"><span class='ocrx_word' id='word_1_800' title='bbox 2243 5329 2336 5378; x_wconf 89' lang='lat' dir='ltr'>tus</span> <span class='ocrx_word' id='word_1_801' title='bbox 2355 5322 2692 5377; x_wconf 89' lang='lat' dir='ltr'>sanctissimi</span> <span class='ocrx_word' id='word_1_802' title='bbox 2714 5321 2771 5375; x_wconf 91' lang='lat' dir='ltr'>in</span> <span class='ocrx_word' id='word_1_803' title='bbox 2803 5320 3025 5375; x_wconf 87' lang='lat' dir='ltr'>Christo</span> <span class='ocrx_word' id='word_1_804' title='bbox 3049 5319 3233 5374; x_wconf 87' lang='lat' dir='ltr'>Patris</span> <span class='ocrx_word' id='word_1_805' title='bbox 3269 5318 3479 5373; x_wconf 91' lang='lat' dir='ltr'>domini</span> <span class='ocrx_word' id='word_1_806' title='bbox 3513 5308 3809 5371; x_wconf 80' lang='lat' dir='ltr'>Clementis,</span> 
     </span>
    </p>
   </div>
   <div class='ocr_carea' id='block_1_74' title="bbox 2243 5402 3810 5482">
    <p class='ocr_par' dir='ltr' id='par_1_74' title="bbox 2243 5402 3810 5482">
     <span class='ocr_line' id='line_1_74' title="bbox 2243 5402 3810 5482; baseline -0.004 -16"><span class='ocrx_word' id='word_1_807' title='bbox 2243 5412 2433 5467; x_wconf 88' lang='lat' dir='ltr'>divina</span> <span class='ocrx_word' id='word_1_808' title='bbox 2458 5412 2756 5467; x_wconf 89' lang='lat' dir='ltr'>clementia</span> <span class='ocrx_word' id='word_1_809' title='bbox 2787 5427 2943 5482; x_wconf 87' lang='lat' dir='ltr'>papa</span> <span class='ocrx_word' id='word_1_810' title='bbox 2965 5409 3107 5465; x_wconf 81' lang='lat' dir='ltr'>sexti</span> <span class='ocrx_word' id='word_1_811' title='bbox 3151 5425 3298 5463; x_wconf 91' lang='lat' dir='ltr'>anno</span> <span class='ocrx_word' id='word_1_812' title='bbox 3328 5407 3528 5480; x_wconf 88' lang='lat' dir='ltr'>primo,</span> <span class='ocrx_word' id='word_1_813' title='bbox 3564 5402 3810 5472; x_wconf 72' lang='lat' dir='ltr'>regnante</span> 
     </span>
    </p>
   </div>
  </div>
