3920 6354
71 319 172 377 669

1269 318 1696 379 CHRONICON
1739 314 2147 392 BECCENSEJ

3233 301 3340 359 670

73 444 330 518 Philippo
359 447 706 504 Francorum
743 464 894 519 rege,
927 448 1151 504 domino
1174 448 1390 502 Joanne
1407 447 1530 516 ejus
1549 445 1730 504 ﬁlioA
1821 441 2029 496 Eodem
2058 454 2206 494 anno
2234 435 2494 492 dominus
2517 435 2760 490 Joannes
2794 431 2864 485 de
2898 428 3144 519 Ferariis
3178 428 3341 483 miles

73 532 449 604 primogenito
468 537 608 591 duce
637 537 1081 604 Northmannia,
1113 536 1315 591 abbate
1344 533 1504 589 Becci
1531 539 1668 587 tunc

72 621 338 690 vigesimo
361 625 546 694 primo
566 624 790 679 domino
810 627 1025 680 Joanne
1037 627 1106 680 de
1122 622 1668 695 Grangiis,dedicata

74 709 176 764 fuit
204 712 445 766 ecclesia
462 713 622 768 Becci
648 730 682 767 a
701 715 1001 768 reverendo
1032 714 1091 768 in
1130 713 1350 768 Christo
1377 716 1538 783 patre
1571 711 1666 763 do-

77 798 223 850 mino
264 800 485 854 Joanne
525 801 912 856 Abrincatensi
960 803 1215 874 episcopo
1279 801 1338 856 in
1395 801 1666 854 honorem

76 891 275 941 sancta
308 889 503 943 Maria
527 891 776 960 virginis,
796 898 852 944 et
879 891 1127 946 omnium
1157 896 1498 944 sanctorum.
1527 888 1668 942 Con-

77 982 290 1030 secrata
323 983 515 1032 autem
565 979 794 1034 fuerunt
831 980 900 1034 ab
942 981 1062 1050 ipso
1111 979 1371 1050 episc0po
1407 976 1665 1031 abrinca-

77 1063 214 1142 tensi
248 1067 439 1136 majus
491 1067 669 1122 altare
706 1069 774 1122 ad
812 1069 1083 1123 honorem
1122 1072 1324 1126 sancta
1360 1065 1572 1134 Mariae,
1611 1069 1668 1118 et

77 1152 256 1206 minus
309 1153 594 1222 similiter,
627 1156 996 1228 praesentibus
1035 1157 1095 1210 in
1144 1156 1367 1210 Christo
1405 1153 1666 1209 Patribus

75 1239 317 1295 dominis
346 1244 690 1311 Lexoviensi,
724 1251 781 1300 et
808 1247 1022 1300 Joanne
1066 1244 1327 1316 Papiensi
1369 1243 1660 1314 episcopis,

77 1344 136 1381 ac
181 1331 598 1388 venerabilibus
627 1333 887 1389 Patribus
919 1339 976 1389 et
1005 1333 1246 1388 dominis
1283 1331 1576 1386 abbatibus
1596 1331 1665 1384 de

75 1417 416 1486 Fiscano,de
436 1422 639 1476 Sancto
669 1424 954 1489 Audoeno,
986 1423 1056 1477 de
1086 1422 1438 1488 Cadomo,de
1459 1421 1663 1474 Sancto

80 1505 322 1574 Ebrulfo,
355 1508 428 1563 de
472 1510 790 1576 Gemeticis,
825 1512 894 1564 de
939 1512 1142 1565 Sancto
1181 1509 1550 1572 Vandresillo,
1594 1509 1664 1562 de

79 1593 276 1649 Sancto
311 1595 572 1668 Georgio,
604 1599 673 1652 de
703 1599 1140 1669 Blanquervilla,
1187 1598 1256 1652 de
1293 1598 1552 1664 Bernaio,
1594 1597 1663 1650 de

77 1682 365 1747 Cormelis,
401 1685 470 1740 de
497 1687 775 1752 Pratellis,
809 1688 878 1742 de
907 1688 1200 1753 Grestano,
1234 1687 1302 1741 de
1334 1687 1538 1741 Sancta
1566 1687 1666 1741 Ca-

1748 531 1905 586 dedit
1924 527 2201 601 pradictis
2236 523 2530 601 religiosis,
2569 522 2640 576 ad
2670 520 2914 575 ofﬁcium
2944 518 3334 591 pitanciarum,

1747 600 1960 674 certam
1996 624 2213 688 partem
2244 600 2492 679 decima,
2526 628 2693 684 quam
2717 607 2961 664 habebat
2987 608 3047 661 in
3077 604 3342 678 parochia

1749 709 1818 762 de
1855 706 2286 774 Grandicampo,
2319 702 2517 757 solutis
2538 701 2729 754 decem
2756 698 2912 752 libris
2940 695 3341 765 redditus,qua

1748 813 1917 868 super
1945 796 2051 850 hoc
2085 792 2360 848 debentur
2378 790 2551 861 priori
2580 789 2649 842 de
2677 788 3018 857 Malopassu.

1817 886 2091 955 Tempore
2111 880 2361 953 praedicti
2383 877 2615 943 abbatis,
2647 893 2794 931 anno
2814 874 3113 929 millesimo
3128 878 3342 928 trecen-

1747 974 1947 1028 tesimo
1967 970 2398 1043 quadragesimo
2414 966 2863 1038 quinto,domina
2873 963 3052 1018 Maria
3065 963 3132 1016 de
3146 962 3343 1032 Hispa-

1747 1063 1840 1118 nia
1862 1061 2146 1117 comitissa
2173 1060 2242 1113 de
2262 1056 2607 1123 Allenconio,
2642 1056 2711 1109 de
2733 1053 2998 1125 Stampis,
3024 1051 3180 1106 dedit
3195 1067 3339 1122 pra-

1747 1152 1910 1206 dictis
1953 1148 2228 1220 religiosis
2266 1147 2602 1218 quingentas
2641 1144 2814 1198 libras
2851 1144 3205 1196 Turonenses
3237 1155 3339 1210 pro

1746 1241 1997 1296 emendis
2029 1237 2401 1310 quadraginta
2426 1235 2584 1290 libris
2613 1233 2884 1299 redditus,
2903 1230 3183 1302 pradictis
3212 1227 3339 1282 reli-

1744 1331 1918 1402 giosis
1938 1326 2328 1383 claustralibus
2345 1323 2762 1386 distribuendis,
2778 1339 2878 1392 per
2898 1337 3126 1375 manum
3149 1319 3337 1390 pit-an-

1746 1418 1923 1483 ciarii,
1957 1423 2022 1472 ut
2053 1415 2300 1488 quolibet
2337 1415 2427 1468 die
2467 1429 2566 1484 per
2615 1412 2792 1465 dictos
2839 1409 3129 1480 religiosos
3166 1407 3339 1460 missa

1746 1506 2125 1562 celebraretur
2162 1505 2221 1558 in
2251 1502 2465 1574 capella
2498 1502 2682 1556 Beata
2720 1499 2910 1554 Maria
2933 1499 3001 1552 de
3040 1513 3179 1550 novo
3207 1495 3336 1549 fun-

1747 1598 1907 1662 data;
1942 1612 2063 1666 qua
2099 1609 2326 1648 summa
2363 1591 2575 1646 tradita
2601 1589 2708 1644 fuit
2738 1588 2911 1660 priori
2941 1588 3010 1641 de
3049 1587 3239 1653 Prato,
3272 1588 3336 1638 ut

1748 1686 1909 1740 dictis
1947 1684 2222 1755 religiosis
2260 1683 2496 1736 solveret
2543 1679 2872 1750 praedictum
2937 1675 3220 1730 redditum
3278 1673 3339 1726 in

75 1771 297 1826 tharina
322 1790 494 1845 prope
519 1775 950 1846 Rothomagum,
992 1777 1060 1830 de
1092 1777 1293 1830 Sancto
1316 1775 1560 1841 Victore,
1595 1775 1664 1828 de
1684 1758 1731 1817 Β
1750 1780 1992 1848 quatuor
2020 1771 2278 1828 terminis
2319 1769 2509 1825 Sancti
2552 1767 2784 1823 Joannis
2818 1765 3103 1837 Baptista,
3147 1761 3339 1818 Sancti

76 1860 409 1930 Cornevilla,
433 1880 499 1917 ac
512 1865 581 1918 de
595 1865 874 1936 prioribus
885 1866 955 1919 de
976 1866 1182 1920 Sancta
1199 1864 1462 1930 Barbara,
1479 1865 1664 1918 Beata

76 1947 260 2004 Maria
298 1950 370 2004 de
395 1951 570 2005 Parco
585 1953 748 2022 juxta
767 1953 1139 2018 Haricuriam,
1165 1953 1234 2006 de
1251 1953 1580 2017 Friardello,
1609 1957 1667 2006 et

77 2036 352 2092 nobilibus
382 2039 514 2094 viris
556 2041 798 2095 dominis
839 2042 1054 2096 Joanne
1089 2041 1279 2108 Malet,
1309 2041 1554 2096 Roberto
1593 2041 1662 2094 de

73 2123 425 2197 Novoburgo,
467 2129 680 2183 Joanne
701 2131 771 2184 de
795 2130 1037 2184 Ferariis
1060 2131 1198 2184 G....
1229 2131 1297 2184 de
1329 2129 1658 2196 Friardello,

265 2215 337 2270 de
362 2217 659 2273 Tournebu
680 2219 970 2286 militibus,
991 2236 1118 2273 cum
1137 2218 1391 2290 pluribus
1417 2217 1543 2271 aliis
1565 2217 1665 2271 mi-

77 2300 265 2358 litibus
292 2321 358 2358 ac
384 2305 519 2360 viris
549 2308 957 2375 ecclesiasticis,
988 2325 1052 2362 ac
1079 2306 1454 2372 saecularibus,
1490 2307 1548 2360 in
1574 2307 1665 2360 die

74 2393 170 2446 tali
208 2394 613 2450 exultantibus.
646 2395 719 2451 Et
764 2398 963 2451 eadem
1005 2397 1096 2451 die
1141 2400 1525 2450 consecratum
1558 2395 1666 2448 fuit

79 2482 253 2535 altare
279 2483 339 2536 in
367 2483 581 2554 capella
618 2485 840 2556 prioris,
872 2487 930 2541 in
967 2487 1237 2540 honorem
1273 2486 1451 2539 sancti
1481 2485 1661 2539 Bene—

78 2570 229 2636 dicti,
269 2577 329 2626 et
374 2571 436 2626 in
475 2573 688 2643 capella
722 2591 844 2646 qua
881 2575 1088 2629 dicitur
1128 2591 1248 2629 esse
1287 2574 1551 2638 sacrista,
1603 2574 1662 2628 in

73 2659 342 2715 honorem
388 2667 711 2718 sanctorum
749 2665 1131 2734 apostolorum
1168 2663 1322 2717 Petri
1374 2668 1430 2717 et
1478 2663 1657 2730 Pauli,

74 2749 248 2803 altare
294 2747 402 2803 fuit
431 2756 814 2806 consecratum
853 2751 922 2806 ab
945 2753 1203 2823 episcopo
1232 2753 1576 2816 Lexoviensi,
1609 2758 1666 2807 et

74 2837 265 2891 eodem
292 2837 597 2902 die,altare
617 2839 676 2893 in
700 2841 914 2911 capella
934 2858 1056 2912 qua
1080 2841 1286 2896 dicitur
1306 2841 1374 2895 de.
1399 2841 1662 2907 Ferariis,

75 2925 126 2979 in
157 2927 430 2980 honorem
460 2928 636 2982 sancti
651 2929 883 2984 Joannis
912 2930 1196 3001 Baptistae.
1220 2930 1435 2984 Itemin
1453 2932 1665 3002 capella

76 3015 332 3085 sequenti
360 3015 419 3069 in
446 3017 719 3072 honorem
746 3019 925 3073 sancti
955 3019 1154 3086 Mauri,
1185 3024 1242 3072 et
1264 3019 1324 3073 in
1342 3020 1556 3090 capella
1573 3036 1663 3074 se-

77 3105 288 3174 quenti,
318 3105 378 3159 in
401 3105 673 3160 honorem
697 3108 875 3162 sancti
904 3107 1151 3175 Martini,
1167 3125 1289 3179 qua
1314 3108 1518 3162 dicitur
1541 3125 1664 3162 esse

75 3193 473 3261 subcellerarii,
505 3199 560 3248 et
585 3195 644 3248 in
675 3196 888 3266 capella
922 3213 1044 3267 qua
1078 3196 1284 3250 dicitur
1326 3213 1447 3251 esse
1478 3213 1665 3251 came-

72 3283 225 3348 rarii,
258 3300 292 3336 a
317 3283 542 3338 domino
579 3285 793 3338 Joanne
811 3285 1071 3356 Papiensi
1102 3287 1377 3357 episc0po,
1412 3285 1668 3345 altarein

73 3371 342 3426 honorem
368 3371 548 3426 sancti
570 3372 839 3444 Stephani
861 3376 1309 3446 protomartyris.
1353 3376 1422 3430 Et
1458 3375 1548 3429 die
1576 3376 1666 3430 lu-

73 3477 152 3515 na
172 3467 466 3532 sequente,
497 3469 822 3517 consecrata
841 3463 1071 3518 fuerunt
1095 3464 1205 3518 duo
1231 3464 1434 3518 altaria
1469 3464 1538 3518 de
1575 3481 1667 3518 re-

74 3548 353 3616 vestiario,
376 3565 552 3603 unum
573 3549 634 3604 in
654 3551 925 3605 honorem
945 3551 1123 3606 sancti
1140 3551 1376 3611 Nicolai,
1401 3557 1458 3604 et
1486 3552 1666 3605 Bran-

76 3637 288 3700 dani,et
301 3638 456 3692 aliud
468 3638 525 3692 in
543 3639 813 3694 honorem
830 3640 1008 3695 sancti
1029 3640 1260 3695 Joannis
1278 3640 1663 3711 Evangelista,

76 3731 128 3780 et
143 3727 326 3801 sancti
359 3727 563 3783 Aniani
596 3728 861 3800 episcOpi,
910 3746 944 3782 a
972 3730 1240 3801 pradicto
1272 3729 1534 3802 Papiensi
1558 3729 1670 3800 epi-

77 3817 406 3886 scopo.Item
427 3818 606 3872 altare
627 3816 798 3872 beata
819 3810 1011 3873 Maria
1039 3819 1398 3889 Magdalena,
1416 3823 1474 3873 et
1485 3819 1662 3873 beata

79 3905 373 3961 Honorina
391 3905 642 3976 virginis,
652 3907 710 3961 in
724 3908 934 3978 capella
946 3924 1068 3978 qua
1079 3907 1284 3962 dicitur
1294 3925 1418 3962 esse
1431 3908 1665 3961 eleemo-

79 3995 304 4065 synarii,
329 3994 400 4050 ab
425 3996 620 4050 eodem
646 3997 907 4066 Papiensi
924 3997 1200 4068 episcopo,
1221 3997 1292 4052 ad
1311 3998 1412 4052 Dei
1426 3998 1665 4068 gloriam

81 4089 131 4136 et
154 4084 352 4155 populi
367 4085 822 4139 exsultationem.
842 4087 906 4139 In
933 4086 1057 4157 ipsa
1085 4087 1433 4140 dedicatione
1461 4087 1668 4141 condu-

81 4173 148 4225 cti
173 4172 467 4244 fontis,qui
488 4172 695 4228 dicitur
721 4175 967 4245 Angelus
992 4175 1050 4229 in
1071 4175 1314 4230 claustro
1327 4192 1500 4246 prope
1520 4175 1668 4246 capi-

81 4261 276 4325 tulum,
321 4261 548 4316 ﬂuxisse
583 4262 773 4316 vinum
805 4279 906 4334 per
955 4263 1198 4334 spatium
1242 4264 1418 4318 trium
1447 4264 1664 4318 dierum

83 4346 270 4413 fertur,
303 4349 376 4402 ad
398 4350 648 4404 omnium
675 4350 1035 4406 servientium
1066 4352 1554 4406 sustentationem.

153 4445 194 4504 ι
215 4444 262 4503 3
297 4439 573 4510 Tempore
597 4440 763 4510 hujus
782 4441 1013 4496 Joannis
1035 4441 1263 4512 quidam
1290 4442 1556 4497 honestus
1584 4459 1669 4497 re-

84 4525 306 4596 ligiosus
336 4533 564 4582 vocatus
585 4529 918 4584 Guillelmus
933 4530 1002 4584 de
1032 4531 1229 4597 Maria,
1261 4530 1401 4584 alias
1427 4532 1663 4596 Loeson,

83 4616 436 4685 granatarius
481 4617 616 4672 dicti
653 4618 1002 4686 monasterii,
1045 4619 1114 4673 de
1159 4619 1386 4674 licentia
1415 4619 1667 4690 pradicti

84 4703 325 4770 Joannis,
358 4705 418 4759 in
447 4707 690 4777 capitulo
709 4707 960 4778 generali
978 4708 1347 4779 prasidentis,
1381 4725 1528 4764 anno
1549 4709 1671 4763 mil-

82 4791 272 4849 lesimo
302 4795 694 4850 trecentesimo
725 4796 1172 4868 quadragesimo,
1195 4797 1255 4852 in
1277 4797 1466 4869 vigilia
1490 4797 1669 4852 sancti

83 4881 305 4939 Joannis
337 4884 604 4956 Baptista
647 4885 932 4957 totiusque
961 4885 1193 4957 capituli
1229 4903 1483 4954 assensu,
1515 4887 1670 4942 dedit

83 4971 350 5043 religiosis
397 4974 789 5029 claustralibus
837 4975 1030 5030 decem
1082 4975 1253 5030 libras
1314 4977 1669 5032 Turonenses

85 5060 349 5128 redditus,
382 5063 451 5117 de
475 5068 530 5117 et
564 5079 735 5134 super
766 5063 949 5118 ofﬁcio
975 5064 1287 5136 granatarii
1310 5065 1668 5129 dictiloci,ad

86 5147 280 5205 festum
310 5152 726 5222 Assumptionis
749 5152 924 5208 beata
953 5154 1268 5226 Maria,per
1286 5171 1516 5210 manum
1535 5172 1668 5226 gra-

87 5238 299 5303 natarii,
335 5239 429 5310 qui
449 5256 552 5310 pro
571 5244 825 5311 tempore
845 5241 1033 5306 fuerit,
1056 5243 1462 5314 percipiendas.
1487 5261 1552 5299 ac
1571 5260 1672 5315 per

88 5341 306 5382 manum
332 5328 537 5399 prioris
565 5329 774 5384 eisdem
800 5330 1234 5398 distribuendas,
1255 5337 1321 5388 ut
1348 5334 1420 5387 ad
1450 5333 1673 5388 laudem

90 5420 140 5468 et
161 5417 396 5486 gloriam
440 5418 618 5473 beata
644 5419 936 5489 genitricis
975 5421 1166 5476 Maria
1205 5421 1515 5494 antiphona
1553 5439 1674 5494 qua

90 5501 302 5575 dicitur,
327 5507 488 5564 Salve
519 5509 742 5575 Regina,
772 5509 1112 5578 Mater,etc.,
1137 5511 1500 5583 completorio
1515 5513 1674 5568 ﬁnito

92 5591 379 5666 dicatur,et
387 5596 720 5656 decantetur
730 5613 765 5654 a
775 5597 1042 5657 fratribus
1056 5599 1265 5658 ibidem
1283 5600 1672 5660 existentibus.

1745 1863 2053 1928 Michaelis,
2085 1859 2408 1916 Nativitatis
2447 1857 2673 1912 Domini
2707 1862 2764 1910 et
2793 1855 3057 1920 Pascha;
3091 1850 3342 1923 quolibet

1744 1953 1987 2008 termino
2017 1952 2228 2005 decem.
2262 1950 2330 2002 Et
2357 1948 2444 2002 his
2474 1945 2820 2017 temporibus
2843 1944 3034 2007 missa,
3060 1958 3182 2012 qua
3197 1956 3337 2011 quo-

1744 2043 1882 2098 tidie
1896 2041 2209 2096 celebratur
2219 2055 2320 2110 pro
2333 2034 2854 2106 congregatione,in
2869 2033 3136 2086 honorem
3158 2029 3336 2082 beata

1742 2133 1989 2203 Virginis
2014 2131 2083 2184 de
2109 2145 2294 2192 mane,
2325 2127 2494 2198 capit
2520 2125 2727 2178 habere
2754 2121 2976 2176 initium
3004 2139 3016 2186 ;
3067 2119 3138 2173 ad
3167 2131 3333 2187 quam

1743 2220 1974 2274 missam
2004 2217 2384 2271 accenduntur
2409 2213 2657 2284 quotidie
2695 2208 2893 2280 viginti
2924 2212 3165 2278 quatuor
3188 2204 3334 2258 cerei

1745 2309 1815 2362 de
1843 2306 2044 2378 quibus
2071 2304 2332 2359 dominus
2351 2301 2523 2357 abbas
2561 2299 2726 2354 debet
2752 2299 2964 2353 solvere
2992 2301 3254 2367 quatuor,
3283 2296 3341 2346 et

1745 2397 1843 2452 alii
1873 2396 2064 2450 decem
2090 2392 2364 2456 ofﬁciarii,
2397 2388 2631 2462 quilibet
2664 2389 2804 2442 duos
2825 2407 2835 2455 ;
2859 2391 2916 2440 et
2946 2385 3015 2440 ad
3046 2383 3336 2456 populum,

1744 2488 2058 2557 fratresque
2075 2483 2415 2548 excitandos,
2438 2480 2697 2551 pulsatur
2715 2495 2842 2533 cum
2869 2493 2984 2532 una
3009 2476 3078 2530 de
3109 2471 3338 2545 majori-

1742 2576 1847 2632 bus
1872 2575 2178 2646 campanis.

1814 2665 1890 2719 Iis
1915 2665 2089 2718 etiam
2117 2661 2465 2733 temporibus
2489 2661 2782 2730 caperunt
2807 2654 2944 2712 oriri
2970 2659 3028 2708 et
3052 2667 3340 2722 emergere

1744 2754 1892 2808 bella
1917 2759 1973 2808 et
1993 2752 2284 2808 discordiae
2304 2751 2453 2805 inter
2479 2765 2641 2820 reges
2665 2749 3028 2810 Francorum,
3055 2749 3112 2798 et
3127 2743 3339 2813 Anglo-

1746 2860 1872 2898 rum
1905 2848 1963 2897 et
1991 2843 2274 2905 Navarra,
2305 2845 2535 2911 prOpter
2576 2853 2837 2892 coronam
2871 2834 3028 2904 regni
3068 2832 3334 2897 Francia,

1748 2949 1917 3004 quam
1943 2931 2049 2985 sibi
2069 2928 2406 2990 vindicabat,
2441 2933 2497 2981 et
2520 2925 2742 2980 dicebat
2780 2923 3070 2978 Eduardus
3097 2939 3194 2975 rex
3221 2922 3340 2975 An-

1742 3022 1965 3092 glorum
1987 3021 2116 3090 jure
2140 3016 2492 3072 hareditario
2521 3013 2626 3068 sibi
2646 3013 2832 3068 licere.

1816 3111 1979 3164 Anno
2008 3107 2235 3162 Domini
2259 3105 2555 3159 millesimo
2577 3101 2967 3158 trecentesimo
2997 3099 3344 3171 quinquage-

1746 3198 1908 3263 simo,
1929 3197 2020 3250 die
2039 3195 2258 3250 decima
2278 3210 2426 3248 nona
2443 3192 2650 3246 mensis
2670 3189 2982 3255 Februarii,
3009 3189 3148 3244 obiit
3163 3188 3339 3243 felicis

1749 3285 2032 3342 memoria
2057 3285 2318 3338 dominus
2363 3284 2608 3338 Joannes
2645 3279 3000 3351 supradictus
3040 3278 3341 3349 vigesimus

1748 3377 1984 3448 primus,
2045 3373 2140 3444 qui
2184 3372 2483 3427 Ecclesiam
2533 3370 2796 3441 religiose
2849 3370 2994 3423 rexit
3021 3367 3342 3439 quindecim

1749 3466 1913 3521 annis
1952 3469 2009 3518 et
2038 3467 2161 3517 octo
2191 3460 2496 3527 mensibus,
2542 3465 2599 3515 et
2630 3459 2884 3530 sepultus
2923 3462 3010 3513 est
3037 3460 3097 3511 in
3130 3457 3346 3528 capella

1750 3557 1936 3611 Beata
1950 3552 2158 3618 Maria,
2180 3556 2331 3606 retro
2350 3551 2603 3616 chorum,
2613 3549 2775 3618 juxta
2793 3548 3141 3619 sepulturam
3160 3546 3344 3601 domi-

1750 3645 1811 3699 ni
1840 3641 2074 3698 Gilberti
2099 3640 2318 3696 abbatis
2344 3639 2546 3695 decimi
2576 3637 2730 3705 noni,
2749 3644 2882 3692 ante
2899 3637 3076 3692 altare
3096 3635 3344 3706 Virginis

1751 3733 1958 3790 Maria.

2424 3833 2628 3872 VERSUS
2639 3857 2648 3868 .

1921 3913 2167 3968 Concilio;
2199 3914 2325 3976 nato
2355 3908 2607 3964 Genz'trz'a:
2626 3907 2773 3958 hunc
2799 3907 2952 3958 alma
2974 3904 3120 3957 beato
3143 3917 3160 3954 :

1927 4003 2180 4055 Ponatur
2199 4001 2341 4053 cadis
2362 3999 2450 4051 hic
2473 3999 2571 4065 qui
2592 3998 2706 4063 fuit
2731 3997 2855 4049 orbe
2883 3995 3079 4062 ﬁdelis.

1818 4091 1964 4145 Huic
1991 4087 2295 4143 venerabili
2325 4085 2478 4141 Patri
2509 4083 2776 4139 successit
2793 4083 2853 4136 in
2882 4082 3132 4154 regimen
3161 4081 3342 4138 Eccle-

1747 4179 1844 4234 sia
1889 4178 2178 4234 Beccensis
2225 4193 2443 4247 magna
2480 4173 2725 4230 scientia
2752 4172 2836 4227 vir
2863 4173 3038 4228 frater
3065 4172 3344 4228 Robertus

1748 4269 1818 4324 de
1845 4267 2020 4334 Rotis,
2045 4266 2185 4320 alias
2211 4266 2485 4336 Couroye,
2510 4265 2867 4318 decretorum
2896 4263 3109 4328 doctor,
3123 4263 3344 4317 electus

1682 4350 1730 4408 D
1747 4357 1837 4410 via
1866 4355 2140 4419 scrutinii,
2175 4359 2237 4408 ut
2266 4354 2446 4408 forma
2474 4355 2594 4424 ejus
2638 4353 2924 4408 electionis
2953 4356 3214 4419 testatur,
3249 4350 3346 4423 qui

1750 4445 1974 4516 quidem
1997 4443 2319 4515 praedictam
2347 4443 2646 4498 Ecclesiam
2675 4443 2818 4497 rexit
2835 4441 3096 4498 undecim
3125 4441 3348 4497 circiter

1748 4534 1929 4589 annis.

1819 4626 1982 4677 Anno
2014 4620 2238 4676 Domini
2254 4619 2554 4674 millesimo
2577 4622 2971 4677 trecentesimo
2993 4621 3345 4692 quinquage-

1752 4712 1893 4767 simo
1920 4715 2094 4773 sexto,
2125 4715 2377 4780 tempore
2417 4708 2668 4779 praedicti
2697 4710 2948 4776 Roberti,
2981 4715 3108 4780 post
3135 4709 3346 4765 bellum

1751 4800 2097 4864 Pictavense,
2124 4797 2182 4852 in
2213 4814 2322 4868 quo
2358 4812 2456 4851 rex
2489 4798 2832 4852 Francorum
2867 4800 3110 4853 Joannes
3148 4804 3345 4870 captus

1751 4889 1858 4944 fuit
1877 4888 1946 4943 ab
1970 4887 2184 4958 Anglis,
2209 4885 2485 4958 praedictis
2503 4886 2723 4955 guerris
2751 4887 2808 4941 in
2825 4887 3239 4942 Northmannia
3260 4889 3345 4942 vi-

1747 4977 2009 5048 gentibus
2037 4982 2095 5031 et
2122 4976 2190 5029 de
2218 4975 2308 5030 die
2355 4975 2414 5029 in
2452 4975 2600 5029 diem
2630 4975 3056 5047 pullulantibus,
3105 4994 3169 5032 ac
3209 4977 3344 5048 ipsis

1749 5066 1948 5137 Anglis
1974 5065 2220 5136 plurima
2250 5065 2389 5129 loca,
2419 5064 2597 5132 villas,
2637 5067 2883 5130 castella,
2917 5066 3224 5138 municipia
3245 5067 3344 5121 ob-

1751 5154 2082 5221 tinentibus,
2137 5154 2396 5210 dominus
2423 5155 2735 5210 Ludovicus
2761 5154 2830 5210 de
2864 5155 3176 5222 Haricuria,
3212 5161 3348 5212 tunc

1751 5244 2079 5316 capitaneus
2095 5249 2152 5299 et
2172 5249 2359 5299 rector
2383 5244 2663 5315 generalis
2673 5244 3097 5300 Northmannia
3117 5242 3346 5301 nomine

1747 5333 1901 5403 regis
1962 5333 2228 5400 Francia,
2280 5333 2614 5388 auctoritate
2677 5334 2834 5403 regia
2890 5334 3152 5404 praecepit
3196 5335 3347 5406 quod

1751 5423 1985 5478 ecclesia
2033 5422 2212 5489 Becci,
2257 5440 2380 5494 qua
2430 5423 2499 5476 de
2548 5438 2689 5476 novo
2730 5439 2956 5492 magna,
2991 5428 3049 5476 ct
3076 5423 3344 5494 spatiosa,

1757 5513 1870 5566 imo
1893 5511 2162 5584 speciosa,
2186 5515 2309 5567 erat
2324 5515 2728 5578 constructa,et
2737 5527 2918 5583 nuper
2935 5517 3348 5583 consummata,

1756 5605 1817 5659 et
1867 5600 2126 5660 dedicata
2173 5601 2258 5669 (ut
2297 5599 2681 5672 praemittitur)
2722 5600 2927 5672 fuerat,
2980 5600 3349 5662 demoliretur
