3920 6358
614 329 717 388 671

1573 335 1670 388 AD
1710 333 1949 388 OPERA
1986 334 2049 387 B.
2091 329 2508 386 LANFRANCI
2545 328 2929 384 APPENDIX.

3763 327 3848 382 672

621 467 802 521 usque
853 453 922 506 ad
962 453 1351 519 fundamenta,
1405 458 1462 507 et
1506 453 1903 509 fortiﬁcaretur
1940 452 2207 517 turribus,
2231 452 2578 514 Anobilibus
2610 453 3058 524 religiosis,quos
3076 451 3309 514 vestivit,
3332 451 3547 506 dotavit
3570 451 3848 521 ;dequibus

622 546 852 610 propter
874 542 1231 595 securitatem
1249 543 1462 613 patriae,
1488 549 1544 595 et
1573 559 1643 595 ne
1664 543 1732 596 ab
1757 543 2072 612 Anglis,seu
2094 542 2216 595 aliis

624 625 896 692 hostibus,
922 635 1058 683 tunc
1089 631 1146 683 in
1173 631 1356 701 patria
1374 631 2216 700 vigentibus,caperetur.Quare

625 717 884 786 congruit
916 718 1146 771 consilio
1190 724 1247 772 et
1291 719 1498 771 auxilio
1533 717 1826 780 baronum,
1861 719 2124 783 militum,
2161 722 2217 771 et

627 805 899 860 nobilium
939 824 1003 859 ac
1039 807 1347 861 vicinorum
1387 824 1510 860 eam
1557 807 1878 874 fortiﬁcare,
1929 825 2044 862 una
2089 825 2214 861 cum

626 893 869 964 capitulo
899 895 1078 948 eidem
1109 896 1510 949 consentiente.
1545 897 1616 949 Et
1643 897 1883 967 capellas
1911 897 2055 950 circa
2089 895 2217 948 cho-

625 995 771 1045 rum,
797 985 854 1034 et
877 981 1015 1034 alias
1043 989 1354 1052 aperturas,
1379 983 1659 1054 lapidibus
1685 985 1992 1049 obstruere,
2015 985 2218 1056 ipsam-

625 1084 732 1138 que
761 1069 1051 1123 ecclesiam
1075 1077 1131 1124 et
1152 1070 1649 1136 beuﬂ‘redum,cum
1672 1073 1921 1127 turribus
1949 1073 2214 1137 ecclesiae,

624 1155 1044 1228 capitulumque
1095 1159 1316 1229 cingere
1363 1162 1814 1231 propugnaculis,
1865 1178 1930 1214 ac
1990 1163 2213 1216 fossatis

624 1244 1006 1313 circumdare;
1049 1254 1280 1318 propter
1304 1249 1452 1318 quod
1475 1251 1722 1320 oportuit
1753 1251 2011 1304 demoliri
2040 1266 2212 1304 unam

623 1339 841 1404 partem
865 1335 1181 1390 dormitorii
1199 1337 1444 1408 capitulo
1460 1339 1550 1408 adj
1559 1345 1808 1393 acentem
1819 1345 1895 1404 ,et
1909 1340 2017 1392 tria
2034 1340 2214 1392 latera

624 1421 856 1476 claustri
883 1425 1044 1492 juxta
1063 1425 1370 1491 ecclesiam,
1404 1432 1461 1480 et
1479 1427 1647 1480 etiam
1663 1429 1962 1497 quamdam
1994 1434 2213 1498 partem

625 1511 856 1575 cellarii,
893 1513 1108 1578 domos,
1144 1519 1202 1568 et
1229 1515 1413 1568 aulam
1454 1532 1578 1586 quae
1612 1523 1842 1570 vocatur
1887 1517 2210 1587 Noviburgi,

618 1599 780 1668 juxta
807 1604 992 1654 turres
1034 1602 1298 1670 ecclesiae,
1329 1604 1386 1656 in
1425 1604 1694 1659 damnum
1729 1605 2030 1658 maximum
2063 1607 2214 1674 ejus-

625 1687 753 1741 dem
783 1690 1044 1744 ecclesiae.

699 1777 962 1847 Oportuit
990 1779 1159 1832 etiam
1191 1780 1481 1849 religiosos
1505 1780 1788 1835 dimittere
1823 1782 2213 1836 dormitorium

629 1869 687 1919 et
714 1865 959 1919 dormire
991 1869 1288 1938 quamdam
1332 1875 1546 1938 partem
1588 1869 1836 1940 ipsorum
1867 1871 2014 1924 infra
2043 1873 2216 1926 eccle-

628 1953 769 2006 siam
803 1970 972 2024 super
998 1956 1360 2023 vestiarium;
1403 1963 1632 2012 caateros
1681 1964 1869 2012 autem
1897 1959 2214 2022 ofﬁciarios,

628 2047 686 2095 et
715 2043 964 2096 seniores
989 2045 1177 2114 jacere
1207 2045 1264 2098 in
1297 2046 1524 2116 capellis
1552 2047 1784 2100 chorum
1817 2048 2216 2102 circumdanti-

626 2128 763 2197 bus;
815 2131 926 2184 alia
971 2133 1213 2188 ecclesiae
1244 2133 1366 2188 loca
1415 2135 1474 2188 in
1503 2135 1754 2198 ecclesia,
1800 2143 2028 2206 propter
2071 2137 2218 2190 bona

627 2219 873 2274 ecclesiae
897 2223 1294 2287 conservanda,
1333 2223 1559 2277 fuerunt
1585 2231 1870 2294 occupata.
1898 2224 2097 2296 Sicque
2127 2226 2214 2278 ni-

627 2307 707 2361 hil
733 2308 982 2378 planum,
1016 2317 1220 2380 praeter
1254 2311 1406 2365 chori
1436 2313 1728 2376 ambitum,
1776 2319 1832 2367 et
1876 2313 2018 2366 viam
2048 2314 2212 2377 circa,

629 2403 859 2467 propter
892 2400 1271 2468 processiones
1299 2400 1427 2471 quia
1477 2408 1706 2471 pr0pter
1735 2401 1964 2455 claustri
1991 2403 2220 2455 demoli-

631 2483 840 2539 tionem
872 2503 982 2540 non
1023 2495 1284 2558 poterant
1322 2490 1444 2542 ﬁeri
1473 2490 1530 2543 in
1581 2491 1845 2544 claustro.
1899 2491 2102 2544 Coacta
2135 2496 2220 2544 est

632 2575 865 2629 ecclesia
886 2577 1137 2632 redditus
1167 2584 1223 2632 et
1244 2584 1543 2649 proventus
1573 2580 1694 2648 ejus
1720 2580 1778 2632 in
1805 2579 2097 2650 stipendiis
2128 2596 2218 2633 ar-

633 2669 913 2718 matorum
945 2682 1240 2737 exponere,
1276 2685 1376 2737 pro
1410 2668 1660 2721 custodia
1695 2673 1753 2721 et
1787 2675 1898 2734 ιθ
1933 2685 2219 2722 conserva-

630 2752 782 2807 tione
803 2753 963 2808 dictae
989 2755 1300 2810 fortericiae.
1329 2756 1412 2810 0b
1451 2773 1573 2810 eam
1603 2773 1826 2811 causam
1859 2757 2108 2827 oportuit
2131 2757 2220 2810 in-

632 2842 858 2896 vadiare
885 2845 1156 2908 maneria,
1185 2845 1653 2910 terras,decimas,
1677 2846 1747 2898 ad
1768 2846 2034 2917 praedicta
2045 2861 2218 2900 onera

631 2931 1111 3001 supportanda,in
1145 2933 1448 2987 maximum
1480 2934 1747 2988 damnum
1770 2935 2028 2989 ecclesiae.
2067 2936 2133 2988 Et
2161 2936 2219 2988 in

630 3021 860 3074 ecclesia
905 3021 1077 3074 missa
1126 3024 1303 3076 Beate
1352 3024 1537 3079 Mariae
1578 3040 1700 3094 quae
1742 3041 1922 3094 nuper
1963 3024 2220 3077 ordinata

627 3108 812 3162 fuerat
839 3110 1054 3163 cantari
1074 3116 1223 3165 retro
1251 3112 1502 3178 chorum,
1525 3113 1806 3167 coactione
1826 3120 2060 3183 urgente
2085 3130 2219 3167 can-

628 3197 858 3251 tabatur
885 3199 953 3251 ad
976 3201 1155 3269 majus
1184 3202 1380 3256 altare.

699 3289 862 3341 Anno
891 3288 1114 3342 Domini
1139 3291 1431 3344 millesimo
1457 3292 1850 3346 trecentesimo
1875 3293 2219 3361 sexagesimo

632 3376 836 3448 primo,
891 3377 1073 3448 prima
1111 3380 1200 3447 die
1253 3382 1460 3435 mensis
1499 3382 1866 3453 Septembris,
1920 3381 2218 3453 praedictus

630 3465 800 3518 Pater
855 3466 1130 3522 Robertus
1171 3468 1341 3522 abbas
1382 3470 1538 3524 Becci
1591 3471 1890 3540 vigesimus
1941 3470 2217 3524 secundus

631 3553 897 3622 migravit
941 3572 973 3609 a
1015 3557 1233 3622 saeculo,
1266 3559 1518 3629 rexitque
1559 3560 1878 3629 praedictam
1927 3559 2216 3612 ecclesiam

629 3645 806 3699 ferme
828 3645 1085 3700 undecim
1115 3648 1295 3711 annis,
1332 3654 1386 3702 et
1417 3649 1664 3720 quinque
1695 3647 2012 3713 mensibus;
2047 3654 2104 3701 et
2129 3663 2218 3700 se-

631 3735 822 3805 pultus
850 3743 936 3790 est
964 3736 1020 3790 in
1049 3738 1261 3807 capella
1279 3739 1463 3792 Beatae
1483 3739 1675 3792 Mariae
1705 3744 1855 3792 retro
1889 3738 2139 3800 chorum,
2161 3736 2221 3788 in

629 3823 856 3878 sinistra
885 3833 1060 3896 parte,
1089 3829 1250 3897 juxta
1297 3829 1642 3899 sepulturam
1692 3827 1903 3881 domini
1943 3825 2219 3880 Guilberti

629 3912 847 3968 abbatis
873 3934 884 3980 ;
925 3921 982 3969 et
1005 3933 1114 3971 non
1143 3923 1228 3971 est
1255 3918 1468 3983 tumba,
1502 3934 1684 3988 neque
1707 3916 2072 3986 epitaphium.

702 4004 835 4058 Post
888 4005 1007 4074 ejus
1043 4006 1256 4060 obitum
1289 4023 1434 4060 anno
1483 4007 1780 4059 millesimo
1829 4003 2220 4058 trecentesimo

630 4093 978 4162 sexagesimo
1000 4096 1198 4166 primo,
1233 4095 1441 4149 electus
1477 4095 1584 4148 fuit
1619 4094 1689 4148 ab
1732 4094 1882 4146 omni
1913 4109 2222 4162 congrega-

629 4181 781 4234 tione
833 4183 916 4235 vir
965 4199 1183 4252 magnae
1231 4183 1517 4252 religionis
1561 4182 1735 4236 frater
1773 4182 2105 4236 Guillelmus
2151 4181 2220 4233 de

632 4270 963 4336 Bensevilla,
988 4272 1171 4324 dictus
1202 4273 1484 4342 Popeline,
1522 4272 1576 4325 in
1605 4278 1884 4342 pastorem
1915 4271 2089 4340 ipsius
2109 4285 2222 4322 mo-

2229 1721 2276 1780 B

2298 548 2490 613 postea
2535 543 2863 605 ﬂoruerunt,
2900 540 3220 594 Gauﬂ'ridus
3255 541 3436 593 dictus
3469 541 3687 593 Harenc
3712 539 3854 592 abbas

2300 631 3048 697 Gemeticensis(Jumieges),
3075 629 3400 682 Vincentius
3417 630 3487 682 de
3514 629 3849 696 Rothomago,

2297 721 2477 774 dictus
2506 721 2574 773 de
2601 721 2792 785 Lieno,
2825 718 2996 772 abbas
3024 718 3382 772 Pratellensis
3406 721 3652 785 (Prc‘au);
3683 716 3856 770 Rober-

2297 815 2388 863 tus
2435 811 2504 862 de
2561 809 2932 876 Rothomago,
2974 807 3113 860 alias
3155 808 3204 860 le
3255 807 3458 871 Telier,
3489 805 3662 859 abbas
3707 805 3858 858 sancti

2299 897 2487 952 Ebruﬁ
2511 899 2582 966 (S.
2613 898 2896 967 Ecroutt);
2938 897 3180 949 Joannes
3201 895 3270 948 de
3291 896 3558 966 Bouleya,
3583 893 3746 948 abbas
3782 895 3859 946 Ce-

2298 987 2564 1042 rasiensis
2603 987 2855 1054 (Cerisy).

2759 1099 2764 1104 ‘
2820 1091 3143 1129 EPITAPHIUM
3189 1087 3336 1128 EJUS.

2405 1166 2505 1220 Hic
2515 1164 2662 1233 jacet
2690 1168 2752 1218 in
2782 1165 2970 1217 tumba
2996 1163 3228 1218 Ginatus
3253 1160 3636 1234 [Guillelmus]

3285 1251 3577 1320 [Bensequc
3609 1253 3754 1312 villa,

2409 1343 2574 1407 Becci,
2603 1345 2703 1411 qui
2729 1343 2906 1395 decem
2939 1343 3037 1399 bis,
3071 1345 3118 1393 et
3144 1356 3269 1392 cum
3291 1343 3512 1406 septem,
3536 1341 3766 1392 constitit

3537 1427 3722 1497 [annis

2402 1520 2606 1582 Abbas;
2639 1535 2743 1587 quo
2770 1520 2957 1586 plures
2985 1521 3219 1582 vestiret,
3255 1519 3403 1570 ocius
3434 1517 3568 1570 hinc
3598 1521 3700 1569 tres

2406 1608 2575 1660 Fiunt
2605 1608 2819 1660 abbates
2844 1625 2856 1667 ;
2889 1623 2952 1659 ac
2971 1607 3170 1660 horum
3199 1608 3530 1658 Parisiensis

2411 1697 2558 1750 Unus
2591 1697 2910 1762 Gau/I‘ridus
2932 1713 2954 1761 ;
2981 1711 3006 1749 e
3035 1711 3159 1748 cum
3179 1697 3260 1748 J0.
3287 1694 3572 1764 [Joannes]

3151 1784 3236 1853 [de
3255 1784 3394 1837 Hors
3409 1783 3777 1838 Gemeticensis

2405 1875 2528 1928 Esse
2555 1876 2711 1938 sinit,
2744 1875 2963 1926 tandem
2999 1871 3156 1926 Becci
3179 1875 3238 1939 ﬁt
3272 1877 3456 1936 pastor
3484 1872 3703 1934 ibidem,

2409 1964 2619 2016 Electus
2651 1966 2748 2030 bis,
2763 1967 2890 2032 jam
2911 1965 3034 2029 ﬁeri
3052 1964 3227 2030 jubet,
3262 1963 3507 2030 hancque
3540 1963 3788 2028 ﬁguram,

2405 2053 2690 2106 Guillelmi
2719 2057 2830 2105 zelo
2862 2054 3012 2115 victi,
3049 2053 3154 2104 telo
3176 2053 3317 2104 vocis
3334 2067 3527 2117 ;anno

2409 2145 2836 2209 Bisseptingento
2855 2141 2927 2209 (id
2959 2145 3045 2193 est
3069 2136 3228 2208 1388)
3252 2159 3263 2206 ;
3297 2141 3385 2192 sed
3412 2141 3493 2192 bis
3514 2155 3605 2192 sea?
3623 2137 3746 2190 hinc

3587 2225 3860 2296 [remorata

2411 2319 2542 2371 Luce
2570 2319 2708 2371 Maii
2736 2319 2884 2379 bina,
2925 2320 3018 2371 cui
3042 2319 3208 2380 caelos,
3245 2316 3480 2378 Christe,
3513 2315 3758 2383 propina.

2371 2409 2531 2462 Anno
2551 2406 2775 2460 Domini
2805 2406 3102 2458 millesimo
3133 2404 3526 2458 trecentesimo
3557 2398 3862 2471 octogesimo

2300 2503 2512 2560 octavo,
2546 2499 2671 2565 post
2687 2494 2900 2548 obitum
2933 2493 3144 2547 domini
3177 2492 3473 2546 Guillermi
3503 2490 3714 2544 abbatis
3731 2488 3860 2555 vige-

2299 2585 2426 2640 simi
2455 2584 2607 2638 tertii
2633 2583 2808 2637 frater
2837 2583 3157 2636 Gaull‘ridus
3186 2583 3254 2636 de
3276 2582 3435 2636 Paris
3454 2581 3638 2634 dictus
3658 2579 3860 2637 Harenc,

2302 2680 2435 2728 tunc
2464 2672 2735 2743 temporis
2783 2671 2937 2742 prior
2971 2671 3038 2724 de
3089 2669 3424 2736 Conﬂantio,
3458 2670 3544 2723 vir
3586 2662 3863 2721 acutissimi

2303 2761 2902 2832 ingenii,bacalaureus
2917 2760 2975 2813 in
2995 2760 3255 2826 decretis,
3283 2761 3495 2813 electus
3526 2757 3630 2811 fuit
3653 2755 3718 2808 ab
3734 2751 3860 2807 omni

2302 2850 2735 2921 congregatione
2763 2850 2822 2902 in
2855 2849 3114 2902 abbatem
3161 2854 3216 2902 et
3248 2854 3534 2919 pastorem
3565 2845 3732 2917 ipsius
3761 2857 3860 2893 mo-

2302 2939 2531 2995 nasterii
2567 2957 2577 2992 :
2604 2938 2698 2991 sed
2727 2937 2922 2990 electio
2953 2953 3064 2990 non
3092 2941 3176 2990 est
3195 2938 3393 2990 sortita
3423 2951 3588 2989 suum
3614 2932 3858 2991 effectum,

2304 3029 2569 3100 quoniam
2599 3026 2824 3096 quidam
2868 3026 3122 3088 Estodus,
3155 3025 3382 3078 nomine
3411 3025 3481 3077 de
3515 3017 3857 3078 Estoutevilla,

2306 3119 2462 3189 prius
2502 3115 2807 3169 monachus
2838 3114 3207 3179 Fiscanensis,
3241 3119 3297 3167 et
3332 3119 3467 3167 tunc
3495 3112 3664 3166 abbas
3693 3121 3858 3160 mona-

2303 3206 2455 3260 sterii
2487 3203 2716 3268 Cerasii,
2738 3203 3070 3256 auctoritate
3099 3202 3374 3273 pontiﬁcis
3401 3199 3660 3263 Romani,
3693 3201 3744 3249 et
3769 3209 3862 3246 om‘

2304 3296 2458 3350 nium
2490 3293 2847 3364 praelatorum
2875 3291 3016 3354 vi,et
3045 3292 3350 3344 amicorum
3384 3295 3441 3344 et
3472 3293 3758 3361 parentum
3780 3297 3860 3352 p0-

2301 3384 2497 3446 tentia,
2545 3381 2788 3435 obtinuit
2833 3380 3081 3450 praedicti
3126 3379 3450 3433 monasterii
3499 3375 3858 3450 principatum.

2300 3475 2411 3528 Iste
2442 3472 2656 3543 primus
2684 3470 2791 3522 fuit
2822 3469 3154 3538 alienigena,
3179 3469 3274 3538 qui
3311 3467 3566 3521 Ecclesia:
3605 3458 3860 3518 Beccensis

2300 3561 2543 3617 obtinuit
2571 3559 2840 3628 regimen,
2871 3558 2966 3628 qui
2991 3558 3060 3610 de
3079 3558 3295 3628 gremio
3323 3557 3572 3627 ejusdem
3603 3549 3861 3607 ecclesiaea

2300 3659 2553 3721 tempore
2597 3646 2942 3700 fundationis
2983 3663 3095 3699 non
3138 3646 3427 3709 existeret;
3474 3643 3686 3698 duobus
3725 3634 3858 3721 annis

2303 3746 2359 3793 et
2388 3718 2510 3791 octo
2539 3734 2825 3788 mensibus
2863 3734 3003 3787 rexit
3039 3733 3250 3786 dictum
3277 3731 3696 3785 monasterium.
3727 3718 3857 3786 QUOd

2301 3843 2481 3898 nuper
2508 3823 2728 3894 guerris
2759 3823 3106 3877 cessantibus
3132 3822 3524 3892 respiraverat,
3576 3811 3856 3871 occasione-

2303 3934 2408 3988 quc
2430 3912 2820 3985 praedictarum
2852 3911 3274 3980 guerrarum,in
3290 3909 3533 3963 maxima
3563 3901 3856 3960 necessitate

2303 4012 2440 4070 erat,
2481 4021 2545 4057 ac
2572 4001 2630 4054 in
2663 4000 2854 4052 multis
2892 4000 3094 4053 debitis
3127 4015 3261 4069 erga
3307 3998 3516 4051 multos
3562 3993 3855 4061 obligatum.

2303 4113 2402 4166 per
2429 4097 2644 4161 domos,
2661 4113 2759 4167 per
2785 4091 3055 4152 maneria,
3105 4087 3448 4152 molendina,
3478 4100 3607 4138 cum
3633 4075 3858 4167 omnibus?

2303 4185 2560 4248 ofﬁcinis,
2593 4187 2649 4239 in
2684 4183 2927 4238 maxima
2972 4179 3156 4240 ruina,
3194 4182 3249 4230 et
3293 4173 3622 4229 decadentia
3659 4170 3782 4222 erat.
3806 4159 3858 4211 Et

2303 4275 2360 4327 in
2383 4275 2500 4344 ejus
2525 4276 2783 4337 adventu,
2824 4269 3012 4323 omnia
3037 4273 3093 4322 et
3130 4266 3351 4335 singula
3379 4269 3514 4316 sunt
3533 4254 3854 4344 deteriora?»

633 4359 866 4412 nasterii
886 4379 897 4423 ;
921 4361 1277 4430 postmodum
1298 4361 1635 4414 benedictus.
1667 4362 1970 4425 Modestus,
1990 4367 2046 4413 et
2068 4359 2219 4412 mitis
2238 4390 2286 4447 Β
2305 4363 2437 4433 quia
2461 4365 2579 4433 ejus
2605 4379 2737 4416 cura
2782 4365 2902 4414 erat
2946 4373 3114 4428 super
3161 4353 3408 4426 pecuniis
3455 4338 3852 4405 accumulandlst

631 4448 903 4501 fratribus
925 4455 1048 4502 erat
1072 4467 1083 4508 ;
1116 4455 1172 4502 et
1191 4455 1417 4503 strenue
1437 4456 1494 4504 et
1514 4449 1869 4504 laudabiliter
1884 4449 2220 4518 rexitipsum

633 4537 1059 4602 monasterium,
1099 4537 1293 4606 viginti
1327 4545 1541 4610 septem
1572 4540 1761 4602 annis;
1794 4538 2013 4608 guerris
2041 4537 2225 4607 vigen-

633 4624 927 4687 tibus,tam
944 4625 1001 4679 in
1026 4627 1436 4682 Northmannia
1456 4645 1622 4699 quam
1641 4629 1697 4681 in
1719 4628 1956 4682 Francia
1981 4633 2037 4680 et
2059 4626 2227 4697 Aqui-

636 4714 812 4778 tania,
866 4720 924 4768 et
970 4715 1096 4769 licet
1141 4717 1467 4786 praedictum
1524 4718 1927 4771 monasterium
1973 4721 2121 4768 esset
2165 4715 2219 4768 in

635 4803 878 4857 maxima
915 4805 1264 4870 necessitate,
1296 4823 1396 4860 sua
1443 4806 1785 4877 benignitate
1827 4814 1883 4858 et
1934 4805 2220 4875 patientia,

632 4892 960 4963 praedictum
989 4895 1391 4950 monasterium
1423 4913 1456 4949 a
1487 4897 1678 4950 multis
1706 4893 1972 4958 adversis,
2006 4893 2226 4947 damnis

631 4987 690 5036 et
720 4982 982 5054 periculis
998 4985 1369 5054 praeservavit.

705 5075 865 5128 Anno
897 5073 1190 5128 millesimo
1214 5074 1602 5128 trecentesimo
1633 5071 1972 5141 octogesimo
2011 5075 2222 5135 octavo,

633 5166 880 5220 secunda
909 5165 1001 5218 die
1031 5165 1240 5218 mensis
1276 5165 1427 5228 Maii,
1475 5162 1735 5232 migravit
1765 5178 1798 5213 a
1829 5160 2031 5213 saeculo
2064 5165 2119 5212 et
2147 5175 2228 5212 se-

635 5257 831 5328 pultus
851 5254 957 5309 fuit
980 5255 1036 5308 in
1059 5253 1402 5319 revestiario,
1423 5257 1554 5306 ante
1576 5252 1754 5303 altare
1785 5253 2104 5302 sanctorum
2125 5247 2226 5301 Ni-

635 5347 778 5402 colai
827 5350 883 5400 et
923 5345 1261 5410 Catharinee,
1307 5343 1400 5396 ubi
1437 5347 1571 5394 tunc
1619 5338 1888 5409 temporis
1918 5337 2225 5407 capitulum

635 5437 952 5499 tenebatur,
1005 5435 1138 5506 quia
1167 5432 1476 5504 capitulum
1508 5428 1850 5488 molendino,
1880 5427 2063 5489 furno,
2094 5441 2225 5496 gra-

637 5526 816 5589 nario,
845 5529 1074 5596 propter
1099 5538 1334 5594 guerras
1368 5517 1761 5592 occupabatur.

708 5611 1013 5668 Prtedictus
1027 5612 1196 5666 etiam
1213 5611 1397 5677 Pater,
1415 5607 1764 5680 temporibus
1781 5605 1917 5668 suis,
1929 5604 2222 5659 ecclesiam

2304 4451 2791 4520 apprOpriavitque
2807 4447 2912 4502 sibi
2932 4445 3176 4499 ofﬁcium
3191 4440 3550 4506 thesaurarii,
3572 4445 3767 4508 ponens
3791 4439 3856 4477 re-

2305 4544 2586 4608 ceptorem
2617 4537 2960 4596 saecularem,
2985 4533 3132 4603 quod
3154 4546 3442 4601 nunquam
3473 4528 3648 4580 visum
3678 4522 3769 4572 est-

2380 4629 2642 4697 Expensae
2675 4624 3013 4698 quotidianae
3054 4618 3471 4675 inaestimabiles
3500 4623 3613 4669 tam
3647 4622 3738 4680 pro
3776 4611 3857 4653 δυο

2305 4717 2581 4770 excessivo
2630 4721 2800 4779 statu,
2845 4720 2962 4766 tam
3003 4709 3293 4764 occasione
3351 4707 3586 4759 fratrum
3639 4702 3857 4789 suarum,

2307 4821 2545 4876 quorum
2570 4803 2742 4874 aliqui
2765 4807 2926 4856 erant
2955 4799 3263 4871 pontiﬁces,
3297 4795 3392 4850 alii
3421 4781 3859 4876 milites,galii“8r'

2307 4893 2638 4956 chidiaconi,
2671 4890 2996 4946 existebant.
3045 4889 3170 4957 lpse
3197 4883 3451 4955 expensis
3480 4874 3714 4934 ecclesia?
3746 4867 3859 4965 βθος

2308 4982 2509 5045 censis,
2542 4979 2814 5050 singulari
2848 4977 3069 5046 fulgens
3113 4972 3436 5034 ambitione,
3486 4957 3783 5054 impetravit
3827 4961 3858 5044 ’ξι

2309 5071 2440 5124 sede
2469 5069 2774 5140 apostolica
2801 5072 2866 5120 ut
2894 5065 3072 5119 solum
3093 5064 3208 5117 vita
3235 5060 3440 5115 comite
3471 5051 3753 5140 posset}ti
3777 5052 3857 5140 im:

2308 5165 2416 5224 tra,
2444 5132 2771 5219 et-annulis,
2807 5161 2864 5209 et
2893 5152 3148 5223 insigniis
3190 5145 3616 5221 pontiﬁcalibus.
3648 5132 3856 5224 V903“?

2309 5248 2378 5301 ad
2409 5248 2656 5318 regimen
2691 5243 2947 5300 Ecclesiae
2976 5239 3342 5300 Fiscanensis,
3368 5236 3516 5290 unde
3535 5231 3678 5304 prius
3703 5215 3856 5318 fuerat

2310 5314 2634 5398 monachus,
2667 5334 2811 5388 bona
2852 5331 3086 5386 ecclesia
3127 5325 3418 5382 Beccensis
3455 5324 3512 5377 in
3553 5321 3700 5374 tanta
3725 5314 3855 5373 COP'a

2309 5433 2424 5480 tam
2448 5426 2506 5479 in
2536 5424 2692 5478 libris
2719 5439 2887 5494 quam
2922 5418 3215 5490 jocalibus,
3258 5432 3415 5479 auro,
3443 5412 3665 5494 argento
3697 5401 3855 5494 seCI‘ltI1

2307 5515 2567 5588 portavit,
2593 5480 2794 5584 quod‘a
2816 5507 3140 5563 fundatione
3167 5521 3278 5558 non
3309 5509 3394 5557 est
3424 5493 3682 5555 memoria
3708 5480 3854 5539 80019'

2306 5604 2449 5658 siam
2474 5607 2690 5657 tantam
2718 5598 2940 5654 ruinam
2971 5595 3139 5650 fuisse
3161 5608 3402 5664 passam.
