3920 6360
45 365 126 419 673

1196 357 1618 413 CHRONICON
1658 357 2042 414 BECCENSE.

3148 354 3252 413 674

93 485 459 539 Fundaverunt
487 484 656 536 frater
675 483 794 552 ejus
824 482 1113 552 episcopus
1139 483 1492 537 Lexoviensis
1523 489 1579 538 et
1593 487 1642 545 A
1659 482 1962 536 centesimo
1993 481 2357 551 nonagesimo
2379 486 2590 545 octavo,
2616 481 2834 534 decima
2856 481 3024 534 tertia
3046 483 3253 538 mensis

38 577 126 645 ipse
154 573 394 626 Estoldus
423 571 714 640 collegium
762 571 1102 624 Lexoviense
1135 571 1381 625 Parisius
1420 573 1581 642 juxta

39 665 252 716 Sanctam
276 660 630 723 Genofevam,
654 664 710 712 et
733 658 1019 711 distribuit
1037 658 1298 713 Estoldus
1325 660 1497 714 libros
1526 669 1581 716 et

36 754 196 803 cuncta
213 764 327 817 qua;
355 746 426 799 ab
448 746 677 800 ecclesia
707 745 863 799 Becci
890 745 1219 813 abstulerat,
1242 747 1390 801 dicto
1417 750 1580 803 colle-

37 838 132 905 gio;
159 836 218 888 de
247 840 400 888 tanta
429 835 638 888 offensa
666 835 940 888 Dominus
963 835 1256 905 indulgeat
1283 837 1352 890 ei.

101 927 196 987 ιθ
224 923 348 976 Post
375 923 679 976 discessum
710 940 839 976 vero
867 921 1042 992 ipsius
1072 924 1304 990 Estoldi,
1337 925 1581 978 Gauifri-

39 1013 115 1064 dus
139 1010 468 1074 Parisiensis,
503 1011 682 1064 dictus
712 1011 780 1064 de
810 1011 1050 1077 Harenc,
1088 1012 1184 1082 qui
1215 1013 1484 1068 violentia
1513 1013 1581 1067 ab

41 1100 189 1152 amicis
207 1099 330 1153 dicti
349 1099 587 1159 Estoldi,
611 1116 754 1170 papa
777 1101 1180 1166 consentiente,
1200 1101 1384 1156 fuerat
1406 1120 1584 1158 remo-

41 1195 121 1252 tus,
141 1205 343 1241 rursum
374 1194 460 1241 est
486 1189 695 1241 electus
724 1206 758 1242 a
789 1195 906 1242 tota
930 1191 1363 1260 congregatione
1395 1193 1453 1246 in
1483 1192 1582 1245 ab-

42 1276 182 1329 batem
205 1282 255 1329 et
274 1282 555 1348 pastorem
571 1277 825 1330 Ecclesiae
848 1278 1156 1345 Beccensis,
1179 1285 1236 1332 et
1257 1280 1346 1333 die
1363 1281 1584 1335 decima

43 1373 198 1434 quarta
215 1366 416 1418 mensis
443 1365 652 1429 Martii,
677 1365 731 1418 id
763 1371 848 1419 est
876 1366 1016 1419 feria
1037 1367 1205 1421 tertia
1229 1374 1359 1422 ante
1379 1370 1584 1424 Ramos

43 1452 330 1518 Palmarum,
345 1469 494 1506 anno
516 1453 738 1507 Domini
759 1454 1056 1508 millesimo
1077 1459 1470 1512 trecentesimo
1491 1475 1586 1512 no-

43 1542 276 1609 nagesimo
304 1547 563 1612 receptus
591 1559 717 1596 cum
744 1542 950 1611 gaudio
984 1560 1206 1613 magno,
1238 1546 1450 1600 cunctis
1479 1547 1586 1600 cla-

46 1630 275 1684 mantibus
303 1650 314 1683 :
349 1632 529 1685 Noel!
563 1633 728 1686 Noel!

1661 571 1813 632 Julii,
1839 571 2079 640 arripuit
2097 570 2205 622 iter
2237 569 2708 638 peregrinationis
2729 569 2877 622 ultra
2902 586 3076 635 mare,
3100 586 3256 624 asso-

1660 660 1840 713 ciatus
1871 658 2061 711 multis
2092 657 2371 711 nobilibus
2403 657 2536 711 viris
2569 659 2817 712 Franciaa
2838 663 2894 710 et
2913 659 3256 713 Northman-

1661 749 1786 812 niae,
1821 749 1891 802 ad
1921 747 2256 801 visitandam
2269 752 2521 800 sanctam
2553 753 2762 800 terram
2793 748 3257 818 Hierosolymita-

1661 853 1791 890 nam
1805 843 1860 889 et
1880 841 2134 889 sanctum
2152 837 2472 906 sepulcrum
2494 835 2738 901 Domini,
2759 842 2817 890 et
2835 837 2948 890 alia
2967 842 3163 891 sancta
3181 838 3258 892 lo-

1664 942 1746 989 ca,
1773 941 1873 978 nec
1895 941 2006 978 non
2019 924 2088 977 ad
2108 925 2370 977 Sanctam
2387 923 2770 989 Catharinam,
2787 924 2845 977 in
2863 930 3050 978 monte
3077 925 3253 980 Sinai.

1664 1012 2012 1066 Revertendo
2035 1011 2236 1065 cecidit
2265 1011 2323 1065 in
2349 1012 2650 1082 quamdam
2675 1013 2909 1078 foveam,
2934 1013 2993 1066 in
3014 1029 3125 1083 qua
3153 1013 3260 1067 fuit

1665 1117 1764 1170 per
1784 1106 1898 1153 tres
1921 1099 2040 1153 dies
2071 1099 2217 1170 quod
2240 1116 2352 1152 non
2374 1099 2557 1170 potuit
2587 1101 2842 1154 inveniri.
2866 1101 2946 1154 De
2967 1118 3079 1171 qua
3102 1119 3260 1172 pere-

1662 1189 2000 1258 grinatione,
2025 1189 2158 1241 dum
2190 1205 2289 1258 per
2319 1188 2540 1242 deserta
2559 1194 2937 1242 reverteretur
2961 1206 3088 1243 cum
3119 1191 3255 1258 suis,

1665 1277 1938 1346 contingit
1961 1277 2122 1330 illum
2152 1276 2448 1343 inﬁrmari,
2469 1277 2607 1330 adeo
2639 1282 2700 1330 ut
2728 1293 2840 1330 non
2871 1283 3093 1348 poterat
3115 1279 3263 1334 ince-

1665 1366 1797 1419 dere
1827 1383 1928 1419 nec
1959 1366 2118 1435 pede,
2146 1381 2247 1418 nec
2276 1381 2438 1434 equo,
2472 1371 2529 1418 et
2565 1366 2816 1435 oportuit
2859 1372 2922 1419 ut
2968 1366 3026 1419 in
3064 1367 3261 1422 lectica

1666 1468 1871 1521 magno
1902 1451 2092 1505 labore
2119 1451 2513 1520 deportaretur
2544 1468 2669 1504 cum
2701 1453 2836 1516 suis,
2867 1454 2965 1522 qui
2993 1456 3072 1508 sic
3100 1472 3261 1509 vene-

1667 1545 1800 1594 runt
1837 1556 2016 1609 usque
2056 1539 2114 1592 in
2163 1539 2381 1593 Italiam
2429 1540 2578 1610 apud
2618 1541 2917 1610 quamdam
2956 1542 3258 1611 civitatem,

1667 1644 1792 1698 quae
1835 1633 2064 1680 vocatur
2093 1627 2302 1691 Padua,
2335 1632 2392 1680 et
2438 1627 2643 1681 ibidem
2672 1645 2798 1681 cum
2829 1646 3032 1699 magno
3069 1631 3262 1686 dolore

90 1719 192 1788 Ipse
212 1719 264 1772 in
284 1720 466 1790 primo
489 1737 635 1774 anno
655 1721 742 1774 sui
764 1722 1035 1775 adventus
1055 1722 1184 1776 fecit
1204 1725 1325 1778 ﬁeri
1347 1717 1644 1795 quadra-13
1665 1733 1915 1779 suorum,
1944 1715 2091 1769 diem
2117 1715 2318 1769 clausit
2347 1722 2675 1780 extremum,
2708 1718 2924 1771 decimo
2954 1718 3149 1788 quinto
3171 1719 3264 1774 die

41 1805 159 1874 ginta
197 1824 437 1862 cameras
487 1809 546 1863 in
592 1810 823 1879 antiquo
855 1810 1203 1875 dormitorio,
1238 1818 1294 1865 et
1340 1813 1415 1866 ibi
1457 1814 1586 1868 fecit

44 1892 240 1947 dormire
263 1895 574 1964 religiosos,
605 1896 698 1964 qui
716 1901 846 1949 ante
869 1897 1221 1952 dormiebant
1241 1915 1410 1970 super
1428 1918 1584 1954 reve-

45 1981 267 2047 stiarium,
289 1989 342 2036 et
363 1984 586 2037 vestivit
607 1985 800 2038 eodem
822 2002 970 2038 anno
985 1987 1260 2040 sexdecim
1282 1990 1584 2043 monachos

47 2068 194 2123 habitu
219 2071 532 2141 religionis;
562 2078 618 2126 et
639 2073 912 2126 mundare
936 2074 1066 2127 fecit
1093 2092 1286 2129 omnes
1309 2077 1579 2144 officinas,

47 2166 85 2208 et
105 2158 347 2228 deponere
384 2161 624 2231 lapides,
663 2167 720 2214 et
755 2179 822 2214 ea
863 2161 1062 2232 quibus
1089 2165 1312 2234 capellae
1337 2165 1586 2220 obstrue-

48 2243 218 2308 bantur,
247 2253 299 2301 et
334 2249 608 2302 revitrare
636 2249 705 2302 de
735 2266 894 2315 novo,
940 2256 997 2304 et
1037 2252 1276 2306 maxime
1314 2255 1584 2324 capellam

47 2332 185 2388 Beata:
202 2336 398 2402 Mariae,
422 2337 486 2391 in
507 2338 664 2407 cujus
683 2339 865 2392 medio
888 2339 1073 2392 fuerat
1091 2357 1284 2395 murus
1308 2343 1584 2397 maximus

47 2435 169 2488 quem
194 2422 314 2476 fecit
334 2425 582 2491 destrui;
617 2431 674 2478 et
703 2425 891 2487 missa,
914 2445 1035 2496 quae
1061 2429 1309 2498 quotidie
1330 2430 1398 2483 de
1418 2447 1583 2485 mane

47 2507 219 2574 dicitur,
241 2512 534 2567 dicebatur
552 2521 682 2567 ante
703 2516 885 2584 majus
913 2517 1111 2583 altare,
1135 2517 1426 2588 reincoepit
1449 2520 1590 2574 cele-

49 2593 158 2650 brari
182 2599 232 2652 in
259 2601 403 2654 dicta
431 2603 670 2673 capella.
699 2603 852 2656 Fecit
883 2604 1053 2657 etiam
1077 2606 1351 2659 mundare
1381 2607 1590 2678 capitu-

49 2684 147 2751 lum,
169 2689 300 2757 quod
326 2690 516 2744 fuerat
542 2697 870 2761 occupatum
902 2693 1144 2762 quodam
1171 2695 1512 2762 molendino,
1533 2701 1590 2750 et

48 2771 186 2838 fumo,
217 2779 447 2847 quodam
483 2781 767 2849 granario,
809 2798 872 2833 ac
901 2781 1118 2850 magnis
1148 2783 1354 2835 tonniis
1397 2784 1465 2837 ad
1497 2803 1592 2856 po-

49 2863 237 2918 nendam
257 2867 517 2920 siceram.
541 2868 610 2920 Et
639 2867 770 2920 fecit
792 2867 1001 2921 dictum
1029 2869 1338 2939 capitulum
1367 2877 1424 2923 et
1453 2873 1590 2925 rete-

51 2951 234 3005 ctorium
264 2954 567 3026 depingere
600 2962 655 3008 et
694 2973 980 3023 renovare,
1015 2965 1071 3011 et
1096 2958 1165 3011 de
1191 2957 1310 3028 ipso
1341 2959 1588 3030 capitulo

52 3039 193 3093 omnia
209 3043 439 3108 auferre,
463 3049 528 3097 ct
545 3044 824 3114 reparavit
843 3045 1033 3099 omnia
1054 3062 1176 3116 quae
1199 3046 1427 3100 fuerunt
1445 3048 1590 3102 facta

50 3133 249 3197 tempore
273 3149 512 3201 guerrze.

101 3216 362 3288 Reparavit
391 3221 568 3274 etiam
597 3221 909 3289 ecclesiam,
943 3228 998 3276 et
1027 3223 1277 3278 ofﬁcinas
1305 3225 1438 3280 dicti
1472 3245 1591 3281 mo-

53 3307 231 3359 nasterii
254 3308 319 3360 de
346 3314 702 3379 coopertura,
731 3311 862 3380 quia
886 3311 941 3364 in
980 3313 1221 3367 adventu
1255 3331 1356 3368 suo
1387 3315 1593 3386 ubique

53 3391 250 3457 pluebat.
280 3397 485 3450 Omnia
512 3397 760 3451 maneria
783 3405 838 3452 et
871 3401 1208 3467 molendina,
1235 3419 1359 3472 qua:
1384 3403 1595 3457 invenit

53 3477 92 3530 in
115 3497 291 3552 magna
317 3486 650 3540 decadentia
680 3492 736 3540 et
775 3487 960 3555 ruina,
1000 3490 1249 3543 studiose
1292 3491 1590 3561 reparavit,

53 3569 287 3626 ecclesiam
325 3575 634 3645 acquitavit
684 3575 752 3628 de
803 3577 996 3630 multis
1048 3578 1250 3631 debitis
1293 3579 1596 3649 obligatam

54 3659 250 3726 tmpore
279 3662 492 3716 Estoldi
523 3663 943 3732 pi‘aedecessoris
967 3665 1074 3730 sui,
1101 3673 1157 3719 et
1188 3667 1429 3721 aliorum
1454 3685 1597 3738 prae-

55 3740 288 3801 decessoru
299 3767 349 3802 m
376 3767 634 3804 suorum.

104 3832 218 3888 Item
239 3839 556 3893 exoneravit
585 3840 874 3894 ecclesiam
903 3842 971 3895 (le
1009 3848 1232 3896 centum
1263 3843 1421 3898 libris
1469 3845 1599 3899 red-

1667 1805 1875 1857 mensis
1904 1804 2058 1870 Julii,
2092 1821 2237 1857 anno
2271 1804 2490 1858 Domini
2530 1805 2826 1858 millesimo
2868 1807 3262 1862 trecentesimo

1667 1895 2030 1962 nonagesimo
2078 1910 2261 1959 nono;
2305 1900 2361 1946 et
2407 1893 2612 1947 ibidem
2649 1895 2708 1947 in
2753 1895 2994 1964 quadam
3031 1895 3264 1950 ecclesia

1666 1983 1920 2051 sepultus
1956 1982 2078 2034 fuit.
2128 1982 2196 2034 Et
2244 1981 2396 2034 missi
2435 1988 2568 2035 sunt
2605 1983 2830 2052 quidam
2872 1985 2940 2037 de
2983 1985 3262 2054 religiosis

1668 2069 1840 2133 Becci,
1880 2069 1975 2140 qui
2005 2069 2212 2122 ibidem
2238 2069 2556 2138 sumptibus
2589 2070 2832 2124 ecclesiae
2862 2071 3115 2125 fecerunt
3140 2073 3261 2126 ﬁeri

1666 2159 1954 2212 servitium
1982 2165 2039 2212 et
2061 2160 2408 2228 sepulturam
2437 2159 2495 2211 in
2525 2159 2852 2212 memoriam
2886 2161 3023 2229 ejus.

1737 2248 1881 2301 Nota
1912 2247 2264 2316 privilegium
2295 2262 2618 2300 concessum
2647 2245 2940 2300 abbatibus
2970 2247 3148 2314 Becci,
3184 2248 3263 2302 fa-

1665 2351 1796 2389 vore
1823 2335 2094 2389 Gauﬂ'ridi
2129 2335 2364 2399 Harenc,
2398 2338 2533 2388 tunc
2559 2335 2827 2404 temporis
2855 2334 3090 2388 abbatis.

1740 2444 1762 2474 ι
1798 2422 2057 2478 CLEMENS
2086 2423 2396 2493 episcopus,
2428 2439 2620 2476 servus
2647 2439 2934 2477 servorum
2965 2423 3083 2490 Dei,
3117 2424 3261 2479 dile-

1670 2511 1773 2565 ctis
1803 2512 1932 2565 ﬁliis
1954 2513 2277 2565 GAUFFRIDO
2305 2510 2513 2576 abbati,
2538 2517 2593 2564 et
2617 2511 2911 2564 conventui
2937 2513 3266 2568 monasterii

1669 2600 1738 2653 de
1766 2601 1940 2654 Becco
1973 2599 2238 2665 Helluini,
2274 2600 2486 2653 ordinis
2515 2601 2692 2652 sancti
2720 2600 3025 2665 Benedicti,
3052 2602 3264 2656 Rotho-

1670 2689 1948 2758 magensis
1975 2689 2245 2752 diuacesis,
2277 2689 2518 2742 salutem
2547 2693 2604 2741 et
2631 2689 2993 2759 apostolicam
3035 2689 3266 2744 benedi-

1670 2776 1931 2830 ctionem.
1979 2777 2237 2846 Exposcit
2284 2781 2476 2829 vestrae
2515 2776 2826 2829 devotionis
2863 2777 3174 2843 sinceritas,
3209 2784 3266 2832 et

1672 2865 1958 2934 religionis
2001 2870 2352 2935 promeretur
2394 2865 2656 2918 honestas
2697 2868 2762 2918 ut.
2803 2870 2922 2917 tam
2967 2882 3082 2928 vos,
3125 2882 3264 2936 quos

1670 2953 1895 3023 speciali
1928 2952 2238 3006 devotionis
2264 2953 2466 3005 affectu
2495 2952 2908 3022 prosequimur,
2943 2970 3111 3022 quam
3141 2969 3265 3007 rno-

1671 3042 1977 3094 nasterium
2013 3046 2272 3104 vestrum,
2309 3058 2435 3094 cum
2479 3040 2663 3110 dignis
2694 3041 2998 3094 honoribus
3045 3043 3267 3096 attolla-

1607 3132 1650 3195 C,
1673 3145 1830 3197 mus;
1871 3130 2082 3183 dudum
2109 3128 2385 3199 siquidem
2415 3129 2638 3182 cuidam
2660 3129 2886 3183 Estoldo
2913 3129 3100 3183 abbati
3131 3129 3266 3185 dicti

1675 3218 2023 3283 monasterii,
2059 3224 2114 3271 et
2144 3217 2297 3271 vobis
2328 3217 2459 3270 ﬁliis
2483 3218 2798 3283 conventui,
2825 3224 2890 3272 ut
2915 3219 3066 3272 idem
3093 3219 3270 3273 Estol-

1674 3307 1780 3361 dus
1819 3305 2008 3372 abbas,
2043 3313 2099 3360 et
2133 3323 2481 3360 successores
2510 3307 2596 3360 sui
2640 3305 2868 3360 abbates
2908 3307 3043 3361 dicti
3071 3324 3269 3362 mona-

1676 3395 1850 3454 sterii,
1888 3395 1984 3465 qui
2031 3412 2130 3465 pro
2175 3401 2426 3464 tempore
2465 3395 2664 3460 forent,
2711 3396 2898 3462 mitra,
2942 3397 3172 3463 annulo,
3215 3402 3271 3451 et

1677 3483 1800 3536 aliis
1826 3482 2242 3554 pontiﬁcalibus
2266 3483 2542 3553 insigniis,
2575 3484 2750 3538 libere
2779 3491 3006 3555 possent
3035 3485 3136 3552 uti,
3170 3502 3273 3540 nec

1678 3589 1790 3625 non
1815 3573 1960 3642 quod
1991 3572 2048 3624 in
2078 3572 2226 3625 dicto
2257 3573 2616 3636 monasterio,
2641 3581 2699 3626 et
2720 3573 3060 3644 prioratibus
3090 3573 3273 3628 eidem

1679 3661 2019 3714 monasterio
2063 3660 2345 3730 subjectis,
2379 3679 2444 3715 ac
2489 3661 2902 3732 parochialibus
2931 3669 2988 3716 et
3015 3663 3140 3716 aliis
3170 3663 3272 3716 Ec-

1680 3750 1880 3813 clesiis,
1912 3749 1982 3802 ad
2014 3750 2197 3819 ipsum
2239 3749 2496 3803 abbatem
2527 3756 2584 3804 et
2611 3767 2705 3804 vos
2736 3752 2899 3816 ﬁlios,
2932 3751 3272 3820 conjunctim

1679 3838 2071 3904 communiter,
2116 3838 2196 3890 vel
2236 3838 2505 3901 divisum,
2545 3839 2978 3908 pertinentibus.
3018 3839 3271 3909 quamvis

57 3914 166 3972 ditus
185 3925 245 3976 ad
265 3926 451 3993 vitam,
478 3943 619 3995 quas
641 3927 870 3998 quidam
891 3936 1116 3982 vocatus
1137 3931 1337 3986 Petrus
1357 3933 1407 3986 le
1427 3931 1592 3986 Veul-
1673 3925 1800 3992 sibi,
1832 3933 1888 3980 et
1917 3925 2069 3979 vobis
2099 3927 2262 3997 pleno
2286 3927 2412 3996 jure
2441 3943 2556 3979 non
2585 3926 2894 3992 subessent,
2932 3926 3272 3980 benedictio-

58 4003 127 4092 les,
159 4011 279 4067 alias
317 4016 568 4080 Pontrel,
611 4016 850 4070 habebat
897 4017 967 4071 ad
1020 4020 1191 4072 vitam
1233 4037 1396 4075 suam
1427 4039 1596 4092 super

58 4091 248 4153 decimas
277 4108 331 4155 et
357 4108 540 4158 terras
571 4110 791 4158 nostras
818 4105 884 4158 de
925 4107 1143 4163 Caleto.

107 4185 220 4241 Item
247 4194 531 4246 exornavit
559 4193 891 4260 manerium,
920 4199 1147 4262 terram,
1172 4201 1229 4250 et
1256 4197 1506 4251 redditus
1527 4197 1596 4251 de

60 4271 278 4350 Queu'lly,
308 4299 428 4352 quae
461 4282 748 4336 invadiata
767 4290 928 4336 erant
955 4284 1219 4338 Gervasio
1247 4285 1315 4339 de
1343 4286 1509 4353 Saux,
1543 4291 1599 4340 et

1676 4031 1805 4068 nem
1835 4015 2142 4069 solemnem
2171 4032 2340 4086 super
2367 4014 2658 4085 populum,
2687 4021 2814 4085 post
2842 4015 3159 4083 missarum,
3185 4032 3273 4071 ve-

1676 4120 1989 4174 sperarum,
2018 4109 2075 4156 et
2113 4103 2516 4158 matutinorum
2545 4103 2820 4157 solemnia
2855 4104 3183 4170 (dummodo
3213 4105 3273 4159 in

1678 4191 2067 4246 benedictione
2099 4193 2438 4262 hujusmodi,
2476 4193 2680 4263 aliquis
2718 4193 2974 4260 antistes,
3009 4193 3092 4247 vel
3123 4193 3274 4248 sedis

1680 4283 1996 4352 apostolicae
2017 4282 2233 4351 legatus
2259 4299 2501 4352 praesens
2520 4299 2633 4336 non
2659 4283 2820 4347 foret)
2844 4282 3070 4354 elargiri
3088 4299 3271 4354 posse,

61 4367 180 4468 Illxori
205 4385 308 4424 suae
336 4372 406 4425 ad
434 4372 608 4425 vitam
640 4388 799 4426 suam
824 4390 836 4439 ;
871 4378 926 4426 et
955 4373 1119 4426 solvit
1149 4373 1499 4444 octingentas
1527 4375 1662 4468 li-D
1682 4370 1940 4425 duximus
1965 4370 2392 4440 indulgendum.
2428 4372 2544 4424 Nos
2572 4371 2748 4441 igitur
2775 4371 3022 4426 volentes
3061 4389 3158 4426 vos
3187 4377 3276 4426 at-

63 4447 171 4535 bras,
192 4456 251 4510 de
270 4458 424 4514 bonis
456 4461 635 4531 patris
667 4468 722 4514 et
745 4461 942 4516 matris
973 4479 1105 4530 suze,
1131 4479 1254 4534 quae
1285 4479 1464 4535 nuper
1494 4464 1596 4517 ha-
1616 4447 1662 4468 υ
1681 4460 1804 4514 tolli
1850 4458 2113 4529 ampliori
2154 4460 2524 4529 praerogativa
2559 4461 2806 4528 honoris,
2841 4461 3036 4516 vestris
3073 4460 3132 4516 in
3173 4463 3277 4517 hac

64 4534 217 4598 buerat
239 4564 299 4601 ex
328 4549 484 4603 obitu
514 4565 728 4608 eorum.

113 4626 228 4686 Item
249 4637 316 4690 ad
345 4639 644 4693 tuitionem
663 4639 938 4695 libertatis
962 4646 1165 4695 nostrae
1185 4641 1255 4695 de
1280 4641 1598 4697 venditione

63 4713 268 4792 Piscium,
318 4727 540 4781 fortiter
589 4729 862 4784 laboravit
897 4735 1091 4785 contra
1128 4737 1468 4786 mercatores
1508 4732 1603 4802 qui

65 4812 344 4869 recusabant
362 4818 563 4872 aﬂ'erre
585 4817 764 4889 pisces
795 4835 924 4874 suos
953 4820 1175 4874 venales
1204 4821 1274 4874 ad
1303 4820 1603 4891 coquinam

66 4890 202 4961 ἱρείας)
219 4906 554 4974 monasterii,
580 4913 882 4979 antequam
903 4915 1243 4980 exponerent
1263 4926 1357 4964 eos
1377 4910 1449 4964 ad
1468 4927 1601 4963 ven-

66 4981 280 5059 dendum,
311 5000 376 5048 ut
415 4997 589 5051 moris
619 5003 722 5054 est.
764 4999 1093 5070 Impetravit
1121 5016 1156 5052 a
1182 4999 1433 5054 Romano
1463 5015 1604 5070 pon-

68 5070 178 5129 tiﬁce
201 5083 333 5149 quod
360 5089 475 5138 tam
504 5087 623 5156 ipse
666 5103 836 5157 quam
872 5103 1216 5140 successores
1254 5087 1339 5140 sui
1379 5085 1604 5140 abbates

67 5158 204 5232 Becci,
232 5171 292 5224 de
324 5179 518 5228 caetero
545 5180 772 5246 possent
799 5176 883 5229 uti
914 5175 1082 5229 mitra
1109 5180 1167 5230 et
1194 5176 1319 5229 aliis
1348 5175 1605 5246 insigniis

68 5256 426 5316 pontiﬁcalibus
452 5265 735 5335 perpetuis
764 5265 1127 5336 temporibus.

123 5341 311 5418 lncepit
329 5353 643 5408 clausuram
667 5371 957 5409 murorum
980 5361 1035 5408 et
1055 5354 1296 5408 turrium
1330 5353 1478 5409 circa
1494 5370 1608 5407 mo-

70 5439 349 5508 nasterium,
381 5459 452 5495 ne
495 5445 563 5497 de
609 5451 809 5499 caetero
839 5444 1070 5498 ecclesia
1104 5444 1516 5515 opprimeretur
1552 5449 1610 5498 et

72 5534 389 5596 Ocellparetur
407 5539 657 5604 tempore
679 5551 1036 5605 guerrarum,
1053 5534 1201 5588 sicut
1218 5541 1384 5587 antea
1402 5533 1605 5588 fuerat.

124 5611 180 5666 Et
210 5634 346 5674 anno
384 5623 681 5678 Dominicae
712 5622 1117 5678 lncarnationis
1165 5622 1462 5678 millesimo
1501 5627 1611 5677 tre-

1680 4554 1840 4619 parte
1870 4547 2373 4618 supplicationibus
2409 4548 2682 4614 inclinati,
2715 4555 2780 4604 ut
2797 4556 2859 4604 tu
2888 4551 2968 4604 ﬁli
2999 4550 3188 4618 abbas,
3221 4556 3279 4606 et

1680 4654 2026 4692 successores
2074 4636 2159 4690 tui
2207 4637 2459 4706 ejusdem
2497 4639 2826 4693 monasterii
2883 4639 3131 4706 abbates,
3181 4638 3279 4710 qui

1684 4744 1784 4798 pro
1815 4733 2068 4797 tempore
2096 4725 2324 4791 fuerint,
2353 4725 2541 4792 mitra,
2564 4728 2792 4794 annulo,
2818 4732 2876 4781 et
2893 4728 3150 4798 insigniis
3178 4729 3280 4782 hu-

1681 4815 1948 4885 jusmodi,
1971 4815 2140 4869 etiam
2167 4814 2226 4867 in
2246 4814 2474 4884 synodis
2501 4819 2557 4868 et
2581 4815 2717 4869 locis
2739 4816 3036 4885 provincia
3074 4817 3280 4870 Rotho-

1685 4904 1989 4974 magensis,
2020 4909 2078 4958 et
2104 4903 2162 4957 in
2212 4901 2592 4973 quarumlibet
2637 4919 3026 4974 personarum,
3061 4902 3281 4957 etiamsi

1685 4993 1990 5065 pontificali
2012 5009 2110 5047 seu
2124 4992 2296 5063 regali
2313 4991 2641 5063 praefulgeat
2657 4991 3280 5063 dignitate,praesentia,

1687 5083 1988 5137 dummodo
2017 5083 2075 5135 in
2096 5082 2341 5153 synodis,
2367 5087 2424 5136 et
2451 5081 2584 5135 locis
2611 5081 2888 5152 praedictis
2917 5081 3283 5161 archiepisco-

1687 5189 1791 5243 pus
1820 5171 2285 5241 Rothomagensis
2316 5188 2415 5241 pro
2445 5176 2697 5242 tempore
2727 5169 2986 5236 existens,
3011 5171 3093 5225 vel
3122 5170 3282 5225 dicte

1688 5260 1836 5315 sedis
1861 5261 2100 5331 legatus,
2135 5267 2235 5313 aut
2263 5261 2512 5327 nuntius,
2537 5278 2782 5331 praesens
2813 5277 2922 5314 non
2960 5260 3149 5326 fuerit,
3181 5275 3284 5313 nec

1688 5369 1800 5405 non
1827 5348 2158 5421 corporalia,
2188 5350 2406 5415 calices,
2448 5356 2504 5404 et
2541 5350 2652 5404 alia
2682 5355 3013 5404 ornamenta
3040 5350 3111 5403 ad
3143 5347 3284 5403 divi-

1689 5458 1825 5495 num
1856 5441 2087 5506 cultum,
2139 5438 2198 5492 in
2227 5439 2565 5493 monasterio
2610 5439 2999 5510 prioratus,~et
3036 5438 3284 5493 ecclesiis

1691 5529 1988 5602 praedictis,
2023 5545 2087 5582 ac
2117 5533 2244 5592 πθ
2263 5528 2417 5594 locis,
2440 5533 2498 5582 et
2515 5528 2659 5596 aliis,
2683 5527 2753 5582 ab
2783 5529 2981 5582 eodem
3000 5533 3283 5582 monaste-

1691 5620 1775 5674 rio
1808 5617 2270 5689 dependentibus,
2305 5617 2620 5672 necessaria
2649 5616 2994 5685 benedicere,
3026 5633 3128 5673 nec
3171 5634 3284 5674 non
