3920 6350
606 380 713 438 675

1561 379 1658 434 ΑΙ)
1697 379 1936 436 OPERA
1973 381 2038 435 B.
2078 375 2494 436 LANFRANCI
2534 375 2919 431 APPENDIX.

3754 386 3840 444 676

605 514 660 562 et
717 506 1008 562 monachis
1061 504 1196 560 dicti
1237 503 1563 558 monasterii
1612 509 1901 558 tonsuram
1945 501 2426 572 conferreAOperi
2457 500 2751 554 fortericiaz
2781 518 2880 571 per
2908 501 3234 572 praedictum
3263 505 3482 562 Harenc
3509 508 3772 581 incoepta,
3795 518 3842 566 et

607 598 941 662 clericalem,
968 595 1161 661 libere,
1177 600 1234 648 et
1260 595 1408 648 licite
1420 593 1659 664 possitis,
1678 593 1850 646 felicis
1862 593 2196 647 recordatio-

605 688 695 742 nis
710 685 1010 740 Alexandri
1026 701 1182 756 papae
1194 683 1399 754 quarti,
1421 681 1839 752 praedecessoris
1853 683 2044 744 nostri,
2073 698 2195 752 quae

604 777 804 847 incipit
836 793 847 828 :
879 777 1124 838 Abbatcs,
1157 779 1213 827 et
1241 772 1366 826 aliis
1399 770 1822 841 quibuscunque
1851 771 2196 824 constitutio-

605 866 770 920 nibus
807 863 1126 934 apostolicis
1155 862 1213 915 in
1242 859 1585 915 contrarium
1623 860 1805 925 editis,
1839 876 2194 930 nequaquam

605 953 955 1009 obstantibus
970 950 1139 1016 vobis,
1160 956 1216 1003 et
1227 947 1435 1003 eisdem
1447 947 1876 1013 successoribus,
1902 947 2199 1002 auctorita-

603 1049 660 1098 te
681 1042 1002 1114 apostolica,
1035 1041 1103 1094 de
1132 1037 1359 1110 speciali
1385 1037 1590 1108 gratia,
1611 1043 1805 1091 tenore
1835 1036 2196 1107 praesentium

601 1133 977 1201 indulgemus.
1001 1127 1156 1183 Nulli
1185 1143 1315 1198 ergo
1337 1127 1628 1180 hominum
1653 1127 1819 1180 liceat
1845 1126 2007 1189 hanc,
2037 1144 2059 1176 ι
2081 1131 2191 1178 etc.

672 1221 780 1274 Pro
818 1219 947 1273 sede
977 1215 1249 1287 capienda
1295 1215 1353 1268 in
1402 1215 1614 1286 synodo
1653 1213 2055 1284 archiepiSCOpi
2083 1214 2196 1267 Ro-

601 1307 1004 1378 thomagensis,
1035 1305 1143 1359 fuit
1181 1305 1250 1358 lis
1299 1309 1453 1357 mota
1479 1304 1628 1357 inter
1656 1302 1915 1356 abbatem
1945 1302 2103 1356 Becci
2140 1306 2198 1356 et

602 1397 1066 1458 Gemeticensem,
1110 1399 1364 1464 tempore
1421 1391 1584 1445 istius
1631 1390 1904 1444 Gauﬂ‘ridi
1952 1391 2192 1458 Harenc,

601 1487 696 1558 qui
717 1484 938 1539 dicebat
956 1483 1059 1537 sibi
1088 1481 1396 1536 secundum
1421 1481 1603 1534 locum
1626 1478 1927 1549 pertinere,
1944 1479 2055 1532 alio
2069 1493 2196 1533 con-

597 1574 833 1628 trarium
862 1575 1173 1626 asserente.

669 1664 942 1732 Tempore
961 1660 1124 1714 istius
1141 1656 1415 1712 Gauffridi
1448 1657 1685 1721 Harenc,
1709 1654 2022 1726 presbyteri
2041 1654 2194 1709 soliti

600 1757 762 1808 erant
781 1767 881 1822 pro
904 1746 1198 1818 stipendiis
1237 1745 1354 1800 suis
1383 1744 1663 1815 percipere
1688 1744 1978 1797 annuatim
2001 1743 2193 1797 decem

2278 589 2604 661 praedictum
2651 606 2790 659 opus
2828 589 2897 642 ad
2936 595 3153 644 tantam
3189 594 3583 663 perfectionem
3613 599 3845 668 perduxit

2277 684 2342 732 ut
2359 676 2755 748 aspicientibus
2775 684 3021 732 castrum
3050 679 3477 752 inexpugnabile
3495 685 3842 754 judicaretur.

2347 767 2622 836 Tempore
2635 765 2761 832 isto,
2779 771 3008 836 regente
3025 765 3331 824 Ecclesiam
3344 773 3710 828 universalem
3724 793 3848 846 papa

2276 853 2610 917 Alexandro,
2640 853 2866 923 quidam
2897 855 3214 923 cardinalis,
3252 859 3566 914 Ludovicus
3595 861 3664 915 de
3688 861 3848 918 Flisco

2280 942 2585 1012 vulgariter
2620 947 2993 1014 nuncupatus,
3025 943 3178 998 tituli
3208 946 3394 1001 Sancti
3422 948 3658 1003 Adriani
3685 952 3848 1007 cardi-

2279 1030 2443 1096 nalis,
2467 1030 2787 1101 impetravit
2813 1032 3094 1102 prioratus
3121 1033 3190 1088 de
3219 1035 3570 1091 Bellomonte
3597 1043 3652 1091 et
3680 1039 3849 1094 Sancti

2279 1119 2524 1186 Ymerii;
2559 1125 2616 1173 et
2643 1136 2742 1190 per
2771 1120 3091 1192 episcopum
3122 1121 3512 1178 Placentinum
3551 1129 3848 1197 procuravit

2278 1207 2500 1261 decerni
2528 1208 2703 1262 dictos
2726 1207 3007 1279 prioratus
3031 1210 3101 1264 ad
3125 1211 3312 1281 ipsum
3339 1212 3621 1283 pertinere
3650 1221 3705 1269 et
3737 1234 3848 1288 spe-

2277 1301 2449 1362 ctare,
2483 1302 2541 1352 et
2585 1299 2872 1352 mandavit
2897 1298 3132 1370 singulis
3161 1300 3456 1375 abbatibus
3486 1308 3546 1358 et
3584 1308 3847 1360 conventi-

2276 1384 2398 1451 bus,
2422 1384 2525 1439 sub
2550 1386 2728 1456 pcenis
2765 1388 3039 1441 contentis
3064 1399 3120 1441 et
3156 1389 3468 1444 fulminatis
3496 1391 3556 1446 in
3587 1409 3846 1462 processu,

2277 1477 2342 1526 ut
2364 1473 2758 1543 permitterent
2783 1474 2991 1528 dictum
3017 1476 3379 1544 cardinalem,
3406 1484 3507 1532 aut
3529 1481 3648 1548 ejus
3675 1497 3850 1551 procu-

2277 1566 2521 1614 ratorem
2564 1578 2665 1632 pro
2709 1578 2774 1615 eo
2805 1563 3049 1617 nancisci
3095 1570 3152 1618 et
3179 1565 3410 1636 adipisci
3459 1568 3849 1637 possessionem

2276 1649 2626 1719 prioratuum
2656 1650 3045 1720 praedictorum
3069 1669 3081 1718 ;
3114 1652 3172 1706 in
3199 1669 3310 1723 qua
3336 1656 3688 1725 possessione
3715 1658 3848 1727 prio-

2275 1742 2431 1791 ratus
2473 1737 2543 1791 de
2579 1737 2944 1804 Bellomonte,
2978 1744 3111 1794 tunc
3153 1747 3276 1794 erat
3314 1742 3491 1797 frater
3529 1744 3850 1820 Guillermus

597 1842 819 1895 francos
839 1844 895 1892 et
916 1839 1152 1908 juvenes
1181 1851 1292 1888 non
1320 1832 1632 1904 presbyteri
1657 1837 1800 1891 octo,
1828 1837 1885 1885 et
1905 1831 2188 1898 diminuit,
2207 1851 2254 1910 B
2275 1825 2344 1878 de
2373 1826 2604 1880 Fiscano
2631 1827 2925 1897 religiosus
2952 1828 3021 1882 de
3047 1828 3240 1894 Becco,
3278 1835 3336 1884 et
3364 1831 3538 1885 frater
3561 1833 3850 1888 Richardus

597 1934 827 2000 propter
841 1924 1180 1980 fortericiam
1198 1921 1730 1992 (propugnaculum,
1747 1919 1870 1973 Gal.
1889 1921 2192 1987 forteresse)

598 2015 1053 2077 construendum,
1090 2010 1236 2082 quod
1261 2009 1572 2080 presbyteri
1598 2009 1778 2062 solum
1810 2013 1932 2062 octo
1947 2007 2188 2076 francos,

597 2113 656 2162 et
674 2109 908 2177 juvenes
936 2119 1030 2156 sex
1057 2100 1279 2153 francos
1300 2098 1671 2169 perciperent,
1690 2102 1747 2151 et
1775 2097 1996 2150 duravit
2013 2113 2193 2166 usque

598 2196 668 2250 ad
686 2201 942 2263 tempora
961 2188 1175 2244 domini
1209 2185 1490 2240 Willermi
1509 2186 1578 2239 de
1601 2185 1776 2251 Valle,
1801 2184 2019 2238 abbatis
2049 2185 2194 2255 vige-

595 2284 724 2338 simi
754 2279 998 2351 septimi.
1415 2332 1420 2336 ,

667 2373 889 2432 Postea,
921 2382 1068 2420 anno
1093 2362 1314 2420 Domini
1341 2362 1638 2416 millesimo
1667 2361 2058 2432 trecentesimo
2086 2378 2190 2416 no—

596 2459 884 2530 nagesimo
908 2472 1077 2521 nono,
1108 2455 1197 2508 die
1228 2451 1445 2507 decima
1472 2451 1713 2522 septima
1742 2451 1894 2516 Julii,
1931 2455 2058 2521 post
2089 2451 2190 2504 ob-

597 2550 739 2603 itum
766 2545 944 2601 felicis
972 2541 1370 2597 recordationis
1401 2540 1650 2610 przedicti
1672 2538 1944 2592 Gaull'ridi
1970 2539 2192 2593 Harenc

597 2636 817 2691 abbatis
848 2633 1003 2688 Becci
1031 2629 1280 2702 vigesimi
1311 2628 1512 2700 quinti,
1543 2644 1816 2682 consensu
1845 2627 2018 2681 totius
2055 2643 2188 2681 con-

595 2723 936 2796 gregationis
964 2727 1020 2774 et
1049 2718 1297 2774 omnium
1330 2717 1601 2788 priorum,
1628 2716 1699 2769 ad
1731 2716 2059 2769 electionem
2091 2715 2191 2770 de-

594 2814 708 2868 bite
736 2817 1077 2875 vocatorum,
1120 2824 1219 2878 per
1250 2805 1392 2859 viam
1426 2805 1602 2858 sancti
1639 2805 1900 2874 Spiritus,
1933 2803 2191 2858 omnibus

595 2899 1079 2964 concordantibus,
1113 2895 1408 2966 religiosus
1452 2898 1508 2947 et
1544 2894 1813 2946 honestus
1843 2892 1928 2945 vir
1957 2892 2191 2947 Guillel-

593 3008 718 3046 mus
759 2991 828 3044 de
877 2985 1295 3047 Annullaribus,
1330 2983 1511 3036 dictus
1550 2982 1618 3035 de
1657 2981 1834 3045 Valle,
1866 2987 2000 3034 tunc
2038 2980 2193 3051 prior

592 3077 907 3134 claustralis
935 3073 1113 3138 Becci,
1146 3073 1334 3126 divina
1362 3069 1776 3141 dispensatione
1814 3069 1924 3122 fuit
1958 3069 2185 3134 electus,

2274 1913 2343 1966 de
2370 1914 2649 1968 Malavilla
2682 1915 2915 1985 professi
2945 1916 3012 1969 de
3037 1917 3229 1983 Becco,
3253 1923 3310 1972 et
3333 1918 3402 1972 ab
3428 1919 3540 1973 isto
3563 1920 3733 1974 nobili
3763 1922 3849 1975 Pa-

2272 2005 2359 2055 tre
2389 2002 2699 2057 Guillermo
2728 2004 2838 2058 fuit
2879 2005 3181 2076 appellatio
3211 2006 3544 2078 interposita
3574 2016 3632 2063 et
3672 2011 3850 2064 sortita
3890 2055 3894 2065 .

2275 2095 2363 2146 est
2388 2109 2553 2146 suum
2583 2092 2863 2150 effectum.
2895 2093 3145 2148 Feodum
3174 2095 3243 2148 de
3275 2096 3610 2169 Feugueray
3638 2099 3850 2170 acquisi-

2277 2181 2354 2234 vit
2381 2197 2414 2233 a
2433 2181 2659 2235 domino
2689 2181 2997 2236 Guillermo
3027 2182 3224 2247 milite,
3253 2201 3355 2253 pro
3381 2202 3614 2240 summa
3631 2187 3848 2242 duorum

2274 2269 2426 2322 mille
2449 2269 2703 2323 ducentis
2723 2274 2780 2322 et
2809 2270 3218 2341 quinquaginta
3244 2272 3403 2326 libris
3425 2274 3844 2330 Turonensibus.

2271 2359 2321 2412 A
2349 2358 2576 2412 domino
2603 2360 2817 2413 Joanne
2854 2359 2923 2412 de
2962 2359 3192 2414 Boulaio
3221 2361 3398 2416 milite
3439 2363 3596 2419 aliud
3643 2365 3846 2420 feodum

2271 2447 2598 2517 contiguum
2636 2447 2847 2502 dictum
2889 2448 2959 2502 de
2993 2449 3208 2520 Boulay
3254 2467 3354 2521 pro
3403 2468 3631 2508 summa
3669 2470 3844 2508 novem

2271 2540 2495 2590 centum
2527 2535 2818 2591 librarum.

2341 2625 2489 2678 Nota
2509 2625 2658 2696 quod
2691 2641 2884 2679 muros
2913 2625 3206 2681 fortericiae
3233 2628 3450 2683 curavit
3478 2629 3604 2685 ﬁeri
3627 2630 3846 2685 Gauﬂ‘ri-

2272 2711 2376 2766 dus
2391 2713 2626 2773 Harenc,
2647 2714 2902 2768 maximae
2923 2714 3257 2781 latitudinis,
3280 2717 3541 2773 videlicet
3555 2720 3844 2790 quindecim

2272 2802 2499 2872 pedum,
2537 2803 2622 2856 vel
2655 2803 2801 2857 circa
2829 2803 2886 2856 in
2908 2802 3089 2870 basso,
3117 2810 3174 2858 et
3201 2805 3257 2858 in
3291 2806 3404 2860 alto
3426 2807 3620 2862 decem
3640 2809 3844 2880 pedum,

2274 2890 2587 2945 altitudinis
2607 2891 2837 2960 majoris
2860 2907 3028 2962 quam
3052 2892 3165 2946 sint
3194 2892 3340 2949 muri
3364 2894 3607 2951 civitatis
3628 2897 3848 2951 Avenio—

2273 2980 2482 3046 nensis,
2526 2983 2584 3032 et
2613 2979 2762 3033 infra
2789 2979 2964 3034 dictos
3003 2997 3193 3036 muros
3235 2981 3519 3038 inchoavit
3547 2986 3844 3056 quindecim

2270 3072 2456 3122 turres
2487 3084 2738 3138 magnas.
2770 3067 2884 3121 Iste
2914 3067 3230 3124 Willelmus
3272 3071 3467 3126 habuit
3500 3090 3535 3127 a
3565 3090 3693 3144 rege
3721 3090 3845 3144 prae-

591 3174 649 3224 et
672 3173 866 3239 postea
892 3181 926 3218 a
954 3160 1256 3218 reverendo
1286 3159 1343 3212 in
1366 3157 1587 3212 Christo
1609 3157 1776 3210 Patre
1807 3155 2033 3209 domino
2055 3155 2193 3209 Wil-
2212 3156 2489 3226 Cceptum
2533 3161 2597 3210 ut
2625 3155 2834 3210 dictum
2865 3173 3004 3227 opus
3048 3158 3423 3216 continuaret.
3455 3162 3528 3215 Et
3553 3162 3658 3217 fuit
3694 3161 3845 3216 turris

591 3259 770 3312 lermo
808 3255 878 3308 de
916 3252 1130 3305 Vienne
1169 3245 1608 3316 Rothomagensi
1651 3243 2085 3314 archiepiscopo,
2129 3244 2188 3297 in

591 3346 683 3400 die
697 3339 1105 3398 Translationis
1125 3337 1300 3390 sancti
1319 3333 1607 3406 Stephani,
1625 3331 2189 3387 benedictus.Deinde

591 3436 650 3489 in
679 3433 768 3486 die
814 3428 962 3483 beati
1011 3422 1406 3481 Bartholomzei
1443 3422 1718 3492 sequenti,
1753 3421 1901 3492 apud
1949 3421 2188 3474 Beccum

592 3526 823 3578 ovanter
852 3520 1107 3586 receptus
1138 3514 1198 3566 in
1250 3516 1532 3582 pastorem
1566 3527 1577 3563 :
1628 3509 1886 3563 omnibus
1941 3508 2094 3562 mitis
2132 3514 2190 3563 et

590 3607 850 3674 affabilis,
881 3604 1130 3660 omnium
1161 3617 1380 3655 morum
1413 3597 1689 3670 probitate
1727 3599 2062 3664 adornatus;
2093 3597 2188 3668 qui

589 3697 916 3771 praedictum
939 3689 1342 3747 monasterium
1371 3694 1598 3742 strenue
1620 3686 1926 3740 octodecim
1947 3685 2110 3740 annis
2133 3690 2189 3739 et

588 3787 837 3859 quinque
861 3780 1146 3837 mensibus
1176 3779 1320 3832 rexit
1349 3782 1405 3830 et
1425 3775 1777 3846 gubernavit.

660 3876 762 3930 Hic
790 3880 1044 3943 tempore
1065 3885 1166 3923 suo
1193 3867 1416 3921 feodum
1446 3865 1515 3918 de
1541 3862 1857 3934 Fengerito,
1884 3866 1942 3915 et
1960 3861 2186 3916 feodum

584 3967 654 4022 de
678 3965 948 4034 Bouleyo,
967 3957 1116 4031 apud
1141 3958 1406 4010 Sanctum
1429 3953 1736 4008 Martinum
1757 3951 1827 4004 de
1847 3951 2020 4004 Parco
2042 3949 2181 4016 sitis,

583 4053 914 4125 acquisivit;
949 4046 1208 4102 similiter
1231 4049 1414 4099 totum
1448 4042 1672 4096 feodum
1711 4041 1780 4094 de
1823 4039 2182 4093 Calvomonte

584 4161 650 4198 ex
666 4144 904 4211 integro,
919 4137 1066 4209 apud
1085 4137 1319 4189 Pontem
1337 4131 1566 4186 Antonii
1589 4135 1644 4184 et
1659 4128 1805 4199 apud
1823 4127 2144 4182 Russeriam
2165 4147 2176 4196 ;

581 4231 809 4287 feodum
841 4229 910 4281 de
947 4224 1169 4280 Mellino
1199 4220 1500 4286 Joscelinii,
1536 4224 1591 4272 et
1627 4217 1776 4288 apud
1822 4217 2180 4271 Servavillam

583 4320 810 4375 feodum
841 4313 1113 4378 Grandin,
1149 4317 1205 4366 et
1234 4311 1459 4365 feodum
1487 4308 1557 4361 de
1587 4308 1759 4361 Bosco
1791 4305 1939 4376 apud
1980 4306 2182 4360 Pome-

583 4409 762 4472 riaux,
794 4403 1017 4458 feodum
1061 4399 1284 4455 Henrici
1323 4398 1392 4451 de
1421 4394 1651 4465 Grongi.
1687 4395 1831 4449 Item
1877 4393 2182 4464 acquitavit

2270 3245 2497 3314 majoris
2539 3245 2852 3299 altitudinis
2894 3251 2952 3299 et
2995 3246 3308 3302 latitudinis
3353 3266 3526 3319 quam
3556 3251 3631 3305 sit
3674 3251 3845 3321 aliqua

2269 3334 2442 3387 turris
2488 3334 2546 3388 in
2575 3333 2852 3401 Marsilia;
2903 3340 2960 3388 et
2988 3336 3285 3406 complevit
3313 3336 3371 3390 in
3401 3340 3587 3409 spatio
3618 3339 3842 3410 quinque

2270 3438 2566 3488 annorum,
2587 3439 2688 3493 pro
2705 3422 2954 3493 quolibet
2973 3439 3121 3477 anno
3143 3441 3444 3495 exponens,
3464 3427 3526 3481 in
3548 3427 3842 3499 hujusmodi

2269 3511 2570 3575 fortericia,
2604 3511 2849 3582 quinque
2879 3511 3032 3566 mille
3058 3511 3226 3566 libras
3251 3514 3626 3571 Turonenses.

2341 3600 2452 3654 Istc
2481 3599 2823 3654 Guillermus
2849 3601 3144 3672 acquisivit
3171 3601 3395 3657 feodum
3421 3603 3489 3658 de
3523 3605 3750 3660 Meslino
3769 3606 3843 3660 Jo-

2268 3688 2430 3753 celin,
2455 3704 2603 3742 anno
2631 3687 2855 3742 Domini
2879 3688 3173 3744 millesimo
3201 3691 3747 3762 quadringentesimo
3767 3693 3844 3746 de-

2267 3776 2411 3831 cimo
2432 3776 2648 3847 quinto,
2664 3792 2698 3830 a
2716 3777 2942 3830 domino
2965 3776 3244 3839 Dobeaux,
3271 3783 3329 3832 et
3345 3779 3510 3834 solvit
3531 3782 3681 3835 mille
3705 3779 3843 3852 quin-

2265 3869 2464 3936 gentas
2495 3864 2687 3932 libras,
2721 3871 2785 3919 ut
2812 3871 2968 3936 patet
2991 3882 3091 3936 per
3116 3867 3501 3937 quittanciam.

2338 3954 2486 4008 Nota
2513 3953 2684 4007 etiam
2714 3953 2860 4024 quod
2901 3970 3002 4007 suo
3049 3958 3301 4026 tempore
3341 3956 3592 4026 quidam,
3637 3956 3840 4011 nomine

2263 4043 2424 4098 Joan.
2444 4043 2512 4096 de
2541 4043 2599 4096 la
2625 4041 2813 4097 Lande
2847 4042 2914 4095 de
2942 4042 3125 4108 Tillia,
3155 4049 3384 4115 propter
3403 4062 3720 4116 processum
3740 4060 3839 4098 mo-

2265 4137 2386 4186 tum
2409 4131 2560 4185 inter
2586 4147 2687 4184 nos
2717 4136 2772 4184 et
2803 4147 2951 4196 eum,
2981 4131 3273 4186 associavit
3302 4133 3408 4187 sibi
3435 4135 3724 4190 duodecim
3751 4134 3838 4186 ho-

2264 4221 2463 4287 mines,
2497 4220 2593 4292 qui
2624 4219 2878 4291 quotidie
2907 4221 3112 4274 armati
3141 4221 3454 4276 circuibant
3489 4224 3764 4278 abbatiam
3791 4226 3839 4275 et

2263 4309 2545 4380 prioratus
2574 4313 2814 4374 nostros,
2841 4314 2906 4362 ut
2953 4309 2999 4362 si
3041 4309 3288 4364 invenire
3319 4317 3550 4381 possent
3581 4327 3746 4367 unum
3778 4309 3836 4362 de

2263 4399 2470 4453 nostris
2495 4398 2608 4452 sive
2640 4398 2983 4468 religiosum,
3016 4398 3129 4452 sive
3157 4406 3270 4464 2|
3314 4401 3660 4466 servitorem,
3692 4397 3837 4453 muti-

581 4495 782 4567 viginti
811 4493 981 4547 libras
1008 4489 1281 4553 redditus,
1316 4502 1456 4557 quas
1493 4483 1786 4538 domicella
1824 4480 2042 4536 Joanna
2071 4473 2245 4536 La-D
2262 4484 2467 4552 larent,
2490 4490 2589 4539 aut
2607 4485 2942 4550 occiderent,
2960 4491 3016 4540 et
3037 4487 3444 4541 mandaverunt
3470 4489 3727 4560 praedicto
3748 4484 3834 4539 ab-

581 4586 811 4641 beneste
823 4580 1167 4656 percipiebat
1183 4575 1474 4632 annuatim
1491 4589 1660 4644 super
1681 4571 1904 4626 feodum
1921 4575 2179 4625 nostrum

582 4674 652 4729 de
680 4674 844 4744 Muys
870 4669 1018 4742 apud
1052 4664 1425 4722 Marbodium.
1455 4662 1596 4716 Item
1627 4659 1921 4732 acquisivit
1949 4660 2178 4714 domum

580 4769 833 4819 nostram
862 4758 1129 4822 Parisius,
1163 4755 1223 4809 in
1252 4767 1458 4822 magno
1488 4750 1607 4805 vico
1656 4749 1845 4805 Sancti
1881 4747 2090 4813 Jacobi,
2124 4753 2181 4802 et

580 4849 930 4908 amortisavit
946 4853 1003 4902 et
1027 4842 1352 4900 exoneravit
1369 4839 1661 4895 ecclesiam
1686 4839 1755 4893 de
1775 4843 2000 4892 centum
2019 4836 2176 4891 libris

579 4941 852 5006 redditus,
877 4937 974 5009 qui
1003 4933 1355 4989 debebantur
1383 4927 1826 4984 carturieniebus
1854 4926 2178 4981 Parisiensi-

578 5030 702 5098 bus,
736 5035 790 5084 et
821 5024 1055 5095 collegio
1085 5023 1154 5076 de
1185 5021 1526 5086 Dormanno,
1559 5017 1841 5072 mediante
1872 5019 2176 5087 apponcta-

579 5125 772 5174 mento
802 5118 951 5171 inter
971 5130 1072 5168 nos
1106 5116 1164 5166 et
1189 5109 1338 5180 ipsos
1368 5107 1532 5163 facto.
1572 5106 1718 5162 Item
1747 5107 1989 5160 ducenta
2020 5109 2179 5158 scuta

579 5210 702 5264 auri
731 5205 933 5262 Joanni
962 5204 1030 5258 de
1051 5200 1224 5255 Vadis
1252 5198 1532 5265 restituit;
1563 5196 1658 5269 qui
1687 5197 1930 5251 Joannes
1959 5209 2176 5248 accom-

579 5299 906 5353 modaverat
934 5292 1196 5366 praedicto
1227 5288 1514 5344 Gautl'rido
1535 5288 1782 5351 Harenc,
1822 5289 1880 5338 et
1908 5283 2178 5354 magistro

578 5388 793 5442 militiae
851 5386 920 5439 de
965 5382 1208 5447 Rhodes,
1249 5377 1658 5453 quadringenta
1695 5379 1853 5428 scuta
1884 5372 2006 5426 auri
2055 5389 2177 5442 qua)

577 5476 698 5547 ipse
753 5473 1212 5530 accomodaverat
1260 5467 1525 5541 praedicto
1573 5463 1862 5519 Gauffrido
1931 5462 2171 5528 Harenc,

577 5565 637 5619 in
696 5563 1147 5634 peregrinatione
1188 5575 1309 5625 sua,
1353 5562 1411 5611 et
1454 5555 1628 5608 multa
1683 5550 2062 5621 haereditagia,
2105 5550 2174 5604 de

583 5653 784 5731 quibus
807 5669 908 5724 per
928 5656 1092 5724 pacta
1111 5652 1296 5723 potest
1315 5659 1604 5720 apparere.
1631 5643 1756 5715 Ipse
1776 5640 1946 5696 etiam
1970 5639 2175 5695 institit

2259 4573 2376 4628 bati
2407 4591 2507 4646 per
2535 4575 2839 4645 quamdam
2868 4575 3122 4630 cedulam
3153 4576 3431 4647 signatam
3461 4595 3654 4632 eorum
3679 4573 3833 4646 signis

2262 4663 2410 4734 quod
2441 4680 2567 4718 eum
2597 4663 2930 4731 occiderent,
2965 4665 3009 4718 si
3049 4681 3178 4720 eum
3201 4665 3351 4720 exire
3375 4667 3718 4738 contingeret
3739 4651 3768 4732 ;¹
3787 4666 3835 4716 et

2261 4751 2307 4806 si
2325 4768 2437 4807 non
2458 4753 2652 4820 exiret,
2675 4757 2853 4808 totam
2879 4753 3109 4808 domum
3129 4754 3509 4810 incenderent.
3534 4756 3603 4810 Et
3621 4755 3687 4809 de
3705 4753 3832 4807 facto

2258 4841 2448 4913 plures
2459 4842 2750 4913 religiosos
2769 4847 2964 4897 euntes
2983 4843 3052 4896 ad
3073 4843 3298 4913 negotia
3312 4859 3414 4898 sua
3433 4843 3830 4904 mutilaverunt,

2259 4935 2316 4985 et
2346 4931 2494 5003 apud
2525 4932 2791 4986 Sanctum
2820 4931 3191 4986 Philibertum
3220 4949 3396 4986 unum
3426 4933 3753 4996 occiderunt,
3785 4932 3833 4981 et

2260 5019 2311 5073 ei
2330 5019 2528 5091 pedem
2544 5023 2993 5091 amputaverunt,
3019 5025 3075 5073 et
3095 5019 3266 5073 alium
3289 5018 3832 5074 mutilaverunt.Con-

2258 5108 2436 5163 victus
2461 5109 2530 5162 de
2555 5108 2815 5163 omnibus
2844 5107 3129 5162 maleﬁciis
3159 5108 3457 5180 praedictis,
3491 5115 3547 5163 et
3578 5108 3740 5162 etiam
3771 5103 3830 5157 de

2257 5194 2407 5248 furto
2452 5210 2747 5248 nemorum
2794 5197 3136 5259 nostrorum,
3165 5210 3403 5264 quorum
3443 5193 3689 5248 custodia
3714 5193 3828 5244 ante

2262 5287 2384 5336 erat
2413 5281 2518 5336 sibi
2543 5281 2860 5348 commissa,
2886 5281 3134 5336 Parisius
3154 5279 3262 5336 fuit
3287 5280 3569 5347 bannitus,
3603 5284 3665 5333 ut
3690 5279 3827 5349 patet

2258 5387 2360 5442 per
2389 5386 2710 5441 processum
2739 5387 2922 5437 suum,
2955 5369 3051 5442 qui
3079 5375 3164 5423 est
3191 5369 3250 5422 in
3279 5370 3635 5426 chartulario.

2329 5459 2634 5528 Postquam
2683 5463 2872 5511 autem
2918 5457 3026 5513 fuit
3075 5457 3137 5513 in
3175 5458 3418 5513 Ecclesia
3463 5475 3561 5530 per
3601 5451 3823 5527 spatium

2256 5547 2503 5621 quinque
2513 5563 2964 5614 annorum,anno
2986 5546 3282 5602 millesimo
3299 5541 3821 5620 quadringentesimo

2256 5641 2476 5716 quarto,
2523 5642 2822 5710 postquam
2851 5635 3168 5692 obedientia
3196 5637 3302 5696 fuit
3337 5637 3553 5694 reddita
3581 5637 3737 5691 Petro
3760 5628 3820 5682 de
