3920 6354
1266 375 1691 431 CHRONICON
1729 374 2119 431 BECCENSE.
3217 375 3322 434 678

83 508 239 566 Luna,
288 502 437 557 dicto
478 503 791 567 Benedicto,
835 517 957 572 qum
994 499 1099 554 sibi
1130 504 1296 554 antea
1357 500 1798 559 subtractaAad
1829 500 2061 555 ﬂuvium
2088 499 2257 564 Risle,
2289 503 2516 570 excepto
2542 505 2731 553 monte
2765 500 2953 554 Sancti
2997 501 3308 561 Michaelis.

81 596 258 659 fuerat,
310 593 601 647 occasione
650 590 965 645 schismatis
1022 590 1166 660 quod
1227 594 1361 643 tunc
1416 594 1538 642 erat
1588 589 1648 642 in
1731 590 1800 644 Et
1822 589 1992 643 etiam
2018 588 2261 643 obtinuit
2306 589 2754 643 Cenomanorum
2802 590 3150 659 comitatum,
3191 608 3320 646 cum

81 681 321 747 Ecclesia,
356 681 587 751 quidam
610 678 921 735 Ludovicus
940 677 1121 732 dictus
1151 678 1220 731 de
1241 677 1646 742 Chantemelle,
1731 680 2009 750 adjacenti
2039 680 2289 750 regione.

80 771 228 826 abbas
251 769 319 823 de
340 769 613 835 Troarno,
653 766 990 839 procurabat
1030 766 1179 837 apud
1221 765 1514 837 praefatum
1558 782 1652 837 pa-
1804 769 1872 822 Et
1899 769 1995 823 illo
2024 774 2277 839 tempore
2306 785 2502 823 omnes
2546 768 2660 824 fere
2706 769 3024 825 habitantes
3070 774 3127 825 et
3165 787 3319 827 com-

79 875 188 930 pam
218 857 434 911 institui
458 858 518 911 in
542 855 807 928 praedicto
830 855 1173 910 monasterio
1202 854 1484 919 Beccensi,
1518 855 1650 925 quia
1731 861 2016 911 morantes
2045 856 2192 911 circa
2219 858 2478 924 Beccum,
2500 862 2618 911 tam
2646 857 2862 912 nobiles
2906 875 3075 929 quam
3101 859 3316 927 incolae,

79 946 226 1000 abbas
246 945 539 1000 Beccensis
570 945 819 1000 nondum
851 944 1082 999 miserat
1105 943 1174 997 ad
1197 943 1541 1006 curiam,nec
1558 960 1650 996 va-
1729 950 2084 1001 retraxerunt
2112 963 2172 999 se
2213 963 2340 1000 cum
2385 946 2545 1000 bonis
2591 946 2707 1001 suis
2753 947 2811 999 in
2857 946 3137 1002 fortericia
3185 949 3321 1004 dicti

79 1041 283 1089 cantem
299 1034 564 1099 solverat,
593 1032 882 1088 occasione
901 1032 1181 1104 praedictae
1197 1031 1640 1098 substractionis;
1725 1033 2070 1100 monasterii,
2099 1034 2155 1087 in
2176 1038 2337 1088 tanta
2355 1034 2668 1104 quantitate
2688 1035 2835 1105 quod
2854 1035 3104 1105 oportuit
3113 1036 3322 1092 dictam

80 1124 254 1178 idcirco
291 1122 535 1194 arripuit
560 1123 668 1177 iter
698 1123 769 1177 ad
790 1122 1116 1188 Massiliam,
1148 1121 1244 1175 ubi
1267 1127 1404 1177 tunc
1429 1125 1645 1190 tempo—
1723 1120 2062 1175 fortericiam
2090 1123 2352 1193 gentibus
2381 1128 2438 1176 et
2460 1122 2812 1188 victualibus,
2855 1125 3111 1195 expensis
3140 1126 3319 1180 eccle-

84 380 171 436 677

79 1212 141 1266 ris
166 1211 456 1282 praedictus
494 1210 831 1266 Benedictus
857 1208 1111 1280 degebat,
1154 1209 1269 1279 qui,
1313 1225 1378 1262 eo
1423 1207 1538 1260 viso
1588 1211 1645 1260 et

78 1301 211 1372 gravi
264 1302 385 1372 ejus
415 1301 736 1355 constantia
765 1299 1112 1366 considerata
1136 1302 1192 1351 et
1221 1296 1489 1351 electione
1527 1296 1646 1366 ejus

78 1390 290 1456 visitata,
324 1391 448 1461 ipse
490 1406 614 1443 eam
665 1388 1033 1454 conﬁrmavit,
1079 1393 1136 1440 et
1179 1385 1404 1439 licentia
1440 1401 1473 1439 a
1513 1385 1646 1438 sede

78 1480 352 1552 apostolica
406 1484 639 1550 accepta
692 1479 764 1533 ad
818 1475 1222 1532 monasterium
1265 1475 1472 1543 rediit;
1523 1492 1646 1546 quae

77 1568 425 1627 controversia
488 1569 648 1622 valde
702 1566 954 1638 gravavit
1008 1565 1330 1630 Ecclesiam,
1378 1569 1498 1618 tam
1544 1579 1646 1634 pro

76 1656 299 1726 expensis
327 1672 507 1727 quam
535 1671 636 1726 pro
664 1659 895 1708 vacante
920 1652 1203 1707 solvenda.

130 1744 262 1798 Nota
289 1743 438 1814 quod
471 1759 623 1797 anno
648 1741 871 1796 Domini
893 1740 1191 1794 millesimo
1217 1739 1648 1810 quadringente-

1725 1208 1840 1276 siee,
1884 1208 2123 1264 munire.
2164 1210 2429 1281 Oportuit
2469 1210 2641 1264 etiam
2701 1211 2930 1265 consilio
2997 1213 3316 1285 aliquorum

1726 1296 2016 1353 destruere
2040 1303 2098 1352 et
2124 1298 2382 1353 demoliri
2401 1300 2591 1355 omnia
2614 1300 2848 1354 aediﬁcia
2864 1300 2997 1355 dicti
3029 1307 3315 1358 monaste-

1727 1385 1816 1448 rii,
1850 1392 2008 1440 extra
2051 1387 2369 1441 clausuram
2407 1387 2701 1442 fortericite
2747 1389 3060 1455 existentia,
3105 1391 3318 1446 scilicet

1727 1474 1915 1528 aulam
1944 1475 2150 1528 dictam
2176 1476 2233 1528 la
2258 1475 2609 1542 Malmaison,
2637 1476 2832 1531 domos
2857 1483 2987 1531 ante
3009 1479 3319 1552 eleemosy-

1728 1578 1881 1626 nam,
1918 1563 2149 1616 domum
2180 1562 2484 1629 fabrorum,
2509 1564 2704 1617 domos
2732 1565 3319 1637 hospitum,capellam

1729 1651 1918 1705 Sancti
1944 1651 2218 1717 Herluini,
2242 1668 2372 1706 cum
2384 1652 2510 1706 aliis
2530 1652 2724 1706 multis
2743 1653 3002 1709 domibus
3018 1661 3075 1709 et
3084 1655 3322 1711 ofﬁcinis
3344 1722 3347 1723 ν

1727 1739 1875 1793 circa
1903 1740 1970 1792 ad
1972 1741 1993 1810 j
2001 1740 2305 1794 acentibus.
2330 1740 2595 1810 Oportuit
2614 1742 2785 1795 etiam
2798 1747 2992 1797 taxare
3011 1742 3240 1798 bladum
3260 1745 3320 1800 in

75 1831 191 1886 simo
220 1813 432 1903 quinto,
466 1836 743 1902 regnante
767 1830 965 1886 Carolo
1003 1846 1134 1900 rege
1176 1829 1538 1893 Francorum,
1580 1828 1640 1882 in
1661 1813 2016 1883 Brefectorio
2049 1835 2105 1882 et
2130 1828 2321 1882 fenum
2352 1829 2409 1883 in
2435 1830 2701 1900 capitulo,
2733 1830 2795 1884 in
2816 1831 3321 1887 maximatribula-

76 1938 198 1975 anno
224 1922 378 1992 regni
406 1921 503 1975 sui
551 1920 816 1990 vigesimo
852 1924 1071 1990 quarto,
1122 1918 1229 1972 fuit
1260 1917 1481 1971 reddita
1510 1916 1643 1971 obe-

76 2010 255 2065 dientia
279 2011 514 2065 domino
543 2026 717 2081 papae,
750 2026 852 2080 per
880 2025 1048 2079 quam
1078 2012 1246 2061 antea
1260 2011 1423 2061 erant
1438 2006 1645 2061 beneﬁ-

78 2099 146 2151 cia
166 2100 217 2153 in
242 2098 617 2170 dispositione
644 2097 1055 2151 ordinariorum
1088 2095 1446 2161 conferenda,
1464 2100 1521 2149 et
1550 2112 1644 2149 or-

78 2186 182 2240 dine
209 2187 346 2257 juris
392 2186 702 2241 electiones
749 2184 1201 2251 celebrabantur;
1244 2188 1302 2238 et
1339 2188 1468 2254 post
1507 2182 1642 2237 obe-

78 2274 308 2330 dientiam
325 2276 613 2330 redditam
633 2275 691 2329 in
712 2291 883 2328 manu
898 2290 1075 2345 papae,
1099 2272 1277 2327 voluit
1292 2288 1439 2343 papa
1458 2274 1644 2328 levare

77 2365 351 2419 vacantiam
382 2363 789 2418 beneﬁciorum
820 2367 935 2416 tam
957 2361 1302 2432 regularium
1333 2377 1500 2432 quam
1538 2378 1644 2415 sae-

79 2453 332 2519 cularium,
356 2470 487 2525 quae
535 2456 868 2506 vacaverant
920 2456 1052 2505 ante
1105 2450 1479 2504 redditionem
1517 2450 1646 2504 obe-

77 2540 285 2596 dientia.
315 2542 479 2606 Quod
507 2556 622 2596 non
652 2539 835 2611 potuit
862 2539 1136 2604 obtinere,
1179 2555 1311 2608 rege
1359 2538 1644 2593 contradi-

1724 1915 1875 1970 tione
1891 1917 2145 1971 etdolore
2157 1918 2426 1972 ommium
2450 1919 2907 1974 domesticorum.
2931 1921 2999 1974 Et
3018 1928 3144 1992 post
3161 1927 3321 1978 tanta

1724 2005 2080 2060 incommoda
2105 2006 2403 2076 praedictus
2430 2007 2769 2061 reverendus
2791 2009 2962 2062 Pater
2980 2009 3317 2066 Guillelmus

1724 2093 1916 2161 abbas,
1961 2094 2282 2164 hujusmodi
2327 2094 2695 2150 incommodis
2751 2092 2951 2152 anxius
3009 2103 3067 2152 et
3115 2098 3312 2167 tristis,

1723 2183 2011 2254 aegrotavit
2036 2184 2151 2236 fere
2180 2200 2280 2254 per
2316 2190 2559 2253 quatuor
2582 2201 2822 2240 menses.
2846 2185 2969 2250 Qua
2985 2186 3317 2244 inﬁrmitate

1722 2272 2163 2342 ingravescente,
2221 2272 2460 2326 decessit
2515 2273 2685 2327 tertia
2735 2274 2825 2327 die
2877 2275 3131 2329 Januarii
3183 2277 3319 2331 anni

1725 2360 1973 2431 praedicti
1998 2360 2280 2414 millesimi
2293 2361 2833 2432 quadringentesimi
2850 2363 3052 2417 decimi
3068 2366 3316 2436 septimi,

1725 2449 1976 2520 sepultus
2003 2449 2062 2503 in
2095 2449 2277 2503 medio
2305 2450 2461 2504 chori
2490 2456 2623 2504 ante
2655 2451 2990 2522 pedaneum,
3031 2452 3129 2507 ubi
3176 2454 3321 2509 solet

1725 2537 1903 2608 accipi
1931 2535 2261 2592 benedictio.
2298 2539 2472 2609 Cujus
2500 2539 2692 2593 anima
2709 2540 3025 2611 requiescat
3051 2541 3111 2596 in
3149 2558 3314 2614 pace.

80 2628 632 2685 cente.Etdeclaravit
656 2628 1027 2683 intentionem
1051 2643 1234 2692 suam,
1260 2632 1317 2681 et
1340 2626 1645 2697 praedicare
1795 2627 1944 2681 Nota
1972 2627 2121 2698 quod
2151 2628 2223 2681 ad
2251 2628 2593 2682 fortericiam
2632 2629 2792 2683 Becci
2842 2629 3170 2698 faciendam,
3216 2631 3319 2686 ho-

75 2715 184 2772 fecit
196 2718 249 2773 in
275 2718 515 2773 ecclesia
540 2722 742 2772 nostrae
773 2716 1026 2772 Dominae
1056 2715 1335 2783 Parisius;
1365 2716 1513 2786 quod
1529 2731 1642 2770 non
1725 2715 1905 2769 mines
1926 2720 2183 2769 tenentes
2211 2716 2280 2770 de
2309 2717 2541 2771 ecclesia
2569 2717 2748 2783 Becci,
2775 2720 3051 2788 compulsi
3089 2726 3218 2775 sunt
3249 2720 3321 2774 ad

78 2806 231 2875 potuit
254 2807 532 2873 obtinere,
561 2822 693 2876 rege
724 2805 1157 2859 contradicente.
1722 2803 2188 2858 contribuendum
2227 2821 2327 2874 pro
2357 2806 2608 2874 qualibet
2624 2822 2757 2861 acra
2780 2811 2970 2873 terrai,
2990 2825 3159 2878 quam
3190 2809 3321 2864 inde

131 2897 274 2950 Anno
292 2893 526 2950 Domini
539 2894 833 2949 millesimo
855 2892 1406 2966 quadringentesimo
1426 2893 1643 2948 decimo
1721 2891 2008 2957 tenebant,
2029 2893 2245 2947 solvere
2261 2893 2555 2948 dimidium
2574 2895 2846 2950 ﬂorenum
2864 2896 3007 2950 auri.
3027 2898 3096 2951 Et
3113 2898 3319 2952 iterum

81 2982 260 3051 quinto,
293 3001 489 3039 mense
515 2982 777 3053 Augusti,
809 2982 867 3036 in
899 2982 1087 3052 vigilia
1116 2982 1295 3036 sancti
1323 2981 1631 3049 Laurentii,
1724 2998 2047 3035 concessum
2078 2981 2238 3035 nobis
2269 2988 2354 3036 est
2381 2983 2568 3037 aduce
2593 2983 3116 3052 Northmanniae,ut
3133 2986 3320 3041 levare

82 3086 199 3125 anno
235 3072 530 3141 regiminis
575 3071 822 3143 praedicti
868 3071 1163 3126 Guillermi
1202 3071 1419 3124 decimo
1465 3075 1641 3137 sexto,
1666 3086 2015 3147 “possemus
2061 3087 2163 3141 per
2208 3071 2437 3125 modum
2505 3072 2759 3140 subsidii,
2810 3074 2880 3129 ab
2929 3091 3043 3129 uno
3095 3092 3318 3147 quoque

83 3158 321 3217 Henricus
347 3177 447 3216 rex
497 3160 802 3230 Anglorum
843 3160 1075 3231 quintus
1102 3159 1374 3230 applicuit
1396 3158 1455 3213 in
1497 3160 1644 3213 Nor-
1664 3158 1707 3187 υ
1725 3159 2019 3214 hominum
2038 3165 2380 3228 nostrorum,
2410 3177 2511 3231 pro
2531 3161 2783 3232 quolibet
2803 3165 3318 3231 mense,duodecim

82 3246 565 3314 thmanniam,cum
587 3264 789 3319 magno
808 3249 1074 3315 exercitu,
1098 3253 1153 3301 et
1172 3247 1398 3302 navium
1420 3247 1647 3319 copiosa
1725 3248 2002 3313 denarios,
2034 3265 2135 3320 pro
2180 3248 2351 3303 simili
2391 3266 2562 3305 causa
2595 3249 2907 3319 fortericiae,
2960 3258 3025 3307 ut
3060 3258 3216 3325 patet
3259 3255 3345 3310 in.

83 3336 431 3407 multitudine,
466 3342 529 3390 et
555 3336 790 3402 obsedit,
820 3353 884 3390 ac
910 3337 968 3390 in
992 3336 1144 3390 brevi
1174 3336 1417 3390 obtinuit
1456 3336 1645 3391 villam
1723 3337 2032 3408 repertorio
2070 3354 2229 3403 novo,
2264 3338 2322 3392 in
2344 3338 2509 3392 titulo
2537 3339 2968 3396 fortiﬁcationis.

84 3422 137 3476 de
161 3426 431 3481 Hareﬂoto
462 3426 654 3496 [vulgo
682 3424 986 3496 Har/lcur],
1015 3431 1073 3479 et
1086 3442 1209 3480 eam
1232 3425 1646 3495 munivitgente
1797 3427 1942 3480 Nota
1970 3426 2120 3497 quod
2160 3427 2402 3481 Joannes
2431 3428 2499 3482 de
2548 3428 2869 3502 Chambray
2900 3429 3033 3486 fecit
3065 3430 3322 3497 tumbam

85 3527 181 3577 sua,
210 3515 465 3586 expulsis,
515 3513 745 3568 civibus.
793 3514 992 3568 Postea
1033 3514 1271 3585 arripuit
1309 3514 1418 3568 iter
1451 3531 1646 3569 versus
1726 3514 1940 3568 domini
1969 3515 2253 3569 Guillelmi
2280 3515 2516 3583 abbatis,
2541 3522 2598 3571 et
2616 3518 2799 3572 soluta
2841 3526 2965 3586 ξιτ
3000 3527 3134 3576 sunt
3181 3537 3321 3593 qua-

87 3601 345 3669 Calesium,
380 3620 487 3675 per
507 3619 714 3674 pagum
732 3602 1102 3668 Caletensem,
1126 3607 1184 3656 et
1201 3619 1303 3673 per
1316 3603 1645 3658 comitatum
1726 3603 1989 3673 draginta
2016 3613 2194 3671 scuta,
2226 3610 2290 3659 ut
2311 3611 2465 3676 patet
2489 3606 2550 3660 in
2579 3607 2920 3662 chartulario
2950 3626 3051 3680 per
3071 3611 3321 3682 quittan-

86 3689 138 3742 de
158 3691 437 3747 Pontumal
464 3711 479 3762 ,
516 3697 574 3746 et
599 3707 725 3746 cum
758 3691 1003 3745 venisset
1016 3691 1075 3745 in
1104 3707 1313 3761 pagum
1333 3691 1647 3745 Tarvanen-
1728 3691 1892 3759 ciam,
1923 3693 1983 3746 in
2010 3692 2243 3748 fardello
2272 3693 2493 3765 signato
2524 3712 2641 3766 per.
2679 3736 2711 3750 ..
2743 3702 2798 3750 et
2842 3703 2977 3752 nota
3005 3700 3156 3769 quod
3200 3701 3320 3771 ipse

88 3794 197 3844 sem,
242 3781 295 3834 in
346 3782 536 3835 locum
575 3779 672 3851 qui
712 3779 918 3834 dicitur
955 3780 1226 3850 Agincort
1273 3779 1636 3849 (Azincourt),
1725 3780 2673 3852 tenebaturcameraeapostolicaein
2690 3785 2842 3838 mille
2863 3787 3089 3841 ﬂorenis
3109 3803 3324 3849 annua-
3404 3854 3409 3863 κ

88 3865 251 3923 habuit
275 3870 533 3940 praelium
590 3885 717 3923 cum
758 3867 1005 3923 exercitu
1050 3868 1398 3922 Francorum
1448 3867 1506 3921 in
1555 3867 1644 3923 die
1724 3869 1848 3937 tim,
1878 3874 1942 3924 ut
1956 3876 2112 3941 patet
2134 3888 2235 3942 per
2257 3872 2612 3942 quittancias,
2632 3872 2691 3927 in
2711 3889 2843 3928 arca
2858 3874 3314 3945 quittanciarum.

89 3961 367 4013 Sanctorum
397 3957 645 4028 Crispini
687 3962 745 4011 et
780 3957 1138 4028 Crispiniani.
1187 3958 1252 4012 In
1294 3974 1405 4029 quo
1452 3957 1644 4028 praelia

90 4040 173 4097 fuit
202 4062 396 4117 magna
437 4046 620 4101 caedes
669 4046 1032 4113 Francorum,
1085 4051 1143 4100 et
1192 4046 1271 4100 ibi
1313 4050 1649 4101 corruerunt

91 4132 241 4201 multi,
269 4140 383 4190 tam
406 4135 580 4191 duces
610 4152 779 4206 quam
799 4136 1029 4190 comites
1059 4140 1117 4189 et
1142 4134 1402 4201 barones,
1430 4151 1647 4189 necnon

92 4224 135 4272 et
157 4223 302 4278 multi
353 4224 593 4291 nobiles,
627 4230 685 4278 et
715 4240 912 4278 eorum
931 4224 1097 4278 multi
1118 4223 1286 4295 capti,
1323 4228 1380 4279 et
1407 4224 1559 4278 ducti
1586 4224 1647 4278 in

91 4306 312 4379 Angliam
368 4310 606 4367 vinculis
654 4313 957 4384 mancipati
1010 4313 1257 4379 fuerunt,
1315 4317 1373 4367 et
1410 4313 1506 4367 alii
1580 4313 1649 4367 de

93 4401 296 4456 exercitu
328 4402 679 4456 Francorum
725 4401 1007 4472 fugerunt.
1054 4401 1419 4457 Postmodum
1443 4401 1711 4473 praedi-D

93 4489 189 4540 ctus
212 4505 299 4544 rex
320 4489 788 4546 transfretavit‘in
818 4490 1100 4561 Angliam,
1135 4506 1263 4546 cum
1302 4490 1491 4562 praeda
1526 4506 1649 4545 ma-

96 4573 214 4631 xima
243 4585 466 4652 accepta
488 4579 550 4634 in
578 4578 788 4651 praelio.

149 4664 207 4719 Et
227 4672 475 4740 tempore
503 4668 762 4736 durante,
797 4667 1204 4724 monasterium
1232 4668 1504 4723 Beccense
1524 4684 1648 4723 ma-

94 4764 233 4820 gnam
257 4774 483 4828 passum
511 4762 600 4812 est
620 4757 865 4827 ruinam,
892 4761 1123 4829 totaque
1142 4756 1296 4828 regio
1335 4774 1369 4811 a
1394 4757 1643 4826 Francis,

96 4841 172 4910 qui
192 4843 451 4903 insultum
504 4846 783 4904 faciebant
831 4851 1027 4902 contra
1071 4863 1265 4918 regem
1314 4847 1645 4917 Anglorum,

97 4934 414 5006 Oportuitque
442 4935 817 4991 munitionem
839 4935 1046 4990 habere
1078 4935 1138 4989 in
1165 4935 1449 4990 fortericia
1472 4936 1648 5007 ipsius

98 5025 382 5079 monasterii
412 5024 670 5096 expensis
698 5024 962 5091 ecclesiae,
995 5029 1225 5096 propter
1268 5024 1555 5079 cursiones
1592 5029 1651 5078 et

98 5102 371 5167 invasiones
392 5115 723 5185 Anglorum,
752 5114 814 5169 in
836 5114 1105 5169 damnum
1133 5119 1191 5169 et
1211 5113 1649 5169 destructionem

98 5192 242 5265 ipsius
267 5203 531 5263 ecclesiae.

154 5286 215 5342 Et
237 5306 375 5346 anno
404 5292 629 5349 Domini
664 5291 964 5347 millesimo
996 5291 1548 5364 quadringentesimo
1562 5291 1655 5347 de-

101 5372 218 5430 cimo
245 5381 494 5452 septimo,
517 5382 700 5454 prima
727 5381 817 5436 die
840 5382 1049 5436 mensis
1077 5382 1337 5453 Augusti,
1355 5381 1653 5453 praedictus

103 5460 339 5524 Henricus
366 5487 462 5525 rex
500 5471 810 5542 Anglorum
859 5471 1065 5526 iterum
1094 5471 1366 5543 applicuit
1408 5471 1467 5525 in
1508 5472 1654 5526 Nor—

102 5550 438 5627 thmanniam,
463 5560 611 5632 apud
630 5559 854 5615 Tolcam
871 5561 1135 5632 (Touque)
1161 5579 1174 5629 ;
1194 5564 1251 5614 et
1269 5560 1328 5614 in
1343 5577 1438 5614 sex
1455 5560 1655 5614 mensi-

104 5635 187 5695 bus
203 5644 433 5705 obtinuit
447 5653 624 5707 totam
643 5649 966 5706 inferiorem
980 5649 1447 5706 Northmanniam
1456 5666 1653 5722 ,usque

2344 3972 2691 4016 EPITAPHIUM
2700 3998 2711 4012 .

1868 4050 1970 4103 Hic
1987 4051 2131 4118 jacet
2147 4052 2454 4118 exemplum
2484 4050 2763 4117 bonitatis,
2796 4053 2989 4119 regula
3036 4067 3279 4122 morum,

1868 4139 2106 4192 Iustitiae
2126 4141 2413 4206 templum,
2439 4137 2566 4205 ﬁdet
2588 4153 2697 4203 vas,
2736 4141 2840 4192 tua:
2870 4141 3286 4210 monachorum,

1874 4224 2233 4291 Guillermus,
2265 4227 2446 4294 frater
2471 4227 2752 4294 quondam
2771 4229 2834 4281 de
2877 4228 3015 4283 Valte
3048 4235 3289 4301 vocatus,

1872 4315 2211 4383 Canobiique
2235 4317 2398 4368 Pater
2425 4318 2714 4383 Beccensis,
2737 4318 2957 4384 origine
2986 4323 3153 4374 natus

1868 4403 1950 4458 Ea:
1985 4403 2393 4468 Emutlaribus,
2426 4406 2658 4459 diwcesis
2692 4406 3048 4461 Lexoviensis.

1870 4491 2043 4545 Abbas
2058 4492 2352 4558 vigesimus
2370 4497 2554 4547 sextus
2575 4512 2592 4559 ;
2621 4508 2782 4563 quem
2809 4496 3006 4564 ﬂebitis
3038 4497 3182 4551 ensis

1871 4580 2105 4634 Funeris
2131 4580 2403 4647 exhausit,
2426 4584 2625 4637 vitalia
2652 4585 2854 4652 ﬁlaque
2883 4588 3044 4640 rasit.

1870 4669 2019 4723 Nam
2052 4671 2218 4722 nixus
2243 4669 2475 4734 Christo,
2512 4673 2722 4725 mundo
2744 4675 3010 4740 migravit
3040 4676 3110 4728 ab
3136 4677 3269 4743 isto,

1868 4756 2032 4813 Anno
2053 4759 2280 4812 milteno
2310 4762 2531 4812 centum
2559 4765 2774 4828 quater,
2808 4762 3051 4829 adaeque
3077 4764 3219 4819 dena

1868 4844 2099 4916 Septem,
2129 4851 2261 4899 tunc
2290 4850 2451 4899 terna
2469 4848 2718 4914 jamJam
2748 4849 2956 4902 lucente
2980 4851 3228 4905 lucerna.

1881 4937 2030 4991 Vivat
2055 4940 2375 4989 sanctorum
2395 4950 2612 4990 consors
2636 4950 2800 5003 super
2843 4940 2997 4991 astra
3038 4941 3318 5006 potorum.

1940 5025 2142 5079 Amen.

1799 5113 1962 5168 Anno
1988 5111 2212 5168 Domini
2228 5111 2523 5167 millesimo
2538 5111 3092 5185 quadringentesimo
3108 5115 3324 5173 decimo

1736 5202 1996 5274 septimo,
2047 5219 2218 5274 supra
2255 5209 2567 5258 memorato
2612 5202 2703 5257 die
2742 5203 2931 5272 Lunae,
2967 5211 3099 5259 ante
3136 5222 3324 5261 sacros

1736 5291 1984 5359 Cineres,
2034 5297 2192 5347 sexta
2225 5291 2318 5347 die
2358 5292 2567 5347 mensis
2607 5291 2915 5360 Februarii,
2960 5298 3087 5364 post
3110 5293 3326 5350 obitum

1737 5381 2045 5453 supradicti
2072 5381 2405 5437 venerabilis
2436 5380 2729 5435 Guillermi
2756 5381 3008 5451 vigesimi
3049 5383 3189 5437 sexti
3230 5383 3326 5439 ab-

1736 5469 1899 5536 batis,
1932 5471 2260 5525 venerandae
2280 5469 2652 5535 discretionis,
2675 5486 2738 5524 ac
2761 5470 3059 5525 eminentis
3080 5471 3326 5528 scientiae

1734 5560 1819 5613 vir
1846 5559 2108 5614 dominus
2132 5560 2410 5616 Robertus
2436 5559 2507 5615 de
2535 5560 2729 5626 Becco,
2771 5558 2955 5614 dictus
2990 5560 3204 5630 Vallée,
3232 5563 3332 5619 de-

1733 5652 2017 5705 cretorum
2041 5648 2229 5705 doctor
2271 5648 2530 5721 eximius,
2576 5648 2646 5705 de
2692 5648 2823 5704 villa
2837 5649 2998 5706 Becci
3030 5650 3328 5725 oriundus,
