3920 6354
568 324 672 381 679
1523 325 1620 378 AD
1661 323 1899 379 OPERA
1940 324 2000 378 B.
2045 323 2458 379 LANFRANCI
2497 321 2883 378 APPENDIX.
3723 321 3817 382 680

562 455 698 506 tunc
726 449 878 521 prior
906 447 976 501 de
1005 447 1173 502 Prato
1195 448 1358 518 juxta
1377 447 1809 519 Rothomagum,
1843 449 1901 503 in
1913 449 2155 519 capitulo
2175 452 2220 510 A
2239 448 2614 504 obedientiam
2633 447 2808 515 ipsius
2833 446 3000 516 regis,
3025 451 3080 500 et
3099 445 3817 504 nihilominussolvebantur

564 538 845 601 Beccensi,
881 537 1120 590 fratrum
1149 536 1402 590 unanimi
1435 553 1684 602 assensu,
1721 555 1822 606 per
1835 538 1974 591 viam
1991 537 2160 608 Spiri-
2245 536 2524 608 stipendia
2546 535 2858 604 armigeris,
2882 534 2942 588 in
2970 534 3118 588 dicta
3137 535 3420 589 fortericia
3443 536 3812 604 existentibus;

562 632 656 681 tus
687 626 964 692 sancti,in
985 625 1244 678 abbatem
1258 630 1313 678 et
1331 626 1800 696 pastoremipsius
1833 626 2158 680 monasterii
2247 631 2303 678 et
2328 625 2398 679 ob
2430 626 2535 698 hoc
2559 625 2734 679 coacti
2765 623 2970 678 fuimus
3002 625 3240 678 vendere
3269 626 3456 678 omnia
3496 625 3666 679 blada
3709 644 3816 698 qua

563 721 649 770 est
677 716 918 781 electus;
976 720 1035 768 et
1063 714 1422 785 postmodum
1457 713 1720 767 mandato
1755 714 2158 786 archiepiscopi
2244 719 2408 768 erant
2437 714 2493 767 in
2521 713 2770 784 grangiis
2799 713 3026 778 nostris,
3058 713 3430 785 undequaque
3462 714 3736 784 religiosis
3772 716 3817 769 in

562 811 650 860 est
676 805 1023 860 benedictus.
1051 804 1120 858 Et
1147 808 1376 873 propter
1427 819 1760 872 guerrarum
1811 803 2154 868 discrimina,
2239 808 2397 856 tanta
2426 801 2790 856 tribulatione
2815 801 3201 864 existentibus,
3257 801 3494 856 maxime
3548 819 3726 873 usque
3759 804 3821 857 ad

561 900 620 948 et
640 893 990 948 occursiones
1021 897 1078 945 et
1107 891 1421 944 invasiones
1448 891 1779 960 Anglorum,
1804 908 1926 961 qua
1954 892 2157 962 sapius
2239 909 2491 946 mensem
2521 891 2711 946 Martii
2738 891 2867 944 inde
2892 890 3199 962 sequentis.
3259 890 3381 954 Quo
3416 895 3672 962 tempore
3726 892 3820 945 du-

561 981 771 1036 fiebant
801 980 870 1033 ab
914 979 1069 1050 ipsis,
1121 979 1303 1032 noluit
1332 977 1522 1031 venire
1562 979 1712 1048 apud
1750 979 2008 1044 Beccum,
2056 980 2151 1032 sed

559 1063 788 1119 secessit
814 1064 871 1116 in
902 1063 1156 1133 partibus
1184 1061 1428 1115 Francia
1447 1062 1595 1132 apud
1626 1061 1891 1129 Parisius,
1926 1068 1981 1116 et
2003 1063 2151 1132 apud

558 1153 950 1217 Pontisaram;
984 1157 1040 1204 et
1090 1151 1167 1204 ibi
1216 1151 1441 1212 mansit,
1485 1167 1663 1220 usque
1705 1151 1837 1204 dum
1893 1152 2149 1222 sequenti

556 1257 705 1295 anno
734 1241 927 1294 civitas
958 1239 1446 1308 Rothomagensis,
1473 1255 1602 1292 cum
1623 1239 1807 1309 patria
1836 1240 2146 1310 adjacente,

556 1330 778 1383 reddita
806 1329 913 1382 fuit
945 1327 1210 1398 pradicto
1231 1327 1348 1396 regi
1367 1328 1697 1401 Anglorum.

629 1418 846 1472 Etcum
877 1417 954 1470 ibi
986 1421 1260 1478 maneret,
1295 1415 1550 1470 videlicet
1569 1417 1628 1470 in
1655 1417 1861 1470 octavis
1901 1417 2147 1484 Pascha,

557 1522 704 1560 anno
738 1505 1036 1559 millesimo
1081 1504 1637 1574 quadringentesimo
1680 1505 1895 1558 decimo
1937 1511 2148 1572 octavo,

554 1593 800 1648 Thomas
829 1593 939 1646 dux
971 1592 1265 1646 Clarentia
1322 1591 1634 1664 [Clarencc]
1691 1593 1864 1646 frater
1904 1594 2151 1664 praedicti

2238 986 2417 1046 rante,
2461 979 2758 1050 pradictus
2804 995 2902 1033 rex
2956 979 3220 1032 Henricus
3267 977 3512 1032 obtinuit
3551 979 3817 1034 civitatem

2235 1067 2763 1136 Rothomagensem,
2793 1066 3383 1138 Vernoneln,Rippam
3405 1065 3681 1121 Guidonis
3703 1069 3818 1136 (Ro-

2232 1158 2519 1225 cheguion)
2538 1157 2855 1210 Medontam
2881 1158 3148 1226 (litantes),
3172 1161 3230 1210 et
3249 1170 3473 1210 omnem
3503 1172 3710 1227 pagum
3729 1158 3816 1212 Ca-

2234 1246 2522 1299 letensem.

2304 1351 2524 1416 Postea,
2544 1366 2692 1404 anno
2717 1350 2941 1404 Domini
2958 1351 3254 1405 millesimo
3272 1349 3812 1421 quadringentesimo

2234 1437 2449 1492 decimo
2503 1443 2715 1504 octavo,
2774 1437 3065 1491 Dominiea
3131 1439 3312 1509 prima
3369 1437 3811 1508 Septuagesima,

2234 1526 2534 1597 praedictus
2573 1525 2849 1580 Robertus
2898 1525 3088 1591 abbas,
3131 1527 3227 1596 qui
3281 1543 3574 1597 nunquam
3623 1525 3815 1580 fecerat

2235 1614 2564 1668 ﬁdelitatem
2596 1615 2664 1667 de
2691 1613 2934 1681 abbatia,
2960 1615 3110 1668 venit
3134 1615 3571 1686 Rothomagum,
3604 1620 3678 1678 et,
3707 1615 3816 1684 ipsa

556 1682 705 1752 ι’θείε
742 1682 1088 1774 Αηξξονξλῖητ-
1123 1681 1679 1774 παφηῗῖθδυίδνίυδ
1725 1683 1866 1774 “lusi
1907 1682 2542 1774 ObtinultBDominica.
2577 1705 2928 1773 prasentavit
2980 1720 3039 1757 se
3083 1704 3346 1774 pradicto
3395 1681 3517 1774 regi
3567 1681 3812 1767 Henrico,

556 1776 803 1824 castrum
835 1769 1160 1835 Haricuria,
1192 1769 1393 1823 deinde
1424 1786 1554 1823 cum
1593 1771 1837 1823 exercitu
1870 1787 1971 1824 suo
2001 1771 2152 1826 venit

556 1859 704 1929 apud
732 1859 988 1922 Beccum,
1015 1864 1072 1911 et
1100 1857 1317 1912 obsedit
1344 1859 1688 1912 fortericiam
1743 1858 1875 1911 dicti
1919 1858 2043 1923 loci,
2095 1864 2152 1912 et

555 1963 678 2001 eam
709 1946 942 2000 diversis
975 1953 1030 2000 et
1058 1946 1526 2016 frequentissimis
1556 1947 1881 2012 assultibus,
1924 1947 2014 2000 die
2045 1963 2148 2001 no-

552 2041 752 2106 cteque
781 2036 1144 2100 incessanter,
1179 2052 1278 2106 per
1304 2027 1546 2106 spatium
1579 2037 1692 2088 fere
1726 2038 1892 2090 unius
1933 2036 2141 2089 mensis

553 2123 941 2194 expugnando,
977 2129 1032 2177 et
1055 2125 1112 2176 in
1133 2141 1233 2177 suo
1263 2124 1524 2190 adventu,
1548 2123 1788 2177 maxima
1818 2140 1946 2194 pars
1978 2124 2136 2188 villa,

551 2211 807 2265 videlicet
830 2229 1006 2282 usque
1035 2212 1107 2265 ad
1131 2212 1418 2266 ecclesiam
1459 2213 1648 2266 Sancti
1695 2213 1950 2277 Andrea,
1999 2229 2145 2266 com-

551 2298 716 2353 busta
760 2300 868 2353 fuit
903 2300 972 2353 ab
1013 2301 1094 2354 eis
1134 2301 1229 2370 qui
1279 2300 1426 2354 infra
1469 2307 1634 2354 erant
1675 2301 2034 2365 fortericiam,
2087 2301 2144 2355 in

554 2404 824 2457 magnum
857 2389 1124 2443 damnum
1159 2389 1404 2443 ecclesia
1443 2394 1501 2443 et
1539 2389 1914 2443 habitantium
1951 2391 2009 2442 in
2049 2405 2141 2456 ea;

551 2477 845 2531 deficiente
867 2483 1056 2531 autem
1087 2477 1368 2546 adjutorio
1398 2478 1523 2530 illos
1554 2477 1649 2547 qui
1686 2484 1847 2531 erant
1878 2477 1935 2530 in
1974 2477 2145 2532 forte-

550 2565 703 2630 ricia,
731 2565 827 2635 qui
852 2565 1156 2636 sperabant
1197 2583 1231 2618 a
1281 2582 1412 2635 rege
1458 2565 1800 2619 Francorum
1846 2565 2142 2632 sublevari,

549 2654 799 2724 oportuit
826 2670 949 2707 eam
975 2654 1121 2707 tradi
1146 2654 1204 2706 in
1230 2670 1433 2708 manus
1463 2655 1711 2724 pradicti
1733 2654 1890 2708 ducis
1920 2656 2146 2708 Claren-

548 2741 659 2806 tia,
695 2748 753 2795 et
787 2741 838 2794 ei
868 2741 1088 2795 reddita
1109 2741 1216 2794 fuit
1239 2741 1296 2794 in
1315 2741 1502 2810 vigilia
1521 2743 1878 2796 Ascensionis
1894 2744 2143 2814 proxime

2231 1793 2284 1845 ei
2309 1791 2672 1862 supplicando
2700 1797 2763 1844 ut
2788 1797 3042 1862 parceret
3070 1792 3122 1845 ei
3169 1792 3239 1846 de
3265 1809 3423 1846 mora
3441 1808 3546 1845 sua
3575 1790 3814 1845 veniendi

2231 1879 2303 1933 ad
2341 1895 2502 1932 suam
2525 1877 2922 1943 obedientiam,
2957 1884 3014 1932 et
3033 1895 3176 1944 eam,
3201 1879 3248 1933 si
3281 1879 3548 1950 placeret,
3575 1879 3814 1950 dignare-

2231 1972 2325 2021 tur
2353 1968 2601 2038 recipere
2625 1986 2638 2034 ;
2672 1983 2841 2038 quam
2871 1968 3054 2022 dictus
3083 1985 3180 2022 rex
3207 1968 3448 2038 benigne
3478 1967 3737 2038 suscepit.

2300 2079 2425 2138 23
2467 2073 2590 2137 Qua
2631 2073 2901 2127 ﬁdelitate
2939 2073 3107 2139 facta,
3159 2079 3216 2128 et
3260 2073 3664 2144 temporalibus
3709 2087 3811 2125 sua

2226 2162 2495 2226 ecclesia,
2527 2162 2828 2232 impeditis
2879 2169 3109 2232 propter
3145 2162 3479 2228 absentiam,
3519 2161 3803 2233 expeditis;

2224 2250 2379 2304 venit
2400 2251 2636 2305 Beccum
2660 2251 2719 2304 in
2745 2251 2989 2305 crastino
3010 2268 3296 2306 sacrorum
3329 2252 3618 2318 Cinerum,
3643 2264 3808 2304 susce-

2228 2344 2358 2410 ptus
2386 2355 2514 2393 cum
2541 2355 2744 2409 magno
2771 2340 2978 2410 gaudio
2999 2357 3034 2394 a
3063 2357 3164 2395 suo
3193 2353 3489 2408 conventu,
3523 2346 3581 2395 et
3599 2337 3806 2394 instala-

2227 2435 2320 2482 tus
2351 2428 2408 2482 in
2433 2427 2658 2482 sedibus
2687 2429 2821 2495 suis,
2851 2433 2916 2482 ut
2942 2429 3116 2484 moris
3146 2435 3251 2484 est.

2300 2535 2370 2589 Et
2397 2535 2680 2605 armigeri,
2725 2535 2820 2606 qui
2863 2541 2998 2590 tunc
3035 2535 3112 2590 ibi
3151 2542 3314 2592 erant
3368 2537 3429 2591 in
3486 2535 3801 2601 munitione,

2228 2629 2598 2690 recesserunt,
2629 2629 2686 2678 et
2725 2623 2954 2678 fuerunt
2999 2625 3120 2679 loco
3158 2643 3354 2680 eorum
3399 2627 3459 2682 in
3507 2625 3804 2681 munitione

2223 2719 2421 2782 gentes
2453 2713 2610 2767 ducis
2640 2713 2954 2780 Clarentia,
2978 2715 3034 2768 in
3061 2732 3296 2770 numero
3327 2716 3536 2771 minori
3565 2723 3621 2770 et
3643 2715 3803 2769 mino-

2226 2800 2383 2856 ribus
2405 2802 2679 2873 expensis.

549 2830 852 2901 sequentis.
900 2830 965 2883 Et
1015 2845 1143 2882 cum
1195 2829 1479 2894 intrasset,
1528 2831 1775 2900 praedata
1830 2837 1886 2884 et
1924 2831 2144 2887 sublata

547 2917 778 2973 fuerunt
809 2917 998 2971 omnia
1027 2917 1190 2983 bona,
1236 2934 1357 2988 qua
1397 2917 1471 2972 ibi
1513 2925 1674 2972 erant
1720 2921 1984 2990 reposita,
2025 2927 2143 2976 tam

2298 2908 2405 2971 Qui
2437 2908 2736 2978 pradictus
2767 2909 3098 2980 abbas,iura
3127 2916 3184 2965 et
3207 2911 3498 2966 libertates
3528 2912 3614 2967 sui
3629 2926 3802 2964 mona-

547 3007 724 3078 ipsius
754 3022 923 3078 quam
955 3006 1215 3073 aliorum,
1263 3013 1320 3061 et
1367 3006 1480 3062 fere
1519 3009 1708 3062 omnia
1750 3009 1897 3063 bona
1945 3011 2140 3080 patria
2166 3072 2203 3080 Α
2227 2996 2402 3062 είθΓίίι
2435 3013 2536 3068 Pro
2565 3013 2746 3067 P0338:
2770 2999 3074 3053 secundum
3097 3000 3525 3070 diSPOSitionem
3549 2998 3800 3071 temporis

543 3072 753 3148 ibidem
769 3072 945 3148 erant
973 3096 1234 3166 reposita.
1264 3097 1508 3167 Populus
1533 3096 1740 3151 ibidem
1770 3072 2204 3168 congregatusC
2223 3083 2438 3138 Utiliter
2464 3086 2834 3155 Procurandoa
2861 3094 3088 3142 Strenue
3113 3088 3256 3141 Γθκίῐ
3284 3088 3498 3143 dictum
3533 3092 3798 3144 monaste-

545 3185 814 3254 expulsus
845 3190 948 3251 est,
980 3201 1081 3239 nec
1102 3192 1323 3255 portare
1348 3187 1399 3239 ei
1439 3186 1745 3240 discedenti
1775 3187 2140 3257 permitteba-
2221 3173 2392 3241 rium»
2425 3190 2525 3244 Per
2544 3175 2786 3245 Spatium
2816 3176 3106 3231 άαοάθοίῑη
3133 3193 3410 3231 annorum
3439 3177 3642 3232 fratres
3677 3175 3799 3230 Cha"

543 3276 658 3336 tur,
693 3276 896 3341 praeter
925 3272 1054 3326 vilia
1083 3273 1435 3337 vestimenta,
1470 3273 1674 3343 quibus
1721 3275 1904 3328 vestiti
1946 3282 2131 3334 erant.
2225 3263 2448 3317 Γίιπίνθ
2477 3263 2788 3317 tractando-

616 3360 765 3414 Nota
793 3360 940 3429 quod
971 3377 1117 3414 anno
1145 3361 1369 3414 Domini
1389 3361 1682 3415 millesimo
1705 3363 2142 3433 quadringente-
2294 3361 2422 3430 Ipse
2441 3377 2542 3415 suo
2572 3365 2824 3431 tempore
2851 3361 3143 3432 acquisivit
3182 3365 3463 3435 quoddam
3510 3362 3796 3435 hospitium

544 3449 687 3502 simo
717 3447 1066 3513 duodecimo,
1090 3449 1198 3503 fuit
1224 3449 1405 3503 levata
1431 3449 1727 3504 decima'in
1756 3468 1929 3521 regno
1970 3453 2141 3507 Fran-
2220 3448 2281 3502 in
2307 3449 2490 3502 medio
2513 3449 2751 3504 civitatis
2807 3451 3274 3521 Rothomagensis
3317 3454 3513 3518 situm,
3560 3455 3794 3506 vocatum

543 3539 661 3606 eia,
695 3539 1028 3594 auctoritate
1060 3540 1294 3594 Romani
1325 3541 1624 3610 pontiﬁcis,
1660 3542 1716 3595 in
1757 3544 2139 3614 supportatio-
2221 3537 2411 3592 ΙἮόεϋι
2456 3540 2546 3591 des
2595 3539 2906 3605 Fontaincs,
2976 3557 3149 3611 prope
3209 3541 3388 3596 vicum
3467 3541 3790 3601 Judaorum,

544 3645 673 3682 nem
703 3645 935 3682 onerum
968 3629 1126 3699 quasi
1148 3629 1588 3698 importabilium
1613 3631 1760 3701 regis
1789 3636 1846 3685 et
1864 3632 2022 3701 regni
2045 3651 2058 3698 ;
2083 3637 2139 3686 et
2221 3632 2520 3681 oneratum
2566 3637 2757 3681 tamen
2795 3628 2864 3682 de
2915 3629 3289 3700 quadraginta
3331 3630 3490 3685 libris
3539 3628 3788 3689 redditus.

541 3717 932 3772 fuitterminus
953 3717 1229 3771 limitatus
1251 3717 1320 3770 ad
1342 3719 1771 3789 recolligendam
1795 3721 2138 3774 taxationem
2219 3715 2396 3768 donec
2423 3721 2653 3786 possent
2678 3716 3030 3786 reacquitari.
3061 3718 3220 3782 Quod
3248 3719 3557 3789 hospitium
3573 3717 3793 3772 multum

539 3805 768 3860 decima
801 3805 1096 3876 praedicta.
1147 3806 1526 3862 Nihilominus
1557 3825 1652 3862 rex
1697 3809 1964 3874 Francia,
2020 3810 2137 3864 suis
2218 3803 2429 3874 prOfuit
2455 3809 2709 3875 tempore
2735 3820 3089 3874 guerrarum.
3123 3807 3249 3877 Ipse
3273 3811 3529 3878 tempore
3575 3821 3690 3869 δυο,
3730 3800 3790 3855 0b

538 3895 906 3949 familiaribus
939 3895 1141 3949 litteris
1174 3895 1461 3950 mandavit
1491 3896 1676 3950 abbati
1713 3898 1783 3951 de
1829 3899 2023 3964 Becco,
2071 3903 2136 3952 ut
2217 3907 2442 3947 causam
2469 3908 2803 3962 guerrarum
2850 3893 2909 3947 in
2960 3895 3332 3949 Nortmannia
3385 3895 3706 3966 vigentium,
3742 3891 3791 3942 et

536 3982 606 4038 de
630 3984 812 4038 tribus
840 3990 1063 4039 centum
1097 3984 1254 4038 libris
1293 3984 1343 4038 ei
1374 3985 1742 4040 incontinenti
1781 3985 1930 4058 [sine
1953 3987 2132 4058 mora]
2215 3987 2446 4052 propter
2465 3981 2805 4035 forteriCiam
2830 3981 3008 4036 multa
3028 4000 3225 4054 passus
3246 3991 3348 4048 est,
3363 3990 3595 4056 totaque
3610 3983 3788 4036 domus

539 4071 880 4140 subveniret,
930 4090 1052 4144 qua
1093 4090 1316 4128 summa
1359 4073 1469 4128 fuit
1511 4075 1759 4130 Parisius
1806 4076 1992 4130 soluta
2033 4094 2134 4148 per
2214 4076 2273 4124 et
2304 4070 2545 4124 maxime
2567 4070 2698 4142 quia
2717 4072 3789 4144 annoDominimillesimo'quadringen-

537 4160 827 4216 dominum
858 4163 1210 4216 Gauﬂ‘ridum
1242 4163 1310 4216 de
1350 4163 1582 4219 Fiscano
1626 4165 1815 4235 priore
1852 4165 1921 4219 de
1959 4166 2136 4221 Bello.
2216 4158 2417 4213 tesimo
2442 4158 2708 4229 vigesimo
2735 4159 2935 4231 primo,
2985 4161 3076 4215 die
3125 4161 3342 4216 decima
3383 4163 3555 4216 tertia
3597 4153 3786 4214 mensis

536 4257 744 4315 monte,
781 4255 838 4303 et
872 4251 1084 4304 taxatio
1129 4251 1375 4318 decimae,
1420 4270 1520 4322 pro
1561 4261 1740 4324 parte,
1785 4260 1842 4308 et
1878 4254 2134 4325 portione
2215 4247 2371 4316 Julii,
2399 4247 2523 4318 ipsa
2547 4247 2831 4302 fortericia
2859 4248 3060 4302 fraude
3112 4256 3278 4321 capta
3325 4250 3434 4308 fuit
3478 4268 3516 4304 a
3558 4243 3781 4306 Francis,

535 4343 747 4405 nostra,
778 4338 834 4392 in
856 4339 1086 4394 diversis
1115 4339 1466 4409 diacesibus,
1495 4343 1746 4396 ascendit
1759 4343 1830 4396 ad
1850 4361 2130 4399 summam

2243 4336 2400 4389 nedio
2429 4336 2819 4391 Molendinarii
2849 4338 2982 4391 dicti
3012 4337 3135 4405 loci,
3168 4337 3368 4393 abbate
3419 4335 3784 4409 religiosisque

535 4431 848 4482 trecentum
898 4427 1189 4496 librarum,
1230 4435 1297 4484 ut
1342 4435 1497 4501 patet
1535 4448 1635 4502 per
1687 4433 2034 4500 mandatum,
2075 4417 2198 4488 et”
2216 4423 2597 4490 inscientibus,
2632 4431 2688 4478 et
2717 4442 2910 4480 omnes
2939 4427 3191 4480 officinas
3221 4427 3394 4482 totius
3417 4428 3614 4482 domus
3654 4417 3780 4477 obti-

535 4516 900 4587 quittanciam
928 4519 1192 4573 mandato
1219 4536 1492 4574 annexam
1516 4520 1573 4574 in
1605 4520 1964 4577 ehartulario.
2001 4523 2136 4578 Post
2215 4521 2480 4582 nuerunt,
2504 4520 2708 4587 Ρΐεεῐθν
2727 4515 3030 4570 mmmam
3058 4516 3263 4570 turrim
3294 4523 3499 4572 MSth
3530 4512 3778 4571 Ποιηίηει

533 4622 741 4678 paucos
768 4606 905 4673 dies,
941 4612 1236 4680 postquam
1264 4609 1371 4663 fuit
1406 4609 1644 4680 spoliata
1674 4610 1797 4681 ipsa
1824 4611 2127 4681 fortericia,
2214 4605 2273 4660 in
2304 4620 2416 4674 qua
2442 4621 2634 4658 omnes
2655 4604 2872 4674 Anglici
2896 4622 2956 4658 se
2985 4610 3334 4660 retraxerant
3365 4606 3424 4660 in
3452 4601 3775 4678 praesidium.

535 4695 686 4751 venit
711 4713 808 4750 rex
847 4696 1114 4752 Henricus
1135 4697 1434 4768 pradictus
1465 4698 1612 4769 apud
1652 4699 1908 4767 Beccum,
1959 4707 2016 4756 et
2054 4703 2132 4758 ibi
2214 4694 2284 4748 Et
2336 4693 2481 4747 facto
2524 4693 2799 4748 foramine
2845 4693 2902 4747 in
2948 4694 3214 4764 pradicta
3254 4695 3419 4762 turri,
3470 4690 3776 4753 emiserunt,

530 4785 824 4840 constituit
851 4785 920 4840 de
957 4791 1128 4855 gente
1159 4803 1262 4840 sua
1299 4786 1497 4856 viginti
1526 4787 1779 4842 homines
1821 4807 2128 4859 armorum,
2214 4783 2484 4854 quosdam
2503 4782 2570 4836 de
2599 4782 2733 4848 suis.
2795 4781 3003 4837 factum
3059 4788 3254 4838 notum
3307 4783 3488 4839 facere
3530 4774 3772 4850 Anglicis:

531 4891 659 4929 cum
682 4874 1062 4946 quadraginta
1090 4874 1417 4945 sagittariis,
1460 4877 1716 4947 expensis
1742 4880 2005 4948 ecclesia,
2035 4882 2132 4952 qui
2214 4871 2311 4944 qui
2344 4877 2508 4927 erant
2534 4871 2682 4943 apud
2722 4871 3043 4940 Bernaium,
3076 4872 3450 4941 Haricuriam,
3489 4879 3546 4929 et
3591 4866 3776 4935 ubique

530 4969 868 5036 acceperunt
893 4980 1086 5019 omnes
1119 4963 1464 5035 provisiones
1487 4965 1664 5036 ipsius
1687 4969 2036 5037 monasterii,
2072 4970 2131 5025 in
2213 4961 2468 5033 ᾱίερθνεί-

526 5054 740 5125 granis,
775 5052 921 5118 vino,
955 5053 1161 5120 sicera;
1195 5051 1264 5107 de
1292 5052 1488 5120 bobus,
1522 5059 1577 5108 et
1605 5055 1674 5109 de
1702 5055 1920 5112 cateris
1948 5058 2125 5125 bonis,
2285 5059 2356 5114 Et
2385 5059 2731 5115 intrantibus
2759 5058 3005 5128 Francis,
3037 5059 3134 5116 illa
3156 5060 3247 5116 die
3284 5078 3396 5133 qua
3432 5057 3642 5132 Anglici
3679 5049 3772 5108 mi-

527 5142 738 5198 ibidem
768 5141 1048 5213 repositis,
1093 5140 1237 5195 nihil
1275 5142 1656 5213 relinquentes
1684 5145 1978 5215 religiosis,
2032 5163 2134 5202 nec
2216 5156 2413 5205 serunt
2435 5167 2567 5204 suos
2595 5150 2790 5220 Anglis
2816 5151 3099 5217 nuntiare,
3141 5157 3206 5205 ut
3231 5151 3441 5205 dictum
3499 5156 3596 5214 est,
3643 5143 3770 5198 circa

528 5231 754 5286 familia
786 5247 1001 5294 eorum,
1029 5230 1179 5284 unde
1202 5237 1432 5303 possent
1456 5234 1783 5299 sustentari,
1822 5237 2004 5290 solum
2053 5237 2126 5292 vi-
2208 5256 2494 5312 vesperam
2517 5239 2577 5294 in
2631 5239 2778 5294 dicta
2828 5240 2971 5294 turri
3020 5257 3121 5311 per
3166 5241 3313 5295 idem
3365 5240 3627 5302 foramen,
3674 5242 3770 5302 quo

527 5327 720 5375 ventes
747 5321 815 5374 de
845 5319 1032 5375 moltis
1059 5322 1365 5387 (mouture)
1388 5321 1836 5376 molendinorum
1870 5341 2118 5394 suorum,
2205 5329 2424 5400 Anglici
2455 5329 2727 5397 exierunt,
2751 5329 3003 5384 fecerunt
3025 5328 3296 5384 hincinde
3313 5346 3568 5402 magnam
3585 5322 3766 5380 eadem

530 5409 670 5464 nihil
688 5409 1141 5480 percipientesde
1163 5410 1622 5471 redditibussuis.
1639 5411 1770 5482 quia
1790 5415 2125 5484 temporalia
2208 5417 2520 5484 hominum,
2555 5424 2613 5472 et
2641 5419 2868 5473 fuerunt
2894 5419 3113 5489 Anglici
3137 5418 3206 5474 de
3236 5419 3496 5492 praedicta
3526 5413 3655 5472 turri
3683 5423 3765 5462 ex-

531 5499 1034 5553 monasteriierant
1049 5505 1326 5554 arrestata
1341 5501 1659 5570 perdictum
1676 5511 2126 5575 regem,propter
2205 5506 2372 5577 pulsi,
2406 5512 2462 5560 et
2484 5507 2834 5563 intraverunt
2863 5508 3156 5563 ecclesiam
3186 5510 3264 5564 sic
3294 5509 3478 5565 furore
3504 5495 3760 5564 commoti,

532 5585 840 5641 absentiam
872 5587 1046 5658 ipsius
1094 5588 1329 5656 abbatis,
1375 5591 1469 5661 qui
1504 5590 1753 5645 nondum
1785 5600 2014 5648 venerat
2051 5595 2119 5650 ad
2206 5595 2467 5651 extractis
2492 5596 2714 5666 gladiis,
2739 5598 3063 5653 occiderunt
3085 5599 3224 5654 duos
3245 5597 3542 5655 monachos
3569 5586 3761 5658 religio‘
