3920 6350
130 331 219 386 681

128 460 390 529 sissimos,
417 470 478 520 et
501 466 763 525 honestos
785 472 949 542 viros,
998 484 1056 533 et
1085 481 1224 536 alios
1259 487 1710 561 vulneraverunt,

127 550 422 621 polluendo
454 564 702 612 sanctam
735 568 973 620 matrem
998 571 1308 629 ecclesiam.

150 654 161 667 ι
193 640 432 712 Insuper
451 646 831 715 spoliaverunt
866 653 998 709 dicti
1029 659 1246 731 Anglici
1288 671 1711 742 monasterium,

127 732 179 781 et
204 745 401 784 omnes
443 732 711 803 ofﬁcinas,
749 739 1119 812 depraedando
1160 752 1432 825 quidquid
1464 758 1716 817 invenire

128 822 462 888 potuerunt;
496 825 684 879 omnia
723 840 1057 890 ornamenta
1098 841 1361 911 ecclesia,
1398 846 1616 915 calices,
1659 857 1715 906 et

127 921 339 977 capsam
360 908 460 964 ubi
487 916 837 973 reconditum
884 928 1006 977 erat
1054 939 1468 990 sacrosanctum
1515 953 1715 1011 corpus

128 994 337 1050 Domini
358 1014 534 1069 super
552 1002 748 1073 altare,
781 1015 1093 1082 corporalia
1122 1019 1290 1074 etiam
1316 1025 1625 1094 spoliando,
1660 1036 1717 1085 et

126 1083 454 1143 denudanda
468 1093 749 1150 tumulum
769 1096 1009 1157 dominae
1030 1106 1306 1164 Mathildis
1319 1083 1709 1186 iinperatricis,

128 1173 316 1242 quiest
372 1176 435 1232 in
476 1182 661 1237 medio
705 1186 878 1256 chori,
928 1191 1067 1247 nihil
1125 1196 1194 1250 de
1235 1173 1495 1269 pretidsis
1544 1173 1716 1262 relin;

128 1264 340 1333 quendo
355 1312 366 1322 .
1235 1264 1249 1269 '
1571 1291 1576 1296 ’

190 1353 254 1408 Et
281 1370 481 1410 eorum
513 1360 733 1417 malitia
760 1376 1042 1426 crescente
1072 1374 1386 1444 ligaverunt
1432 1388 1487 1437 et
1524 1390 1717 1442 tenue-

128 1447 248 1495 runt
271 1442 572 1503 dominum
595 1450 853 1510 abbatem
884 1442 1193 1519 Robertum
1229 1473 1497 1540 tanquam
1534 1475 1716 1545 priso-

126 1531 354 1600 narium,
385 1550 554 1593 enses
592 1556 760 1613 super
788 1561 915 1601 eum
948 1549 1275 1623 levantes,et
1294 1574 1423 1613 eum
1441 1561 1715 1620 decollare

124 1623 174 1671 et
190 1621 442 1678 occidere
470 1628 756 1698 volentes;
787 1639 843 1688 et
872 1652 999 1691 eum
1036 1640 1114 1694 sic
1140 1643 1406 1712 vinctum,
1451 1666 1563 1705 una
1587 1669 1712 1707 cum

122 1713 476 1777 guernetario
508 1716 641 1772 dicti
675 1720 800 1789 loci,
821 1724 1102 1784 duxerunt
1123 1732 1554 1808 Rothomagum,
1574 1758 1712 1796 cun-

123 1797 215 1851 ctis
255 1799 530 1858 fratribus
573 1810 815 1880 eXpulsis
861 1814 930 1868 de
964 1817 1110 1873 dicto
1168 1797 1553 1892 monasterio;
1582 1832 1779 1912 solisB

127 1893 538 1950 remanentibus
560 1898 744 1968 priore
773 1919 897 1958 cum
928 1907 1057 1970 alio,
1100 1914 1195 1981 qui
1226 1923 1347 1970 erat
1369 1919 1713 1987 justitiarius

125 1975 244 2031 dicti
274 1985 629 2041 monasterii.
662 1989 802 2059 Ipsis
831 1993 910 2047 sic
935 1999 1431 2072 expulsis,quidam
1454 2008 1715 2064 abierunt

128 2068 259 2136 apud
285 2069 563 2128 Sanctum
583 2076 972 2148 Philibertum,
1017 2087 1112 2141 alii
1132 2068 1280 2161 apud
1330 2095 1712 2154 Bellummon-

128 2159 244 2222 tem,
279 2174 463 2232 usque
497 2164 566 2217 ad
594 2165 797 2222 festum
830 2171 1096 2229 Omnium
1121 2179 1539 2252 Sanctorum,in
1562 2188 1714 2242 dam-

187 2334 379 2393 Comes
407 2346 605 2397 autem
638 2346 1022 2408 Sabbariensis
1052 2356 1176 2425 [ul.,
1221 2360 1708 2440 Saresberiensis],

128 2421 207 2493 qui
232 2423 437 2482 ibidem
474 2430 797 2501 advenerat,
829 2444 885 2493 et
902 2421 1087 2497 secum
1111 2421 1435 2516 praedictum
1454 2421 1712 2510 abbatem

128 2510 257 2578 apud
277 2513 697 2590 Rothomagum
717 2525 1043 2596 adduxerat,
1073 2510 1260 2603 posuit
1277 2554 1403 2592 eum
1422 2539 1479 2594 in
1500 2548 1712 2599 arctam

129 2602 439 2669 custodiam,
488 2623 780 2683 usquequo
819 2618 1144 2676 tradidisset
1186 2625 1562 2699 ﬁdejussores,
1611 2650 1711 2704 pro

131 2702 218 2742 sua
243 2691 540 2762 ﬁdelitate,
573 2701 718 2769 quod
750 2717 1040 2777 nunquam
1071 2711 1189 2782 ipsc
1221 2731 1322 2768 nec
1344 2718 1431 2772 sui
1454 2723 1711 2777 monachi

130 2774 350 2835 fuissent
379 2785 583 2854 quovis
612 2790 777 2846 modo
799 2774 1107 2865 culpabiles
1122 2801 1192 2856 de
1212 2805 1511 2864 traditione
1536 2810 1712 2881 ipsius

134 2863 424 2927 fortericize.
461 2873 623 2938 Quod
654 2878 732 2933 ita
761 2863 1057 2951 probatum
1088 2896 1191 2956 est,
1239 2894 1370 2964 quia
1412 2863 1710 2955 traditores

133 2951 203 3007 illi
229 2959 376 3028 capti
407 2966 549 3017 sunt
567 2970 623 3018 et
648 2964 831 3039 Capite
865 2977 1105 3030 truncati
1127 2951 1274 3049 apud
1296 2983 1712 3057 Rothomagum

135 3041 217 3110 qui
243 3048 469 3103 omnino
494 3066 970 3127 exoccupaverunt
1016 3066 1342 3134 praedictum
1372 3072 1715 3143 abbatem,ct

137 3220 274 3278 sione
294 3228 537 3296 audita,‘
557 3235 672 3286 tam
716 3236 889 3293 abbas
925 3243 1222 3312 praedictus
1270 3266 1435 3319 quam
1477 3270 1715 3323 guerne-

138 3312 315 3380 tarius,
346 3316 446 3371 illa
492 3325 851 3392 occupatione
885 3330 1118 3401 detenti,
1162 3312 1305 3392 fere-
1330 3358 1429 3411 per
1467 3312 1713 3417 quinque

140 3414 337 3458 menses
378 3406 608 3464 liberati
651 3420 801 3482 sunt,
845 3424 903 3472 et
947 3426 1201 3493 sequenti
1241 3429 1380 3484 festo
1447 3433 1711 3490 Omnium

139 3484 479 3563 Sanctorum,
521 3498 823 3560 Ecclesiam
852 3484 1050 3579 ipsam:
1095 3531 1218 3584 quze
1251 3519 1467 3588 polluta
1507 3523 1709 3594 fuerat,

138 3583 480 3639 reconciliata
508 3586 646 3657 fuit;
675 3597 732 3645 et
760 3596 954 3652 eodem
984 3600 1075 3655 die
1102 3620 1297 3661 omnes
1331 3614 1609 3679 monachi,
1634 3615 1712 3669 sic

136 3664 352 3738 dispersi
379 3691 487 3745 per
511 3678 791 3747 prioratus
819 3689 1106 3746 occasione
1135 3710 1489 3767 guerrarum,
1532 3702 1710 3758 intra-

137 3764 314 3814 verunt
332 3765 626 3822 ecclesiam
658 3770 990 3832 Beccensem
1021 3798 1145 3836 cum
1166 3787 1373 3854 gaudio
1411 3805 1635 3861 magno.

196 3844 260 3900 Et
287 3850 440 3908 dedit
474 3871 587 3923 rex,
622 3865 839 3917 attento
866 3869 1013 3936 quod
1042 3844 1360 3928 tamvabbas
1388 3844 1706 3948 (1113ιῶΜο-

137 3936 281 3992 nachi
308 3949 473 3998 erant
504 3945 782 4005 immunes
804 3970 838 4007 a
868 3956 1413 4026 traditione,litteras
1428 3974 1701 4038 patentes,

138 4029 190 4077 ut
227 4032 532 4103 temporale
562 4037 851 4096 detentum
888 4048 1301 4121 restitueretur,
1366 4029 1446 4109 et-
1480 4029 1709 4114 mobilia

138 4115 490 4195 undequaque
538 4137 763 4197 possent
816 4137 1085 4205 reperiri:
1134 4140 1203 4195 de
1254 4144 1457 4213 quibus
1506 4146 1701 4216 bonis,

139 4206 351 4265 maxime
381 4212 438 4267 in
472 4214 629 4271 libris
650 4225 705 4273 et
748 4227 1114 4295 ornamentis,
1156 4247 1258 4300 pro
1305 4235 1501 4303 majori
1544 4245 1703 4307 parte

138 4306 437 4368 recuperata
496 4311 664 4375 sunt;
713 4315 770 4363 et
829 4314 1109 4370 ordinavit
1146 4320 1443 4388 praedictus
1490 4341 1603 4390 rex,
1649 4334 1706 4382 et

141 4396 367 4452 expresse
396 4396 679 4467 praecepit,
690 4401 837 4469 quod
865 4401 987 4474 ipsa
1014 4404 1299 4463 fortericia
1317 4410 1700 4481 demoliretur,

141 4474 186 4522 et
209 4473 584 4549 destrueretur
610 4490 866 4558 expensis
894 4473 1174 4563 ecclesiae;
1203 4500 1350 4568 quod
1377 4502 1459 4556 ita
1495 4503 1702 4561 factum
1719 4493 1768 4550 D

140 4566 211 4615 est
237 4581 250 4631 ;
280 4573 334 4621 et
356 4586 469 4625 non
489 4574 667 4629 solum
693 4576 817 4648 ipsa
843 4579 1127 4638 fortericia
1155 4566 1438 4645 destructa
1462 4592 1588 4661 fuit,
1606 4596 1704 4649 sed

201 4829 260 4886 Et
275 4843 396 4906 post
421 4840 742 4911 praedictam
791 4846 966 4918 ipsius
1015 4853 1260 4911 ecclesiae
1302 4861 1703 4918 reconciliatio-

136 4930 261 4988 nem,
291 4932 343 4980 et
366 4928 541 5000 ipsius
583 4931 876 4992 fortericiae
917 4938 1358 5016 demolitionem,
1401 4951 1697 5021 praedictus

133 5015 437 5072 reverendus
459 5020 628 5076 Pater
655 5023 932 5082 Robertus
954 5031 1253 5088 revertitur
1276 5038 1345 5090 ad
1366 5015 1695 5109 praedictum

133 5106 521 5174 monasterium,
554 5116 612 5166 et
635 5115 802 5186 cozpit
847 5119 1186 5176 reaediﬁcare
1234 5125 1452 5198 aliquas
1496 5131 1691 5186 domos

1329 359 1754 423 CHRONICON
1792 369 2179 430 BECCENSE.

1798 589 1945 658 apud
1970 590 2382 666 Rothomagum
2410 597 2469 652 in
2498 598 2662 657 domo
2684 622 2784 676 per
2801 624 2928 665 eum
2943 615 3389 685 acquisita,anno

1798 676 2021 733 Domini
2052 681 2348 739 millesimo
2393 690 2946 765 quadringentesimo
2988 703 3300 778 trigesimo,
3335 717 3393 767 et

1797 768 1945 837 apud
1975 768 2212 825 Beccum
2236 790 2437 847 corpus
2458 779 2597 849 ejus,
2630 788 2694 837 ut
2720 783 2924 851 decuit,
2951 768 3200 850 delatum
3225 768 3391 865 est,et

1798 856 2077 925 sepultum
2101 859 2247 916 infra
2271 863 2503 921 chorum
2528 869 2687 940 juxta
2712 878 2995 935 tumulum
3018 882 3228 940 domini
3253 856 3391 943 Wil-

1797 942 1954 1001 lermi
2029 949 2448 1018 praedecessoris
2495 963 2551 1012 et
2584 966 2845 1020 avunculi
2887 969 2972 1024 Sui
2995 1013 3013 1040 ,
3060 973 3116 1028 in
3162 975 3393 1035 sinistra

1796 1038 1973 1102 parte.
2008 1035 2179 1107 Cujus
2209 1041 2409 1099 animae
2437 1049 2773 1118 pr0pitietur
2792 1054 2959 1112 Deus.
2989 1035 3188 1121 Amen.

2420 1150 2763 1196 EPITAPHIUM.

1869 1213 1970 1265 Hic
1989 1216 2133 1282 jacet
2166 1219 2227 1271 in
2259 1221 2434 1275 loculo
2456 1231 2785 1286 venerabilis
2808 1241 2970 1305 atque
2997 1241 3235 1299 disertus

1868 1298 2063 1369 Abbas,
2087 1308 2342 1361 vocabulo
2372 1313 2467 1365 cui
2494 1318 2657 1370 vallis
2684 1298 3168 1389 sicque-Robertus.

1870 1392 1991 1453 $4
2023 1393 2073 1445 Is
2101 1394 2545 1469 decretorumque
2570 1405 2689 1472 fuit
2720 1410 2921 1480 doctor,
2956 1419 3048 1471 via
3073 1436 3314 1479 morum.

1870 1478 2194 1536 Aumz’liante
2215 1485 2317 1538 Deo
2343 1488 2551 1556 fratres
2583 1501 2922 1555 concorditer
2949 1508 3117 1562 illum

1871 1565 2138 1636 Elictzmt,
2164 1573 2224 1626 in
2251 1590 2307 1628 eo
2334 1583 2593 1644 ponentes
2622 1591 2820 1642 mentis
2842 1596 3069 1650 asilum.

1873 1655 2017 1708 Unde
2040 1658 2155 1724 fuit
2186 1667 2368 1726 natus,
2402 1668 2555 1723 Becco
2583 1677 2735 1728 stans
2765 1677 2854 1732 hic
2882 1683 3231 1743 inhumatus.

1865 1745 2027 1799 Anno
2056 1751 2282 1804 milleno
2302 1759 2521 1812 centum
2549 1769 2744 1828 quater
2764 1772 2925 1837 atque
2955 1776 3186 1842 trigeno.

1868 1833 1935 1885 In.
1952 1836 2091 1888 Maii
2106 1854 2286 1894 mense
2317 1852 2533 1914 quarto,
2566 1856 2762 1907 mortis
2783 1861 2902 1911 ruit
2930 1878 3075 1917 ense.

1869 1924 2102 1992 Quisque
2130 1935 2279 1994 roget
2307 1930 2589 1991 Christum
2609 1944 2753 2008 quod
2777 1950 2902 2000 caete
2933 1955 3145 2009 collucet
3173 1960 3345 2015 istum
3369 1981 3385 2016 :

1865 2015 1940 2065 Ac
1969 2015 2048 2066 ibi
2080 2017 2324 2073 solamen
2354 2030 2674 2081 sanctorum
2712 2038 2934 2091 sentiat.
2960 2042 3155 2098 Amen.

1864 2100 1999 2154 Post
2027 2102 2242 2159 obitum
2269 2115 2457 2165 autem
2484 2112 2879 2178 litteratissimi
2905 2126 3004 2181 viri
3033 2131 3244 2190 domini
3275 2137 3388 2193 Ro-

1795 2188 1940 2243 berti
1969 2190 2205 2260 abbatis,
2225 2199 2556 2256 venerabilis
2583 2221 2647 2260 ac
2672 2208 2946 2270 discretus
2965 2217 3068 2287 vir,
3094 2228 3151 2276 et
3172 2241 3389 2297 magna;

1914 2279 1954 2297 ί.
2040 2281 2050 2291 .
2112 2282 2154 2297 ,χ
2260 2284 2271 2296 .
2414 2290 2473 2297 _

3057 2278 3067 2287 ,
3214 2278 3385 2297 "(rw

1796 2278 2082 2349 religionis
2111 2282 2384 2343 Dominus
2413 2290 2734 2352 Thomasde
2755 2300 2928 2358 Becco
2948 2307 3130 2365 dictus
3159 2313 3385 2388 Frique,

1795 2370 1929 2420 tunc
1962 2369 2116 2440 prior
2156 2372 2470 2433 claustralis
2512 2382 2646 2438 dicti
2687 2395 3015 2450 monasterii
3077 2399 3387 2473 Beccensis,

1798 2454 1824 2473 υ
1888 2463 1897 2473 ι
2214 2462 2225 2473 ⁸
2297 2463 2307 2473 ³
2525 2469 2533 2473 ’

3166 2454 3178 2456 ν
3196 2454 3208 2456 τ
3226 2454 3387 2473 mm,

1794 2454 2032 2512 fratrum
2059 2462 2309 2519 unanimi
2345 2469 2638 2539 consensu,
2672 2476 2762 2530 via
2789 2479 3031 2551 Spiritus
3056 2493 3256 2558 sancti,
3287 2494 3393 2551 fuit

1796 2543 1865 2598 ab
1896 2547 2155 2603 omnibus
2184 2551 2391 2609 elect-us
2422 2557 2479 2611 in
2500 2568 2782 2630 pastorem
2820 2569 2996 2640 ipsius
3040 2585 3388 2655 monasterii,

1796 2632 1927 2655 [-_.!_
1973 2636 2056 2655 _,-,,‘
2109 2643 2119 2655 ι
2196 2640 2206 2651 -
2257 2642 2281 2655 ιι
2441 2652 2447 2655 .
2625 2653 2653 2655 η

2844 2632 2862 2640 -
3135 2632 3388 2655 *“""""1

1794 2632 1936 2687 feria
1966 2636 2163 2706 quinta
2192 2640 2338 2696 infra
2367 2652 2587 2705 octavas
2623 2653 2981 2717 Pentecostes
3026 2672 3084 2720 et
3122 2669 3212 2725 die
3242 2689 3391 2730 nona

1794 2723 2003 2777 mensis
2036 2726 2209 2782 Junii.
2234 2731 2368 2794 Quae
2400 2736 2616 2805 electio,
2645 2743 2960 2815 vigentibus
3000 2760 3241 2827 guerris,
3284 2762 3392 2817 fuit

1793 2814 2073 2870 celebrata
2092 2820 2242 2889 apud
2268 2822 2681 2899 Rothomagum
2711 2834 2769 2889 in
2792 2838 2956 2895 domo
2982 2814 3197 2903 nostra

1796 2900 2085 2972 Fontaine,
2109 2910 2384 2979 acquisita
2395 2931 2499 2984 per
2518 2934 2684 2975 suum
2709 2927 3176 2993 praedecessorem
3206 2939 3389 2997 domi-

1795 3007 1931 3044 num
1958 2993 2284 3066 Robertum,
2310 3017 2437 3055 cum
2464 3008 2652 3063 nullus
2676 3013 2910 3071 auderet
2933 3037 3103 3094 super
3143 3030 3386 3097 patriam

1794 3879 1927 3948 beri,
1971 3884 2084 3939 sive
2114 3887 2304 3960 abbas,
2331 3893 2443 3949 sive
2467 3898 2640 3968 prior,
2669 3904 2784 3960 sive
2812 3909 3063 3981 clericus,
3096 3919 3212 3974 sive
3250 3939 3381 3979 mu-

1788 3968 2016 4036 lier,aut
2035 3992 2382 4051 quaecunque
2403 3995 3071 4068 persona,capiebatur,et
3094 4011 3380 4081 suppliciis

1791 4059 2053 4081 -.----LAL~
2368 4072 2382 4081 “
2478 4076 2491 4081 “
2567 4078 2575 4081 ⁸

2731 4059 2750 4067 -
2990 4059 3003 4068 σ
3104 4059 3112 4061 “
3131 4059 3369 4081 -τι-ι--·“·“

1791 4059 2091 4116 vexabatur
2115 4082 2291 4137 usque
2315 4072 2386 4125 ad
2412 4076 2746 4136 solutionem
2791 4088 3192 4163 redemptionis
3229 4117 3369 4162 suae.

1791 4147 1859 4201 Et
1886 4150 2138 4219 pluribus
2159 4155 2473 4218 incursibus
2504 4167 2750 4226 hostium
2776 4175 2883 4230 fuit
2911 4182 3146 4240 ecclesia
3166 4192 3379 4248 cunctis

1788 4233 1946 4291 bonis
1976 4242 2230 4312 spoliata,
2265 4254 2322 4301 et
2347 4262 2650 4321 proventus
2679 4263 2922 4322 ecclesiae
2951 4273 3110 4341 quasi
3137 4276 3204 4330 ad
3227 4279 3378 4335 nihi-

1784 4325 1901 4379 lum
1931 4330 2160 4399 redacti,
2188 4350 2313 4389 cum
2342 4341 2528 4397 nullus
2561 4359 2835 4418 maneret,
2875 4365 2975 4413 aut
3011 4363 3286 4422 resideret
3317 4371 3378 4426 in

1785 4418 2135 4484 possessione
2164 4439 2285 4491 sua,
2313 4442 2415 4482 nec
2443 4436 2624 4491 terras
2648 4455 2778 4496 suas
2808 4446 3032 4519 coleret,
3066 4454 3174 4509 nisi
3222 4459 3377 4528 prius

1785 4503 1970 4528 Ικηιςζι-
2011 4524 2154 4528 --Α-η
2182 4527 2189 4528 ,
2235 4513 2291 4528 σι·
2589 4525 2601 4528 -

1785 4503 1976 4559 habita
2004 4513 2403 4580 compositione
2432 4536 2560 4576 cum
2589 4525 2859 4589 hostibus.

1782 4883 1912 4922 vum
1932 4870 2177 4943 feodum,
2200 4886 2456 4936 vocatum
2484 4885 2554 4940 de
2586 4889 2771 4962 Bosco,
2806 4898 2851 4952 si

1782 4957 1970 5014 Sancti
1990 4961 2238 5033 Taurini,
2265 4974 2323 5024 et
2342 4971 2571 5029 domum
2592 4986 2842 5041 nostram
2859 4957 3373 5069 Rothomagensem

1779 5057 2136 5107 exoneratam
2166 5058 2398 5115 redditis
2425 5066 2798 5140 quadraginta
2826 5077 3003 5149 libris,
3058 5057 3181 5157 quae
3199 5057 3369 5148 debe:

1772 5133 1981 5192 bantur
2006 5142 2208 5199 Joanni
2229 5146 2281 5201 le
2307 5149 2433 5217 Bar,
2457 5156 2676 5212 ratione
2696 5133 3252 5235 acquisitionigdictae
3271 5181 3368 5237 do-

1772 5241 1916 5294 mus,
1943 5235 2000 5283 et
2028 5234 2177 5302 apud
2206 5253 2392 5308 regem
2426 5234 2829 5320 admortisavit,
2860 5264 2923 5312 ut
2941 5260 3141 5319 docent
3162 5234 3365 5328 litteras

1776 5330 1948 5387 super
1973 5320 2077 5375 hoc
2105 5324 2384 5383 confectae.
2416 5332 2723 5405 Acquisivit
2765 5345 2934 5401 etiam
2983 5367 3018 5404 a
3056 5320 3364 5415 Guillermb

1773 5402 1824 5457 le
1849 5406 2039 5463 Grand
2062 5415 2341 5484 armigero
2372 5425 2670 5490 quemdam
2700 5429 2925 5490 feodum
2955 5441 3194 5499 nobilem
3214 5451 3364 5520 apud

1773 5492 1983 5520 οηηηιμ
2018 5500 2153 5520 τηε.)
2332 5507 2343 5520 ¹
2419 5510 2428 5520 ·
2585 5517 2591 5520 “

1771 5492 1987 5551 Sanctae
2018 5500 2205 5557 Mariae
2236 5507 2526 5566 ecclesiam
2547 5517 2741 5572 situm.
2758 5521 2911 5578 Fecit
2928 5528 3099 5586 etiam
3117 5534 3176 5589 in
3198 5492 3364 5596 ddmo

1769 5581 2203 5658 Rothomagensi
2234 5600 2616 5665 reparationes
2645 5618 3002 5680 sumptuosas
3033 5621 3210 5691 valde,
3261 5630 3367 5684 etsi

1760 5672 1920 5742 juxta
1944 5678 2110 5733 ﬁnem
2137 5681 2352 5741 dierum
2379 5689 2667 5761 reliquerit
2700 5672 2988 5761 ecclesiam
3263 5672 3362 5770 3:

3048 5814 3126 5872 2‘2

130 5180 426 5262 destructas,
460 5203 517 5252 et
542 5218 843 5272 procurare
872 5224 961 5262 res
986 5214 1312 5269 monasterii
1343 5234 1464 5288 quae
1492 5219 1690 5276 ablatae

130 5267 171 5288 εκ
310 5286 315 5288 Α

130 5267 341 5347 fuerant,
372 5290 428 5339 et
448 5267 769 5358 pro—ventus,
794 5300 850 5348 et
881 5297 1135 5354 redditus
1172 5301 1305 5357 dicti
1340 5267 1686 5376 monasterii,

133 5359 307 5433 Charis,
354 5379 409 5426 et
434 5374 590 5433 libris
639 5381 788 5453 apud
835 5384 1268 5460 Rothomagum,
1318 5359 1692 5469 pro

131 5458 266 5517 parte
286 5463 575 5522 stantibus.

187 5539 247 5597 Et
271 5557 558 5625 postquam
588 5559 731 5614 rexit
758 5563 1085 5633 praedictum
1118 5573 1522 5630 monasterium
1552 5577 1688 5633 duo-

129 5623 281 5689 decim
299 5623 469 5711 annis,
502 5623 793 5721 tribusque
821 5654 1125 5726 mensibus,
1160 5660 1350 5716 multis
1367 5662 1683 5723 tribulatlo-

336 5740 590 5808 PATROL.
637 5749 752 5811 CL.
