3920 6352
582 328 687 383 683

1544 328 1636 380 Al)
1679 329 1908 380 Ul’EIlA
1961 329 2014 379 ll.
2065 325 2466 379 l..-‘\A\'FRA.\'(.‘I
2515 327 2894 380 APPENDIX.

3747 333 3838 385 6δῆ

579 451 706 506 bitis
727 455 1039 513 oneratam,
1069 451 1342 505 Dominus
1363 450 1412 504 ei
1432 451 1726 518 indulgere
1771 449 2058 516 dignetur.
2109 449 2240 506 EtA
2258 448 2397 502 adeo
2437 449 2639 502 modici
2666 457 2723 504 et
2749 450 2959 504 debiles
2989 457 3173 512 erant,
3198 450 3344 520 quod
3376 451 3434 504 in
3463 468 3636 506 inanu
3683 454 3841 508 ofﬁcii

576 547 873 612 postquam
897 539 1040 593 rexit
1067 540 1394 610 praedictum
1426 539 1823 594 monasterium
1857 540 2038 608 spatio
2055 555 2172 592 sex-

574 629 753 683 decim
784 646 1058 683 annorum
1093 635 1149 682 et
1178 629 1456 700 amplius;
1488 635 1715 682 strenue
1745 633 1802 681 et
1827 628 2084 697 religiose
2110 643 2170 680 se

574 717 786 772 habens
817 719 884 771 ad
902 719 1106 771 fratres
1136 735 1266 772 suos
1293 724 1348 772 et
1381 718 1451 772 ad
1487 734 1701 781 omnes,
1745 717 2006 786 spiritum
2057 717 2170 770 Do-

573 807 726 861 mino
768 807 1028 870 reddidit,
1071 807 1269 877 quinta
1323 807 1530 860 mensis
1566 805 1720 870 Julii,
1759 822 1904 858 anno
1947 806 2171 860 Domini

573 895 869 950 millesimo
918 894 1472 966 quadringentesimo
1505 894 1933 965 quadragesimo
1991 900 2165 960 sexto,

568 985 782 1039 cunctis
805 1000 968 1038 suum
990 983 1202 1037 obitum
1236 983 1680 1054 deplorantibus,
1714 984 2077 1054 sepultusque
2105 984 2162 1037 in

565 1073 732 1127 choro
755 1074 915 1142 juxta
935 1073 1237 1126 Dominum
1271 1073 1632 1127 Guillelmum
1657 1073 1725 1126 de
1753 1072 2159 1140 Annularibus,

564 1163 726 1232 cujus
755 1161 939 1215 fuerat
957 1162 1297 1232 capellanus.
1333 1162 1514 1232 Hujus
1543 1161 1735 1216 anima
1762 1161 2080 1232 requiescat
2104 1161 2162 1215 in

563 1267 716 1321 pace.
749 1252 949 1305 Amen.

633 1340 777 1394 Nota
809 1341 957 1410 quod
991 1341 1096 1393 iste
1125 1339 1369 1394 Thomas
1392 1339 1548 1393 fundi
1581 1339 1796 1392 curavit
1835 1339 1975 1393 duas
2015 1355 2162 1393 cam-

558 1445 733 1499 panas
770 1429 826 1483 in
871 1430 1102 1484 ecclesia
1149 1429 1329 1494 Becci,
1379 1429 1592 1483 scilicet
1632 1445 1983 1499 campanam,
2036 1446 2158 1498 quae

559 1516 764 1572 dicitur
795 1521 842 1572 te
865 1520 1079 1583 timbre,
1113 1523 1167 1572 et
1193 1535 1520 1588 campanam
1553 1517 1876 1582 secundam,
1896 1535 2019 1588 qua:
2039 1519 2156 1588 pul-

558 1611 717 1661 satur
744 1606 803 1661 in
835 1607 1080 1678 vesperis
1109 1611 1168 1661 et
1195 1606 1504 1661 matutinis.
1530 1605 1603 1661 Et
1632 1607 1884 1661 deductis
1901 1607 2156 1677 expensis

556 1710 658 1766 pro
688 1712 766 1762 se,
792 1701 848 1749 et
877 1697 1093 1750 servulo
1115 1713 1234 1761 suo,
1252 1695 1749 1760 etmateria,soluti
1764 1701 1897 1749 sunt
1916 1702 2155 1766 septem-

557 1783 754 1851 franci,
790 1790 852 1838 ut
869 1790 1024 1855 patet
1053 1785 1108 1838 in
1129 1785 1469 1838 chartulario
1492 1802 1590 1856 per
1610 1784 2148 1854 quittanciamNota

556 1874 723 1928 etiam
755 1873 902 1944 quod
925 1890 1071 1928 anno
1117 1873 1339 1929 Domini
1381 1874 1678 1928 millesimo
1719 1874 2152 1944 quadringente-

553 1963 694 2016 simo
725 1963 1016 2032 trigesimo
1038 1962 1225 2029 tertio,
1257 1964 1502 2017 Joannes
1521 1962 1764 2018 Saudrin
1796 1962 1974 2033 pictor
2001 1963 2148 2033 apud

553 2051 966 2122 Rothomagum
988 2068 1362 2117 commorans,
1386 2053 1596 2123 recepit
1617 2068 1651 2105 a
1678 2051 1998 2122 supradicto
2047 2052 2148 2104 do-

549 2140 703 2194 mino
725 2141 941 2195 Thoma
971 2140 1170 2195 abbate
1207 2141 1466 2195 Bcccensi
1509 2157 1790 2195 summam
1841 2141 2148 2210 nonaginta

548 2246 643 2284 sex
667 2229 940 2284 librarum
971 2230 1402 2294 Turonensium,
1430 2229 1499 2284 ob
1513 2247 1740 2284 causam
1759 2231 2141 2290 materiarum,

547 2318 917 2389 picturarum,
937 2325 994 2373 et
1022 2320 1299 2373 sexdecim
1327 2335 1660 2388 magnarum
1678 2319 1984 2388 imaginum
2008 2318 2148 2388 lapi-

546 2407 778 2462 dearum
800 2408 1072 2462 stantium
1123 2409 1180 2461 in
1209 2409 1377 2461 choro
1403 2414 1606 2462 nostrae
1638 2408 1880 2461 ecclesiae
1906 2409 2145 2460 Beccen-

546 2495 640 2561 sis,
675 2501 739 2550 ut
772 2503 927 2568 patet
948 2513 1048 2566 per
1068 2497 1188 2566 ejus
1229 2496 1597 2567 quictantiam
1626 2496 1684 2549 in
1713 2495 1957 2548 armaria
1981 2495 2146 2548 char-

544 2585 738 2640 tularii
769 2585 839 2639 de
868 2585 1072 2639 litteris
1102 2584 1456 2639 electionum.

1166 2687 1516 2728 EPITAPHIUM.

614 2765 716 2819 Iste
746 2768 896 2820 locus
927 2766 1103 2818 tenuit
1124 2779 1316 2830 corpus
1343 2765 1548 2815 virtute
1574 2764 1875 2830 repletum;

616 2854 784 2921 Quem
816 2858 978 2907 tellus.
996 2855 1186 2920 genuit
1220 2853 1367 2904 Becci
1393 2852 1694 2919 Thomaque
1727 2853 1976 2920 Friquesi
1993 2872 2008 2916 ;

623 2944 748 2996 Vite
772 2943 1092 2996 claustralis
1119 2943 1320 3009 ﬂorens
1349 2941 1448 2992 sub
1469 2942 1662 3006 regula
1691 2941 1855 3006 degit,

608 3030 1008 3099 Subtramitque
1038 3031 1220 3093 malis,
1251 3029 1341 3082 sed
1370 3029 1578 3084 Christi
1598 3031 1737 3082 colla
1764 3030 1992 3096 subegit,

612 3122 715 3176 Hic
738 3122 901 3188 prior
925 3121 1119 3172 electus
1152 3120 1430 3171 malorum
1455 3119 1700 3171 crimina
1723 3120 1869 3170 texit.

610 3208 788 3265 Abbas
810 3210 1023 3274 effectus
1045 3207 1208 3274 digne
1237 3208 1472 3260 camobia
1500 3209 1644 3260 rexit
1668 3226 1682 3258 :

609 3298 982 3364 Beccensisque
1009 3298 1172 3349 Pater
1191 3298 1478 3349 vicesimus
1515 3298 1725 3348 exstitit
1756 3297 1884 3363 ipse,

613 3385 874 3440 Octavum
905 3385 1084 3451 frater
1111 3386 1300 3449 addas,
1328 3389 1444 3453 post
1475 3387 1780 3438 occubuisse

609 3473 774 3529 Anno
804 3476 1048 3539 milleno,
1081 3477 1322 3539 centeno,
1353 3474 1540 3541 sicque.
1562 3478 1848 3541 quaterno,

610 3564 815 3629 Quinta
839 3564 1105 3630 Quintilis
1123 3563 1292 3616 decies
1323 3566 1522 3630 quarto
1537 3577 1747 3631 quoque
1768 3568 1927 3615 sexto.

544 3695 553 3706 .
603 3694 614 3706 .
659 3693 674 3706 .
719 3693 732 3706 .
781 3695 789 3705 .
841 3693 852 3706 .
1012 3693 1022 3703 .
1068 3693 1078 3703 .
1127 3654 1360 3705 .Parcat
1383 3652 1476 3703 illi
1506 3652 1665 3703 Deus.
1689 3654 1881 3704 Amen.

607 3741 757 3795 Nota
785 3740 932 3812 quod
973 3741 1063 3793 hic
1102 3739 1309 3792 debent
1360 3738 1526 3792 scribi
1559 3739 1699 3792 bene
1740 3746 1901 3808 gesta
1957 3738 2139 3792 Patris

537 3830 715 3884 nostri
743 3829 956 3883 domini
983 3828 1215 3882 Joannis
1245 3828 1314 3881 de
1345 3829 1510 3893 Mota,
1547 3827 1765 3882 abbatis
1811 3829 1976 3897 hujus
2025 3843 2136 3881 cm-

537 3919 688 3974 nobii
717 3919 969 3990 vigesimi
991 3917 1125 3971 noni
1149 3936 1160 3982 ;
1196 3917 1292 3969 sed
1326 3916 1460 3986 quia
1487 3921 1740 3986 tempore
1769 3933 1870 3971 suo
1892 3933 2001 3970 non
2031 3916 2130 3979 fui,

2253 537 2464 590 domini
2488 538 2951 608 Rothomagensis
2971 539 3368 592 consulebatur
3389 540 3531 592 tradi
3559 559 3572 605 ;
3595 557 3720 611 quae
3741 558 3848 596 om-

2253 625 2347 678 nia
2375 621 2651 696 patienter
2667 627 2942 690 toleravit,
2993 633 3048 680 et
3087 633 3315 681 cunctos
3353 627 3642 683 visitantes
3677 631 3843 685 eccle-

2253 714 2598 785 siam,quam
2631 715 2877 786 regebat,
2907 716 2978 770 ad
3003 732 3252 770 amorom
3281 717 3370 770 sui
3387 723 3443 771 et
3462 735 3578 772 suae
3607 719 3843 772 ecclesia:

2255 803 2522 858 incitavit.

2323 920 2463 973 Cum
2496 925 2683 974 autem
2713 921 2923 975 electus
2952 921 3373 985 fuit,ecclesiam
3390 923 3723 976 Beccensem
3736 940 3845 977 ma-

2244 1008 2370 1076 gnis
2399 1008 2602 1062 debitis
2629 1009 2841 1063 invenit
2868 1016 3180 1072 oneratam,
3236 1016 3293 1064 et
3333 1027 3431 1080 per
3468 1012 3661 1066 omnia
3699 1012 3842 1067 intus

2246 1105 2302 1150 et
2321 1098 2565 1151 exterius
2593 1099 2947 1168 deturpatam
2969 1099 3216 1154 aediﬁciis
3249 1099 3518 1163 ruinosis;
3557 1117 3730 1170 quam
3775 1101 3840 1155 ad

2245 1187 2414 1240 talem
2443 1193 2652 1241 statum
2683 1188 2908 1241 deducit
2927 1189 3072 1259 quod
3096 1204 3198 1242 nec
3221 1188 3423 1242 debitis
3471 1205 3574 1242 nec
3610 1205 3838 1260 repara-

2243 1275 2489 1329 tionibus
2538 1277 2733 1346 quovis
2781 1277 2946 1330 modo
2999 1277 3179 1348 possit
3234 1278 3482 1333 notari...
3550 1278 3834 1333 ecclesiam

2244 1365 2400 1418 Becci
2423 1365 2655 1419 miriﬁce
2675 1382 2774 1436 per
2794 1366 3020 1435 longum
3045 1372 3102 1420 et
3125 1367 3322 1432 latum,
3354 1366 3506 1420 intus
3520 1372 3582 1421 et
3596 1368 3830 1422 exterius

2240 1453 2551 1507 decoravit:
2607 1471 2736 1524 pars
2773 1455 2920 1508 enim
2953 1455 3197 1509 ecclesiae
3241 1463 3379 1525 (quae
3414 1456 3573 1510 navis
3611 1456 3830 1526 dicitur)

2240 1559 2361 1612 quae
2391 1543 2561 1596 foveis
2588 1543 3002 1597 terrisinferius
3023 1550 3079 1597 et
3119 1545 3340 1597 araneis
3391 1545 3656 1615 superius
3699 1545 3828 1599 villi-

2239 1632 2603 1702 pendebatur,
2639 1632 2857 1702 lapideo
2882 1633 3202 1702 pavimento
3225 1639 3282 1686 et
3309 1633 3558 1687 victrinis
3573 1635 3720 1688 circa
3738 1650 3826 1688 na-

2167 1761 2214 1820 Β
2235 1737 2358 1774 vem
2383 1722 2711 1776 necessariis
2731 1722 3027 1775 decoravit.
3073 1723 3357 1793 Capellam
3401 1723 3622 1778 Sancte
3663 1723 3824 1794 Apol-

2234 1811 2382 1878 linae,
2414 1811 2471 1864 in
2504 1827 2615 1881 qua
2642 1816 2756 1864 tres
2794 1811 3089 1880 imagines.
3120 1811 3415 1873 ordinavit,
3452 1811 3717 1870 instituit.
3749 1817 3820 1876 et,

2232 1905 2293 1952 ut
2338 1905 2537 1952 cuncta
2577 1900 2934 1970 complectar.
2984 1900 3122 1954 nihil
3179 1900 3340 1954 vilius
3387 1900 3513 1953 navi
3567 1900 3818 1965 ecclesiae,

2233 1988 2455 2058 quando
2481 1988 2707 2058 depingi
2733 1989 2894 2053 fecit;
2928 1996 2985 2042 et
3006 2005 3197 2042 cruces
3225 1989 3469 2043 ecclesiae
3500 1989 3822 2054 instituit,in

2232 2077 2452 2146 signum
2479 2077 2863 2142 dedicationis,
2922 2095 3024 2148 per
3058 2077 3352 2132 circuitum
3392 2077 3548 2132 intus
3587 2083 3641 2132 et
3675 2077 3817 2142 foris,

2231 2165 2479 2219 tombam
2501 2182 2659 2219 suam
2689 2171 2746 2220 et
2773 2166 2861 2220 sui
2893 2166 3315 2236 praedecessoris
3336 2167 3392 2220 in
3409 2166 3584 2220 choro
3611 2166 3814 2229 locavit,

2232 2254 2296 2307 In
2323 2254 2492 2307 choro
2515 2253 2674 2307 dictae
2705 2254 2949 2308 ecclesiae
2976 2261 3217 2324 quatuor
3247 2255 3487 2326 pillaria,
3521 2257 3676 2316 iuxta
3703 2255 3819 2326 pul-

2230 2343 2429 2414 pitum,
2465 2343 2803 2412 imaginibus
2833 2343 3122 2397 doctorum
3147 2350 3390 2414 quatuor
3411 2345 3685 2408 Ecclesiae,
3703 2359 3816 2397 mu-

2231 2432 2385 2496 nivit,
2417 2448 2539 2502 qua;
2568 2440 2699 2485 ante
2731 2449 2902 2486 vacua
2930 2433 3172 2486 fuerant.
3220 2431 3564 2487 Libriferum
3615 2433 3673 2486 in
3713 2448 3816 2485 mo-

2229 2521 2384 2585 dum,
2417 2526 2473 2574 et
2497 2521 2733 2574 formam
2753 2522 2971 2591 aquilae,
3001 2522 3059 2575 in
3081 2521 3263 2576 medio
3289 2522 3463 2582 chori,
3515 2523 3586 2577 ad
3629 2528 3811 2576 tenen-

2227 2610 2361 2663 dum
2398 2611 2628 2664 chorum
2665 2610 2947 2677 instituit;
2990 2611 3342 2682 formamque
3375 2612 3558 2682 Moysi
3601 2625 3807 2672 aeream,

2226 2706 2503 2770 praecepta
2530 2699 2734 2769 legalia
2775 2699 2832 2753 in
2876 2715 3045 2752 manu
3090 2700 3359 2769 gerentis,
3393 2699 3464 2753 ad
3514 2698 3802 2770 Epistolam

2224 2788 2533 2841 canendam
2551 2789 2844 2853 ordinavit,
2868 2789 3337 2858 Magniﬁcumque
3349 2789 3807 2858 evangelistarum

2221 2893 2428 2931 aereum
2440 2877 2678 2930 formam
2691 2883 2932 2946 quatuor
2943 2877 3414 2946 evangelistarum
3431 2877 3807 2947 gerens.juxta

2224 2967 2401 3019 altare
2429 2966 2498 3018 ad
2535 2966 2832 3035 Evangelia
2858 2983 2956 3037 per
2985 2967 3256 3020 circulum
3287 2967 3418 3020 anni
3439 2965 3731 3027 cantanda,
3760 2967 3808 3016 et

2160 3054 2290 3136 Cde
2334 3055 2530 3107 eadem
2573 3053 2811 3108 materia
2843 3061 2900 3108 et
2950 3071 3114 3120 aerea,
3181 3061 3424 3126 quatuor
3487 3051 3808 3110 candelabra

2221 3159 2344 3196 sum
2352 3143 2733 3213 ptuosissima.

2293 3258 2592 3312 Ecclesiam
2621 3258 2871 3328 pluribus
2901 3259 3248 3314 vestimentis
3281 3261 3570 3324 nudatam,
3606 3265 3662 3314 et
3679 3257 3806 3313 indi-

2220 3353 2467 3418 gentem,
2509 3347 2701 3401 multis
2746 3347 3168 3403 honorabilibus
3209 3355 3265 3402 et
3300 3350 3646 3420 sumptuosis
3684 3363 3803 3402 con-

2220 3437 2464 3498 fortavit,
2499 3442 2555 3490 et
2582 3436 2773 3490 multis
2815 3437 3108 3506 jocalibus,
3155 3438 3427 3508 reliquiis,
3476 3445 3536 3493 et
3583 3436 3802 3491 maxime

2220 3523 2312 3578 ubi
2339 3524 2637 3596 requiescit
2666 3541 2796 3595 pars
2827 3524 3027 3596 capitis
3047 3527 3224 3580 sancti
3249 3527 3436 3592 Blasii,
3483 3544 3607 3599 quae
3651 3529 3803 3578 antea

2219 3612 2278 3666 in
2298 3615 2500 3682 Anglia
2526 3614 2582 3667 in
2615 3613 2865 3684 prioratu
2887 3614 3089 3667 Conith
3119 3615 3498 3683 detinebatur,
3535 3614 3710 3669 medio
3753 3614 3802 3664 et

2221 3701 2439 3755 monitu
2473 3702 2657 3756 Patris
2687 3701 2862 3756 nostri
2891 3702 3000 3755 fuit
3017 3703 3162 3774 apud
3198 3704 3434 3758 Beccum
3462 3701 3801 3763 translata,et

2220 3789 2276 3842 in
2317 3791 2804 3861 sumptuosissimo
2835 3791 3138 3861 reliquario
3160 3793 3422 3863 reposita.

2290 3915 2528 3968 Domum
2559 3915 2929 3980 inﬁrmorum,
2961 3932 3084 3986 quae
3113 3916 3425 3970 inﬁrmaria
3468 3915 3690 3978 dicitur,
3732 3909 3794 3964 ad

537 4026 640 4064 nec
679 4008 987 4078 quidquam
1045 4005 1316 4076 scriptum
1379 4005 1580 4070 inveni,
1643 4005 1769 4059 ideo
1831 4005 2134 4060 scientibus
2215 4003 2451 4058 fratrum
2481 4003 2789 4058 subsidium
2813 4011 2870 4058 et
2899 4005 3186 4074 egentium
3203 3999 3788 4072 solatium,aediticavit,

539 4096 747 4150 dimisi.

611 4190 737 4251 πε
756 4182 1027 4237 Defuncto
1060 4180 1361 4235 venerabili
1389 4183 1555 4236 Patre
1591 4180 1828 4235 Domino
1846 4181 2138 4237 Joannede

540 4273 683 4326 Lota
695 4271 744 4324 al
755 4271 834 4324 ias
846 4271 914 4324 de
926 4269 1655 4340 Rothomago,decretorum
1672 4270 1874 4324 eximio
1888 4271 2133 4337 doctore,

2220 4110 2330 4147 non
2351 4095 2530 4148 solum
2557 4093 2942 4159 materialiter,
2985 4094 3086 4147 sed
3117 4094 3265 4165 quod
3313 4095 3515 4150 melius
3547 4101 3602 4148 et
3625 4089 3793 4160 majus

2221 4187 2322 4245 est,
2357 4182 2745 4253 spiritualiter,
2775 4183 2905 4252 quia
2934 4182 3052 4254 ipse
3075 4200 3109 4236 a
3151 4200 3371 4237 summo
3410 4183 3668 4256 pontiﬁce
3699 4179 3792 4232 im-

2222 4273 2462 4341 petravit
2504 4278 2567 4325 ut
2600 4271 2784 4326 cuncti
2843 4272 2901 4325 in
2967 4272 3234 4343 praedicta
3279 4272 3444 4326 domo
3487 4270 3792 4328 decedentes

543 4361 640 4431 qui
667 4359 805 4413 obiit
830 4359 888 4412 in
918 4359 1084 4413 domo
1121 4360 1297 4424 Becci,
1342 4359 1490 4430 apud
1535 4358 1974 4429 Rothomagum,
2021 4360 2640 4422 cor-Dabsolverentur
2671 4378 2705 4414 a
2733 4377 2894 4431 poena
2923 4367 2979 4414 et
2998 4362 3178 4432 culpa,
3205 4367 3268 4415 ut
3302 4361 3359 4416 in
3404 4361 3558 4417 bulla
3606 4355 3788 4413 clarius

539 4464 757 4520 pusque
788 4448 836 4517 ej
847 4465 909 4502 us
929 4448 1075 4518 apud
1097 4448 1328 4502 Beccum
1353 4448 1624 4511 delatum,
1640 4447 1905 4502 fratribus
1925 4450 2138 4504 cunctis

542 4553 708 4592 suum
733 4536 946 4590 obitum
965 4535 1638 4601 lamentantibus,ibidem
1657 4537 1872 4606 accepit
1892 4539 2139 4608 sepultu-

541 4643 664 4682 ram
687 4627 846 4697 juxta
882 4625 1349 4696 praedecessorem
1397 4641 1559 4679 suum
1602 4624 1834 4679 fratrem
1866 4627 2138 4682 Thomam

541 4717 610 4771 de
636 4716 827 4770 Becco.

613 4805 717 4861 Cui
747 4803 1014 4858 successit
1044 4800 1374 4856 venerabilis
1399 4806 1592 4872 pastor
1614 4806 1671 4856 et
1691 4802 1860 4857 Pater
1877 4804 2137 4858 dominus

539 4893 862 4949 Gauﬁ‘ridus
881 4892 950 4944 de
981 4889 1270 4960 Hispania,
1303 4889 1441 4943 alias
1476 4890 1775 4956 Benedicti,
1811 4900 1947 4947 tunc
1983 4893 2138 4964 prior

540 4985 610 5039 de
630 4984 798 5038 Prato
822 4983 984 5052 juxta
1013 4979 1445 5048 Rothomagum.
1481 4981 1623 5034 Dum
1656 4997 1778 5051 ejus
1807 4982 2004 5037 electio
2029 4983 2137 5038 fuit

541 5072 808 5128 canonice
837 5069 1136 5135 celebrata,
1189 5069 1404 5122 cunctis
1453 5070 1721 5125 fratribus
1775 5073 1894 5141 ejus
1935 5073 2136 5128 merita

541 5159 1044 5222 considerantibus,
1081 5159 1138 5211 in
1171 5175 1296 5211 cum
1341 5175 1440 5229 per
1483 5160 1628 5214 viam
1669 5161 1846 5214 sancti
1897 5162 2135 5232 Spiritus

540 5251 888 5308 unanimiter
911 5247 1284 5314 consentiunt,
1319 5255 1374 5302 et
1403 5265 1530 5302 eum
1560 5250 1617 5302 in
1650 5255 1930 5319 pastorem
1977 5268 2134 5307 assu-

542 5348 702 5396 munt
732 5339 1036 5394 Dominicae
1067 5337 1471 5391 Incarnationis
1496 5355 1643 5391 anno
1670 5339 1964 5393 millesimo
2005 5358 2137 5411 qua-

2221 4448 2558 4505 continetur.
2594 4449 2661 4502 Et
2685 4465 2718 4501 a
2745 4449 2964 4503 vicariis
3007 4450 3063 4503 in
3099 4450 3321 4504 Christo
3361 4450 3543 4505 Patris
3588 4439 3788 4502 Domini

2220 4536 2514 4590 Guillermi
2538 4537 2938 4591 Destoutevilla
2959 4537 3358 4610 archiepiscOpi
3392 4539 3782 4604 Rothomagen-

2219 4625 2296 4679 sis
2337 4631 2395 4679 et
2425 4626 2724 4680 cardinalis
2763 4626 2912 4680 tituli
2951 4627 3283 4693 Hostiensis,
3336 4624 3669 4700 impetravit,
3730 4621 3783 4672 ut

2220 4731 2412 4768 omnes
2442 4715 2705 4785 religiosi,
2736 4717 2794 4770 in
2822 4715 2969 4770 dicta
3007 4717 3319 4771 inﬁrmaria
3342 4717 3696 4774 celebrantes.
3734 4710 3781 4761 et

2219 4805 2618 4875 cujuscumque
2646 4811 2846 4868 status,
2880 4805 3078 4860 devote
3107 4806 3404 4861 missarum
3420 4802 3680 4862 solemnia
3702 4811 3783 4862 au-

2219 4893 2720 4957 dientes,omnibus
2750 4894 2946 4950 diebus
2979 4895 3409 4957 Dominicis,nec
3434 4912 3543 4950 non
3571 4898 3625 4946 et
3642 4883 3777 4943 festis

2219 4983 2582 5052 solemnibus,
2625 4983 2858 5054 triginta
2900 4984 3018 5038 dies
3056 4983 3124 5037 de
3167 4984 3430 5054 injunctis
3468 4971 3778 5056 pmnitentiis

2218 5072 2535 5136 relaxando,
2567 5073 2833 5144 consequi
2862 5079 3201 5137 mereantur,
3238 5079 3300 5127 ut
3325 5073 3488 5128 docet
3512 5072 3685 5126 littera
3702 5075 3778 5115 su-

2218 5179 2316 5232 per
2332 5164 2434 5216 hoc
2449 5164 2698 5218 confecta
2717 5182 2728 5230 ;
2747 5164 3060 5218 etlitteram
3086 5163 3332 5217 invenies
3358 5163 3414 5217 in
3435 5152 3769 5217 chartularioy

2219 5253 2276 5306 in
2301 5253 2464 5306 titulo
2507 5243 3052 5324 archiepiscoporum
3101 5252 3644 5322 Rolhomagensium.
3677 5241 3773 5294 Nec

2217 5348 2301 5396 est
2331 5343 2700 5396 omittendum
2721 5343 3061 5413 lampadium
3085 5342 3229 5412 quod
3250 5349 3334 5396 est
3352 5343 3407 5395 in
3430 5338 3604 5395 medio
3618 5325 3766 5386 chori.

541 5428 979 5498 dringentesimo
1033 5427 1496 5498 quinquagesimo
1529 5429 1788 5480 secundo.
1844 5429 1950 5491 Qui
1998 5431 2131 5485 dum
2211 5433 2371 5502 juxta
2399 5432 2816 5488 candelabrum.
2851 5434 2996 5502 quod
3029 5432 3183 5485 dedit
3212 5431 3472 5485 dominus
3492 5418 3766 5512 Richardlls

541 5523 689 5572 esset
708 5534 860 5586 prior
884 5518 950 5570 de
974 5517 1160 5583 Prato,
1184 5516 1405 5586 guerris
1427 5516 1484 5569 in
1506 5517 1919 5572 Northmannia
1939 5519 2128 5590 vigen-
2213 5521 2263 5575 le
2286 5523 2475 5576 Grand
2503 5531 2730 5577 curatus
2757 5522 2826 5575 de
2846 5523 3024 5576 Bosco
3055 5521 3304 5587 Robcrti,
3328 5522 3534 5575 dudum
3577 5510 3765 5567 abbatis

537 5606 707 5673 tibus,
739 5607 915 5666 multa
943 5623 1139 5679 passus
1171 5612 1273 5674 est,
1305 5611 1361 5660 et
1401 5605 1653 5660 redditus
1697 5606 1940 5663 ecclesiae
1973 5609 2127 5665 Prati
2210 5613 2446 5668 servitor
2515 5611 3040 5684 obsequiosissimus
3078 5617 3134 5668 et
3192 5611 3508 5677 familiaris;
3555 5605 3761 5672 CDPPam
