3920 6354
73 352 176 406 685

1243 350 1334 403 CH
1344 348 1666 404 RONICON
1710 349 2098 407 BECCENSE.

3241 348 3354 405 686

76 474 433 544 magniﬁcam
462 476 772 541 argentem,
807 476 864 524 et
890 471 1219 527 deauratam
1250 473 1544 528 conventui
1574 474 1673 527 de-
1692 477 1741 535 A
1761 480 1878 529 tam
1912 477 2204 547 magniﬁce
2228 476 2640 540 conﬁrmatum,
2669 475 2837 529 rediit
2857 475 2927 529 ad
2952 479 3163 530 terram
3190 491 3353 531 suam

74 565 181 618 dit.

149 654 271 723 Ipse
305 667 434 704 vero
457 666 571 704 non
599 650 898 703 immemor
920 649 1054 704 dicti
1074 651 1221 721 quod
1249 658 1440 706 sancta
1461 656 1507 705 et
1522 655 1674 705 salu-

80 744 190 795 bris
216 746 291 793 cst
313 741 574 806 cogitatio
605 754 704 806 pro
734 740 1008 804 defunctis
1038 755 1283 805 exorare,
1310 746 1425 793 uta
1444 741 1678 808 peccatis

78 832 373 884 solvantur
391 828 476 893 (ΙΙ
488 827 692 881 ΜαεεΙι.
724 840 815 891 xu,
837 825 949 895 46),
978 833 1034 880 et
1055 828 1203 898 quod
1231 829 1435 882 animae
1460 828 1682 881 defunc-

80 927 264 972 torum
294 913 649 969 orationibus
670 915 992 980 viventium,
1027 916 1097 969 ad
1144 932 1441 986 pmnarum
1472 916 1683 970 relaxa-

76 1008 288 1061 tionem
322 1004 600 1074 indigent,
631 1002 845 1057 obitum
877 1020 1040 1058 suum
1067 1004 1315 1060 instituit
1334 1004 1603 1059 celebrari
1623 1005 1682 1058 in

81 1093 539 1166 quadragesima,
567 1091 658 1146 die
688 1092 868 1145 sancti
906 1093 1192 1146 Benedicti
1223 1092 1458 1157 abbatis,
1484 1100 1541 1148 et
1570 1109 1683 1147 ser-

83 1185 212 1239 vitio
242 1181 641 1237 assistentibus
664 1182 970 1251 assignavit
988 1182 1178 1237 decem
1210 1182 1378 1236 libras
1400 1184 1684 1237 Turonen-

82 1288 380 1342 ses,super
404 1277 686 1340 receptam
714 1269 782 1323 de
799 1270 1125 1334 Bensevilla,
1157 1270 1573 1325 distribuendas
1590 1287 1691 1341 per

85 1378 316 1416 manum
349 1360 437 1415 sui
460 1359 751 1430 capellani,
778 1359 1000 1429 quando
1030 1377 1274 1430 prazsens
1294 1360 1420 1428 erit,
1440 1366 1496 1413 et
1523 1360 1570 1413 si
1591 1358 1692 1413 ab-

84 1468 210 1505 sens
239 1449 437 1513 fuerit,
472 1448 529 1501 in
566 1448 918 1501 ordinatione
940 1448 1141 1518 prioris
1168 1450 1291 1502 erit.

156 1542 222 1595 In
253 1537 510 1593 fontibus
540 1543 597 1590 et
652 1537 1019 1591 conductibus
1059 1538 1260 1591 eximie
1303 1537 1595 1603 laboravit,
1637 1545 1693 1590 et

88 1629 333 1683 maxime
364 1634 498 1681 ante
518 1641 800 1680 cameram
820 1626 1057 1692 abbatis,
1090 1626 1149 1680 in
1174 1627 1336 1680 horto
1367 1626 1461 1698 qui
1490 1626 1695 1680 dicitur

93 1723 145 1773 la
186 1720 393 1784 Vz'gnc;
424 1716 486 1769 in
528 1732 638 1786 quo
695 1715 1031 1769 conductum
1084 1715 1319 1769 fontium
1372 1716 1695 1785 contiguum

1758 564 2021 619 dominus
2059 567 2170 620 dux
2196 565 2539 635 Burgundim
2564 581 2690 619 cum
2721 564 2858 629 suis,
2896 570 3222 618 remanente
3257 564 3358 619 do-

1759 653 1911 706 mino
1941 654 2080 708 duce
2111 654 2439 717 Britanniae,
2474 670 2601 707 cum
2629 658 2821 707 nostro
2841 652 2982 706 duce
3010 652 3357 707 Northman-

1763 740 1889 804 nite,
1909 742 2156 797 nondum
2189 742 2340 813 apud
2358 741 2772 811 Rothomagum
2808 747 3051 811 recepto,
3076 741 3194 811 qui,
3227 756 3357 795 eum

1762 831 1822 883 in
1849 829 2076 884 abbatia
2110 834 2327 886 Sanctae
2356 830 2676 885 Catharinse
2727 832 2888 899 juxta
2944 828 3360 900 Rothomagum

1765 918 1941 972 duxit.
1965 920 2072 983 Qui
2102 920 2241 975 dum
2268 925 2686 991 exspectaretur
2713 936 2748 972 a
2775 917 3175 989 Burgensibus,
3197 924 3361 989 etge-

1766 1009 2078 1063 neralitera
2095 1015 2213 1063 toto
2243 1008 2417 1064 nobili
2440 1016 2592 1063 statu
2620 1008 3046 1063 Northmanniae
3073 1014 3131 1063 et
3152 1025 3263 1063 non
3276 1024 3363 1062 ve-

1765 1097 1931 1161 niret,
1967 1098 2246 1153 miserunt
2277 1098 2561 1153 communi
2609 1114 2843 1152 assensu
2875 1098 3150 1162 omnium,
3188 1098 3362 1151 Joan-

1766 1202 1894 1239 nem
1936 1174 2233 1253 Monsz‘eu'r,
2259 1187 2436 1241 ﬁlium
2473 1187 2542 1241 de
2564 1187 2876 1251 Haricuria,
2920 1193 2985 1241 ut
3001 1187 3169 1241 sciret
3190 1202 3366 1256 quare

1772 1276 2056 1345 ingressus
2081 1278 2204 1346 ejus
2242 1276 2438 1330 tandiu
2457 1275 2854 1343 differebatur;
2886 1276 2983 1347 qui
3008 1275 3241 1329 verbum
3271 1276 3369 1330 ha-

1776 1364 1899 1418 buit
1925 1381 2049 1418 cum
2082 1364 2230 1419 dicto
2262 1366 2462 1425 Carolo
2488 1366 2647 1430 duce,
2696 1370 2753 1418 et
2780 1380 2909 1418 eum
2940 1371 3103 1418 nocte
3131 1380 3259 1419 cum
3280 1370 3367 1418 te-

1774 1453 1879 1517 dis,
1911 1457 1968 1506 et
1990 1452 2191 1506 decoro
2214 1451 2428 1506 lumine
2464 1451 2536 1505 ad
2564 1451 2981 1521 Rothomagum
3010 1451 3279 1519 adduxit;
3312 1457 3371 1505 et

1775 1541 1983 1594 ibidem
2016 1557 2143 1595 cum
2174 1556 2385 1609 magna
2410 1539 2764 1593 solemnitate
2795 1544 2853 1593 et
2879 1540 3121 1594 maximo
3165 1540 3371 1610 gaudio

1779 1635 2091 1700 susceptus,
2110 1629 2477 1700 praesentibus
2493 1629 2728 1683 ducatus
2741 1628 3034 1700 episc0pis,
3058 1628 3370 1696 abbatibus,

1782 1719 2104 1784 baronibus,
2157 1724 2214 1772 et
2262 1718 2473 1772 cunctis
2529 1717 2827 1783 nobilibus,
2878 1723 2934 1771 et
2963 1719 3172 1772 annulo
3203 1733 3374 1772 aureo

93 1822 295 1869 caveae,
312 1805 411 1875 qui
438 1804 659 1875 ligneus
679 1804 1105 1875 erat,lapideum
1132 1804 1516 1870 conformavit,
1540 1811 1603 1858 ut
1621 1805 1701 1857 in-
1718 1789 1764 1848 Β
1784 1809 1976 1862 manui
2005 1807 2287 1878 imposito,
2318 1808 2377 1861 in
2396 1806 2630 1860 ecclesia
2655 1812 2861 1861 nostrae
2889 1806 3141 1873 Dominae
3172 1806 3379 1861 Rotho-

95 1895 280 1951 tuenti
311 1893 590 1947 clarescit.

164 1987 309 2040 Tres
336 1983 625 2036 scholares
662 1981 731 2035 ad
754 1981 1001 2035 studium
1050 1982 1363 2036 Parisiense
1402 1983 1603 2047 tenuit,
1644 1987 1703 2036 et

96 2072 410 2145 aliquando
439 2077 699 2141 quatuor,
741 2070 1057 2141 sumptibus
1089 2072 1329 2141 magnis,
1363 2072 1698 2142 quibusdam

92 2164 146 2217 in
171 2160 487 2230 theologia,
520 2159 645 2212 aliis
677 2158 735 2211 in
765 2158 1002 2212 decretis
1031 2158 1405 2217 studentibus.
1438 2164 1496 2212 et
1527 2176 1621 2211 eos
1642 2159 1697 2212 in

94 2251 365 2323 gradibus
398 2248 724 2302 facultatum
758 2247 995 2318 copiosis
1026 2247 1339 2318 sumptibus
1382 2248 1694 2313 honoravit,

95 2349 146 2396 et
172 2356 349 2395 manu
383 2339 564 2408 larga,
596 2338 783 2389 favore
812 2336 1152 2389 scholarium
1180 2354 1428 2400 suorum,
1452 2336 1695 2389 maxime

97 2428 424 2484 doctoribus
472 2426 802 2479 facultatum
835 2425 1235 2479 Parisiensium
1269 2427 1412 2479 bona
1451 2425 1696 2479 ecclesia

100 2518 412 2572 distribuit.
446 2515 631 2579 Quare
657 2514 791 2568 dicti
819 2514 1121 2579 scholares,
1158 2531 1327 2584 super
1351 2531 1546 2568 omnes
1585 2514 1701 2567 stu-

96 2608 315 2672 dentes,
330 2606 391 2660 in
404 2606 555 2658 dicta
582 2603 964 2668 universitate,
991 2603 1049 2656 in
1077 2604 1322 2656 maxima
1352 2618 1701 2658 recommen-

104 2697 333 2751 datione
364 2693 739 2748 habebantur.

164 2785 315 2840 Dum
332 2784 477 2838 obiit
489 2782 689 2837 nobilis
708 2781 922 2853 pieque
944 2783 1229 2837 memoriae
1250 2782 1511 2836 dominus
1534 2783 1701 2836 Caro-

1781 1897 2083 1967 magensis,
2118 1896 2609 1961 Northmanniam,
2641 1896 2855 1949 cunctis
2899 1894 3237 1962 videntibus,
3279 1895 3379 1949 de-

1781 1984 2099 2056 sponsavit;
2145 1990 2202 2038 et
2245 2002 2368 2039 eam
2416 1990 2481 2038 ut
2532 2001 2771 2055 sponsus
2799 2001 3062 2055 sponsam
3091 1999 3287 2054 regere
3324 1987 3383 2037 et

1779 2075 2097 2144 gubernare
2114 2074 2485 2143 jurejurando
2511 2073 2792 2143 promisit.

1854 2164 1969 2216 Hoc
1999 2162 2162 2227 facto,
2206 2162 2347 2215 duce
2369 2161 2770 2215 Britannorum
2798 2162 2915 2215 solo
2944 2161 3001 2214 in
3033 2161 3381 2215 Northman-

1782 2252 1877 2305 nia
1925 2256 2111 2305 stante
2161 2267 2289 2303 cum
2341 2250 2490 2304 dicto
2544 2250 2764 2316 Carolo,
2788 2267 2884 2304 rex
2932 2250 3179 2305 Francize
3198 2255 3382 2305 totum

1782 2340 1927 2411 quod
1966 2340 2094 2393 fecit
2134 2340 2430 2403 revocavit,
2475 2339 2666 2393 dicens
2697 2340 2846 2410 quod
2885 2339 3149 2393 scribitur
3176 2338 3248 2393 de
3286 2339 3381 2393 de-

1782 2428 2156 2500 sponsalibus,
2189 2445 2315 2482 cum
2347 2429 2530 2484 locum
2560 2446 2673 2482 non
2702 2428 2874 2482 habet
2920 2445 3246 2494 consensus,
3288 2426 3386 2481 ubi

1786 2527 1989 2584 metus,
2016 2519 2102 2571 vel
2133 2518 2346 2572 coactio
2366 2518 2682 2583 intercedit,
2714 2524 2772 2571 et
2815 2518 2963 2588 quod
2995 2524 3220 2572 coactus
3251 2532 3386 2571 con-

1785 2624 2011 2661 sensum
2041 2607 2296 2678 przebuit,
2322 2612 2380 2660 et
2410 2607 2528 2660 suis
2560 2607 2855 2676 armigeris
2893 2606 2952 2660 in
2969 2607 3193 2677 signum
3216 2606 3387 2676 hujus

1789 2697 1937 2759 fecit,
1962 2702 2019 2749 et
2030 2696 2276 2749 instituit
2302 2701 2527 2766 portare
2552 2712 2722 2765 super
2748 2695 2967 2755 loricas,
3001 2695 3141 2749 duas
3173 2695 3390 2749 litteras

1789 2787 1854 2838 A.
1885 2791 1941 2838 et
1967 2786 2028 2839 P.
2049 2785 2207 2855 quasi
2229 2785 2440 2838 diceret
2467 2786 2607 2837 audi
2642 2790 2878 2852 partem.
2927 2784 3178 2838 Audiens
3207 2784 3390 2837 dictus

104 2878 185 2931 lus
217 2872 740 2936 victoriosissimus,
792 2871 887 2941 qui
924 2874 1136 2942 Anglos
1186 2873 1253 2925 de
1296 2871 1710 2925 Northmannia
1792 2875 1901 2927 dux
1935 2875 2185 2931 Carolus.
2224 2874 2372 2943 quod
2402 2874 2567 2943 hujus
2596 2873 2885 2927 occasione
2936 2888 3033 2926 rex
3065 2870 3394 2925 intendebat

104 2964 336 3036 expulit,
372 2979 523 3017 anno
552 2961 778 3016 Domini
815 2961 1112 3015 millesimo
1158 2961 1711 3031 quadringentesimo
1792 2978 2058 3033 guerram
2089 2968 2286 3015 contra
2331 2978 2458 3015 eum
2519 2961 2723 3014 iterum
2779 2977 3018 3023 movere,
3053 2967 3110 3014 et
3149 2960 3219 3013 de
3247 2959 3392 3013 facto

106 3054 546 3125 quadragesimo
570 3067 738 3116 nono,
764 3057 821 3105 et
837 3051 1217 3104 reductionem
1240 3050 1390 3113 fecit;
1410 3051 1550 3103 duos
1571 3050 1713 3102 filios
1732 3108 1770 3125 η
1797 3051 1986 3115 movit,
2022 3051 2154 3121 quia
2173 3050 2346 3104 voluit
2373 3057 2435 3104 ut
2460 3050 2600 3103 villas
2622 3056 2674 3103 et
2705 3056 2888 3103 castra
2911 3050 2967 3102 in
3009 3049 3156 3103 dicto
3184 3049 3394 3103 ducatu

107 3142 401 3213 relinquit.
438 3140 651 3194 scilicet
706 3139 1045 3193 Ludovirum
1093 3140 1369 3193 seniorem
1429 3138 1624 3200 ﬁlium,
1660 3108 1771 3191 et“
1797 3141 1864 3194 de
1896 3140 2097 3211 quibus
2129 3140 2310 3193 dictus
2339 3140 2449 3192 dux
2471 3139 2703 3193 Carolus
2727 3138 3136 3209 possessionem
3165 3154 3393 3208 accepe-

108 3231 471 3301 Delphinum,
495 3230 589 3298 qui
622 3228 886 3282 successit
918 3228 975 3281 in
1003 3245 1227 3293 corona,
1252 3235 1309 3281 et
1347 3227 1519 3280 alium
1544 3228 1714 3280 Caro-
1799 3237 1905 3295 rat,
1938 3229 2044 3283 sibi
2066 3230 2517 3283 restituerentur.
2548 3229 2709 3291 Quod
2738 3228 2846 3282 fuit
2897 3227 3016 3298 regi
3044 3227 3202 3282 valde
3233 3227 3394 3297 igno-

106 3322 217 3375 lum
250 3321 455 3375 ducem
482 3318 551 3371 de
580 3318 790 3388 Berry;
828 3317 922 3387 qui
958 3317 1237 3370 modicum
1263 3317 1563 3370 concordes
1592 3317 1715 3369 fue-
1799 3319 2118 3382 miniosum,
2145 3323 2209 3371 ut
2230 3317 2565 3389 promissum
2601 3334 2765 3371 suum
2793 3322 2990 3371 contra
3038 3319 3271 3371 fratrem
3300 3332 3399 3370 na—

110 3415 237 3463 runt
266 3423 451 3478 usque
472 3406 543 3459 ad
563 3422 772 3459 annum
796 3405 1015 3459 Domini
1046 3405 1409 3459 millesimum
1445 3405 1713 3475 quadrin-

108 3497 490 3568 gentesimum
542 3495 949 3565 sexagesimum
1010 3495 1292 3565 quintum.
1339 3495 1445 3557 Qui
1484 3495 1715 3549 Carolus

114 3594 237 3653 26
262 3588 380 3640 dux
394 3586 464 3639 de
487 3585 663 3655 Berry
693 3601 725 3637 a
762 3584 932 3637 fratre
956 3600 1057 3637 suo
1087 3584 1362 3637 Ludovico
1389 3602 1518 3653 rege
1549 3584 1720 3637 duca-

114 3684 228 3730 tum
258 3673 691 3729 Northmanniae
722 3672 1062 3744 requirebat,
1093 3678 1148 3725 et
1176 3672 1281 3726 sibi
1312 3672 1563 3726 debitum
1596 3673 1723 3742 jure

118 3762 480 3819 haereditario
506 3767 563 3815 et
592 3766 929 3815 testamento
947 3762 1123 3831 patris
1152 3760 1261 3814 sibi
1290 3761 1568 3826 relictum,
1593 3777 1721 3829 rege

118 3852 560 3907 contradicente.

182 3942 398 3995 Videns
426 3938 724 4010 praedictus
755 3939 988 3994 Carolus
1020 3939 1167 4008 quod
1189 3955 1298 3992 non
1331 3944 1550 4009 poterat
1578 3938 1723 4008 paci-

120 4029 191 4083 sci
210 4046 343 4084 cum
374 4045 508 4098 rege
563 4027 734 4081 fratre
766 4045 885 4091 suo,
922 4027 1127 4080 fcedere
1157 4030 1485 4096 conjunctus
1509 4033 1594 4080 est
1630 4028 1721 4087 do-A

123 4118 284 4173 minis
326 4116 562 4170 ducibus
599 4115 929 4186 Burgundiae
960 4122 1013 4168 et
1038 4117 1366 4175 Britanniae;
1399 4116 1492 4186 qui
1524 4133 1722 4186 quere-

124 4205 229 4260 lam
261 4206 401 4260 dicti
431 4204 617 4259 Caroli
650 4222 820 4259 manu
850 4211 1071 4259 armata
1101 4211 1409 4276 portantes,
1433 4212 1490 4259 et
1517 4206 1724 4259 deflen-

124 4292 317 4350 dentes
348 4294 406 4348 in
439 4310 631 4363 regem
674 4294 939 4348 ducatum
1003 4294 1425 4347 Nortbmanniae
1453 4312 1724 4365 occupan-

1796 3408 2037 3462 turalem
2070 3407 2319 3464 violaret.

1869 3496 2245 3550 Considerans
2266 3495 2447 3549 dictus
2477 3495 2587 3549 dux
2617 3495 2764 3566 quod
2792 3496 3055 3566 potentiae
3083 3497 3225 3567 ejus,
3242 3496 3397 3550 vide-

1806 3585 1936 3637 licet
1955 3584 2121 3653 regis,
2150 3601 2261 3637 non
2274 3585 2485 3637 valeret
2519 3584 2801 3644 resistere,
2834 3584 3091 3638 discessit
3114 3585 3397 3639 deNorth-

1805 3674 2053 3737 mannia,
2082 3678 2135 3726 et
2167 3673 2517 3726 Britanniam
2546 3672 2664 3731 ivit,
2723 3672 2921 3743 suique
2961 3675 3235 3733 consules,
3260 3678 3399 3743 puta

1806 3764 2099 3834 episcopus
2117 3770 2173 3815 et
2193 3761 2512 3832 patriarcha
2532 3762 2605 3814 Ba
2606 3762 2869 3830 jocensis.
2914 3762 3205 3831 episcopus
3230 3762 3400 3815 Lexo-

1804 3852 2029 3915 viensis,
2054 3858 2109 3903 et
2138 3850 2362 3921 plurimi
2389 3850 2483 3902 alii
2509 3850 2745 3919 patriam
2781 3856 2837 3903 et
2875 3850 3101 3920 propria
3133 3849 3400 3903 beneﬁcia

1806 3942 2206 4011 relinquentes,
2240 3939 2447 3993 dictum
2488 3939 2708 4001 ducem,
2746 3939 3034 4009 supposito
3064 3944 3122 3991 et
3149 3938 3398 4003 consilio,

1805 4030 1980 4083 secuti
2008 4035 2159 4092 sunt,
2195 4035 2252 4081 et
2293 4028 2455 4081 multi
2498 4026 2711 4080 nobiles
2740 4026 3163 4080 Northmannia:
3194 4026 3399 4095 captivi

1806 4122 2198 4170 remanserunt
2228 4133 2352 4169 cum
2375 4131 2524 4184 rege,
2555 4120 2609 4167 et
2630 4114 2725 4167 alii
2750 4131 2815 4167 cx
2836 4121 2951 4167 toto
2981 4114 3291 4184 perierunt.

1878 4206 1944 4259 Et
1970 4206 2080 4257 ista
2110 4204 2412 4257 miserabili
2436 4219 2643 4273 guerra
2658 4203 2916 4268 durante,
2932 4202 3191 4256 dominus
3213 4206 3405 4257 noster

1807 4300 1863 4347 et
1886 4296 2052 4347 Pater
2080 4293 2432 4357 venerabilis,
2474 4310 2579 4346 sua
2607 4292 2969 4362 benignitate,
3002 4300 3058 4345 et
3086 4292 3404 4357 clementia,

126 4390 252 4449 tem,
300 4384 579 4438 insultum
611 4383 884 4448 fecerunt,
918 4389 973 4437 et
1002 4400 1129 4437 eum
1163 4400 1338 4453 usque
1365 4384 1435 4437 ad
1476 4384 1789 4443 ParisiusD
1810 4383 2024 4436 nobiles
2047 4382 2646 4435 multosinamicitiam
2678 4382 2933 4435 Ecclesiae
2969 4382 3167 4448 univit,
3196 4387 3253 4435 et
3281 4386 3408 4452 post

128 4471 315 4542 fugere
346 4471 744 4542 compulerunt
771 4488 896 4525 cum
925 4477 1042 4524 toto
1068 4472 1312 4525 exercitu
1344 4487 1474 4538 suo;
1523 4470 1615 4525 ubi
1654 4471 1724 4525 ad

132 4562 341 4616 nobiles
362 4560 808 4626 Northmanniaz,
846 4566 909 4613 ut
945 4559 1291 4613 commodius
1320 4561 1570 4614 valerent
1596 4559 1728 4612 resi-

133 4656 292 4717 stere,
325 4650 632 4716 mandavit,
667 4650 763 4720 qui
795 4649 935 4704 adeo
986 4667 1087 4720 pro
1136 4668 1270 4720 rege
1301 4650 1723 4715 dimicaverunt,

135 4740 275 4810 quod
308 4738 601 4810 Burgundi
632 4754 825 4793 eorum
853 4739 1096 4794 exercitu
1122 4739 1306 4793 territi
1336 4739 1619 4810 fugerunt.

197 4829 402 4884 Postea
430 4844 527 4883 rex
556 4827 845 4882 consultus
872 4845 905 4881 a
934 4828 1283 4899 sapientibus
1330 4828 1487 4899 regni
1518 4828 1603 4882 sui
1629 4845 1729 4899 pro

136 4916 273 4972 bono
301 4918 461 4987 regni
490 4923 549 4971 et
573 4917 1007 4986 regnicolarum,
1037 4917 1107 4970 ad
1147 4917 1273 4970 lites
1295 4923 1352 4970 et
1378 4934 1613 4987 guerras
1640 4933 1728 4969 se-

138 5004 342 5061 dendas
381 5013 440 5059 et
465 5005 821 5076 quietandas;
853 5013 910 5060 et
938 5006 1213 5059 amicitias
1266 5006 1413 5059 inter
1452 5006 1732 5076 principes

141 5096 563 5160 connectendas,
592 5096 874 5149 consensit
924 5102 985 5149 ut
1040 5095 1215 5149 frater
1270 5112 1405 5148 suus
1459 5096 1732 5148 Ducatum

1812 4489 2015 4541 paucos
2045 4471 2163 4524 dies
2198 4479 2311 4523 tres
2336 4471 2530 4524 feodos
2556 4470 2789 4534 nobiles,
2820 4471 3075 4525 videlicet
3093 4471 3317 4524 feodum
3339 4470 3408 4524 dc

1812 4561 2195 4625 Calvomonte,
2217 4560 2286 4612 de
2310 4561 2679 4629 Feugueroto,
2705 4566 2761 4613 et
2789 4561 3015 4626 Boullae,
3034 4560 3299 4614 mandato
3323 4576 3408 4613 re-

1808 4650 1895 4719 gis
1909 4650 1978 4702 de
2010 4648 2183 4707 curia,
2205 4655 2259 4701 et
2299 4648 2561 4712 scacario,
2584 4649 2843 4703 Beccensi
2874 4650 3116 4738 ecclesia.-
3138 4656 3412 4720 tanquam

1813 4756 1981 4792 manu
2041 4743 2273 4791 mortuae
2326 4736 2716 4806 incorporavit,
2763 4738 2981 4807 magnis
3043 4736 3098 4791 et
3136 4738 3410 4808 largifluis

1812 4826 2148 4896 sumptibus,
2174 4824 2492 4879 amortisari
2523 4824 2668 4885 fecit,
2693 4842 2841 4879 anno
2874 4826 3093 4880 Domini
3112 4826 3409 4881 millesimo

1814 4916 2366 4988 quadringentesimo
2400 4913 2747 4983 sexagesimo
2780 4919 2954 4976 sexto,
2988 4920 3048 4966 ut
3077 4912 3281 4967 clarius
3310 4929 3411 4983 ap-

1814 5013 1974 5075 paret
2004 5005 2057 5057 in
2084 5004 2285 5057 litteris
2306 5020 2475 5073 super
2506 5003 2610 5055 hoc
2631 5002 2897 5055 confectis
2920 5008 2975 5055 et
3004 5001 3245 5072 scriptis.

1889 5095 2032 5147 Nota
2064 5094 2211 5163 quod
2244 5091 2592 5145 amortisatio
2621 5091 2761 5144 nihil
2790 5090 2942 5145 aliud
2972 5101 3058 5144 est
3102 5107 3267 5161 quam
3303 5095 3412 5144 ter-

141 5184 557 5239 Northmanniic
600 5185 927 5255 possideret,
946 5185 1092 5238 unde
1123 5184 1305 5237 fuerat
1336 5184 1403 5237 lis
1424 5194 1481 5237 et
1509 5190 1736 5237 contro-
1818 5200 1935 5236 ram
1957 5183 2184 5236 domino
2212 5182 2533 5235 tributalem
2576 5182 2809 5235 reddere
2836 5180 3143 5233 immunem
3184 5178 3253 5232 ab
3282 5180 3402 5238 illo.

144 5276 313 5330 versia
337 5282 492 5331 mota
514 5276 664 5329 inter
693 5275 902 5329 dictum
930 5292 1117 5345 regem
1140 5281 1197 5328 et
1227 5273 1488 5328 Carolum
1502 5273 1734 5326 fratrem

145 5364 288 5434 ejus;
311 5373 367 5420 et
397 5383 499 5437 per
523 5382 653 5418 suas
676 5370 931 5435 patentes
962 5364 1178 5418 litteras
1196 5362 1564 5427 conﬁrmavit,
1583 5364 1733 5431 jura-

1888 5271 2131 5326 Tabulas
2162 5272 2218 5324 in
2246 5272 2372 5324 aula
2402 5287 2525 5341 qua}
2553 5270 2757 5323 dicitur
2781 5269 3136 5322 Misericorde
3167 5269 3295 5321 fecit
3322 5285 3412 5322 re-

1819 5377 2023 5414 novare
2059 5368 2117 5413 et
2160 5360 2542 5421 directorium,
2580 5365 2634 5411 et
2681 5357 2940 5412 similiter
2991 5358 3047 5410 in
3100 5357 3410 5425 refectorio,

146 5451 323 5524 vitque
346 5470 639 5525 nunquam
669 5453 861 5507 venire
888 5450 947 5507 in
981 5452 1347 5519 contrarium,
1393 5451 1489 5505 sed
1515 5467 1738 5521 semper
1819 5467 1943 5519 quae
1971 5449 2124 5520 prius
2157 5454 2317 5502 erant
2340 5447 2617 5501 vermibus
2654 5453 3017 5517 consumptae.

147 5542 334 5598 stabile
362 5551 559 5598 tenere
590 5543 945 5613 promissum

216 5631 460 5689 Ducibus
489 5632 852 5699 contentatis,
885 5637 1114 5704 prepter
1141 5631 1311 5702 hujus
1332 5628 1670 5702 promissum
1686 5636 1742 5684 et

1895 5539 2102 5591 Eodem
2126 5554 2272 5591 anno
2296 5536 2538 5591 multide
2567 5536 2886 5590 hominibus
2903 5536 3116 5590 domini
3146 5536 3333 5591 Caroli
3358 5553 3417 5591 se

1846 5633 2142 5682 traxerunt
2173 5628 2242 5680 ad
2274 5627 2460 5681 villam
2484 5643 2605 5701 qua)
2622 5624 2897 5680 diciturle
2918 5624 3062 5681 Pent
3099 5622 3167 5681 de
3204 5626 3425 5683 I’Arche
