3920 6356
561 350 666 404 687
1521 347 1616 400 AD
1658 348 1893 402 OPERA
1937 352 1994 403 Β.
2045 354 2124 404 l..\

2220 354 2450 408 'RANCI
2495 358 2875 412 APPI‘INDIX.
3739 369 3837 423 688

567 490 624 538 et
655 483 862 538 ibidem
893 487 1198 537 tenuerunt
1245 498 1345 553 P8P
1382 481 1588 535 “mltos
1624 481 1743 534 dies
1776 501 1787 534 ε
1833 488 1890 535 et
1926 501 2005 536 Sic
2044 502 2158 548 rex,
2181 488 2226 544 Α
2249 487 2544 557 virginum,
2577 489 2831 542 videlicet
2863 487 3090 557 virginis
3121 489 3310 544 Maria
3341 490 3706 562 Magdalena,
3740 495 3838 548 Ho-

570 579 804 645 propter
819 574 922 627 hoc
941 578 1148 635 motus,
1170 572 1301 641 quia
1325 571 1591 624 nolebant
1620 571 1806 623 villam
1838 572 2160 641 praedictam
2244 578 2474 643 norina,
2509 579 2846 648 Margarita,
2886 579 3222 644 Catharina,
3252 597 3422 651 super
3473 583 3657 636 altare
3690 584 3841 639 dicta

569 680 671 718 suo
723 663 989 717 mandato
1033 661 1285 720 reddere.
1327 659 1384 713 in
1421 659 1644 731 propria
1684 659 1852 724 venit,
1894 666 1950 714 et
1972 663 2158 715 sedem
2244 668 2467 736 capella
2494 668 2688 721 devote
2720 667 2913 732 erexit,
2941 673 2997 720 et
3041 667 3291 721 tabulam
3334 670 3560 741 depingi
3592 672 3744 737 fecit,
3783 674 3833 728 in

568 754 833 818 instituit,
871 760 927 807 et
950 754 1303 823 disposuerat
1352 767 1451 821 per
1492 750 1764 803 assultum
1795 767 2012 821 capere,
2051 752 2159 805 nisi

569 843 963 897 intervenisset
991 841 1206 912 pactio;
1244 848 1404 910 pacto
1434 839 1592 904 inito,
1629 855 1754 892 cum
1787 839 1902 893 suis
1932 839 2161 893 intravit

571 938 628 986 et
655 933 893 986 durante
917 931 1066 990 sede,
1092 930 1286 983 domos
1307 945 1429 1000 qua
1448 933 1611 981 erant
1633 927 1778 981 circa
1805 933 2072 990 castrum,
2104 934 2162 982 et

565 1029 783 1094 portam
812 1037 934 1091 qua
963 1019 1122 1073 duxit
1148 1019 1216 1071 ad
1258 1017 1569 1081 Locoveris,
1607 1017 1738 1071 fecit
1780 1017 2030 1072 funditus
2067 1018 2160 1072 de-

565 1111 724 1174 strui,
760 1116 816 1164 et
846 1110 1053 1163 fossata
1081 1109 1241 1162 dicta
1278 1107 1421 1162 villa
1449 1105 1752 1160 refortiari.

639 1201 846 1255 Eodem
866 1215 1013 1254 anno
1037 1197 1382 1268 sexagesimo
1413 1201 1586 1261 sexto,
1613 1196 1704 1250 die
1732 1196 1909 1249 sancti
1943 1196 2156 1252 Cosma

562 1295 621 1345 et
644 1289 925 1355 Damiani,
958 1305 1125 1342 mane
1156 1287 1295 1341 adeo
1320 1287 1411 1340 die
1434 1290 1618 1340 stante
1656 1284 1924 1339 nebuloso
1953 1291 2010 1339 et
2033 1291 2155 1340 tur-

561 1379 710 1444 bido,
738 1379 885 1450 quod
916 1378 1003 1431 vix
1033 1377 1158 1447 quis
1188 1376 1461 1446 potuisset
1498 1375 1798 1428 distantem
1827 1391 1860 1427 a
1887 1391 1946 1428 se
1976 1374 2155 1428 tribus

559 1468 797 1542 pedibus
818 1466 1156 1537 conspicere,
1184 1465 1548 1535 intraverunt
1575 1463 1898 1516 Bourbonni
1939 1479 2042 1535 per
2069 1480 2156 1518 ca-

561 1564 764 1622 strum,
798 1557 856 1610 in
887 1555 1091 1609 dictam
1118 1553 1400 1608 civitatem
1432 1553 1961 1622 Rothomagensem,
2001 1555 2154 1624 capi-

558 1653 726 1702 taneo
748 1651 806 1700 et
828 1645 1038 1698 civibus
1061 1641 1453 1709 inscientibus;
1483 1641 1632 1696 unde
1658 1641 1765 1696 fuit
1792 1658 2156 1713 magnacom-

558 1735 734 1789 motio
779 1734 837 1786 in
883 1733 1106 1804 papulo.
1143 1731 1251 1786 Sed
1296 1731 1527 1784 tandem
1584 1729 1769 1784 medio
1813 1731 2153 1801 sapientium

2245 771 2372 825 qua,
2405 757 2473 808 ad
2532 757 2710 810 latera
2758 756 2989 827 depicta
3038 764 3171 810 sunt
3210 757 3481 828 imagines
3510 765 3830 816 sanctarum

2240 844 2471 898 Martha
2501 850 2557 897 et
2585 844 2838 914 Agnetis.

2314 933 2552 987 Scamna
2567 933 2714 986 circa
2730 933 2998 1003 capellam
3032 933 3294 994 instituit.
3324 951 3450 988 cum
3483 937 3745 1008 c0phinis
3767 939 3831 993 ad

2242 1022 2564 1092 reponenda
2591 1027 2921 1076 ornamenta
2951 1023 3174 1092 capella
3201 1042 3212 1089 ;
3249 1039 3371 1094 qua
3389 1025 3581 1079 omnia
3599 1028 3833 1098 propriis

2241 1110 2487 1165 denariis
2517 1116 2575 1164 et
2601 1110 2917 1182 sumptibus
2945 1110 3075 1165 fecit
3129 1111 3269 1177 fieri,
3302 1113 3560 1168 videlicet
3609 1115 3830 1171 calicem

2239 1199 2594 1262 deauratum,
2625 1216 2818 1271 pacem
2866 1199 3026 1253 valde
3061 1199 3314 1254 devotam
3376 1207 3432 1256 et
3483 1210 3826 1274 argenteam,

2239 1288 2570 1359 corporalia,
2605 1293 2661 1341 et
2684 1288 3026 1358 generaliter
3065 1288 3253 1342 omnia
3282 1306 3403 1360 qua
3431 1291 3488 1344 in
3520 1293 3736 1363 capella
3763 1293 3833 1346 vi-

2238 1377 2460 1442 dentur,
2494 1378 2552 1431 in
2582 1378 2870 1443 honorem,
2901 1383 2958 1431 et
2987 1378 3243 1432 decorem
3301 1380 3614 1435 maximum
3663 1382 3830 1436 eccle-

2238 1467 2351 1532 sia,
2380 1473 2437 1520 et
2456 1467 2623 1520 etiam
2655 1467 2795 1521 duas
2822 1482 3019 1537 parvas
3039 1467 3267 1538 copinas
3296 1476 3616 1539 argenteas,
3647 1471 3716 1524 ad
3753 1486 3830 1525 re-

2239 1555 2552 1625 ponendam
2583 1572 2787 1626 aquam
2815 1561 2872 1610 et
2893 1555 3106 1620 vinum,
3129 1573 3254 1611 cum
3287 1558 3459 1612 missa
3487 1558 3658 1613 debet
3687 1560 3825 1614 cele-

2237 1643 2406 1698 brari.
2439 1645 2508 1699 Et
2526 1650 2653 1714 post
2670 1645 2724 1698 in
2756 1661 2903 1698 anno
2950 1645 3247 1699 millesimo
3278 1647 3825 1718 quadringentesimo

2237 1735 2581 1803 sexagesimo
2613 1739 2825 1799 octavo,
2859 1733 2989 1788 fecit
3041 1739 3367 1805 sumptuose
3415 1736 3646 1808 depingi
3684 1742 3740 1792 et
3772 1738 3822 1791 in

558 1823 832 1879 stantium
877 1823 936 1875 in
973 1821 1213 1881 civitate,
1258 1836 1354 1873 rex
1399 1821 1650 1892 placatus
1690 1825 1793 1885 est,
1834 1825 1892 1873 et
1928 1836 2052 1873 eam
2093 1801 2213 1874 inB
2236 1822 2505 1876 honorem
2529 1822 2806 1892 virginum
2830 1822 3133 1876 historiari.

553 1912 708 1966 brevi
737 1918 989 1982 tempore
1026 1908 1394 1979 recuperavit,
1437 1913 1494 1961 et
1555 1907 1762 1961 ibidem
1814 1907 1872 1961 in
1910 1925 2151 1978 persona

555 2001 714 2056 stetit
741 2017 842 2072 per
868 1999 1074 2054 multos
1096 1998 1216 2051 dies
1246 2016 1258 2064 ;
1316 2002 1374 2051 et
1424 1996 1704 2050 infortiari
1733 2003 1979 2050 castrum
2012 2014 2149 2067 pra-

551 2091 782 2154 dictum,
827 2089 1068 2160 quodam
1107 2102 1303 2157 grosso
1342 2101 1505 2139 muro
1542 2085 1600 2138 in
1648 2085 1841 2148 latere,
1886 2102 1950 2138 ex
1989 2093 2147 2156 parte

550 2179 817 2235 tendente
839 2194 1035 2231 versus
1060 2177 1265 2240 villam,
1298 2191 1472 2246 prOpe
1502 2173 1709 2227 fontem
1741 2175 1924 2228 castri.

624 2275 743 2335 πει
795 2269 956 2322 Anno
994 2265 1340 2335 sexagesimo
1401 2263 1640 2334 septimo
1677 2264 1809 2317 fecit
1844 2263 2142 2335 pradictus

547 2358 812 2413 dominus
830 2355 1152 2410 Gauil‘ridus
1183 2353 1470 2407 Benedicti
1490 2353 1790 2422 quamdam
1819 2369 2039 2406 crucem
2063 2353 2143 2406 in-

548 2447 707 2502 stitui
739 2444 1093 2515 magnificam
1125 2442 1183 2495 in
1216 2442 1448 2496 ecclesia
1477 2442 1656 2504 Becci,
1685 2441 2032 2505 deauratam,
2077 2458 2140 2495 ex

545 2534 828 2607 lapidibus
848 2532 1107 2604 pretiosis
1129 2531 1379 2601 undique
1408 2530 1707 2592 munitam,
1747 2536 1803 2584 et
1833 2530 1890 2584 in
1917 2547 2030 2600 qua
2051 2548 2138 2584 re-

543 2628 832 2695 ponuntur
859 2623 1031 2693 spina
1058 2619 1315 2691 gloriosa
1343 2635 1560 2674 corona
1617 2619 2007 2690 Redemptoris
2045 2635 2138 2673 no-

543 2714 647 2768 stri
667 2714 694 2768 J
701 2729 799 2766 esu
826 2711 1054 2766 Christi.

612 2803 682 2857 Et
692 2801 887 2856 eodem
902 2817 1048 2854 anno
1068 2799 1450 2870 fecitincipere
1467 2798 1746 2869 quoddam
1762 2797 2134 2865 beufredium,

538 2893 598 2948 in
624 2892 761 2958 loco,
785 2892 843 2945 in
875 2908 983 2962 quo
1015 2889 1306 2945 retroactis
1335 2887 1682 2960 temporibus
1705 2887 1832 2954 fuit,
1862 2888 2006 2958 quod
2029 2889 2137 2942 fuit

2303 1913 2464 1965 Anno
2489 1911 2710 1965 Domini
2743 1911 3042 1966 millesimo
3095 1912 3652 1982 quadringentesimo
3681 1930 3822 1968 sexa-

2229 2000 2444 2069 gesimo
2475 2000 2731 2070 septimo,
2763 2005 3016 2071 tempore
3066 2007 3345 2065 currente,
3407 2018 3518 2072 quo
3560 2003 3818 2057 Dominus

2232 2088 2467 2143 Carolus
2487 2089 2662 2143 frater
2691 2089 2840 2159 regis
2871 2089 3134 2143 Ludovici
3157 2090 3212 2143 in
3234 2091 3532 2146 Britannia
3569 2097 3708 2158 erat,
3739 2108 3820 2144 ve-

2230 2184 2437 2232 nerunt
2465 2178 2723 2232 Britones
2739 2177 2992 2241 Cadomi,
3014 2184 3071 2232 et
3086 2177 3154 2231 ad
3180 2184 3367 2249 partes
3382 2179 3812 2243 circumvncinas,

2227 2272 2284 2320 et
2308 2273 2370 2320 ut
2393 2267 2452 2320 in
2490 2267 2904 2321 Northmannia
2948 2267 3252 2321 faciliorem
3295 2285 3626 2338 aggressum
3655 2269 3815 2323 habe-

2224 2361 2368 2418 rent,
2402 2372 2502 2426 pro
2528 2356 2757 2426 querela
2789 2355 3066 2426 saepedicti
3099 2357 3283 2410 Caroli
3340 2358 3572 2422 tuenda,
3609 2364 3665 2412 et
3701 2357 3810 2411 def-

2223 2443 2522 2506 fendenda,
2557 2461 2684 2498 cum
2709 2445 2848 2498 duce
2881 2444 3170 2499 Alenconii
3218 2452 3445 2516 pactum
3474 2447 3738 2510 inierunt,
3761 2451 3811 2500 et

2223 2538 2678 2604 composuerunt,
2710 2539 2776 2587 ut
2804 2532 3124 2587 Britonibus
3168 2549 3269 2605 pro
3309 2535 3577 2606 pradicto
3623 2535 3807 2590 Carolo

2224 2623 2668 2692 querelantibus,
2707 2622 2914 2687 villam,
2942 2628 2999 2676 et
3022 2628 3265 2677 castrum
3298 2625 3590 2679 Alenconii
3620 2624 3806 2679 redde-

2220 2716 2308 2765 ret
2331 2729 2344 2776 ;
2371 2712 2518 2782 quod
2549 2712 2629 2765 ita
2657 2711 2862 2765 factum
2885 2716 3271 2776 est,venerunt
3286 2718 3343 2766 et
3370 2719 3673 2768 tenuerunt
3689 2729 3804 2768 cum

2223 2800 2468 2854 maxima
2506 2800 2665 2871 c0pia
2696 2801 3106 2870 armigerorum
3133 2818 3383 2856 suorum.

2289 2889 2402 2942 Rex
2426 2895 2614 2943 autem
2637 2889 2948 2943 Ludovicus
2976 2891 3080 2944 hoc
3099 2891 3332 2944 audiens
3364 2893 3537 2962 jussit
3566 2893 3622 2946 in
3669 2893 3802 2946 Nor-

536 2983 670 3053 igne
698 2986 1110 3052 consumptum,
1137 2980 1276 3034 adeo
1308 2978 1456 3049 quod
1487 2994 1588 3049 per
1628 2977 1948 3048 opinionem
1979 2977 2137 3031 latio-
2217 2978 2510 3032 thmannia
2527 2995 2722 3032 omnes
2742 2977 2958 3032 nobiles
2979 2996 3104 3032 cum
3128 2979 3318 3033 liberis
3347 2981 3633 3051 sagittaris
3657 2979 3801 3053 [Vul-

537 3088 760 3126 morum
790 3077 1170 3141 expertorum,
1199 3068 1446 3139 oportuit
1483 3067 1632 3121 istud
1657 3083 1927 3120 renovare
1955 3083 2134 3135 usque
2154 3129 2190 3141 ﬂ
2216 3083 2306 3136 go,
2332 3068 2962 3137 Francs-arbalétriers.]
3006 3069 3362 3138 proclamari,
3409 3071 3482 3124 ad
3543 3071 3797 3125 resisten-

537 3161 607 3216 ad
631 3129 1084 3227 fundamentum,
1105 3129 1176 3212 ad
1201 3129 1501 3229 Campanas
1523 3155 1768 3210 ecclesia
1789 3129 2132 3227 suspenden-
2148 3129 2191 3188 Ο
2374 3156 2654 3226 pradictis
2698 3129 3023 3210 Britonibus
3068 3157 3164 3226 qui
3206 3129 3408 3225 eundo,
3443 3165 3501 3213 et
3528 3156 3797 3214 redeundo

536 3251 656 3315 das,
686 3249 818 3320 quia
844 3265 1052 3319 grossa
1075 3253 1261 3301 turres
1283 3246 1519 3300 nimium
1560 3250 1724 3300 erant
1767 3251 2030 3316 gravata,
2075 3249 2132 3297 et
2215 3245 2355 3298 adeo
2389 3245 2656 3316 populum
2699 3251 3056 3309 vexaverunt,
3089 3253 3154 3300 ut
3193 3247 3382 3301 nullus
3439 3265 3544 3304 nec
3572 3249 3793 3320 pullum,

536 3339 913 3394 commotione
943 3353 1339 3408 campanarum
1369 3335 1767 3405 gravabantur.
2212 3351 2314 3388 nec
2333 3351 2550 3396 aucam,
2576 3351 2676 3388 nec
2691 3333 2903 3405 aliquid
2919 3334 3279 3400 comestibile,
3298 3352 3398 3406 pro
3427 3354 3490 3391 se
3513 3344 3570 3392 et
3598 3335 3793 3392 familia

606 3429 733 3498 Ipse
760 3433 948 3481 motus
962 3426 1233 3481 charitate
1259 3431 1316 3479 et
1339 3425 1634 3479 devotione
1658 3423 2041 3491 augmentavit
2072 3426 2130 3475 et

534 3515 709 3572 crevit
737 3516 1032 3588 pitantiam
1071 3515 1482 3585 religiosorum,
1523 3519 1640 3566 tam
1670 3511 2124 3583 presbyterorum

531 3622 702 3678 quam
729 3607 1018 3676 juvenum,
1049 3605 1106 3658 in
1127 3604 1369 3658 termino
1397 3602 1642 3667 Pascha,
1677 3602 1746 3655 de
1779 3600 1972 3670 viginti
1993 3601 2125 3654 soli-

528 3695 616 3750 dis
645 3694 1004 3766 presbyteris,
1037 3699 1092 3747 et
1115 3691 1414 3762 juvenibus
1435 3691 1505 3744 de
1535 3689 1888 3761 quindecim;
1930 3689 1989 3742 in
2019 3705 2128 3760 quo

525 3783 664 3839 nihil
696 3783 1079 3855 percipiebant
1103 3786 1290 3847 antea,
1322 3780 1382 3833 in
1410 3795 1679 3850 magnum
1705 3777 2017 3833 subsidium
2035 3794 2124 3831 re-

523 3875 850 3946 ligiosorum
877 3869 1282 3928 claustralium.

600 3965 670 4018 Et
707 3963 822 4018 suis
851 3959 1198 4032 temporibus
1228 3956 1554 4013 convivebat
1594 3957 1652 4011 in
1693 3956 1938 4011 Ecclesia
1966 3973 2121 4011 reve-

526 4054 736 4109 rendus
758 4063 814 4107 et
842 4049 1295 4121 religiosissimus
1321 4048 1406 4101 vir
1433 4048 1600 4101 homo
1629 4047 1781 4118 pacis
1801 4046 2120 4100 etdilectio-

523 4143 629 4202 nis.
659 4141 918 4196 dominus
934 4139 1210 4195 Robertus
1224 4139 1293 4190 de
1311 4135 1828 4206 Rothomago,alias
1845 4136 1894 4188 le
1916 4137 2112 4201 .lloz'nc,

523 4232 681 4303 prior
720 4229 1034 4283 claustralis
1086 4226 1328 4282 ecclesia
1371 4225 1567 4292 Becci;
1611 4225 1705 4296 qui
1743 4225 1897 4293 prius
1933 4224 2118 4278 fuerat

523 4321 682 4392 prior
710 4319 768 4372 in
798 4317 1054 4372 Ecclesiis
1083 4317 1179 4371 Ide
1196 4315 1570 4381 Confluentio,
1591 4314 1659 4367 de
1692 4314 2015 4378 Bellosaltu,
2060 4319 2114 4368 et

2210 3439 2330 3490 sua,
2363 3429 2669 3493 potuerunt
2696 3439 3000 3490 reservare,
3033 3423 3179 3478 viros
3211 3425 3614 3480 ecclesiasticos
3641 3425 3686 3479 si
3714 3424 3791 3477 in-

2209 3511 2506 3566 veniebant
2522 3511 2798 3566 taliabant
2825 3513 2954 3581 (75),
2999 3517 3056 3566 et
3083 3513 3128 3566 si
3177 3512 3419 3583 aliquem
3459 3514 3788 3585 equitantem

2208 3600 2569 3666 invenissent,
2603 3601 2688 3655 vel
2719 3617 2923 3672 equum
2965 3601 3022 3654 in
3056 3602 3305 3672 pejorem
3357 3601 3782 3664 commutabant,

2211 3691 2296 3744 vel
2325 3691 2551 3745 omnino
2581 3689 2925 3744 detinebant.
2958 3690 3026 3743 Et
3070 3691 3203 3744 dum
3253 3691 3364 3745 ista
3399 3690 3786 3747 nefandissima

2210 3787 2530 3850 agerentur,
2561 3779 2824 3851 pradicto
2871 3779 3010 3833 duce
3065 3779 3354 3834 Alenconii
3400 3781 3460 3834 in
3512 3777 3784 3836 Britannia

2205 3875 2410 3937 stante,
2436 3871 2728 3925 consilium
2747 3867 3002 3923 habitum
3029 3873 3204 3935 est,ut
3228 3885 3368 3924 uxor
3389 3870 3512 3940 ejus
3525 3869 3594 3924 ad
3607 3882 3780 3938 regem

2203 3964 2480 4030 pergeret,
2506 3964 2572 4012 ut
2603 3960 2724 4028 ejus
2751 3957 2892 4012 iram
2934 3957 3291 4022 moderaret;
3343 3976 3468 4030 qua
3500 3965 3778 4031 postquam

2201 4048 2387 4102 locuta
2406 4054 2491 4102 est
2519 4064 2644 4102 cum
2668 4064 2753 4113 eo,
2787 4046 2900 4101 suis
2919 4047 3176 4118 precibus
3193 4047 3436 4102 obtinuit
3459 4054 3522 4103 ut
3543 4049 3776 4102 intereas

2201 4137 2387 4191 trevia
2417 4137 2781 4203 haberentur,
2819 4152 3110 4207 quousque
3163 4136 3346 4191 virum
3377 4153 3542 4192 suum
3595 4136 3774 4190 ducem

2197 4225 2796 4291 Alenconiivisitasset,
2821 4231 2878 4280 et
2895 4225 3266 4280 intentionem
3289 4227 3411 4298 ejus
3426 4227 3612 4292 sciret,
3640 4219 3772 4296 quod

2198 4313 2277 4368 sic
2305 4315 2513 4369 factum
2541 4319 2643 4368 est.

524 4410 593 4465 de
615 4406 1001 4472 Evvremodio;
1025 4411 1081 4460 et
1096 4410 1287 4476 postea
1302 4404 1370 4458 ad
1402 4403 1646 4474 priorem
1668 4403 1924 4457 Ecclesia
1955 4403 2112 4457 Becci
2130 4407 2178 4466 D
2267 4403 2540 4476 Tempore
2559 4409 2747 4458 autem
2769 4401 3048 4474 pendente
3071 4403 3130 4457 in
3158 4402 3412 4475 partibus
3427 4405 3538 4459 illis
3557 4402 3768 4457 circum-

519 4515 622 4570 per
659 4496 990 4551 electionem
1020 4499 1266 4559 vocatus,
1299 4493 1396 4563 qui
1416 4493 1811 4548 meritissimus
1841 4497 1897 4546 et
1921 4492 2109 4562 perdi-

515 4589 693 4643 lectus
720 4587 779 4641 in
809 4585 990 4640 ofﬁcio
1016 4583 1086 4638 ab
1116 4583 1373 4639 omnibus
1403 4584 1634 4649 exstitit,
1659 4589 1716 4638 et
1761 4582 1833 4636 ad
1879 4581 2108 4636 domum

512 4694 695 4745 suam,
715 4693 836 4748 qua
863 4675 1065 4730 domus
1093 4673 1297 4744 prioris
1324 4673 1547 4738 dicitur,
1576 4673 1742 4726 sitam
1784 4687 1954 4741 supra
1984 4687 2109 4741 por-

511 4773 630 4822 tam
663 4783 785 4838 qua
815 4765 1020 4820 dicitur
1049 4762 1278 4818 Roberti
1324 4763 1521 4829 Bellot,
1554 4760 1790 4814 viriliter
1834 4758 2106 4814 laboravit

509 4857 664 4912 intus
694 4862 752 4910 et
777 4853 1037 4922 exterius,
1079 4858 1355 4924 quantum
1411 4849 1695 4905 decoravit
1731 4847 1822 4917 (ut
1859 4848 2101 4903 intuenti

505 4945 780 5015 clarescit)
807 4943 1058 5016 picturis,
1085 4939 1432 5013 cooPerturis
1462 4944 1518 4992 et
1562 4938 1685 4992 aliis
1733 4937 2100 4993 munimentis

504 5037 574 5092 ad
604 5051 884 5090 cameram
911 5033 1078 5104 aptis.
1762 5041 1764 5044 '

576 5125 862 5196 Capellam
890 5124 948 5176 in
971 5119 1204 5175 ecclesia
1234 5119 1420 5182 sitam,
1476 5132 1598 5187 qua
1625 5115 1831 5170 dicitur
1880 5115 2094 5186 capella

497 5217 682 5270 Beata
702 5215 890 5269 Maria
916 5210 1279 5280 Magdalena,
1304 5205 1409 5260 sibi
1439 5205 1626 5275 elegit,
1656 5210 1712 5259 et
1756 5205 1930 5277 priori
1959 5206 2092 5260 assi-

491 5306 719 5376 gnavit;
783 5309 974 5357 tamen
1013 5298 1246 5369 antiqua
1301 5294 1539 5366 registra
1595 5295 1851 5349 Ecclesia
1889 5302 2087 5350 notant

491 5395 759 5465 capellam
792 5391 950 5447 Beati
985 5387 1270 5444 Benedicti
1309 5385 1480 5440 fuisse
1510 5384 1682 5456 priori
1714 5386 2078 5456 assignatam.

2194 4508 2415 4564 quaque
2439 4493 2726 4557 ducatum,
2752 4497 2916 4547 erant
2936 4492 3098 4547 liberi
3143 4493 3445 4564 sagittarii,
3499 4494 3611 4549 fere
3642 4504 3764 4561 qua-

2191 4582 2452 4652 draginta
2481 4583 2634 4638 mille
2657 4583 2914 4654 dispersi,
2937 4587 2994 4636 et
3019 4582 3159 4637 adeo
3178 4582 3441 4653 patriam,
3464 4589 3521 4638 et
3548 4579 3763 4636 maxime

2189 4671 2336 4726 circa
2364 4673 2745 4728 Senonensem
2776 4671 3057 4726 diacesim
3097 4672 3588 4743 depradaverunt;
3629 4663 3759 4741 quod

2188 4759 2257 4815 ob
2286 4761 2563 4817 defectum
2587 4761 2909 4816 victualium
2949 4761 3223 4834 compulsi
3264 4773 3398 4817 sunt
3436 4758 3756 4834 provinciam

2186 4847 2485 4904 dimittere.

2255 4938 2324 4992 Et
2372 4938 2504 4992 dum
2551 4936 2755 4992 nobilis
2807 4937 3036 4992 domina
3071 4937 3361 4993 Alenconii
3399 4934 3754 4994 consideraret

2179 5042 2307 5081 cum
2335 5027 2448 5080 ﬁlio
2477 5043 2579 5081 suo
2602 5027 2798 5098 patria
2820 5027 3282 5094 destructionem,
3302 5027 3373 5082 ad
3385 5044 3570 5100 regem
3598 5023 3748 5079 Fran-

2175 5116 2272 5170 cia
2301 5122 2592 5180 venerunt,
2627 5122 2684 5171 et
2712 5117 2762 5170 ei
2808 5116 2997 5170 villam
3046 5117 3337 5172 Alenconii
3383 5112 3744 5177 reddiderunt,

2174 5206 2496 5262 Britonibus
2543 5207 2673 5261 inde
2724 5206 3135 5273 excedentibus,
3185 5213 3242 5262 et
3296 5208 3521 5262 Francis
3555 5203 3740 5260 foedere

2168 5297 2321 5367 pacis
2342 5297 3139 5361 intrantibus,duceAlenconii
3156 5314 3378 5368 semper
3398 5297 3456 5352 in
3473 5288 3738 5352 Britannia

2166 5392 2382 5452 stante;
2416 5404 2516 5440 nec
2567 5386 2636 5440 ob
2682 5388 2785 5442 hoc
2833 5393 3126 5442 cessarunt
3177 5387 3434 5441 Britones
3472 5382 3731 5456 querelam

489 5485 669 5548 Quam
705 5483 974 5552 capellam
1002 5480 1187 5536 Beata
1218 5476 1406 5531 Maria
1445 5475 1790 5544 Magdalena
1830 5475 2080 5530 victrinis
2162 5476 2414 5547 pradicti
2443 5477 2656 5531 domini
2689 5477 2875 5532 Caroli
2908 5482 3132 5547 portare
3164 5500 3176 5544 ;
3203 5477 3298 5530 sed
3328 5477 3489 5547 longe
3516 5476 3634 5546 post
3658 5481 3731 5520 oc-

485 5572 830 5643 sumptuosis
867 5569 1102 5635 clausit;
1147 5567 1393 5639 quinque
1444 5564 1717 5636 imagines
1757 5571 2078 5620 sanctarum
2161 5573 2508 5636 cupaverunt
2527 5567 2686 5622 villas
2703 5567 2759 5621 in
2773 5565 3028 5639 partibus
3043 5563 3727 5621 inferioribusNorthman-

549 5657 666 5728 (75)
691 5659 930 5726 Taliare,
956 5664 1116 5725 vulgo
1144 5677 1158 5723 ;
1193 5661 1396 5712 mettre
1421 5654 1524 5708 ala
1551 5655 1724 5710 taille.
