3920 6350
145 283 255 342 689

1381 289 1806 345 CHRONICON
1847 289 2127 343 BECCEN
2133 287 2235 341 SE.

3340 268 3448 326 690

155 410 283 476 nia,
311 410 572 465 videlicet
617 411 773 465 villas
817 411 1067 475 Cadomi,
1103 413 1442 482 Bajocensis,
1477 413 1817 474 Constan-A
1839 413 2061 466 cultura
2091 410 2240 466 fcodi
2285 410 2462 464 nostri
2510 410 2579 464 de
2605 403 2950 478 Feuguereio
2990 399 3251 470 contiguo
3280 396 3444 452 dictis

154 500 374 565 tiensis,
405 499 803 565 Abricatensis,
857 501 1084 555 Francis
1130 501 1567 574 circumquaque
1613 503 1764 558 inter

154 606 251 644 eos
271 588 810 660 dispersis,maxime
828 590 973 660 apud
990 590 1259 644 Sanctum
1281 591 1762 661 Laudum(Saz'nt-

155 679 264 742 ιδ),
299 683 359 731 et
385 676 667 732 abbatiam
696 679 765 732 de
792 679 1040 733 Troardo
1085 680 1200 750 (aL,
1255 681 1541 750 Troarne),
1583 697 1760 751 usque

152 768 222 822 ad
254 783 472 823 annum
501 768 864 823 millesimum
892 771 1300 840 sexagesimum
1317 775 1594 834 octavum,
1613 772 1760 842 quod

150 873 245 911 rex
275 857 457 912 dictas
495 862 684 928 partes
717 859 1125 929 conquestavit.

223 942 300 998 Et
328 945 528 999 eodem
551 961 699 1000 anno
723 945 1019 1000 millesimo
1036 947 1588 1018 quadringentesimo
1609 963 1763 1001 sexa-

151 1033 369 1103 gesimo
400 1039 611 1099 octavo,
647 1039 841 1089 octava
867 1036 1127 1106 Augusti,
1170 1034 1372 1089 nobilis
1414 1035 1643 1090 domina
1668 1037 1763 1090 do-

150 1121 305 1177 mina
353 1123 673 1194 Margareta
718 1123 916 1194 regina
952 1124 1187 1195 Anglia,
1221 1141 1360 1179 uxor
1406 1125 1555 1194 regis
1608 1125 1760 1179 Hen-

153 1210 272 1277 rici,
321 1211 418 1282 qui
444 1217 581 1266 tunc
608 1213 881 1284 temporis
920 1213 991 1267 ab
1031 1213 1286 1268 Edoardo
1326 1213 1396 1266 de
1440 1214 1496 1268 la
1539 1215 1762 1268 Marche

154 1307 464 1371 occupante
489 1317 729 1372 regnum
757 1302 986 1373 Anglia,
1023 1303 1340 1356 carceribus
1379 1303 1757 1370 detinebatur,

155 1404 252 1444 nec
275 1406 391 1444 non
422 1390 538 1444 ﬁlia
585 1390 732 1461 regis
777 1390 996 1450 Sicilia.
1025 1407 1154 1446 cum
1197 1391 1310 1446 ﬁlio
1356 1409 1457 1446 suo
1504 1392 1760 1446 Edoardo

151 1477 377 1532 domino
396 1477 649 1552 principe
679 1479 748 1533 de
782 1478 996 1548 Galles,
1030 1485 1430 1546 venerunt28
1452 1481 1600 1551 apud
1622 1481 1760 1535 Bec-

152 1583 297 1631 cum,
313 1571 371 1621 et
387 1567 597 1622 ibidem
621 1569 829 1639 recepti
849 1575 982 1624 sunt
998 1570 1194 1624 eadem
1223 1570 1314 1623 die
1340 1575 1758 1641 vesperascente

153 1658 260 1722 iam
293 1656 407 1720 die,
427 1673 553 1710 cum
579 1657 738 1712 tadis
769 1663 825 1712 et
853 1658 1064 1713 lumine
1093 1658 1458 1725 immenso,et
1479 1665 1759 1713 steterunt

1843 499 2208 555 conductibus
2237 497 2496 552 fontium.

1919 589 2052 643 Huic
2078 587 2381 642 venerabili
2411 587 2636 641 domino
2667 576 2954 640 Gauﬂ‘rido
3003 584 3191 638 abbati
3233 598 3446 636 succes-

1845 679 1916 732 sit
1961 677 2221 731 dominus
2281 677 2526 730 Joannes
2587 677 2832 730 Boucart
2883 673 3095 738 doctor,
3154 671 3446 742 episcopus

1842 766 2240 831 Abricatensis,
2267 766 2363 836 qui
2382 771 2517 819 tunc
2544 763 2812 835 temporis
2831 768 2952 816 erat
2971 761 3251 816 confessor
3262 759 3450 814 Ludo-

1844 855 1946 910 vici
1963 855 2110 926 regis
2130 855 2401 916 Francia,
2419 854 2516 925 qui
2537 853 2765 924 quidem
2786 852 3077 922 episcopus
3097 849 3203 903 fuit
3217 849 3445 912 electus,

1844 946 1957 999 sive
1989 944 2324 1016 postulatus,
2360 943 2744 997 admonitione
2792 947 2849 995 et
2896 945 3172 1012 praecepto
3197 937 3450 1007 ejusdem

1843 1034 2012 1105 regis,
2044 1034 2101 1087 in
2131 1038 2411 1104 pastorem
2435 1037 2492 1086 et
2509 1030 2768 1085 abbatem
2804 1030 2981 1083 Becci.
3007 1031 3132 1098 Ipse
3163 1025 3292 1079 fecit
3320 1041 3450 1080 con-

1844 1122 2117 1178 summari
2143 1127 2200 1175 et
2227 1121 2496 1192 compleri
2530 1119 2894 1185 beufredum;
2929 1117 3058 1171 fecit
3084 1115 3205 1169 ﬁeri
3231 1130 3452 1186 campa-

1843 1230 1994 1278 nam,
2036 1229 2158 1283 qua
2190 1211 2396 1264 dicitur
2435 1209 2811 1279 horologium,
2847 1214 2905 1262 et
2950 1205 3215 1278 suspendi
3244 1206 3302 1258 in
3329 1205 3453 1258 loco

1843 1302 1900 1356 in
1934 1318 2043 1372 quo
2074 1317 2224 1354 nunc
2252 1304 2382 1366 stat,
2418 1299 2476 1352 in
2507 1298 2795 1352 cacumine
2827 1296 3078 1367 ejusdem
3105 1293 3383 1348 beufredi.

1915 1391 2069 1445 Idem
2110 1389 2402 1461 episc0pus
2432 1387 2630 1442 habuit
2657 1387 2960 1458 quemdam
2991 1389 3248 1438 vocatum
3275 1381 3451 1452 magi-

1843 1485 2020 1535 strum
2042 1480 2318 1534 Joannem
2335 1479 2386 1531 le
2411 1477 2736 1541 Marchand,
2772 1474 3038 1528 vicarium
3059 1474 3180 1542 eius
3208 1471 3267 1525 in
3293 1470 3443 1524 dicta

1842 1569 2097 1636 abbatia;
2153 1568 2250 1639 qui
2302 1567 2530 1637 quidem
2579 1567 2629 1620 le
2669 1564 2973 1620 Marchand
3034 1567 3155 1616 erat
3200 1560 3444 1614 decanus

1841 1659 2089 1713 ecclesia
2118 1657 2519 1722 Abricatensis,
2570 1655 2655 1709 vir
2692 1671 2911 1724 magnae
2959 1649 3342 1721 intelligentiae
3389 1652 3446 1702 et

149 1761 245 1816 per
274 1745 528 1816 quinque
548 1746 665 1801 dies
695 1747 751 1800 in
782 1749 887 1802 hac
920 1747 1162 1812 abbatia,
1201 1765 1326 1802 cum
1357 1749 1570 1804 honore
1587 1737 1814 1803 maxi-B
1836 1747 2180 1819 sagacitatis,
2233 1747 2328 1817 qui
2374 1744 2572 1799 habuit
2611 1744 2865 1814 regimen
2903 1747 2960 1796 et
3001 1737 3446 1812 gubernaculum

151 1851 255 1900 mo,
291 1841 351 1889 et
372 1835 572 1904 gratiis
601 1836 731 1890 hinc
760 1837 889 1891 inde
918 1838 1076 1904 actis,
1111 1838 1357 1909 perrexit
1393 1839 1462 1892 ad
1490 1839 1752 1892 Nostram

149 1921 447 1977 Dominam
475 1922 544 1976 de
574 1923 916 1991 Monteforti,
959 1925 1162 1980 deinde
1210 1927 1280 1980 ad
1329 1927 1662 1994 Herﬂotum,
1691 1933 1756 1982 ut

150 2011 516 2067 escenderent
551 2029 723 2066 mare.

215 2101 426 2156 Eodem
447 2118 594 2156 anno
612 2102 766 2173 prior
785 2102 854 2156 de
875 2103 1198 2169 Bellosaltu,
1216 2103 1477 2160 videlicet
1495 2105 1755 2160 dominus

158 2188 398 2242 Joannes
431 2189 499 2242 de
539 2189 912 2257 Cambrevier,
952 2191 1046 2262 qui
1095 2197 1227 2245 tunc
1256 2198 1378 2246 erat
1406 2193 1665 2264 subprior
1701 2199 1758 2247 et

156 2283 350 2332 cantor
369 2277 550 2343 Becci,
573 2278 756 2334 effecit
778 2285 844 2334 ut
877 2297 1122 2346 scamna,
1149 2285 1204 2334 et
1232 2281 1394 2336 sedes
1415 2299 1536 2336 sum
1546 2288 1756 2353 ptuosa

161 2366 216 2421 in
264 2367 582 2433 refectorio,
632 2367 690 2422 in
738 2369 1007 2423 honorem
1049 2375 1106 2424 et
1151 2370 1456 2424 maximum
1499 2371 1758 2426 decorem

153 2454 274 2515 loci.
303 2455 752 2525 fabricarentur;
786 2460 947 2527 cujus
995 2459 1248 2514 beneﬁcii
1287 2460 1530 2531 gratiam
1555 2461 1613 2514 in
1643 2461 1758 2514 ani-

155 2561 299 2599 mam
333 2561 699 2600 remunerare
728 2546 991 2617 dignetur
1013 2548 1180 2602 Deus.

215 2636 377 2688 Anno
399 2634 622 2689 Domini
650 2635 946 2690 millesimo
968 2637 1494 2708 quadragentesimo
1523 2655 1754 2710 sexage-

151 2721 289 2776 simo
318 2722 768 2790 octavo,decima
788 2731 942 2778 sexta
963 2724 1222 2780 Octobris
1249 2746 1260 2793 ;
1293 2732 1588 2798 postquam
1621 2728 1756 2782 infe-

147 2811 351 2865 riorem
385 2811 852 2867 Northmanniam
904 2813 1052 2883 regis
1096 2813 1470 2886 subjugarunt
1496 2815 1750 2887 imperio,

147 2900 509 2971 querelantes
557 2917 656 2971 pro
701 2918 854 2972 rege,
910 2903 1232 2958 Britonibus
1274 2905 1343 2958 ad
1390 2921 1450 2958 se
1495 2905 1755 2974 reversis,

1835 1837 2008 1891 totius
2037 1835 2294 1890 Ecclesia
2324 1834 2502 1898 Becci,
2528 1833 2632 1888 sub
2656 1833 2778 1904 ipso
2800 1831 3079 1901 episcopo.

1908 1927 2033 1996 Ipse
2065 1924 2357 1996 episcopus
2397 1924 2456 1978 in
2499 1924 2611 1977 ﬁne
2639 1938 2700 1976 se
2729 1920 2957 1975 demisit
2996 1919 3066 1974 de
3104 1916 3346 1982 abbatia,
3389 1921 3447 1971 et

1837 2015 2090 2087 reposuit
2118 2015 2176 2069 in
2198 2030 2369 2068 manu
2398 2013 2808 2083 religiosorum.
2829 2009 3105 2063 Videlicet
3133 2023 3193 2060 se
3218 2005 3446 2060 demisit

1837 2121 2008 2176 super
2027 2103 2349 2175 religiosum
2369 2102 2550 2156 virum
2571 2101 2859 2155 dominum
2895 2099 3167 2152 Joannem
3183 2095 3252 2149 de
3270 2095 3445 2164 Aptot

1842 2192 2030 2267 Vorte,
2045 2193 2304 2263 Hautot.]
2325 2191 2465 2246 alias
2487 2191 2730 2256 Hauteu,
2752 2188 2847 2260 qui
2869 2204 2969 2260 pro
2990 2191 3126 2241 tunc
3146 2188 3268 2239 erat
3288 2183 3443 2254 prior

1837 2282 2154 2338 claustralis
2174 2281 2353 2346 Becci,
2384 2280 2481 2334 sed
2497 2278 2761 2334 demissio
2800 2293 2910 2332 non
2941 2275 3141 2331 sortita
3170 2279 3256 2329 est
3277 2289 3444 2329 suum

1840 2372 2118 2436 effectum,
2154 2371 2287 2442 quia
2323 2371 2473 2424 idem
2499 2369 2792 2440 episcopus
2830 2365 2969 2419 obiit
2995 2369 3297 2434 antequam
3321 2362 3443 2433 ipsa

1841 2461 2104 2516 demissio
2126 2466 2274 2515 esset
2293 2461 2625 2514 conﬁrmata
2643 2475 2677 2511 a
2705 2472 2870 2528 papa.
2895 2455 3079 2518 Quare
3099 2453 3248 2507 idem
3286 2451 3442 2523 prior

1838 2550 2153 2606 claustralis
2185 2549 2429 2621 perdidit
2456 2548 2750 2619 pecuniam
2783 2563 2963 2612 suam,
3009 2560 3178 2615 quam
3210 2541 3444 2596 miserat

1839 2642 2094 2705 Romam,
2118 2640 2188 2693 ad
2205 2639 2516 2694 faciendam
2553 2636 3033 2691 conﬁrmationem
3071 2649 3251 2695 suam,
3285 2637 3343 2686 et
3372 2629 3444 2684 ad

1836 2730 2159 2784 solvendam
2185 2735 2471 2782 vacantem
2497 2745 2509 2793 ;
2535 2743 2709 2797 quare
2737 2726 2882 2780 facta
2910 2725 3018 2778 fuit
3046 2722 3260 2778 electio.

1908 2819 1972 2873 In
2005 2835 2116 2889 qua
2149 2817 2420 2872 electione
2435 2817 2764 2870 fuitelectus
2785 2814 3046 2868 dominus
3066 2811 3342 2866 Robertus
3369 2809 3440 2863 de

1839 2908 2208 2977 Rothomago,
2251 2907 2391 2960 alias
2427 2906 2718 2969 d’Evreux,
2763 2903 2917 2974 prior
2953 2902 3022 2955 de
3066 2901 3435 2963 Bellomonte,

142 2988 628 3044 considerantibus
657 2991 801 3044 tanti
833 2991 978 3061 regis
1011 2993 1274 3062 potestati
1305 3010 1417 3048 non
1459 3011 1621 3065 posse
1665 3011 1812 3074 re-C
1838 2997 1922 3050 vir
1951 2995 2245 3066 religiosus
2286 3001 2343 3049 et
2389 2995 2636 3048 honesta
2674 2990 3132 3054 conversationis,
3177 2988 3271 3059 qui
3319 3004 3440 3042 suc-

143 3077 359 3141 sistere,
397 3078 642 3149 praelatis
693 3080 908 3150 patria,
957 3081 1366 3153 nobilibusque,
1398 3088 1630 3153 totoque
1653 3100 1752 3154 po-

142 3167 338 3238 pulatu
380 3183 552 3238 super
581 3167 911 3240 principem,
957 3169 1169 3225 scilicet
1206 3172 1403 3226 ducem
1453 3171 1752 3226 Britannia

140 3255 601 3319 acclamantibus,
635 3257 940 3328 patriaque
970 3260 1362 3324 vastationem,
1404 3261 1596 3331 pOpuli
1618 3277 1752 3314 con-

139 3343 440 3404 fusionem.
458 3345 713 3414 gentium
736 3346 1108 3416 perditionem
1141 3349 1324 3402 eidem
1357 3349 1754 3402 demonstran-

139 3433 305 3497 tibus,
341 3440 570 3504 pactum
589 3441 647 3489 et
665 3436 1016 3490 concordiam
1052 3443 1366 3492 tractarunt
1385 3439 1602 3492 interse
1620 3455 1751 3508 que-

140 3524 408 3577 relantes.

209 3611 602 3666 Redeuntibus
631 3613 949 3683 armigeris,
983 3615 1262 3670 nobilibus
1286 3616 1612 3687 sagittariis,
1647 3619 1740 3689 qui

139 3699 343 3755 ibidem
373 3701 610 3754 aderant
634 3719 735 3772 pro
768 3719 897 3773 rege
938 3705 1259 3773 pugnaturi,
1293 3705 1533 3776 patriam
1575 3708 1738 3760 istam

139 3789 562 3843 Northmannia
609 3795 786 3844 totam
832 3792 1312 3862 depradaverunt,
1359 3799 1414 3848 et
1469 3795 1740 3866 quidquid

136 3879 572 3933 ecclesiasticum
589 3885 808 3950 poterat
824 3881 1078 3946 inveniri,
1103 3884 1260 3953 quasi
1275 3900 1436 3938 suum
1453 3886 1738 3956 prOprium

136 3967 508 4039 reputabant;
561 3968 618 4023 in
662 3969 918 4023 domibus
952 3972 1062 4025 Deo
1106 3972 1397 4031 dedicatis.
1422 3980 1558 4044 puta
1578 3975 1743 4028 abba-

133 4055 246 4118 tiis,
286 4055 548 4110 domibus
587 4058 958 4124 sacerdotum,
1007 4077 1070 4113 ex
1114 4061 1266 4114 omni
1306 4067 1462 4132 parte
1492 4065 1741 4118 conflue-

135 4142 287 4210 bant,
307 4149 517 4198 statum
543 4147 975 4201 ecclesiasticum
1001 4148 1055 4202 in
1078 4166 1344 4219 personas
1363 4151 1734 4218 diffamantes,

134 4233 485 4304 populusque
505 4233 688 4288 omnis
711 4235 1131 4291 Northmannia
1157 4244 1376 4292 tantum
1403 4241 1738 4310 supplicium

1836 3085 2002 3141 cessit
2047 3085 2104 3138 in
2151 3083 2377 3138 abbatia
2426 3083 2533 3154 ipsi
2591 3081 2848 3152 episcopo
2901 3078 3278 3135 Abricatensi.
3311 3077 3438 3148 Ipse

1837 3176 2069 3240 electus,
2103 3178 2157 3228 et
2181 3172 2507 3228 benedictus
2529 3170 2721 3228 abbas.
2752 3169 2885 3224 fecit
2916 3169 3038 3223 ﬁeri
3073 3182 3273 3222 novam
3304 3183 3436 3239 por-

1836 3267 1950 3315 tam
1982 3261 2040 3314 in
2072 3261 2308 3315 introitu
2330 3259 2586 3322 abbatia,
2616 3275 2738 3330 qua
2758 3273 2908 3312 nunc
2928 3263 3014 3311 est
3032 3258 3192 3327 juxta
3214 3259 3435 3328 portam

1838 3351 2314 3421 elecmosynaria,
2361 3365 2485 3404 cum
2534 3365 2696 3402 muro
2736 3347 2956 3420 lapideo
2997 3363 3189 3400 versus
3227 3345 3436 3400 dictam

1835 3439 2360 3511 eleemosynariam.
2400 3439 2554 3493 Fecit
2581 3437 2802 3508 operari
2833 3436 3210 3497 laudabiliter,
3247 3441 3304 3490 et
3333 3435 3434 3488 ho-

1829 3535 1987 3584 neste
2031 3545 2200 3600 supra
2244 3528 2535 3600 antiquam
2582 3527 2801 3600 portam
2852 3527 3101 3598 ejusdem
3147 3526 3432 3591 introitus,

1827 3635 1955 3672 cum
1985 3618 2254 3689 gradibus
2281 3617 2712 3673 ascendentibus
2745 3618 2815 3671 ad
2847 3634 3117 3681 cameras,
3139 3633 3280 3687 quas
3305 3614 3434 3670 fecit

1824 3707 1945 3760 ﬁeri
1974 3725 2144 3779 supra
2168 3708 2424 3762 eamdem
2449 3707 2739 3778 antiquam
2770 3712 3010 3778 portam,
3035 3713 3091 3760 et
3110 3706 3240 3761 fecit
3259 3704 3431 3758 etiam

1823 3795 2044 3866 Operari
2071 3795 2129 3849 in
2159 3795 2437 3850 conductu
2476 3796 2640 3850 rivuli
2664 3813 2823 3866 aqua
2844 3801 2975 3849 ante
3004 3800 3222 3865 portam
3253 3793 3429 3859 eccle-

1824 3884 1936 3949 sia,
1968 3901 2093 3938 cum
2127 3901 2287 3939 muro
2311 3885 2529 3956 lapideo
2552 3885 2848 3938 claudente
2869 3885 3053 3954 ipsum
3091 3882 3430 3936 conductum

1827 3990 2096 4028 acamera
2122 3975 2322 4045 prioris
2350 3991 2527 4045 usque
2547 3975 2616 4028 ad
2637 3973 2965 4043 granarium
2989 3992 3000 4040 ;
3031 3989 3156 4025 cum
3172 3970 3427 4042 pluribus

1826 4063 1950 4116 aliis
1980 4062 2278 4129 bencﬁciis,
2324 4080 2445 4133 qua
2501 4059 2619 4134 ipse
2668 4063 2800 4116 fecit
2840 4062 2989 4116 intra
3031 4060 3339 4126 ecclesiam,
3370 4066 3428 4114 et

1823 4157 1996 4206 extra.
2020 4153 2231 4207 Deinde
2253 4153 2370 4224 ipse
2391 4171 2449 4207 se
2465 4152 2691 4206 demisit
2709 4152 2778 4205 de
2801 4151 2951 4205 dicta
2978 4150 3222 4213 abbatia,
3258 4165 3427 4220 super

1821 4241 2193 4295 venerabilem
2242 4242 2563 4312 religiosum
2605 4241 2894 4296 dominum
2937 4240 3309 4295 Guillermum
3358 4238 3427 4294 de

134 4322 394 4376 toleravit
432 4337 611 4392 usque
655 4323 724 4376 ad
775 4323 1020 4378 medium
1066 4326 1392 4380 Novembris
1439 4329 1572 4382 anni
1605 4343 1799 4400 pra-1)
1822 4331 2189 4400 Rothomago,
2224 4331 2368 4385 alias
2389 4332 2619 4396 Guerin,
2653 4337 2871 4386 retenta
2904 4347 3108 4402 magna
3132 4329 3419 4401 pensione,

135 4408 286 4464 dicti.

201 4498 412 4553 Eodem
433 4515 580 4552 anno
597 4499 893 4554 millesimo
918 4503 1471 4574 quadringentesimo
1503 4524 1734 4578 sexage-

135 4587 272 4641 simo
322 4593 534 4652 octavo,
586 4588 715 4642 fecit
775 4591 1071 4660 praedictus
1124 4593 1386 4648 dominus
1429 4594 1731 4652 Gaufridus

134 4681 359 4732 voutam
386 4677 700 4732 continuari
739 4684 797 4733 et
835 4681 1079 4751 antiqua
1111 4683 1395 4753 conjungi,
1429 4685 1638 4739 scilicet
1662 4687 1731 4741 ad

135 4765 512 4821 defensionem
546 4766 763 4820 itineris
787 4785 896 4839 quo
917 4769 1114 4824 iturde
1138 4771 1306 4825 Becco
1324 4773 1391 4825 ad
1425 4773 1727 4841 Brioniam,

133 4872 309 4926 usque
339 4855 408 4908 ad
441 4855 741 4924 gardinum
770 4858 1002 4912 Joannis
1032 4860 1257 4925 Louvet,
1297 4867 1358 4916 ut
1378 4863 1589 4918 scilicet
1625 4864 1733 4920 iter

135 4945 348 5016 regium
376 4943 585 4998 ibidem
629 4946 1088 5015 constitueretur,
1127 4949 1220 5020 qui
1261 4951 1474 5005 solebat
1512 4969 1632 5007 esse
1675 4953 1730 5008 in

1819 4437 1944 4473 cum
1994 4421 2422 4490 prasentatione
2469 4421 2889 4476 beneficiorum.
2935 4421 3042 4475 Sed
3095 4419 3242 4475 facta
3297 4419 3421 4492 ipsa

1816 4509 2174 4574 demissione,
2207 4514 2264 4564 et
2289 4512 2621 4564 conﬁrmata
2649 4527 2683 4564 a
2716 4527 2935 4565 summo
2988 4510 3269 4582 pontiﬁce,
3301 4511 3419 4581 ipse

1813 4598 2072 4651 dominus
2101 4598 2378 4652 Robertus
2401 4599 2671 4653 d’Evreux
2701 4617 2813 4654 non
2843 4600 2939 4654 diu
2969 4599 3221 4666 duravit;
3246 4616 3419 4672 quare

1816 4687 1934 4758 ipse
1964 4687 2222 4741 dominus
2273 4688 2615 4742 Guillermus
2655 4690 2888 4754 Guerin,
2943 4690 3037 4760 qui
3076 4680 3243 4744 antea
3297 4697 3420 4747 erat

1815 4777 1970 4847 prior
1997 4776 2065 4830 de
2097 4777 2298 4832 Sancto
2329 4777 2656 4841 Philiberto,
2681 4785 2737 4832 et
2769 4780 3090 4849 capellanus
3120 4779 3252 4833 dicti
3284 4781 3416 4834 d’E—

1814 4882 2002 4931 vreux,
2029 4865 2137 4920 fuit
2161 4866 2388 4922 omnino
2415 4867 2676 4939 pacificus
2707 4867 2878 4922 abbas
2900 4869 3075 4939 ipsius
3088 4868 3414 4924 monasterii

1814 4955 1882 5008 de
1908 4955 2100 5009 Becco.
