  <div class='ocr_page' id='page_1' title='image "/cluster/home/n/w/nwhite01/storage/ocr_20150623/150/umn.31951002477443u/403.png"; bbox 0 0 3920 6362; ppageno 0'>
   <div class='ocr_carea' id='block_1_1' title="bbox 518 304 2839 367">
    <p class='ocr_par' dir='ltr' id='par_1_1' title="bbox 518 304 2839 367">
     <span class='ocr_line' id='line_1_1' title="bbox 518 304 2839 367; baseline 0 -3"><span class='ocrx_word' id='word_1_1' title='bbox 518 304 618 365; x_wconf 79' lang='grc'>691</span> <span class='ocrx_word' id='word_1_2' title='bbox 1470 310 1568 366; x_wconf 80' lang='lat' dir='ltr'>AD</span> <span class='ocrx_word' id='word_1_3' title='bbox 1610 308 1849 366; x_wconf 83' lang='lat' dir='ltr'>OPERA</span> <span class='ocrx_word' id='word_1_4' title='bbox 1886 311 1949 367; x_wconf 92' lang='lat' dir='ltr'>B.</span> <span class='ocrx_word' id='word_1_5' title='bbox 1994 309 2411 367; x_wconf 81' lang='lat' dir='ltr'>LANFRANCI</span> <span class='ocrx_word' id='word_1_6' title='bbox 2450 307 2839 365; x_wconf 86' lang='lat' dir='ltr'>APPENDIX.</span> 
     </span>
    </p>
   </div>
   <div class='ocr_carea' id='block_1_2' title="bbox 3710 309 3813 370">
    <p class='ocr_par' dir='ltr' id='par_1_2' title="bbox 3710 309 3813 370">
     <span class='ocr_line' id='line_1_2' title="bbox 3710 309 3813 370; baseline 0.019 -2"><span class='ocrx_word' id='word_1_7' title='bbox 3710 309 3813 370; x_wconf 74' lang='lat'>692</span> 
     </span>
    </p>
   </div>
   <div class='ocr_carea' id='block_1_3' title="bbox 518 633 3797 784">
    <p class='ocr_par' dir='ltr' id='par_1_3' title="bbox 518 633 3797 784">
     <span class='ocr_line' id='line_1_3' title="bbox 518 633 3797 784; baseline -0.001 -19"><span class='ocrx_word' id='word_1_8' title='bbox 518 633 1294 765; x_wconf 86' lang='lat' dir='ltr'>ADDITIO</span> <span class='ocrx_word' id='word_1_9' title='bbox 1370 637 1595 766; x_wconf 91' lang='lat' dir='ltr'>AD</span> <span class='ocrx_word' id='word_1_10' title='bbox 1654 637 2728 768; x_wconf 80' lang='lat' dir='ltr'>CHRONICON</span> <span class='ocrx_word' id='word_1_11' title='bbox 2814 637 3797 784; x_wconf 83' lang='lat' dir='ltr'>BECCENSE,</span> 
     </span>
    </p>
   </div>
   <div class='ocr_carea' id='block_1_4' title="bbox 834 863 3495 946">
    <p class='ocr_par' dir='ltr' id='par_1_4' title="bbox 834 863 3495 946">
     <span class='ocr_line' id='line_1_4' title="bbox 834 863 3495 946; baseline 0.002 -22"><span class='ocrx_word' id='word_1_12' title='bbox 834 864 963 931; x_wconf 62' lang='grc' dir='ltr'>πθ</span> <span class='ocrx_word' id='word_1_13' title='bbox 985 863 1051 924; x_wconf 87' lang='grc' dir='ltr'><em>Ε</em></span> <span class='ocrx_word' id='word_1_14' title='bbox 1051 885 1096 926; x_wconf 69' lang='grc' dir='ltr'>ω</span> <span class='ocrx_word' id='word_1_15' title='bbox 1122 866 1371 926; x_wconf 78' lang='lat' dir='ltr'>Iu&#39;slorz&#39;a</span> <span class='ocrx_word' id='word_1_16' title='bbox 1399 866 1664 946; x_wconf 55' lang='lat' dir='ltr'>eiusdem</span> <span class='ocrx_word' id='word_1_17' title='bbox 1694 867 1971 941; x_wconf 75' lang='lat' dir='ltr'>abbatz&#39;ae,</span> <span class='ocrx_word' id='word_1_18' title='bbox 2008 876 2246 929; x_wconf 79' lang='lat' dir='ltr'>auctore</span> <span class='ocrx_word' id='word_1_19' title='bbox 2278 866 2596 928; x_wconf 81' lang='lat' dir='ltr'>Francz&#39;sco</span> <span class='ocrx_word' id='word_1_20' title='bbox 2625 870 2849 929; x_wconf 70' lang='lat' dir='ltr'>Cari-eo</span> <span class='ocrx_word' id='word_1_21' title='bbox 2879 867 3167 928; x_wconf 77' lang='lat' dir='ltr'>Beccensz&#39;</span> <span class='ocrx_word' id='word_1_22' title='bbox 3188 867 3495 929; x_wconf 70' lang='lat' dir='ltr'>caendbz’ta.</span> 
     </span>
    </p>
   </div>
   <div class='ocr_carea' id='block_1_5' title="bbox 590 1098 3830 1174">
    <p class='ocr_par' dir='ltr' id='par_1_5' title="bbox 590 1098 3830 1174">
     <span class='ocr_line' id='line_1_5' title="bbox 590 1098 3830 1174; baseline -0.002 -15"><span class='ocrx_word' id='word_1_23' title='bbox 590 1107 932 1162; x_wconf 89' lang='lat' dir='ltr'>Guillermus</span> <span class='ocrx_word' id='word_1_24' title='bbox 965 1106 1159 1171; x_wconf 89' lang='lat' dir='ltr'>postea</span> <span class='ocrx_word' id='word_1_25' title='bbox 1201 1098 1467 1155; x_wconf 85' lang='lat' dir='ltr'>abbatum</span> <span class='ocrx_word' id='word_1_26' title='bbox 1512 1114 1769 1153; x_wconf 87' lang='lat' dir='ltr'>successu</span> <span class='ocrx_word' id='word_1_27' title='bbox 1799 1099 2121 1169; x_wconf 89' lang='lat' dir='ltr'>trigesimus</span> <span class='ocrx_word' id='word_1_28' title='bbox 2141 1103 2192 1161; x_wconf 84' lang='lat' dir='ltr'><strong>A</strong></span> <span class='ocrx_word' id='word_1_29' title='bbox 2211 1106 2460 1159; x_wconf 86' lang='lat' dir='ltr'>nondum</span> <span class='ocrx_word' id='word_1_30' title='bbox 2504 1104 2867 1174; x_wconf 84' lang='lat' dir='ltr'>vigenariam,</span> <span class='ocrx_word' id='word_1_31' title='bbox 2901 1118 3027 1156; x_wconf 89' lang='lat' dir='ltr'>cum</span> <span class='ocrx_word' id='word_1_32' title='bbox 3058 1102 3210 1172; x_wconf 84' lang='lat' dir='ltr'>pacis</span> <span class='ocrx_word' id='word_1_33' title='bbox 3238 1101 3476 1172; x_wconf 80' lang='lat' dir='ltr'>legibus,</span> <span class='ocrx_word' id='word_1_34' title='bbox 3504 1101 3830 1172; x_wconf 79' lang='lat' dir='ltr'>posteriore</span> 
     </span>
    </p>
   </div>
   <div class='ocr_carea' id='block_1_6' title="bbox 517 1188 3825 1261">
    <p class='ocr_par' dir='ltr' id='par_1_6' title="bbox 517 1188 3825 1261">
     <span class='ocr_line' id='line_1_6' title="bbox 517 1188 3825 1261; baseline -0.002 -9"><span class='ocrx_word' id='word_1_35' title='bbox 517 1197 737 1259; x_wconf 88' lang='lat' dir='ltr'>tertius,</span> <span class='ocrx_word' id='word_1_36' title='bbox 772 1191 1109 1260; x_wconf 86' lang='lat' dir='ltr'>Rothomagi</span> <span class='ocrx_word' id='word_1_37' title='bbox 1159 1193 1430 1251; x_wconf 89' lang='lat' dir='ltr'>sacratus,</span> <span class='ocrx_word' id='word_1_38' title='bbox 1475 1194 1751 1257; x_wconf 84' lang='lat' dir='ltr'>apparatu</span> <span class='ocrx_word' id='word_1_39' title='bbox 1789 1188 2125 1242; x_wconf 82' lang='lat' dir='ltr'>solemniore</span> <span class='ocrx_word' id='word_1_40' title='bbox 2207 1195 2374 1249; x_wconf 86' lang='lat' dir='ltr'><strong>thoro</strong></span> <span class='ocrx_word' id='word_1_41' title='bbox 2404 1194 2508 1247; x_wconf 90' lang='lat' dir='ltr'>sibi</span> <span class='ocrx_word' id='word_1_42' title='bbox 2534 1199 2650 1247; x_wconf 90' lang='lat' dir='ltr'>tam</span> <span class='ocrx_word' id='word_1_43' title='bbox 2680 1192 2800 1246; x_wconf 90' lang='lat' dir='ltr'>seni</span> <span class='ocrx_word' id='word_1_44' title='bbox 2846 1191 3096 1261; x_wconf 87' lang='lat' dir='ltr'>copulat.</span> <span class='ocrx_word' id='word_1_45' title='bbox 3148 1190 3386 1261; x_wconf 84' lang='lat' dir='ltr'>Moxque</span> <span class='ocrx_word' id='word_1_46' title='bbox 3418 1191 3531 1243; x_wconf 86' lang='lat' dir='ltr'>vita</span> <span class='ocrx_word' id='word_1_47' title='bbox 3576 1190 3825 1257; x_wconf 89' lang='lat' dir='ltr'>functus,</span> 
     </span>
    </p>
   </div>
   <div class='ocr_carea' id='block_1_7' title="bbox 516 1275 3829 1349">
    <p class='ocr_par' dir='ltr' id='par_1_7' title="bbox 516 1275 3829 1349">
     <span class='ocr_line' id='line_1_7' title="bbox 516 1275 3829 1349; baseline -0.005 -9"><span class='ocrx_word' id='word_1_48' title='bbox 516 1286 575 1340; x_wconf 89' lang='lat' dir='ltr'>in</span> <span class='ocrx_word' id='word_1_49' title='bbox 592 1283 782 1339; x_wconf 86' lang='lat' dir='ltr'>sedem</span> <span class='ocrx_word' id='word_1_50' title='bbox 810 1280 1149 1334; x_wconf 82' lang='lat' dir='ltr'>admittitur.</span> <span class='ocrx_word' id='word_1_51' title='bbox 1176 1277 1244 1332; x_wconf 89' lang='lat' dir='ltr'>In</span> <span class='ocrx_word' id='word_1_52' title='bbox 1274 1293 1387 1347; x_wconf 89' lang='lat' dir='ltr'>qua</span> <span class='ocrx_word' id='word_1_53' title='bbox 1414 1275 1616 1329; x_wconf 76' lang='lat' dir='ltr'>divina:</span> <span class='ocrx_word' id='word_1_54' title='bbox 1640 1276 1780 1345; x_wconf 81' lang='lat' dir='ltr'>legis</span> <span class='ocrx_word' id='word_1_55' title='bbox 1798 1286 2127 1347; x_wconf 87' lang='lat' dir='ltr'>promptua-</span> <span class='ocrx_word' id='word_1_56' title='bbox 2211 1300 2339 1337; x_wconf 84' lang='lat' dir='ltr'>cum</span> <span class='ocrx_word' id='word_1_57' title='bbox 2370 1284 2533 1336; x_wconf 78' lang='lat' dir='ltr'>Anna</span> <span class='ocrx_word' id='word_1_58' title='bbox 2556 1279 2818 1336; x_wconf 84' lang='lat' dir='ltr'>connubii</span> <span class='ocrx_word' id='word_1_59' title='bbox 2837 1279 3023 1333; x_wconf 83' lang='lat' dir='ltr'>uxoris</span> <span class='ocrx_word' id='word_1_60' title='bbox 3164 1279 3354 1349; x_wconf 68' lang='lat' dir='ltr'>uxore]</span> <span class='ocrx_word' id='word_1_61' title='bbox 3381 1278 3590 1349; x_wconf 80' lang='lat' dir='ltr'>prioris</span> <span class='ocrx_word' id='word_1_62' title='bbox 3612 1279 3672 1332; x_wconf 86' lang='lat' dir='ltr'>in</span> <span class='ocrx_word' id='word_1_63' title='bbox 3699 1279 3829 1333; x_wconf 85' lang='lat' dir='ltr'>Dio-</span> 
     </span>
    </p>
   </div>
   <div class='ocr_carea' id='block_1_8' title="bbox 515 1365 3826 1442">
    <p class='ocr_par' dir='ltr' id='par_1_8' title="bbox 515 1365 3826 1442">
     <span class='ocr_line' id='line_1_8' title="bbox 515 1365 3826 1442; baseline -0.003 -10"><span class='ocrx_word' id='word_1_64' title='bbox 515 1374 664 1428; x_wconf 85' lang='lat' dir='ltr'>rium</span> <span class='ocrx_word' id='word_1_65' title='bbox 710 1370 939 1426; x_wconf 79' lang='lat' dir='ltr'>sedulus</span> <span class='ocrx_word' id='word_1_66' title='bbox 982 1368 1257 1432; x_wconf 67' lang='lat' dir='ltr'>GVOIVBHS,</span> <span class='ocrx_word' id='word_1_67' title='bbox 1303 1365 1451 1418; x_wconf 69' lang='lat' dir='ltr'>inter</span> <span class='ocrx_word' id='word_1_68' title='bbox 1494 1369 1724 1419; x_wconf 64' lang='grc' dir='ltr'>οωῐθΐοε</span> <span class='ocrx_word' id='word_1_69' title='bbox 1773 1365 1927 1419; x_wconf 75' lang='lat' dir='ltr'>velut</span> <span class='ocrx_word' id='word_1_70' title='bbox 1975 1365 2129 1419; x_wconf 80' lang='lat' dir='ltr'>sidus</span> <span class='ocrx_word' id='word_1_71' title='bbox 2211 1372 2450 1442; x_wconf 79' lang='lat' dir='ltr'>nysiana</span> <span class='ocrx_word' id='word_1_72' title='bbox 2495 1372 2664 1441; x_wconf 86' lang='lat' dir='ltr'>jacet,</span> <span class='ocrx_word' id='word_1_73' title='bbox 2700 1369 2869 1423; x_wconf 89' lang='lat' dir='ltr'>nullis</span> <span class='ocrx_word' id='word_1_74' title='bbox 2898 1385 2963 1422; x_wconf 85' lang='lat' dir='ltr'>ex</span> <span class='ocrx_word' id='word_1_75' title='bbox 2990 1384 3050 1421; x_wconf 91' lang='lat' dir='ltr'>se</span> <span class='ocrx_word' id='word_1_76' title='bbox 3089 1367 3279 1422; x_wconf 85' lang='lat' dir='ltr'>liberis</span> <span class='ocrx_word' id='word_1_77' title='bbox 3306 1367 3562 1421; x_wconf 89' lang='lat' dir='ltr'>maribus</span> <span class='ocrx_word' id='word_1_78' title='bbox 3597 1367 3826 1422; x_wconf 81' lang='lat' dir='ltr'>relictis.</span> 
     </span>
    </p>
   </div>
   <div class='ocr_carea' id='block_1_9' title="bbox 518 1454 3829 1526">
    <p class='ocr_par' dir='ltr' id='par_1_9' title="bbox 518 1454 3829 1526">
     <span class='ocr_line' id='line_1_9' title="bbox 518 1454 3829 1526; baseline -0.002 -10"><span class='ocrx_word' id='word_1_79' title='bbox 518 1460 895 1517; x_wconf 89' lang='lat' dir='ltr'>clarissimum</span> <span class='ocrx_word' id='word_1_80' title='bbox 943 1457 1197 1511; x_wconf 87' lang='lat' dir='ltr'>irradiat.</span> <span class='ocrx_word' id='word_1_81' title='bbox 1242 1455 1416 1524; x_wconf 90' lang='lat' dir='ltr'>Cujus</span> <span class='ocrx_word' id='word_1_82' title='bbox 1466 1454 1613 1507; x_wconf 84' lang='lat' dir='ltr'>sedis</span> <span class='ocrx_word' id='word_1_83' title='bbox 1652 1470 1846 1508; x_wconf 87' lang='lat' dir='ltr'>mense</span> <span class='ocrx_word' id='word_1_84' title='bbox 1887 1455 2130 1508; x_wconf 90' lang='lat' dir='ltr'>secundo</span> <span class='ocrx_word' id='word_1_85' title='bbox 2214 1460 2373 1515; x_wconf 83' lang='lat' dir='ltr'>Unde</span> <span class='ocrx_word' id='word_1_86' title='bbox 2400 1459 2694 1513; x_wconf 83' lang='lat' dir='ltr'>Francisco</span> <span class='ocrx_word' id='word_1_87' title='bbox 2724 1457 2948 1511; x_wconf 83' lang='lat' dir='ltr'>Valesio</span> <span class='ocrx_word' id='word_1_88' title='bbox 2978 1456 3430 1526; x_wconf 86' lang='lat' dir='ltr'>Angolismorum</span> <span class='ocrx_word' id='word_1_89' title='bbox 3464 1457 3600 1511; x_wconf 90' lang='lat' dir='ltr'>duci</span> <span class='ocrx_word' id='word_1_90' title='bbox 3617 1457 3714 1526; x_wconf 88' lang='lat' dir='ltr'>jus</span> <span class='ocrx_word' id='word_1_91' title='bbox 3741 1456 3829 1509; x_wconf 91' lang='lat' dir='ltr'>ob-</span> 
     </span>
    </p>
   </div>
   <div class='ocr_carea' id='block_1_10' title="bbox 517 1542 2124 1617">
    <p class='ocr_par' dir='ltr' id='par_1_10' title="bbox 517 1542 2124 1617">
     <span class='ocr_line' id='line_1_10' title="bbox 517 1542 2124 1617; baseline -0.007 -11"><span class='ocrx_word' id='word_1_92' title='bbox 517 1552 761 1606; x_wconf 84' lang='lat' dir='ltr'>Joannes</span> <span class='ocrx_word' id='word_1_93' title='bbox 812 1546 1076 1617; x_wconf 87' lang='lat' dir='ltr'>Aptotius</span> <span class='ocrx_word' id='word_1_94' title='bbox 1124 1544 1279 1615; x_wconf 90' lang='lat' dir='ltr'>prior</span> <span class='ocrx_word' id='word_1_95' title='bbox 1318 1542 1650 1609; x_wconf 89' lang='lat' dir='ltr'>claustralis,</span> <span class='ocrx_word' id='word_1_96' title='bbox 1685 1543 1779 1613; x_wconf 88' lang='lat' dir='ltr'>qui</span> <span class='ocrx_word' id='word_1_97' title='bbox 1827 1560 1924 1614; x_wconf 85' lang='lat' dir='ltr'>spe</span> <span class='ocrx_word' id='word_1_98' title='bbox 1977 1543 2124 1596; x_wconf 87' lang='lat' dir='ltr'>sedis</span> 
     </span>
    </p>
   </div>
   <div class='ocr_carea' id='block_1_11' title="bbox 521 1632 2119 1709">
    <p class='ocr_par' dir='ltr' id='par_1_11' title="bbox 521 1632 2119 1709">
     <span class='ocr_line' id='line_1_11' title="bbox 521 1632 2119 1709; baseline -0.006 -15"><span class='ocrx_word' id='word_1_99' title='bbox 521 1637 893 1709; x_wconf 70' lang='lat' dir='ltr'>adipiscenda:</span> <span class='ocrx_word' id='word_1_100' title='bbox 923 1636 980 1688; x_wconf 89' lang='lat' dir='ltr'>in</span> <span class='ocrx_word' id='word_1_101' title='bbox 1014 1634 1208 1703; x_wconf 84' lang='lat' dir='ltr'>templi</span> <span class='ocrx_word' id='word_1_102' title='bbox 1246 1632 1504 1686; x_wconf 86' lang='lat' dir='ltr'>decorem</span> <span class='ocrx_word' id='word_1_103' title='bbox 1551 1632 1817 1697; x_wconf 87' lang='lat' dir='ltr'>casulam,</span> <span class='ocrx_word' id='word_1_104' title='bbox 1852 1633 2119 1698; x_wconf 86' lang='lat' dir='ltr'>tunicam,</span> 
     </span>
    </p>
   </div>
   <div class='ocr_carea' id='block_1_12' title="bbox 522 1719 2120 1794">
    <p class='ocr_par' dir='ltr' id='par_1_12' title="bbox 522 1719 2120 1794">
     <span class='ocr_line' id='line_1_12' title="bbox 522 1719 2120 1794; baseline -0.005 -11"><span class='ocrx_word' id='word_1_105' title='bbox 522 1727 878 1783; x_wconf 90' lang='lat' dir='ltr'>dalmaticam</span> <span class='ocrx_word' id='word_1_106' title='bbox 907 1741 1043 1778; x_wconf 91' lang='lat' dir='ltr'>auro</span> <span class='ocrx_word' id='word_1_107' title='bbox 1077 1723 1381 1794; x_wconf 88' lang='lat' dir='ltr'>purissimo</span> <span class='ocrx_word' id='word_1_108' title='bbox 1414 1719 1752 1791; x_wconf 82' lang='lat' dir='ltr'>Rothomagi</span> <span class='ocrx_word' id='word_1_109' title='bbox 1790 1722 2120 1787; x_wconf 81' lang='lat' dir='ltr'>confecerat,</span> 
     </span>
    </p>
   </div>
   <div class='ocr_carea' id='block_1_13' title="bbox 521 1810 1629 1882">
    <p class='ocr_par' dir='ltr' id='par_1_13' title="bbox 521 1810 1629 1882">
     <span class='ocr_line' id='line_1_13' title="bbox 521 1810 1629 1882; baseline -0.008 -11"><span class='ocrx_word' id='word_1_110' title='bbox 521 1817 763 1871; x_wconf 90' lang='lat' dir='ltr'>moritur</span> <span class='ocrx_word' id='word_1_111' title='bbox 783 1814 959 1873; x_wconf 90' lang='lat' dir='ltr'>Becci,</span> <span class='ocrx_word' id='word_1_112' title='bbox 992 1813 1051 1867; x_wconf 91' lang='lat' dir='ltr'>in</span> <span class='ocrx_word' id='word_1_113' title='bbox 1079 1812 1323 1882; x_wconf 85' lang='lat' dir='ltr'>capitulo</span> <span class='ocrx_word' id='word_1_114' title='bbox 1354 1810 1629 1864; x_wconf 85' lang='lat' dir='ltr'>conditur.</span> 
     </span>
    </p>
   </div>
   <div class='ocr_carea' id='block_1_14' title="bbox 594 1899 2127 1972">
    <p class='ocr_par' dir='ltr' id='par_1_14' title="bbox 594 1899 2127 1972">
     <span class='ocr_line' id='line_1_14' title="bbox 594 1899 2127 1972; baseline -0.005 -13"><span class='ocrx_word' id='word_1_115' title='bbox 594 1904 873 1959; x_wconf 87' lang='lat' dir='ltr'>Robertus</span> <span class='ocrx_word' id='word_1_116' title='bbox 917 1918 1045 1955; x_wconf 89' lang='lat' dir='ltr'>vero</span> <span class='ocrx_word' id='word_1_117' title='bbox 1092 1900 1186 1972; x_wconf 90' lang='lat' dir='ltr'>qui</span> <span class='ocrx_word' id='word_1_118' title='bbox 1229 1900 1437 1953; x_wconf 88' lang='lat' dir='ltr'>Garino</span> <span class='ocrx_word' id='word_1_119' title='bbox 1484 1904 1747 1962; x_wconf 87' lang='lat' dir='ltr'>cesserat,</span> <span class='ocrx_word' id='word_1_120' title='bbox 1789 1899 2030 1969; x_wconf 80' lang='lat' dir='ltr'>peractis</span> <span class='ocrx_word' id='word_1_121' title='bbox 2069 1900 2127 1952; x_wconf 86' lang='lat' dir='ltr'>in</span> 
     </span>
    </p>
   </div>
   <div class='ocr_carea' id='block_1_15' title="bbox 524 1988 2129 2063">
    <p class='ocr_par' dir='ltr' id='par_1_15' title="bbox 524 1988 2129 2063">
     <span class='ocr_line' id='line_1_15' title="bbox 524 1988 2129 2063; baseline -0.006 -14"><span class='ocrx_word' id='word_1_122' title='bbox 524 1994 657 2049; x_wconf 88' lang='lat' dir='ltr'>sede</span> <span class='ocrx_word' id='word_1_123' title='bbox 713 1998 926 2063; x_wconf 83' lang='lat' dir='ltr'>septem</span> <span class='ocrx_word' id='word_1_124' title='bbox 974 1990 1154 2050; x_wconf 90' lang='lat' dir='ltr'>annis,</span> <span class='ocrx_word' id='word_1_125' title='bbox 1196 1989 1254 2042; x_wconf 92' lang='lat' dir='ltr'>in</span> <span class='ocrx_word' id='word_1_126' title='bbox 1303 1988 1450 2041; x_wconf 88' lang='lat' dir='ltr'>bona</span> <span class='ocrx_word' id='word_1_127' title='bbox 1492 1993 1780 2041; x_wconf 71' lang='lat' dir='ltr'>senectute</span> <span class='ocrx_word' id='word_1_128' title='bbox 1831 1988 1934 2041; x_wconf 91' lang='lat' dir='ltr'>sub</span> <span class='ocrx_word' id='word_1_129' title='bbox 1984 2006 2129 2041; x_wconf 74' lang='lat' dir='ltr'>aerea</span> 
     </span>
    </p>
   </div>
   <div class='ocr_carea' id='block_1_16' title="bbox 522 2077 2124 2146">
    <p class='ocr_par' dir='ltr' id='par_1_16' title="bbox 522 2077 2124 2146">
     <span class='ocr_line' id='line_1_16' title="bbox 522 2077 2124 2146; baseline -0.004 -9"><span class='ocrx_word' id='word_1_130' title='bbox 522 2082 717 2138; x_wconf 88' lang='lat' dir='ltr'>tumba</span> <span class='ocrx_word' id='word_1_131' title='bbox 754 2080 959 2135; x_wconf 89' lang='lat' dir='ltr'>celebri</span> <span class='ocrx_word' id='word_1_132' title='bbox 1007 2080 1200 2133; x_wconf 81' lang='lat' dir='ltr'>funere</span> <span class='ocrx_word' id='word_1_133' title='bbox 1244 2077 1301 2130; x_wconf 91' lang='lat' dir='ltr'>in</span> <span class='ocrx_word' id='word_1_134' title='bbox 1351 2077 1611 2130; x_wconf 87' lang='lat' dir='ltr'>Beccensi</span> <span class='ocrx_word' id='word_1_135' title='bbox 1650 2077 1821 2130; x_wconf 88' lang='lat' dir='ltr'>choro</span> <span class='ocrx_word' id='word_1_136' title='bbox 1870 2077 2124 2146; x_wconf 63' lang='lat' dir='ltr'>quiesrit.</span> 
     </span>
    </p>
   </div>
   <div class='ocr_carea' id='block_1_17' title="bbox 524 2165 2127 2247">
    <p class='ocr_par' dir='ltr' id='par_1_17' title="bbox 524 2165 2127 2240">
     <span class='ocr_line' id='line_1_17' title="bbox 524 2165 2127 2240; baseline -0.004 -15"><span class='ocrx_word' id='word_1_137' title='bbox 524 2171 841 2226; x_wconf 88' lang='lat' dir='ltr'>Priscorum</span> <span class='ocrx_word' id='word_1_138' title='bbox 864 2167 1089 2240; x_wconf 83' lang='lat' dir='ltr'>pietatis</span> <span class='ocrx_word' id='word_1_139' title='bbox 1100 2167 1395 2221; x_wconf 67' lang='lat' dir='ltr'>aemulator</span> <span class='ocrx_word' id='word_1_140' title='bbox 1408 2166 1759 2231; x_wconf 88' lang='lat' dir='ltr'>Guillelmus,</span> <span class='ocrx_word' id='word_1_141' title='bbox 1776 2165 2002 2234; x_wconf 87' lang='lat' dir='ltr'>majoris</span> <span class='ocrx_word' id='word_1_142' title='bbox 2018 2182 2127 2218; x_wconf 68' lang='lat' dir='ltr'>arae</span> 
     </span>
    </p>
   </div>
   <div class='ocr_carea' id='block_1_18' title="bbox 2207 1545 3821 1619">
    <p class='ocr_par' dir='ltr' id='par_1_18' title="bbox 2207 1545 3821 1619">
     <span class='ocr_line' id='line_1_18' title="bbox 2207 1545 3821 1619; baseline -0.003 -15"><span class='ocrx_word' id='word_1_143' title='bbox 2207 1550 2335 1619; x_wconf 86' lang='lat' dir='ltr'>tigit</span> <span class='ocrx_word' id='word_1_144' title='bbox 2366 1549 2601 1618; x_wconf 86' lang='lat' dir='ltr'>regium.</span> <span class='ocrx_word' id='word_1_145' title='bbox 2635 1548 2730 1617; x_wconf 88' lang='lat' dir='ltr'>qui</span> <span class='ocrx_word' id='word_1_146' title='bbox 2753 1546 2998 1600; x_wconf 65' lang='lat' dir='ltr'>Claudite</span> <span class='ocrx_word' id='word_1_147' title='bbox 3042 1545 3304 1599; x_wconf 85' lang='lat' dir='ltr'>Ludovici</span> <span class='ocrx_word' id='word_1_148' title='bbox 3347 1545 3473 1599; x_wconf 69' lang='lat' dir='ltr'>ﬁlia:</span> <span class='ocrx_word' id='word_1_149' title='bbox 3506 1545 3692 1617; x_wconf 86' lang='lat' dir='ltr'>priori</span> <span class='ocrx_word' id='word_1_150' title='bbox 3720 1562 3821 1599; x_wconf 89' lang='lat' dir='ltr'>nu-</span> 
     </span>
    </p>
   </div>
   <div class='ocr_carea' id='block_1_19' title="bbox 2209 1633 3820 1709">
    <p class='ocr_par' dir='ltr' id='par_1_19' title="bbox 2209 1633 3820 1709">
     <span class='ocr_line' id='line_1_19' title="bbox 2209 1633 3820 1709; baseline -0.004 -17"><span class='ocrx_word' id='word_1_151' title='bbox 2209 1643 2415 1709; x_wconf 89' lang='lat' dir='ltr'>pserat.</span> <span class='ocrx_word' id='word_1_152' title='bbox 2454 1637 2673 1690; x_wconf 86' lang='lat' dir='ltr'>Primus</span> <span class='ocrx_word' id='word_1_153' title='bbox 2704 1636 2893 1705; x_wconf 83' lang='lat' dir='ltr'>itaque</span> <span class='ocrx_word' id='word_1_154' title='bbox 2920 1635 3086 1705; x_wconf 90' lang='lat' dir='ltr'>hujus</span> <span class='ocrx_word' id='word_1_155' title='bbox 3118 1633 3361 1687; x_wconf 86' lang='lat' dir='ltr'>nominis</span> <span class='ocrx_word' id='word_1_156' title='bbox 3401 1639 3613 1703; x_wconf 82' lang='lat' dir='ltr'>regnat</span> <span class='ocrx_word' id='word_1_157' title='bbox 3659 1634 3820 1703; x_wconf 91' lang='lat' dir='ltr'>quin-</span> 
     </span>
    </p>
   </div>
   <div class='ocr_carea' id='block_1_20' title="bbox 2210 1722 3821 1798">
    <p class='ocr_par' dir='ltr' id='par_1_20' title="bbox 2210 1722 3821 1798">
     <span class='ocr_line' id='line_1_20' title="bbox 2210 1722 3821 1798; baseline -0.003 -18"><span class='ocrx_word' id='word_1_158' title='bbox 2210 1727 2569 1798; x_wconf 82' lang='lat' dir='ltr'>quagesimus</span> <span class='ocrx_word' id='word_1_159' title='bbox 2600 1725 2891 1795; x_wconf 88' lang='lat' dir='ltr'>septimus;</span> <span class='ocrx_word' id='word_1_160' title='bbox 2915 1723 3020 1777; x_wconf 91' lang='lat' dir='ltr'>sub</span> <span class='ocrx_word' id='word_1_161' title='bbox 3040 1739 3151 1793; x_wconf 91' lang='lat' dir='ltr'>quo</span> <span class='ocrx_word' id='word_1_162' title='bbox 3172 1723 3416 1777; x_wconf 87' lang='lat' dir='ltr'>Garinea</span> <span class='ocrx_word' id='word_1_163' title='bbox 3436 1722 3821 1793; x_wconf 86' lang='lat' dir='ltr'>resignatione</span> 
     </span>
    </p>
   </div>
   <div class='ocr_carea' id='block_1_21' title="bbox 2211 1811 3823 1884">
    <p class='ocr_par' dir='ltr' id='par_1_21' title="bbox 2211 1811 3823 1884">
     <span class='ocr_line' id='line_1_21' title="bbox 2211 1811 3823 1884; baseline -0.004 -14"><span class='ocrx_word' id='word_1_164' title='bbox 2211 1834 2242 1870; x_wconf 89' lang='lat' dir='ltr'>a</span> <span class='ocrx_word' id='word_1_165' title='bbox 2272 1818 2456 1870; x_wconf 84' lang='lat' dir='ltr'>Leone</span> <span class='ocrx_word' id='word_1_166' title='bbox 2490 1816 2537 1868; x_wconf 83' lang='lat' dir='ltr'>X</span> <span class='ocrx_word' id='word_1_167' title='bbox 2571 1814 2852 1884; x_wconf 82' lang='lat' dir='ltr'>expedita,</span> <span class='ocrx_word' id='word_1_168' title='bbox 2896 1814 3139 1866; x_wconf 87' lang='lat' dir='ltr'>Joannes</span> <span class='ocrx_word' id='word_1_169' title='bbox 3192 1811 3461 1865; x_wconf 86' lang='lat' dir='ltr'>Ribaldus</span> <span class='ocrx_word' id='word_1_170' title='bbox 3492 1811 3823 1881; x_wconf 86' lang='lat' dir='ltr'>trigesimus</span> 
     </span>
    </p>
   </div>
   <div class='ocr_carea' id='block_1_22' title="bbox 2212 1899 3822 1975">
    <p class='ocr_par' dir='ltr' id='par_1_22' title="bbox 2212 1899 3822 1975">
     <span class='ocr_line' id='line_1_22' title="bbox 2212 1899 3822 1975; baseline -0.003 -17"><span class='ocrx_word' id='word_1_171' title='bbox 2212 1911 2465 1975; x_wconf 89' lang='lat' dir='ltr'>quartus,</span> <span class='ocrx_word' id='word_1_172' title='bbox 2499 1904 2697 1956; x_wconf 90' lang='lat' dir='ltr'>lubens</span> <span class='ocrx_word' id='word_1_173' title='bbox 2728 1902 3054 1956; x_wconf 86' lang='lat' dir='ltr'>cathedram</span> <span class='ocrx_word' id='word_1_174' title='bbox 3100 1899 3367 1954; x_wconf 88' lang='lat' dir='ltr'>ascendit.</span> <span class='ocrx_word' id='word_1_175' title='bbox 3405 1899 3752 1970; x_wconf 84' lang='lat' dir='ltr'>Rothomagi</span> <span class='ocrx_word' id='word_1_176' title='bbox 3792 1916 3822 1952; x_wconf 91' lang='lat' dir='ltr'>a</span> 
     </span>
    </p>
   </div>
   <div class='ocr_carea' id='block_1_23' title="bbox 2210 1988 3819 2060">
    <p class='ocr_par' dir='ltr' id='par_1_23' title="bbox 2210 1988 3819 2060">
     <span class='ocr_line' id='line_1_23' title="bbox 2210 1988 3819 2060; baseline -0.004 -13"><span class='ocrx_word' id='word_1_177' title='bbox 2210 1996 2463 2047; x_wconf 88' lang='lat' dir='ltr'>Tussano</span> <span class='ocrx_word' id='word_1_178' title='bbox 2486 1991 2881 2060; x_wconf 68' lang='lat' dir='ltr'>alchipraasule</span> <span class='ocrx_word' id='word_1_179' title='bbox 2913 1994 3288 2042; x_wconf 87' lang='lat' dir='ltr'>consecratus.</span> <span class='ocrx_word' id='word_1_180' title='bbox 3324 1988 3531 2042; x_wconf 89' lang='lat' dir='ltr'>Statim</span> <span class='ocrx_word' id='word_1_181' title='bbox 3555 1988 3819 2052; x_wconf 87' lang='lat' dir='ltr'>Garinus,</span> 
     </span>
    </p>
   </div>
   <div class='ocr_carea' id='block_1_24' title="bbox 2211 2077 3815 2152">
    <p class='ocr_par' dir='ltr' id='par_1_24' title="bbox 2211 2077 3815 2152">
     <span class='ocr_line' id='line_1_24' title="bbox 2211 2077 3815 2152; baseline -0.004 -17"><span class='ocrx_word' id='word_1_182' title='bbox 2211 2083 2293 2135; x_wconf 92' lang='lat' dir='ltr'>vir</span> <span class='ocrx_word' id='word_1_183' title='bbox 2321 2082 2583 2152; x_wconf 89' lang='lat' dir='ltr'>optimus,</span> <span class='ocrx_word' id='word_1_184' title='bbox 2620 2079 2813 2132; x_wconf 89' lang='lat' dir='ltr'>morbo</span> <span class='ocrx_word' id='word_1_185' title='bbox 2835 2078 3147 2149; x_wconf 88' lang='lat' dir='ltr'>apopletico</span> <span class='ocrx_word' id='word_1_186' title='bbox 3178 2077 3504 2134; x_wconf 80' lang='lat' dir='ltr'>exstinctus.</span> <span class='ocrx_word' id='word_1_187' title='bbox 3542 2077 3815 2147; x_wconf 78' lang='lat' dir='ltr'>caligino-</span> 
     </span>
    </p>
   </div>
   <div class='ocr_carea' id='block_1_25' title="bbox 2211 2165 3820 2237">
    <p class='ocr_par' dir='ltr' id='par_1_25' title="bbox 2211 2165 3820 2237">
     <span class='ocr_line' id='line_1_25' title="bbox 2211 2165 3820 2237; baseline -0.004 -13"><span class='ocrx_word' id='word_1_188' title='bbox 2211 2187 2328 2225; x_wconf 87' lang='lat' dir='ltr'>sam</span> <span class='ocrx_word' id='word_1_189' title='bbox 2364 2168 2730 2223; x_wconf 87' lang='lat' dir='ltr'>Beccensibus</span> <span class='ocrx_word' id='word_1_190' title='bbox 2772 2167 3042 2237; x_wconf 80' lang='lat' dir='ltr'>eclipsim,</span> <span class='ocrx_word' id='word_1_191' title='bbox 3071 2165 3234 2220; x_wconf 85' lang='lat' dir='ltr'>annis</span> <span class='ocrx_word' id='word_1_192' title='bbox 3263 2166 3617 2236; x_wconf 84' lang='lat' dir='ltr'>longioribus</span> <span class='ocrx_word' id='word_1_193' title='bbox 3642 2166 3820 2220; x_wconf 85' lang='lat' dir='ltr'>feren-</span> 
     </span>
    </p>
   </div>
   <div class='ocr_carea' id='block_1_26' title="bbox 524 2253 3821 2327">
    <p class='ocr_par' dir='ltr' id='par_1_26' title="bbox 524 2253 3821 2327">
     <span class='ocr_line' id='line_1_26' title="bbox 524 2253 3821 2327; baseline -0.002 -13"><span class='ocrx_word' id='word_1_194' title='bbox 524 2260 722 2314; x_wconf 80' lang='lat' dir='ltr'>faciem</span> <span class='ocrx_word' id='word_1_195' title='bbox 767 2257 958 2312; x_wconf 84' lang='lat' dir='ltr'>tabula</span> <span class='ocrx_word' id='word_1_196' title='bbox 1004 2262 1204 2311; x_wconf 88' lang='lat' dir='ltr'>aurata</span> <span class='ocrx_word' id='word_1_197' title='bbox 1244 2254 1410 2308; x_wconf 88' lang='lat' dir='ltr'>variis</span> <span class='ocrx_word' id='word_1_198' title='bbox 1454 2254 1603 2324; x_wconf 88' lang='lat' dir='ltr'>passi</span> <span class='ocrx_word' id='word_1_199' title='bbox 1647 2253 1854 2308; x_wconf 89' lang='lat' dir='ltr'>Christi</span> <span class='ocrx_word' id='word_1_200' title='bbox 1885 2253 2135 2307; x_wconf 77' lang='lat' dir='ltr'>historiis</span> <span class='ocrx_word' id='word_1_201' title='bbox 2219 2259 2369 2323; x_wconf 89' lang='lat' dir='ltr'>dam,</span> <span class='ocrx_word' id='word_1_202' title='bbox 2413 2257 2714 2327; x_wconf 87' lang='lat' dir='ltr'>relinquit;</span> <span class='ocrx_word' id='word_1_203' title='bbox 2748 2257 2908 2325; x_wconf 89' lang='lat' dir='ltr'>cujus</span> <span class='ocrx_word' id='word_1_204' title='bbox 2938 2255 3059 2326; x_wconf 89' lang='lat' dir='ltr'>pios</span> <span class='ocrx_word' id='word_1_205' title='bbox 3083 2255 3300 2308; x_wconf 89' lang='lat' dir='ltr'>cineres</span> <span class='ocrx_word' id='word_1_206' title='bbox 3335 2254 3391 2307; x_wconf 89' lang='lat' dir='ltr'>in</span> <span class='ocrx_word' id='word_1_207' title='bbox 3427 2254 3620 2308; x_wconf 89' lang='lat' dir='ltr'>medio</span> <span class='ocrx_word' id='word_1_208' title='bbox 3661 2254 3821 2307; x_wconf 89' lang='lat' dir='ltr'>choro</span> 
     </span>
    </p>
   </div>
   <div class='ocr_carea' id='block_1_27' title="bbox 526 2342 3821 2417">
    <p class='ocr_par' dir='ltr' id='par_1_27' title="bbox 526 2342 3821 2417">
     <span class='ocr_line' id='line_1_27' title="bbox 526 2342 3821 2417; baseline -0.003 -14"><span class='ocrx_word' id='word_1_209' title='bbox 526 2349 719 2416; x_wconf 84' lang='lat' dir='ltr'>divite,</span> <span class='ocrx_word' id='word_1_210' title='bbox 751 2354 918 2417; x_wconf 88' lang='lat' dir='ltr'>atque</span> <span class='ocrx_word' id='word_1_211' title='bbox 948 2350 1272 2415; x_wconf 85' lang='lat' dir='ltr'>argenteam</span> <span class='ocrx_word' id='word_1_212' title='bbox 1293 2360 1539 2413; x_wconf 88' lang='lat' dir='ltr'>capsam,</span> <span class='ocrx_word' id='word_1_213' title='bbox 1574 2342 1629 2395; x_wconf 90' lang='lat' dir='ltr'>in</span> <span class='ocrx_word' id='word_1_214' title='bbox 1674 2359 1784 2413; x_wconf 92' lang='lat' dir='ltr'>qua</span> <span class='ocrx_word' id='word_1_215' title='bbox 1810 2349 2133 2396; x_wconf 88' lang='lat' dir='ltr'>sanctorum</span> <span class='ocrx_word' id='word_1_216' title='bbox 2157 2412 2195 2417; x_wconf 80' lang='lat'><strong><em>_</em></strong></span> <span class='ocrx_word' id='word_1_217' title='bbox 2221 2347 2443 2416; x_wconf 80' lang='lat' dir='ltr'>lugubri</span> <span class='ocrx_word' id='word_1_218' title='bbox 2474 2362 2679 2417; x_wconf 89' lang='lat' dir='ltr'>pompa</span> <span class='ocrx_word' id='word_1_219' title='bbox 2707 2345 3000 2408; x_wconf 83' lang='lat' dir='ltr'>collocant,</span> <span class='ocrx_word' id='word_1_220' title='bbox 3022 2343 3199 2413; x_wconf 88' lang='lat' dir='ltr'>pridie</span> <span class='ocrx_word' id='word_1_221' title='bbox 3227 2344 3418 2397; x_wconf 88' lang='lat' dir='ltr'>Nonas</span> <span class='ocrx_word' id='word_1_222' title='bbox 3447 2342 3677 2414; x_wconf 34' lang='lat' dir='ltr'>Aprilis.</span> <span class='ocrx_word' id='word_1_223' title='bbox 3707 2342 3821 2405; x_wconf 89' lang='lat' dir='ltr'>Qua</span> 
     </span>
    </p>
   </div>
   <div class='ocr_carea' id='block_1_28' title="bbox 526 2412 3819 2510">
    <p class='ocr_par' dir='ltr' id='par_1_28' title="bbox 526 2412 3819 2510">
     <span class='ocr_line' id='line_1_28' title="bbox 526 2412 3819 2510; baseline -0.003 -18"><span class='ocrx_word' id='word_1_224' title='bbox 526 2437 773 2510; x_wconf 87' lang='lat' dir='ltr'>plurium</span> <span class='ocrx_word' id='word_1_225' title='bbox 800 2412 1076 2488; x_wconf 63' lang='lat' dir='ltr'>habentur</span> <span class='ocrx_word' id='word_1_226' title='bbox 1098 2412 1377 2503; x_wconf 44' lang='lat' dir='ltr'>reliquiae;</span> <span class='ocrx_word' id='word_1_227' title='bbox 1392 2432 1648 2498; x_wconf 76' lang='lat' dir='ltr'>decorat;</span> <span class='ocrx_word' id='word_1_228' title='bbox 1681 2412 1969 2491; x_wconf 65' lang='lat' dir='ltr'>columnas</span> <span class='ocrx_word' id='word_1_229' title='bbox 1996 2447 2134 2501; x_wconf 84' lang='lat' dir='ltr'>qua-</span> <span class='ocrx_word' id='word_1_230' title='bbox 2157 2412 2310 2490; x_wconf 68' lang='lat' dir='ltr'>Bdie</span> <span class='ocrx_word' id='word_1_231' title='bbox 2345 2412 2534 2490; x_wconf 79' lang='lat' dir='ltr'>annua</span> <span class='ocrx_word' id='word_1_232' title='bbox 2564 2412 2970 2506; x_wconf 79' lang='lat' dir='ltr'>supplicatione</span> <span class='ocrx_word' id='word_1_233' title='bbox 3009 2412 3301 2487; x_wconf 81' lang='lat' dir='ltr'>revocatur</span> <span class='ocrx_word' id='word_1_234' title='bbox 3332 2434 3454 2503; x_wconf 88' lang='lat' dir='ltr'>ejus</span> <span class='ocrx_word' id='word_1_235' title='bbox 3486 2412 3679 2488; x_wconf 81' lang='lat' dir='ltr'>obitus</span> <span class='ocrx_word' id='word_1_236' title='bbox 3709 2447 3819 2484; x_wconf 88' lang='lat' dir='ltr'>me-</span> 
     </span>
    </p>
   </div>
   <div class='ocr_carea' id='block_1_29' title="bbox 536 2518 3821 2595">
    <p class='ocr_par' dir='ltr' id='par_1_29' title="bbox 536 2518 3821 2595">
     <span class='ocr_line' id='line_1_29' title="bbox 536 2518 3821 2595; baseline -0.001 -20"><span class='ocrx_word' id='word_1_237' title='bbox 536 2531 669 2580; x_wconf 84' lang='lat' dir='ltr'>tuor</span> <span class='ocrx_word' id='word_1_238' title='bbox 697 2524 995 2595; x_wconf 84' lang='lat' dir='ltr'>angelicas,</span> <span class='ocrx_word' id='word_1_239' title='bbox 1036 2523 1106 2576; x_wconf 89' lang='lat' dir='ltr'>ad</span> <span class='ocrx_word' id='word_1_240' title='bbox 1150 2528 1393 2592; x_wconf 85' lang='lat' dir='ltr'>quatuor</span> <span class='ocrx_word' id='word_1_241' title='bbox 1431 2520 1682 2589; x_wconf 87' lang='lat' dir='ltr'>ejusdem</span> <span class='ocrx_word' id='word_1_242' title='bbox 1730 2536 1839 2573; x_wconf 67' lang='lat' dir='ltr'>ara:</span> <span class='ocrx_word' id='word_1_243' title='bbox 1878 2520 2133 2589; x_wconf 83' lang='lat' dir='ltr'>angulos,</span> <span class='ocrx_word' id='word_1_244' title='bbox 2219 2525 2412 2579; x_wconf 89' lang='lat' dir='ltr'>moria.</span> <span class='ocrx_word' id='word_1_245' title='bbox 2436 2525 2636 2594; x_wconf 89' lang='lat' dir='ltr'>Sicque</span> <span class='ocrx_word' id='word_1_246' title='bbox 2656 2522 2889 2577; x_wconf 87' lang='lat' dir='ltr'>Ribaldo</span> <span class='ocrx_word' id='word_1_247' title='bbox 2909 2527 3132 2593; x_wconf 88' lang='lat' dir='ltr'>pastore</span> <span class='ocrx_word' id='word_1_248' title='bbox 3157 2521 3407 2592; x_wconf 88' lang='lat' dir='ltr'>speciosa</span> <span class='ocrx_word' id='word_1_249' title='bbox 3429 2522 3630 2593; x_wconf 87' lang='lat' dir='ltr'>templi</span> <span class='ocrx_word' id='word_1_250' title='bbox 3661 2518 3821 2592; x_wconf 89' lang='lat' dir='ltr'>porti-</span> 
     </span>
    </p>
   </div>
   <div class='ocr_carea' id='block_1_30' title="bbox 530 2608 3822 2684">
    <p class='ocr_par' dir='ltr' id='par_1_30' title="bbox 530 2608 3822 2684">
     <span class='ocr_line' id='line_1_30' title="bbox 530 2608 3822 2684; baseline -0.004 -8"><span class='ocrx_word' id='word_1_251' title='bbox 530 2613 677 2668; x_wconf 74' lang='lat' dir='ltr'>mil‘a</span> <span class='ocrx_word' id='word_1_252' title='bbox 736 2612 1037 2667; x_wconf 79' lang='lat' dir='ltr'>admOdum</span> <span class='ocrx_word' id='word_1_253' title='bbox 1088 2610 1377 2679; x_wconf 69' lang='lat' dir='ltr'>SCUIPtUl‘a</span> <span class='ocrx_word' id='word_1_254' title='bbox 1414 2609 1723 2671; x_wconf 64' lang='lat' dir='ltr'>decoratas.</span> <span class='ocrx_word' id='word_1_255' title='bbox 1775 2624 1883 2662; x_wconf 64' lang='lat' dir='ltr'>iere</span> <span class='ocrx_word' id='word_1_256' title='bbox 1934 2608 2137 2679; x_wconf 74' lang='lat' dir='ltr'>Cyprio</span> <span class='ocrx_word' id='word_1_257' title='bbox 2220 2630 2523 2684; x_wconf 88' lang='lat' dir='ltr'>cus,quam</span> <span class='ocrx_word' id='word_1_258' title='bbox 2544 2614 2731 2666; x_wconf 80' lang='lat' dir='ltr'>vivens</span> <span class='ocrx_word' id='word_1_259' title='bbox 2752 2611 2995 2666; x_wconf 88' lang='lat' dir='ltr'>Garinus</span> <span class='ocrx_word' id='word_1_260' title='bbox 3015 2610 3337 2681; x_wconf 86' lang='lat' dir='ltr'>erigendam</span> <span class='ocrx_word' id='word_1_261' title='bbox 3360 2609 3822 2673; x_wconf 85' lang='lat' dir='ltr'>conduxerat,in-</span> 
     </span>
    </p>
   </div>
   <div class='ocr_carea' id='block_1_31' title="bbox 537 2696 3818 2773">
    <p class='ocr_par' dir='ltr' id='par_1_31' title="bbox 537 2696 3818 2773">
     <span class='ocr_line' id='line_1_31' title="bbox 537 2696 3818 2773; baseline -0.002 -15"><span class='ocrx_word' id='word_1_262' title='bbox 537 2703 829 2766; x_wconf 79' lang='lat' dir='ltr'>conﬂatas,</span> <span class='ocrx_word' id='word_1_263' title='bbox 884 2699 1081 2769; x_wconf 82' lang='lat' dir='ltr'>afﬁgit.</span> <span class='ocrx_word' id='word_1_264' title='bbox 1115 2701 1359 2752; x_wconf 73' lang='lat' dir='ltr'>Auream</span> <span class='ocrx_word' id='word_1_265' title='bbox 1387 2697 1458 2750; x_wconf 82' lang='lat' dir='ltr'>ad</span> <span class='ocrx_word' id='word_1_266' title='bbox 1487 2697 1604 2750; x_wconf 67' lang='lat' dir='ltr'>hiec</span> <span class='ocrx_word' id='word_1_267' title='bbox 1632 2696 1917 2767; x_wconf 77' lang='lat' dir='ltr'>capsulam</span> <span class='ocrx_word' id='word_1_268' title='bbox 1964 2696 2136 2750; x_wconf 72' lang='lat' dir='ltr'>trium</span> <span class='ocrx_word' id='word_1_269' title='bbox 2220 2704 2450 2773; x_wconf 86' lang='lat' dir='ltr'>geniose</span> <span class='ocrx_word' id='word_1_270' title='bbox 2478 2702 2783 2773; x_wconf 83' lang='lat' dir='ltr'>perﬁcitur.</span> <span class='ocrx_word' id='word_1_271' title='bbox 2808 2702 3014 2754; x_wconf 89' lang='lat' dir='ltr'>Verum</span> <span class='ocrx_word' id='word_1_272' title='bbox 3049 2699 3297 2753; x_wconf 86' lang='lat' dir='ltr'>moribus</span> <span class='ocrx_word' id='word_1_273' title='bbox 3330 2700 3418 2753; x_wconf 87' lang='lat' dir='ltr'>hic</span> <span class='ocrx_word' id='word_1_274' title='bbox 3428 2700 3630 2770; x_wconf 89' lang='lat' dir='ltr'>junior</span> <span class='ocrx_word' id='word_1_275' title='bbox 3661 2713 3818 2770; x_wconf 88' lang='lat' dir='ltr'>quam</span> 
     </span>
    </p>
   </div>
   <div class='ocr_carea' id='block_1_32' title="bbox 534 2785 2140 2858">
    <p class='ocr_par' dir='ltr' id='par_1_32' title="bbox 534 2785 2140 2858">
     <span class='ocr_line' id='line_1_32' title="bbox 534 2785 2140 2858; baseline -0.004 -12"><span class='ocrx_word' id='word_1_276' title='bbox 534 2792 659 2847; x_wconf 84' lang='lat' dir='ltr'>auri</span> <span class='ocrx_word' id='word_1_277' title='bbox 691 2790 1048 2844; x_wconf 77' lang='lat' dir='ltr'>marcllarum</span> <span class='ocrx_word' id='word_1_278' title='bbox 1081 2787 1345 2858; x_wconf 88' lang='lat' dir='ltr'>ponderis</span> <span class='ocrx_word' id='word_1_279' title='bbox 1374 2786 1665 2855; x_wconf 89' lang='lat' dir='ltr'>ingenioso</span> <span class='ocrx_word' id='word_1_280' title='bbox 1701 2785 1939 2839; x_wconf 84' lang='lat' dir='ltr'>artiﬁcio</span> <span class='ocrx_word' id='word_1_281' title='bbox 1971 2786 2140 2839; x_wconf 89' lang='lat' dir='ltr'>mira-</span> 
     </span>
    </p>
   </div>
   <div class='ocr_carea' id='block_1_33' title="bbox 544 2874 2146 2950">
    <p class='ocr_par' dir='ltr' id='par_1_33' title="bbox 544 2874 2146 2950">
     <span class='ocr_line' id='line_1_33' title="bbox 544 2874 2146 2950; baseline -0.004 -16"><span class='ocrx_word' id='word_1_282' title='bbox 544 2880 709 2934; x_wconf 90' lang='lat' dir='ltr'>bilem</span> <span class='ocrx_word' id='word_1_283' title='bbox 734 2876 1191 2950; x_wconf 87' lang='lat' dir='ltr'>sparsisgemmis</span> <span class='ocrx_word' id='word_1_284' title='bbox 1210 2876 1505 2932; x_wconf 82' lang='lat' dir='ltr'>famosam.</span> <span class='ocrx_word' id='word_1_285' title='bbox 1533 2891 1642 2944; x_wconf 88' lang='lat' dir='ltr'>qua</span> <span class='ocrx_word' id='word_1_286' title='bbox 1662 2874 1720 2927; x_wconf 91' lang='lat' dir='ltr'>in</span> <span class='ocrx_word' id='word_1_287' title='bbox 1745 2875 2146 2933; x_wconf 83' lang='lat' dir='ltr'>sanctasolem-</span> 
     </span>
    </p>
   </div>
   <div class='ocr_carea' id='block_1_34' title="bbox 545 2963 2141 3034">
    <p class='ocr_par' dir='ltr' id='par_1_34' title="bbox 545 2963 2141 3034">
     <span class='ocr_line' id='line_1_34' title="bbox 545 2963 2141 3034; baseline -0.004 -10"><span class='ocrx_word' id='word_1_288' title='bbox 545 2970 721 3024; x_wconf 89' lang='lat' dir='ltr'>nitate</span> <span class='ocrx_word' id='word_1_289' title='bbox 754 2983 976 3021; x_wconf 88' lang='lat' dir='ltr'>sacrum</span> <span class='ocrx_word' id='word_1_290' title='bbox 1016 2965 1230 3019; x_wconf 87' lang='lat' dir='ltr'>domini</span> <span class='ocrx_word' id='word_1_291' title='bbox 1278 2963 1456 3017; x_wconf 88' lang='lat' dir='ltr'>nostri</span> <span class='ocrx_word' id='word_1_292' title='bbox 1501 2964 1634 3017; x_wconf 85' lang='lat' dir='ltr'>Jesu</span> <span class='ocrx_word' id='word_1_293' title='bbox 1665 2963 1874 3017; x_wconf 88' lang='lat' dir='ltr'>Christi</span> <span class='ocrx_word' id='word_1_294' title='bbox 1920 2980 2141 3034; x_wconf 86' lang='lat' dir='ltr'>corpus,</span> 
     </span>
    </p>
   </div>
   <div class='ocr_carea' id='block_1_35' title="bbox 545 3052 2146 3123">
    <p class='ocr_par' dir='ltr' id='par_1_35' title="bbox 545 3052 2146 3123">
     <span class='ocr_line' id='line_1_35' title="bbox 545 3052 2146 3123; baseline -0.004 -10"><span class='ocrx_word' id='word_1_295' title='bbox 545 3075 674 3113; x_wconf 89' lang='lat' dir='ltr'>cum</span> <span class='ocrx_word' id='word_1_296' title='bbox 730 3058 1007 3110; x_wconf 87' lang='lat' dir='ltr'>immenso</span> <span class='ocrx_word' id='word_1_297' title='bbox 1046 3053 1177 3107; x_wconf 84' lang='lat' dir='ltr'>ﬁdei</span> <span class='ocrx_word' id='word_1_298' title='bbox 1232 3052 1416 3106; x_wconf 89' lang='lat' dir='ltr'>fructu</span> <span class='ocrx_word' id='word_1_299' title='bbox 1470 3052 1878 3119; x_wconf 83' lang='lat' dir='ltr'>circumfertur,</span> <span class='ocrx_word' id='word_1_300' title='bbox 1935 3055 2146 3123; x_wconf 80' lang='lat' dir='ltr'>templo</span> 
     </span>
    </p>
   </div>
   <div class='ocr_carea' id='block_1_36' title="bbox 540 3139 2148 3212">
    <p class='ocr_par' dir='ltr' id='par_1_36' title="bbox 540 3139 2148 3212">
     <span class='ocr_line' id='line_1_36' title="bbox 540 3139 2148 3212; baseline -0.006 -10"><span class='ocrx_word' id='word_1_301' title='bbox 540 3148 775 3202; x_wconf 87' lang='lat' dir='ltr'>devotus</span> <span class='ocrx_word' id='word_1_302' title='bbox 826 3145 1006 3197; x_wconf 72' lang='lat' dir='ltr'>offert.</span> <span class='ocrx_word' id='word_1_303' title='bbox 1067 3142 1172 3196; x_wconf 85' lang='lat' dir='ltr'>Sex</span> <span class='ocrx_word' id='word_1_304' title='bbox 1229 3147 1452 3212; x_wconf 88' lang='lat' dir='ltr'>pateras</span> <span class='ocrx_word' id='word_1_305' title='bbox 1499 3146 1795 3211; x_wconf 86' lang='lat' dir='ltr'>argenteas</span> <span class='ocrx_word' id='word_1_306' title='bbox 1851 3139 2148 3197; x_wconf 88' lang='lat' dir='ltr'>conventui</span> 
     </span>
    </p>
   </div>
   <div class='ocr_carea' id='block_1_37' title="bbox 535 3230 2140 3302">
    <p class='ocr_par' dir='ltr' id='par_1_37' title="bbox 535 3230 2140 3302">
     <span class='ocr_line' id='line_1_37' title="bbox 535 3230 2140 3302; baseline -0.004 -13"><span class='ocrx_word' id='word_1_307' title='bbox 535 3236 727 3289; x_wconf 90' lang='lat' dir='ltr'>donat.</span> <span class='ocrx_word' id='word_1_308' title='bbox 752 3235 1088 3302; x_wconf 84' lang='lat' dir='ltr'>Argenteam</span> <span class='ocrx_word' id='word_1_309' title='bbox 1113 3230 1427 3301; x_wconf 80' lang='lat' dir='ltr'>quindecim</span> <span class='ocrx_word' id='word_1_310' title='bbox 1450 3230 1805 3283; x_wconf 82' lang='lat' dir='ltr'>marchurum</span> <span class='ocrx_word' id='word_1_311' title='bbox 1826 3231 2140 3300; x_wconf 86' lang='lat' dir='ltr'>lampadem</span> 
     </span>
    </p>
   </div>
   <div class='ocr_carea' id='block_1_38' title="bbox 537 3318 2143 3389">
    <p class='ocr_par' dir='ltr' id='par_1_38' title="bbox 537 3318 2143 3389">
     <span class='ocr_line' id='line_1_38' title="bbox 537 3318 2143 3389; baseline -0.003 -12"><span class='ocrx_word' id='word_1_312' title='bbox 537 3322 730 3377; x_wconf 86' lang='lat' dir='ltr'>subtili</span> <span class='ocrx_word' id='word_1_313' title='bbox 750 3321 1037 3374; x_wconf 88' lang='lat' dir='ltr'>fabrorum</span> <span class='ocrx_word' id='word_1_314' title='bbox 1060 3336 1227 3389; x_wconf 86' lang='lat' dir='ltr'>opere</span> <span class='ocrx_word' id='word_1_315' title='bbox 1250 3318 1576 3389; x_wconf 87' lang='lat' dir='ltr'>superbam,</span> <span class='ocrx_word' id='word_1_316' title='bbox 1611 3319 1668 3371; x_wconf 91' lang='lat' dir='ltr'>in</span> <span class='ocrx_word' id='word_1_317' title='bbox 1700 3318 1885 3371; x_wconf 87' lang='lat' dir='ltr'>medio</span> <span class='ocrx_word' id='word_1_318' title='bbox 1898 3318 2143 3389; x_wconf 81' lang='lat' dir='ltr'>Virginis</span> 
     </span>
    </p>
   </div>
   <div class='ocr_carea' id='block_1_39' title="bbox 538 3404 2143 3481">
    <p class='ocr_par' dir='ltr' id='par_1_39' title="bbox 538 3404 2143 3481">
     <span class='ocr_line' id='line_1_39' title="bbox 538 3404 2143 3481; baseline -0.002 -17"><span class='ocrx_word' id='word_1_319' title='bbox 538 3408 739 3464; x_wconf 88' lang='lat' dir='ltr'>matris</span> <span class='ocrx_word' id='word_1_320' title='bbox 754 3408 957 3481; x_wconf 81' lang='lat' dir='ltr'>sacello</span> <span class='ocrx_word' id='word_1_321' title='bbox 976 3404 1160 3461; x_wconf 75' lang='lat' dir='ltr'>ferrea</span> <span class='ocrx_word' id='word_1_322' title='bbox 1181 3414 1379 3460; x_wconf 89' lang='lat' dir='ltr'>catena</span> <span class='ocrx_word' id='word_1_323' title='bbox 1407 3422 1734 3477; x_wconf 85' lang='lat' dir='ltr'>suspensam</span> <span class='ocrx_word' id='word_1_324' title='bbox 1756 3406 1946 3460; x_wconf 90' lang='lat' dir='ltr'>donat.</span> <span class='ocrx_word' id='word_1_325' title='bbox 1975 3408 2143 3460; x_wconf 85' lang='lat' dir='ltr'>Varia</span> 
     </span>
    </p>
   </div>
   <div class='ocr_carea' id='block_1_40' title="bbox 539 3496 2145 3567">
    <p class='ocr_par' dir='ltr' id='par_1_40' title="bbox 539 3496 2145 3567">
     <span class='ocr_line' id='line_1_40' title="bbox 539 3496 2145 3567; baseline -0.002 -14"><span class='ocrx_word' id='word_1_326' title='bbox 539 3503 642 3554; x_wconf 90' lang='lat' dir='ltr'>aut</span> <span class='ocrx_word' id='word_1_327' title='bbox 670 3502 874 3560; x_wconf 89' lang='lat' dir='ltr'>erecta,</span> <span class='ocrx_word' id='word_1_328' title='bbox 909 3502 1008 3551; x_wconf 90' lang='lat' dir='ltr'>aut</span> <span class='ocrx_word' id='word_1_329' title='bbox 1034 3503 1296 3567; x_wconf 88' lang='lat' dir='ltr'>reparata</span> <span class='ocrx_word' id='word_1_330' title='bbox 1323 3496 1557 3550; x_wconf 79' lang='lat' dir='ltr'>aedilicia</span> <span class='ocrx_word' id='word_1_331' title='bbox 1586 3513 1698 3549; x_wconf 93' lang='lat' dir='ltr'>non</span> <span class='ocrx_word' id='word_1_332' title='bbox 1727 3501 1812 3549; x_wconf 91' lang='lat' dir='ltr'>est</span> <span class='ocrx_word' id='word_1_333' title='bbox 1837 3497 1983 3566; x_wconf 91' lang='lat' dir='ltr'>quod</span> <span class='ocrx_word' id='word_1_334' title='bbox 2000 3514 2145 3550; x_wconf 91' lang='lat' dir='ltr'>com-</span> 
     </span>
    </p>
   </div>
   <div class='ocr_carea' id='block_1_41' title="bbox 539 3585 2143 3656">
    <p class='ocr_par' dir='ltr' id='par_1_41' title="bbox 539 3585 2143 3656">
     <span class='ocr_line' id='line_1_41' title="bbox 539 3585 2143 3656; baseline -0.002 -15"><span class='ocrx_word' id='word_1_335' title='bbox 539 3602 870 3652; x_wconf 88' lang='lat' dir='ltr'>memorem,</span> <span class='ocrx_word' id='word_1_336' title='bbox 920 3602 1088 3656; x_wconf 91' lang='lat' dir='ltr'>quam</span> <span class='ocrx_word' id='word_1_337' title='bbox 1147 3585 1494 3655; x_wconf 90' lang='lat' dir='ltr'>frequentius</span> <span class='ocrx_word' id='word_1_338' title='bbox 1540 3585 1705 3637; x_wconf 79' lang='lat' dir='ltr'>affixa</span> <span class='ocrx_word' id='word_1_339' title='bbox 1758 3586 2011 3654; x_wconf 89' lang='lat' dir='ltr'>ejusdem</span> <span class='ocrx_word' id='word_1_340' title='bbox 2055 3586 2143 3638; x_wconf 90' lang='lat' dir='ltr'>in-</span> 
     </span>
    </p>
   </div>
   <div class='ocr_carea' id='block_1_42' title="bbox 540 3673 2143 3746">
    <p class='ocr_par' dir='ltr' id='par_1_42' title="bbox 540 3673 2143 3746">
     <span class='ocr_line' id='line_1_42' title="bbox 540 3673 2143 3746; baseline -0.002 -16"><span class='ocrx_word' id='word_1_341' title='bbox 540 3675 725 3746; x_wconf 87' lang='lat' dir='ltr'>signia</span> <span class='ocrx_word' id='word_1_342' title='bbox 770 3675 977 3745; x_wconf 88' lang='lat' dir='ltr'>passim</span> <span class='ocrx_word' id='word_1_343' title='bbox 1024 3673 1295 3728; x_wconf 88' lang='lat' dir='ltr'>Garinum</span> <span class='ocrx_word' id='word_1_344' title='bbox 1337 3674 1533 3727; x_wconf 88' lang='lat' dir='ltr'>vixisse</span> <span class='ocrx_word' id='word_1_345' title='bbox 1570 3678 1868 3727; x_wconf 90' lang='lat' dir='ltr'>testentur.</span> <span class='ocrx_word' id='word_1_346' title='bbox 1911 3674 2143 3727; x_wconf 82' lang='lat' dir='ltr'>Carolus</span> 
     </span>
    </p>
   </div>
   <div class='ocr_carea' id='block_1_43' title="bbox 2228 2789 3823 2861">
    <p class='ocr_par' dir='ltr' id='par_1_43' title="bbox 2228 2789 3823 2861">
     <span class='ocr_line' id='line_1_43' title="bbox 2228 2789 3823 2861; baseline -0.004 -15"><span class='ocrx_word' id='word_1_347' title='bbox 2228 2798 2290 2846; x_wconf 90' lang='lat' dir='ltr'>ut</span> <span class='ocrx_word' id='word_1_348' title='bbox 2302 2809 2543 2861; x_wconf 62' lang='lat' dir='ltr'>praesens</span> <span class='ocrx_word' id='word_1_349' title='bbox 2561 2790 2943 2861; x_wconf 86' lang='lat' dir='ltr'>expostularet</span> <span class='ocrx_word' id='word_1_350' title='bbox 2957 2789 3700 2859; x_wconf 83' lang='lat' dir='ltr'>negotium.perAdrianum</span> <span class='ocrx_word' id='word_1_351' title='bbox 3714 2801 3823 2840; x_wconf 85' lang='lat' dir='ltr'>car-</span> 
     </span>
    </p>
   </div>
   <div class='ocr_carea' id='block_1_44' title="bbox 2228 2875 3821 2951">
    <p class='ocr_par' dir='ltr' id='par_1_44' title="bbox 2228 2875 3821 2951">
     <span class='ocr_line' id='line_1_44' title="bbox 2228 2875 3821 2951; baseline -0.006 -16"><span class='ocrx_word' id='word_1_352' title='bbox 2228 2882 2471 2935; x_wconf 88' lang='lat' dir='ltr'>dinalcm</span> <span class='ocrx_word' id='word_1_353' title='bbox 2494 2880 2751 2951; x_wconf 85' lang='lat' dir='ltr'>Brysium</span> <span class='ocrx_word' id='word_1_354' title='bbox 2776 2878 3240 2933; x_wconf 80' lang='lat' dir='ltr'>Constantianam</span> <span class='ocrx_word' id='word_1_355' title='bbox 3273 2878 3608 2942; x_wconf 88' lang='lat' dir='ltr'>antistitem,</span> <span class='ocrx_word' id='word_1_356' title='bbox 3642 2875 3821 2930; x_wconf 88' lang='lat' dir='ltr'>nescio</span> 
     </span>
    </p>
   </div>
   <div class='ocr_carea' id='block_1_45' title="bbox 2230 2966 3819 3041">
    <p class='ocr_par' dir='ltr' id='par_1_45' title="bbox 2230 2966 3819 3041">
     <span class='ocr_line' id='line_1_45' title="bbox 2230 2966 3819 3041; baseline -0.005 -17"><span class='ocrx_word' id='word_1_357' title='bbox 2230 2988 2339 3041; x_wconf 89' lang='lat' dir='ltr'>quo</span> <span class='ocrx_word' id='word_1_358' title='bbox 2380 2971 2531 3039; x_wconf 82' lang='lat' dir='ltr'>jure,</span> <span class='ocrx_word' id='word_1_359' title='bbox 2580 2968 2927 3029; x_wconf 87' lang='lat' dir='ltr'>exturbatus,</span> <span class='ocrx_word' id='word_1_360' title='bbox 2953 2973 3142 3020; x_wconf 88' lang='lat' dir='ltr'>creata</span> <span class='ocrx_word' id='word_1_361' title='bbox 3167 2967 3453 3038; x_wconf 86' lang='lat' dir='ltr'>pensione,</span> <span class='ocrx_word' id='word_1_362' title='bbox 3502 2966 3819 3022; x_wconf 88' lang='lat' dir='ltr'>cathedram</span> 
     </span>
    </p>
   </div>
   <div class='ocr_carea' id='block_1_46' title="bbox 2229 3052 3818 3128">
    <p class='ocr_par' dir='ltr' id='par_1_46' title="bbox 2229 3052 3818 3128">
     <span class='ocr_line' id='line_1_46' title="bbox 2229 3052 3818 3128; baseline -0.004 -15"><span class='ocrx_word' id='word_1_363' title='bbox 2229 3060 2392 3113; x_wconf 87' lang='lat' dir='ltr'>cedit.</span> <span class='ocrx_word' id='word_1_364' title='bbox 2434 3060 2666 3122; x_wconf 89' lang='lat' dir='ltr'>Tamen,</span> <span class='ocrx_word' id='word_1_365' title='bbox 2709 3062 2981 3128; x_wconf 88' lang='lat' dir='ltr'>quantum</span> <span class='ocrx_word' id='word_1_366' title='bbox 3014 3058 3338 3127; x_wconf 88' lang='lat' dir='ltr'>conjectura</span> <span class='ocrx_word' id='word_1_367' title='bbox 3378 3056 3511 3110; x_wconf 90' lang='lat' dir='ltr'>licet</span> <span class='ocrx_word' id='word_1_368' title='bbox 3540 3052 3818 3125; x_wconf 81' lang='lat' dir='ltr'>augurari,</span> 
     </span>
    </p>
   </div>
   <div class='ocr_carea' id='block_1_47' title="bbox 2229 3143 3821 3218">
    <p class='ocr_par' dir='ltr' id='par_1_47' title="bbox 2229 3143 3821 3218">
     <span class='ocr_line' id='line_1_47' title="bbox 2229 3143 3821 3218; baseline -0.004 -17"><span class='ocrx_word' id='word_1_369' title='bbox 2229 3152 2286 3201; x_wconf 89' lang='lat' dir='ltr'>et</span> <span class='ocrx_word' id='word_1_370' title='bbox 2312 3154 2374 3201; x_wconf 90' lang='lat' dir='ltr'>ut</span> <span class='ocrx_word' id='word_1_371' title='bbox 2404 3147 2752 3218; x_wconf 86' lang='lat' dir='ltr'>rumorapud</span> <span class='ocrx_word' id='word_1_372' title='bbox 2771 3162 2871 3200; x_wconf 90' lang='lat' dir='ltr'>nos</span> <span class='ocrx_word' id='word_1_373' title='bbox 2887 3145 3268 3216; x_wconf 89' lang='lat' dir='ltr'>percrebuisse</span> <span class='ocrx_word' id='word_1_374' title='bbox 3292 3145 3494 3215; x_wconf 89' lang='lat' dir='ltr'>potuit,</span> <span class='ocrx_word' id='word_1_375' title='bbox 3519 3143 3821 3215; x_wconf 86' lang='lat' dir='ltr'>archiprior</span> 
     </span>
    </p>
   </div>
   <div class='ocr_carea' id='block_1_48' title="bbox 2228 3233 3820 3305">
    <p class='ocr_par' dir='ltr' id='par_1_48' title="bbox 2228 3233 3820 3305">
     <span class='ocr_line' id='line_1_48' title="bbox 2228 3233 3820 3305; baseline -0.005 -14"><span class='ocrx_word' id='word_1_376' title='bbox 2228 3237 2524 3299; x_wconf 87' lang='lat' dir='ltr'>Balleolus,</span> <span class='ocrx_word' id='word_1_377' title='bbox 2558 3236 2641 3289; x_wconf 88' lang='lat' dir='ltr'>vel</span> <span class='ocrx_word' id='word_1_378' title='bbox 2670 3236 2801 3305; x_wconf 88' lang='lat' dir='ltr'>quia</span> <span class='ocrx_word' id='word_1_379' title='bbox 2833 3235 3002 3305; x_wconf 90' lang='lat' dir='ltr'>hujus</span> <span class='ocrx_word' id='word_1_380' title='bbox 3031 3233 3281 3288; x_wconf 81' lang='lat' dir='ltr'>felicibus</span> <span class='ocrx_word' id='word_1_381' title='bbox 3322 3234 3591 3305; x_wconf 87' lang='lat' dir='ltr'>auspiciis</span> <span class='ocrx_word' id='word_1_382' title='bbox 3620 3233 3820 3287; x_wconf 90' lang='lat' dir='ltr'>invide-</span> 
     </span>
    </p>
   </div>
   <div class='ocr_carea' id='block_1_49' title="bbox 2226 3321 3818 3396">
    <p class='ocr_par' dir='ltr' id='par_1_49' title="bbox 2226 3321 3818 3396">
     <span class='ocr_line' id='line_1_49' title="bbox 2226 3321 3818 3396; baseline -0.004 -16"><span class='ocrx_word' id='word_1_383' title='bbox 2226 3326 2339 3384; x_wconf 79' lang='lat' dir='ltr'>bat,</span> <span class='ocrx_word' id='word_1_384' title='bbox 2361 3327 2442 3378; x_wconf 85' lang='lat' dir='ltr'>vel</span> <span class='ocrx_word' id='word_1_385' title='bbox 2461 3326 2591 3396; x_wconf 88' lang='lat' dir='ltr'>quia</span> <span class='ocrx_word' id='word_1_386' title='bbox 2610 3341 2737 3379; x_wconf 90' lang='lat' dir='ltr'>eum</span> <span class='ocrx_word' id='word_1_387' title='bbox 2765 3324 3104 3377; x_wconf 89' lang='lat' dir='ltr'>monasterio</span> <span class='ocrx_word' id='word_1_388' title='bbox 3125 3323 3496 3394; x_wconf 89' lang='lat' dir='ltr'>perniciosum</span> <span class='ocrx_word' id='word_1_389' title='bbox 3525 3321 3818 3382; x_wconf 88' lang='lat' dir='ltr'>metuebat,</span> 
     </span>
    </p>
   </div>
   <div class='ocr_carea' id='block_1_50' title="bbox 2226 3413 3822 3483">
    <p class='ocr_par' dir='ltr' id='par_1_50' title="bbox 2226 3413 3822 3483">
     <span class='ocr_line' id='line_1_50' title="bbox 2226 3413 3822 3483; baseline -0.005 -14"><span class='ocrx_word' id='word_1_390' title='bbox 2226 3415 2427 3469; x_wconf 88' lang='lat' dir='ltr'>litteris</span> <span class='ocrx_word' id='word_1_391' title='bbox 2456 3414 2814 3468; x_wconf 83' lang='lat' dir='ltr'>Franciscum</span> <span class='ocrx_word' id='word_1_392' title='bbox 2860 3429 3047 3483; x_wconf 86' lang='lat' dir='ltr'>regem</span> <span class='ocrx_word' id='word_1_393' title='bbox 3098 3418 3305 3466; x_wconf 90' lang='lat' dir='ltr'>monet.</span> <span class='ocrx_word' id='word_1_394' title='bbox 3346 3413 3460 3466; x_wconf 89' lang='lat' dir='ltr'>Nec</span> <span class='ocrx_word' id='word_1_395' title='bbox 3503 3413 3604 3466; x_wconf 92' lang='lat' dir='ltr'>diu</span> <span class='ocrx_word' id='word_1_396' title='bbox 3635 3414 3822 3482; x_wconf 84' lang='lat' dir='ltr'>pausat</span> 
     </span>
    </p>
   </div>
   <div class='ocr_carea' id='block_1_51' title="bbox 2233 3496 3819 3572">
    <p class='ocr_par' dir='ltr' id='par_1_51' title="bbox 2233 3496 3819 3572">
     <span class='ocr_line' id='line_1_51' title="bbox 2233 3496 3819 3572; baseline -0.006 -15"><span class='ocrx_word' id='word_1_397' title='bbox 2233 3522 2338 3558; x_wconf 89' lang='lat' dir='ltr'>res.</span> <span class='ocrx_word' id='word_1_398' title='bbox 2389 3504 2689 3565; x_wconf 88' lang='lat' dir='ltr'>Adrianus,</span> <span class='ocrx_word' id='word_1_399' title='bbox 2717 3501 3020 3572; x_wconf 87' lang='lat' dir='ltr'>apostolico</span> <span class='ocrx_word' id='word_1_400' title='bbox 3061 3517 3290 3554; x_wconf 87' lang='lat' dir='ltr'>munere</span> <span class='ocrx_word' id='word_1_401' title='bbox 3345 3517 3380 3554; x_wconf 88' lang='lat' dir='ltr'>a</span> <span class='ocrx_word' id='word_1_402' title='bbox 3428 3499 3722 3554; x_wconf 87' lang='lat' dir='ltr'>Francisco</span> <span class='ocrx_word' id='word_1_403' title='bbox 3769 3496 3819 3549; x_wconf 90' lang='lat' dir='ltr'>in</span> 
     </span>
    </p>
   </div>
   <div class='ocr_carea' id='block_1_52' title="bbox 2230 3584 3820 3661">
    <p class='ocr_par' dir='ltr' id='par_1_52' title="bbox 2230 3584 3820 3661">
     <span class='ocr_line' id='line_1_52' title="bbox 2230 3584 3820 3661; baseline -0.006 -14"><span class='ocrx_word' id='word_1_404' title='bbox 2230 3593 2617 3647; x_wconf 89' lang='lat' dir='ltr'>commendam</span> <span class='ocrx_word' id='word_1_405' title='bbox 2649 3591 2947 3655; x_wconf 88' lang='lat' dir='ltr'>admissus,</span> <span class='ocrx_word' id='word_1_406' title='bbox 2982 3589 3283 3661; x_wconf 68' lang='lat' dir='ltr'>praemissis</span> <span class='ocrx_word' id='word_1_407' title='bbox 3308 3589 3546 3643; x_wconf 88' lang='lat' dir='ltr'>Beccum</span> <span class='ocrx_word' id='word_1_408' title='bbox 3579 3584 3820 3642; x_wconf 87' lang='lat' dir='ltr'>satelliti-</span> 
     </span>
    </p>
   </div>
   <div class='ocr_carea' id='block_1_53' title="bbox 2226 3671 3821 3750">
    <p class='ocr_par' dir='ltr' id='par_1_53' title="bbox 2226 3671 3821 3750">
     <span class='ocr_line' id='line_1_53' title="bbox 2226 3671 3821 3750; baseline -0.008 -15"><span class='ocrx_word' id='word_1_409' title='bbox 2226 3682 2346 3747; x_wconf 80' lang='lat' dir='ltr'>bus,</span> <span class='ocrx_word' id='word_1_410' title='bbox 2378 3682 2580 3735; x_wconf 87' lang='lat' dir='ltr'>bonam</span> <span class='ocrx_word' id='word_1_411' title='bbox 2620 3679 2858 3733; x_wconf 89' lang='lat' dir='ltr'>fratrum</span> <span class='ocrx_word' id='word_1_412' title='bbox 2911 3686 3129 3750; x_wconf 87' lang='lat' dir='ltr'>partem</span> <span class='ocrx_word' id='word_1_413' title='bbox 3181 3679 3239 3732; x_wconf 91' lang='lat' dir='ltr'>in</span> <span class='ocrx_word' id='word_1_414' title='bbox 3278 3678 3563 3749; x_wconf 88' lang='lat' dir='ltr'>prioratus</span> <span class='ocrx_word' id='word_1_415' title='bbox 3613 3671 3821 3746; x_wconf 84' lang='lat' dir='ltr'>expellit</span> 
     </span>
    </p>
   </div>
   <div class='ocr_carea' id='block_1_54' title="bbox 540 3761 3820 3838">
    <p class='ocr_par' dir='ltr' id='par_1_54' title="bbox 540 3761 3820 3838">
     <span class='ocr_line' id='line_1_54' title="bbox 540 3761 3820 3838; baseline -0.004 -18"><span class='ocrx_word' id='word_1_416' title='bbox 540 3771 730 3821; x_wconf 90' lang='lat' dir='ltr'>autem</span> <span class='ocrx_word' id='word_1_417' title='bbox 760 3770 882 3835; x_wconf 89' lang='lat' dir='ltr'>post</span> <span class='ocrx_word' id='word_1_418' title='bbox 907 3763 1337 3835; x_wconf 74' lang='lat' dir='ltr'>Neapolitanum</span> <span class='ocrx_word' id='word_1_419' title='bbox 1377 3763 1779 3834; x_wconf 86' lang='lat' dir='ltr'>expeditionem</span> <span class='ocrx_word' id='word_1_420' title='bbox 1814 3763 2204 3828; x_wconf 84' lang='lat' dir='ltr'>infirmitateC</span> <span class='ocrx_word' id='word_1_421' title='bbox 2229 3776 2359 3838; x_wconf 81' lang='grc' dir='ltr'>(ηοη</span> <span class='ocrx_word' id='word_1_422' title='bbox 2392 3772 2541 3824; x_wconf 74' lang='lat' dir='ltr'>enim</span> <span class='ocrx_word' id='word_1_423' title='bbox 2582 3771 2818 3823; x_wconf 70' lang='lat' dir='ltr'>deerant</span> <span class='ocrx_word' id='word_1_424' title='bbox 2856 3768 2951 3838; x_wconf 68' lang='lat' dir='ltr'>qui</span> <span class='ocrx_word' id='word_1_425' title='bbox 2998 3767 3219 3821; x_wconf 77' lang='lat' dir='ltr'>Ribaldi</span> <span class='ocrx_word' id='word_1_426' title='bbox 3261 3774 3449 3837; x_wconf 63' lang='lat' dir='ltr'>partes</span> <span class='ocrx_word' id='word_1_427' title='bbox 3486 3761 3820 3832; x_wconf 66' lang='lat' dir='ltr'>tutarentur)</span> 
     </span>
    </p>
   </div>
   <div class='ocr_carea' id='block_1_55' title="bbox 542 3851 2147 3917">
    <p class='ocr_par' dir='ltr' id='par_1_55' title="bbox 542 3851 2147 3917">
     <span class='ocr_line' id='line_1_55' title="bbox 542 3851 2147 3917; baseline -0.003 -8"><span class='ocrx_word' id='word_1_428' title='bbox 542 3852 730 3910; x_wconf 87' lang='lat' dir='ltr'>subita</span> <span class='ocrx_word' id='word_1_429' title='bbox 757 3853 911 3907; x_wconf 90' lang='lat' dir='ltr'>nullo</span> <span class='ocrx_word' id='word_1_430' title='bbox 939 3852 1130 3906; x_wconf 91' lang='lat' dir='ltr'>relicto</span> <span class='ocrx_word' id='word_1_431' title='bbox 1158 3851 1333 3905; x_wconf 89' lang='lat' dir='ltr'>libero</span> <span class='ocrx_word' id='word_1_432' title='bbox 1378 3851 1653 3905; x_wconf 67' lang='lat' dir='ltr'>Ambasiae</span> <span class='ocrx_word' id='word_1_433' title='bbox 1685 3852 1942 3917; x_wconf 91' lang='lat' dir='ltr'>moritur,</span> <span class='ocrx_word' id='word_1_434' title='bbox 1968 3851 2147 3905; x_wconf 86' lang='lat' dir='ltr'>Ludo-</span> 
     </span>
    </p>
   </div>
   <div class='ocr_carea' id='block_1_56' title="bbox 542 3940 2147 4011">
    <p class='ocr_par' dir='ltr' id='par_1_56' title="bbox 542 3940 2147 4011">
     <span class='ocr_line' id='line_1_56' title="bbox 542 3940 2147 4011; baseline -0.002 -14"><span class='ocrx_word' id='word_1_435' title='bbox 542 3943 661 3998; x_wconf 88' lang='lat' dir='ltr'>vico</span> <span class='ocrx_word' id='word_1_436' title='bbox 691 3941 1020 3997; x_wconf 88' lang='lat' dir='ltr'>duodecimo</span> <span class='ocrx_word' id='word_1_437' title='bbox 1033 3940 1260 3995; x_wconf 90' lang='lat' dir='ltr'>Aurelio</span> <span class='ocrx_word' id='word_1_438' title='bbox 1283 3956 1619 4004; x_wconf 74' lang='lat' dir='ltr'>succeSSUre,</span> <span class='ocrx_word' id='word_1_439' title='bbox 1646 3940 1727 3993; x_wconf 44' lang='lat' dir='ltr'>ad&#39;</span> <span class='ocrx_word' id='word_1_440' title='bbox 1748 3940 2147 4011; x_wconf 80' lang='lat' dir='ltr'>Dionysianam</span> 
     </span>
    </p>
   </div>
   <div class='ocr_carea' id='block_1_57' title="bbox 546 4028 2149 4104">
    <p class='ocr_par' dir='ltr' id='par_1_57' title="bbox 546 4028 2149 4104">
     <span class='ocr_line' id='line_1_57' title="bbox 546 4028 2149 4104; baseline -0.004 -17"><span class='ocrx_word' id='word_1_441' title='bbox 546 4032 817 4104; x_wconf 88' lang='lat' dir='ltr'>sepultus.</span> <span class='ocrx_word' id='word_1_442' title='bbox 850 4029 1093 4084; x_wconf 89' lang='lat' dir='ltr'>Joannes</span> <span class='ocrx_word' id='word_1_443' title='bbox 1122 4034 1320 4100; x_wconf 89' lang='lat' dir='ltr'>postea</span> <span class='ocrx_word' id='word_1_444' title='bbox 1363 4028 1747 4083; x_wconf 90' lang='lat' dir='ltr'>Morcenchius</span> <span class='ocrx_word' id='word_1_445' title='bbox 1777 4029 1936 4082; x_wconf 88' lang='lat' dir='ltr'>Becci</span> <span class='ocrx_word' id='word_1_446' title='bbox 1962 4029 2149 4082; x_wconf 86' lang='lat' dir='ltr'>archi-</span> 
     </span>
    </p>
   </div>
   <div class='ocr_carea' id='block_1_58' title="bbox 546 4117 2152 4193">
    <p class='ocr_par' dir='ltr' id='par_1_58' title="bbox 546 4117 2152 4193">
     <span class='ocr_line' id='line_1_58' title="bbox 546 4117 2152 4193; baseline -0.002 -18"><span class='ocrx_word' id='word_1_447' title='bbox 546 4122 857 4193; x_wconf 90' lang='lat' dir='ltr'>prioratum</span> <span class='ocrx_word' id='word_1_448' title='bbox 878 4135 1101 4189; x_wconf 88' lang='lat' dir='ltr'>gerens,</span> <span class='ocrx_word' id='word_1_449' title='bbox 1134 4118 1312 4172; x_wconf 89' lang='lat' dir='ltr'>tibiali</span> <span class='ocrx_word' id='word_1_450' title='bbox 1340 4117 1612 4172; x_wconf 86' lang='lat' dir='ltr'>exsiccato</span> <span class='ocrx_word' id='word_1_451' title='bbox 1641 4119 1890 4183; x_wconf 90' lang='lat' dir='ltr'>vulnere,</span> <span class='ocrx_word' id='word_1_452' title='bbox 1923 4118 1979 4171; x_wconf 90' lang='lat' dir='ltr'>in</span> <span class='ocrx_word' id='word_1_453' title='bbox 2010 4119 2152 4188; x_wconf 89' lang='lat' dir='ltr'>capi-</span> 
     </span>
    </p>
   </div>
   <div class='ocr_carea' id='block_1_59' title="bbox 548 4206 2151 4277">
    <p class='ocr_par' dir='ltr' id='par_1_59' title="bbox 548 4206 2151 4277">
     <span class='ocr_line' id='line_1_59' title="bbox 548 4206 2151 4277; baseline -0.002 -13"><span class='ocrx_word' id='word_1_454' title='bbox 548 4211 667 4264; x_wconf 91' lang='lat' dir='ltr'>tulo</span> <span class='ocrx_word' id='word_1_455' title='bbox 697 4208 975 4262; x_wconf 88' lang='lat' dir='ltr'>conditur.</span> <span class='ocrx_word' id='word_1_456' title='bbox 1007 4206 1111 4261; x_wconf 88' lang='lat' dir='ltr'>Cui</span> <span class='ocrx_word' id='word_1_457' title='bbox 1142 4206 1377 4261; x_wconf 91' lang='lat' dir='ltr'>Jacobus</span> <span class='ocrx_word' id='word_1_458' title='bbox 1399 4206 1595 4272; x_wconf 88' lang='lat' dir='ltr'>Faber,</span> <span class='ocrx_word' id='word_1_459' title='bbox 1628 4207 1783 4277; x_wconf 88' lang='lat' dir='ltr'>prior</span> <span class='ocrx_word' id='word_1_460' title='bbox 1813 4207 1872 4260; x_wconf 87' lang='lat' dir='ltr'>S.</span> <span class='ocrx_word' id='word_1_461' title='bbox 1902 4207 2053 4261; x_wconf 86' lang='lat' dir='ltr'>Petri</span> <span class='ocrx_word' id='word_1_462' title='bbox 2082 4207 2151 4260; x_wconf 89' lang='lat' dir='ltr'>ad</span> 
     </span>
    </p>
   </div>
   <div class='ocr_carea' id='block_1_60' title="bbox 549 4294 2148 4361">
    <p class='ocr_par' dir='ltr' id='par_1_60' title="bbox 549 4294 2148 4361">
     <span class='ocr_line' id='line_1_60' title="bbox 549 4294 2148 4361; baseline -0.003 -10"><span class='ocrx_word' id='word_1_463' title='bbox 549 4297 903 4359; x_wconf 83' lang='lat' dir='ltr'>Pontisaram</span> <span class='ocrx_word' id='word_1_464' title='bbox 940 4296 1177 4348; x_wconf 87' lang='lat' dir='ltr'>fratrum</span> <span class='ocrx_word' id='word_1_465' title='bbox 1224 4294 1512 4360; x_wconf 89' lang='lat' dir='ltr'>electione,</span> <span class='ocrx_word' id='word_1_466' title='bbox 1554 4294 1895 4349; x_wconf 87' lang='lat' dir='ltr'>assentiente</span> <span class='ocrx_word' id='word_1_467' title='bbox 1926 4295 2148 4361; x_wconf 87' lang='lat' dir='ltr'>Carino,</span> 
     </span>
    </p>
   </div>
   <div class='ocr_carea' id='block_1_61' title="bbox 551 4382 2151 4454">
    <p class='ocr_par' dir='ltr' id='par_1_61' title="bbox 551 4382 2151 4454">
     <span class='ocr_line' id='line_1_61' title="bbox 551 4382 2151 4454; baseline -0.001 -15"><span class='ocrx_word' id='word_1_468' title='bbox 551 4384 817 4445; x_wconf 89' lang='lat' dir='ltr'>succedit,</span> <span class='ocrx_word' id='word_1_469' title='bbox 851 4382 1002 4436; x_wconf 86' lang='lat' dir='ltr'>brevi</span> <span class='ocrx_word' id='word_1_470' title='bbox 1056 4389 1331 4454; x_wconf 86' lang='lat' dir='ltr'>quartana</span> <span class='ocrx_word' id='word_1_471' title='bbox 1362 4384 1634 4438; x_wconf 90' lang='lat' dir='ltr'>sublatus.</span> <span class='ocrx_word' id='word_1_472' title='bbox 1665 4384 1727 4437; x_wconf 90' lang='lat' dir='ltr'>In</span> <span class='ocrx_word' id='word_1_473' title='bbox 1768 4385 1927 4454; x_wconf 90' lang='lat' dir='ltr'>cujus</span> <span class='ocrx_word' id='word_1_474' title='bbox 1969 4385 2151 4438; x_wconf 90' lang='lat' dir='ltr'>locum</span> 
     </span>
    </p>
   </div>
   <div class='ocr_carea' id='block_1_62' title="bbox 551 4471 1449 4527">
    <p class='ocr_par' dir='ltr' id='par_1_62' title="bbox 551 4471 1449 4527">
     <span class='ocr_line' id='line_1_62' title="bbox 551 4471 1449 4527; baseline 0 -1"><span class='ocrx_word' id='word_1_475' title='bbox 551 4471 752 4527; x_wconf 88' lang='lat' dir='ltr'>Petrus</span> <span class='ocrx_word' id='word_1_476' title='bbox 784 4472 1039 4525; x_wconf 86' lang='lat' dir='ltr'>Baleolus</span> <span class='ocrx_word' id='word_1_477' title='bbox 1071 4473 1449 4526; x_wconf 86' lang='lat' dir='ltr'>constituitur.</span> 
     </span>
    </p>
   </div>
   <div class='ocr_carea' id='block_1_63' title="bbox 626 4560 2153 4632">
    <p class='ocr_par' dir='ltr' id='par_1_63' title="bbox 626 4560 2153 4632">
     <span class='ocr_line' id='line_1_63' title="bbox 626 4560 2153 4632; baseline -0.001 -16"><span class='ocrx_word' id='word_1_478' title='bbox 626 4562 748 4625; x_wconf 86' lang='lat' dir='ltr'>Qua</span> <span class='ocrx_word' id='word_1_479' title='bbox 776 4567 939 4616; x_wconf 77' lang='lat' dir='ltr'>aetate</span> <span class='ocrx_word' id='word_1_480' title='bbox 970 4562 1275 4615; x_wconf 86' lang='lat' dir='ltr'>succedunt</span> <span class='ocrx_word' id='word_1_481' title='bbox 1306 4563 1533 4632; x_wconf 86' lang='lat' dir='ltr'>hyemes</span> <span class='ocrx_word' id='word_1_482' title='bbox 1564 4562 1686 4616; x_wconf 80' lang='lat' dir='ltr'>duae</span> <span class='ocrx_word' id='word_1_483' title='bbox 1716 4561 1900 4631; x_wconf 87' lang='lat' dir='ltr'>rigore</span> <span class='ocrx_word' id='word_1_484' title='bbox 1928 4560 2153 4614; x_wconf 81' lang='lat' dir='ltr'>insolito</span> 
     </span>
    </p>
   </div>
   <div class='ocr_carea' id='block_1_64' title="bbox 552 4649 2149 4721">
    <p class='ocr_par' dir='ltr' id='par_1_64' title="bbox 552 4649 2149 4721">
     <span class='ocr_line' id='line_1_64' title="bbox 552 4649 2149 4721; baseline -0.001 -16"><span class='ocrx_word' id='word_1_485' title='bbox 552 4649 884 4721; x_wconf 89' lang='lat' dir='ltr'>nivibusque</span> <span class='ocrx_word' id='word_1_486' title='bbox 909 4651 1270 4704; x_wconf 85' lang='lat' dir='ltr'>horridiores.</span> <span class='ocrx_word' id='word_1_487' title='bbox 1305 4652 1539 4705; x_wconf 82' lang='lat' dir='ltr'>ineunte</span> <span class='ocrx_word' id='word_1_488' title='bbox 1570 4656 1763 4720; x_wconf 85' lang='lat' dir='ltr'>postea</span> <span class='ocrx_word' id='word_1_489' title='bbox 1793 4668 1937 4717; x_wconf 82' lang='lat' dir='ltr'>vere,</span> <span class='ocrx_word' id='word_1_490' title='bbox 1956 4667 2149 4704; x_wconf 88' lang='lat' dir='ltr'>amnes</span> 
     </span>
    </p>
   </div>
   <div class='ocr_carea' id='block_1_65' title="bbox 550 4740 2153 4811">
    <p class='ocr_par' dir='ltr' id='par_1_65' title="bbox 550 4740 2153 4811">
     <span class='ocr_line' id='line_1_65' title="bbox 550 4740 2153 4811; baseline 0 -18"><span class='ocrx_word' id='word_1_491' title='bbox 550 4740 609 4795; x_wconf 87' lang='lat' dir='ltr'>in</span> <span class='ocrx_word' id='word_1_492' title='bbox 641 4740 806 4811; x_wconf 86' lang='lat' dir='ltr'>plana</span> <span class='ocrx_word' id='word_1_493' title='bbox 836 4740 1019 4794; x_wconf 75' lang='lat' dir='ltr'>diffusi</span> <span class='ocrx_word' id='word_1_494' title='bbox 1050 4746 1285 4809; x_wconf 85' lang='lat' dir='ltr'>segetes,</span> <span class='ocrx_word' id='word_1_495' title='bbox 1334 4756 1535 4809; x_wconf 86' lang='lat' dir='ltr'>pecora</span> <span class='ocrx_word' id='word_1_496' title='bbox 1564 4740 1871 4810; x_wconf 89' lang='lat' dir='ltr'>domosque</span> <span class='ocrx_word' id='word_1_497' title='bbox 1917 4740 2153 4794; x_wconf 89' lang='lat' dir='ltr'>subinde</span> 
     </span>
    </p>
   </div>
   <div class='ocr_carea' id='block_1_66' title="bbox 554 4828 2151 4899">
    <p class='ocr_par' dir='ltr' id='par_1_66' title="bbox 554 4828 2151 4899">
     <span class='ocr_line' id='line_1_66' title="bbox 554 4828 2151 4899; baseline -0.001 -14"><span class='ocrx_word' id='word_1_498' title='bbox 554 4830 864 4895; x_wconf 81' lang='lat' dir='ltr'>suffocant;</span> <span class='ocrx_word' id='word_1_499' title='bbox 900 4846 1069 4899; x_wconf 89' lang='lat' dir='ltr'>quam</span> <span class='ocrx_word' id='word_1_500' title='bbox 1099 4828 1371 4897; x_wconf 86' lang='lat' dir='ltr'>temporis</span> <span class='ocrx_word' id='word_1_501' title='bbox 1392 4828 1657 4897; x_wconf 88' lang='lat' dir='ltr'>injuriam</span> <span class='ocrx_word' id='word_1_502' title='bbox 1687 4829 2048 4899; x_wconf 88' lang='lat' dir='ltr'>subsequitur</span> <span class='ocrx_word' id='word_1_503' title='bbox 2064 4846 2151 4899; x_wconf 85' lang='lat' dir='ltr'>pe-</span> 
     </span>
    </p>
   </div>
   <div class='ocr_carea' id='block_1_67' title="bbox 552 4917 2153 4989">
    <p class='ocr_par' dir='ltr' id='par_1_67' title="bbox 552 4917 2153 4989">
     <span class='ocr_line' id='line_1_67' title="bbox 552 4917 2153 4989; baseline -0.002 -15"><span class='ocrx_word' id='word_1_504' title='bbox 552 4920 654 4974; x_wconf 91' lang='lat' dir='ltr'>stis</span> <span class='ocrx_word' id='word_1_505' title='bbox 681 4919 1018 4989; x_wconf 89' lang='lat' dir='ltr'>inguinaria,</span> <span class='ocrx_word' id='word_1_506' title='bbox 1055 4934 1254 4986; x_wconf 85' lang='lat' dir='ltr'>agrum</span> <span class='ocrx_word' id='word_1_507' title='bbox 1308 4917 1638 4971; x_wconf 87' lang='lat' dir='ltr'>Bcccensem</span> <span class='ocrx_word' id='word_1_508' title='bbox 1691 4919 1859 4984; x_wconf 83' lang='lat' dir='ltr'>(salvo</span> <span class='ocrx_word' id='word_1_509' title='bbox 1890 4919 2153 4988; x_wconf 86' lang='lat' dir='ltr'>Virginea</span> 
     </span>
    </p>
   </div>
   <div class='ocr_carea' id='block_1_68' title="bbox 557 5005 2157 5077">
    <p class='ocr_par' dir='ltr' id='par_1_68' title="bbox 557 5005 2157 5077">
     <span class='ocr_line' id='line_1_68' title="bbox 557 5005 2157 5077; baseline -0.001 -14"><span class='ocrx_word' id='word_1_510' title='bbox 557 5007 967 5063; x_wconf 84' lang='lat' dir='ltr'>interventione</span> <span class='ocrx_word' id='word_1_511' title='bbox 984 5005 1274 5069; x_wconf 86' lang='lat' dir='ltr'>coenobio),</span> <span class='ocrx_word' id='word_1_512' title='bbox 1303 5006 1504 5059; x_wconf 86' lang='lat' dir='ltr'>misere</span> <span class='ocrx_word' id='word_1_513' title='bbox 1520 5006 1884 5077; x_wconf 83' lang='lat' dir='ltr'>depopulans.</span> <span class='ocrx_word' id='word_1_514' title='bbox 1898 5010 2157 5061; x_wconf 86' lang='lat' dir='ltr'>Annosus</span> 
     </span>
    </p>
   </div>
   <div class='ocr_carea' id='block_1_69' title="bbox 2229 3856 3817 3923">
    <p class='ocr_par' dir='ltr' id='par_1_69' title="bbox 2229 3856 3817 3923">
     <span class='ocr_line' id='line_1_69' title="bbox 2229 3856 3817 3923; baseline -0.008 -9"><span class='ocrx_word' id='word_1_515' title='bbox 2229 3860 2367 3914; x_wconf 88' lang='lat' dir='ltr'>alios</span> <span class='ocrx_word' id='word_1_516' title='bbox 2396 3860 2547 3912; x_wconf 89' lang='lat' dir='ltr'>intus</span> <span class='ocrx_word' id='word_1_517' title='bbox 2587 3858 2819 3912; x_wconf 86' lang='lat' dir='ltr'>vinculis</span> <span class='ocrx_word' id='word_1_518' title='bbox 2866 3857 3132 3923; x_wconf 75' lang='lat' dir='ltr'>fatigans.</span> <span class='ocrx_word' id='word_1_519' title='bbox 3169 3858 3391 3910; x_wconf 89' lang='lat' dir='ltr'>Interea</span> <span class='ocrx_word' id='word_1_520' title='bbox 3421 3856 3817 3921; x_wconf 80' lang='lat' dir='ltr'>Rothomagum</span> 
     </span>
    </p>
   </div>
   <div class='ocr_carea' id='block_1_70' title="bbox 2232 3937 3816 4017">
    <p class='ocr_par' dir='ltr' id='par_1_70' title="bbox 2232 3937 3816 4017">
     <span class='ocr_line' id='line_1_70' title="bbox 2232 3937 3816 4017; baseline -0.006 -15"><span class='ocrx_word' id='word_1_521' title='bbox 2232 3949 2417 4003; x_wconf 87' lang='lat' dir='ltr'>natale</span> <span class='ocrx_word' id='word_1_522' title='bbox 2443 3948 2623 4001; x_wconf 88' lang='lat' dir='ltr'>solum</span> <span class='ocrx_word' id='word_1_523' title='bbox 2656 3952 2913 4017; x_wconf 90' lang='lat' dir='ltr'>repetens</span> <span class='ocrx_word' id='word_1_524' title='bbox 2962 3946 3230 3999; x_wconf 88' lang='lat' dir='ltr'>Ribaldus</span> <span class='ocrx_word' id='word_1_525' title='bbox 3275 3961 3401 3998; x_wconf 89' lang='lat' dir='ltr'>cum</span> <span class='ocrx_word' id='word_1_526' title='bbox 3446 3959 3652 4014; x_wconf 88' lang='lat' dir='ltr'>magna</span> <span class='ocrx_word' id='word_1_527' title='bbox 3689 3937 3816 3998; x_wconf 85' lang='lat' dir='ltr'>auri,</span> 
     </span>
    </p>
   </div>
   <div class='ocr_carea' id='block_1_71' title="bbox 2232 4030 3818 4108">
    <p class='ocr_par' dir='ltr' id='par_1_71' title="bbox 2232 4030 3818 4108">
     <span class='ocr_line' id='line_1_71' title="bbox 2232 4030 3818 4108; baseline -0.008 -16"><span class='ocrx_word' id='word_1_528' title='bbox 2232 4038 2470 4108; x_wconf 87' lang='lat' dir='ltr'>argenti,</span> <span class='ocrx_word' id='word_1_529' title='bbox 2493 4042 2768 4107; x_wconf 85' lang='lat' dir='ltr'>tapetum,</span> <span class='ocrx_word' id='word_1_530' title='bbox 2792 4052 3161 4106; x_wconf 85' lang='lat' dir='ltr'>vasorumque</span> <span class='ocrx_word' id='word_1_531' title='bbox 3180 4035 3501 4090; x_wconf 61' lang='lat' dir='ltr'>caglatorum</span> <span class='ocrx_word' id='word_1_532' title='bbox 3534 4030 3818 4103; x_wconf 84' lang='lat' dir='ltr'>suppellec-</span> 
     </span>
    </p>
   </div>
   <div class='ocr_carea' id='block_1_72' title="bbox 2233 4114 3819 4192">
    <p class='ocr_par' dir='ltr' id='par_1_72' title="bbox 2233 4114 3819 4192">
     <span class='ocr_line' id='line_1_72' title="bbox 2233 4114 3819 4192; baseline -0.008 -12"><span class='ocrx_word' id='word_1_533' title='bbox 2233 4128 2349 4192; x_wconf 92' lang='lat' dir='ltr'>tile,</span> <span class='ocrx_word' id='word_1_534' title='bbox 2386 4131 2553 4180; x_wconf 88' lang='lat' dir='ltr'>noctu</span> <span class='ocrx_word' id='word_1_535' title='bbox 2604 4124 2825 4178; x_wconf 86' lang='lat' dir='ltr'>sublata</span> <span class='ocrx_word' id='word_1_536' title='bbox 2874 4128 2997 4189; x_wconf 88' lang='lat' dir='ltr'>(nec</span> <span class='ocrx_word' id='word_1_537' title='bbox 3043 4140 3076 4176; x_wconf 88' lang='lat' dir='ltr'>a</span> <span class='ocrx_word' id='word_1_538' title='bbox 3121 4122 3341 4176; x_wconf 91' lang='lat' dir='ltr'>vasibus</span> <span class='ocrx_word' id='word_1_539' title='bbox 3388 4122 3615 4192; x_wconf 86' lang='lat' dir='ltr'>quidem</span> <span class='ocrx_word' id='word_1_540' title='bbox 3666 4114 3819 4172; x_wconf 88' lang='lat' dir='ltr'>sacris</span> 
     </span>
    </p>
   </div>
   <div class='ocr_carea' id='block_1_73' title="bbox 2233 4210 3806 4281">
    <p class='ocr_par' dir='ltr' id='par_1_73' title="bbox 2233 4210 3806 4281">
     <span class='ocr_line' id='line_1_73' title="bbox 2233 4210 3806 4281; baseline -0.006 -12"><span class='ocrx_word' id='word_1_541' title='bbox 2233 4215 2535 4270; x_wconf 85' lang='lat' dir='ltr'>abstinens)</span> <span class='ocrx_word' id='word_1_542' title='bbox 2570 4212 2820 4266; x_wconf 83' lang='lat' dir='ltr'>discedit.</span> <span class='ocrx_word' id='word_1_543' title='bbox 2853 4214 3035 4281; x_wconf 82' lang='lat' dir='ltr'>Atque</span> <span class='ocrx_word' id='word_1_544' title='bbox 3080 4211 3137 4265; x_wconf 91' lang='lat' dir='ltr'>id</span> <span class='ocrx_word' id='word_1_545' title='bbox 3168 4210 3387 4264; x_wconf 87' lang='lat' dir='ltr'>saniore</span> <span class='ocrx_word' id='word_1_546' title='bbox 3429 4210 3653 4280; x_wconf 87' lang='lat' dir='ltr'>quidem</span> <span class='ocrx_word' id='word_1_547' title='bbox 3698 4219 3806 4260; x_wconf 78' lang='lat' dir='ltr'>con~</span> 
     </span>
    </p>
   </div>
   <div class='ocr_carea' id='block_1_74' title="bbox 2234 4294 3817 4365">
    <p class='ocr_par' dir='ltr' id='par_1_74' title="bbox 2234 4294 3817 4365">
     <span class='ocr_line' id='line_1_74' title="bbox 2234 4294 3817 4365; baseline -0.008 -12"><span class='ocrx_word' id='word_1_548' title='bbox 2234 4300 2357 4353; x_wconf 90' lang='lat' dir='ltr'>silio</span> <span class='ocrx_word' id='word_1_549' title='bbox 2390 4301 2619 4363; x_wconf 88' lang='lat' dir='ltr'>factum,</span> <span class='ocrx_word' id='word_1_550' title='bbox 2663 4296 2880 4365; x_wconf 87' lang='lat' dir='ltr'>regium</span> <span class='ocrx_word' id='word_1_551' title='bbox 2916 4295 3165 4349; x_wconf 84' lang='lat' dir='ltr'>furorem</span> <span class='ocrx_word' id='word_1_552' title='bbox 3198 4295 3245 4347; x_wconf 79' lang='lat' dir='ltr'>si</span> <span class='ocrx_word' id='word_1_553' title='bbox 3292 4310 3416 4347; x_wconf 92' lang='lat' dir='ltr'>cum</span> <span class='ocrx_word' id='word_1_554' title='bbox 3445 4294 3546 4347; x_wconf 87' lang='lat' dir='ltr'>tali</span> <span class='ocrx_word' id='word_1_555' title='bbox 3569 4294 3680 4346; x_wconf 89' lang='lat' dir='ltr'>viro</span> <span class='ocrx_word' id='word_1_556' title='bbox 3709 4303 3817 4343; x_wconf 57' lang='lat' dir='ltr'>cono</span> 
     </span>
    </p>
   </div>
   <div class='ocr_carea' id='block_1_75' title="bbox 2234 4379 3815 4454">
    <p class='ocr_par' dir='ltr' id='par_1_75' title="bbox 2234 4379 3815 4454">
     <span class='ocr_line' id='line_1_75' title="bbox 2234 4379 3815 4454; baseline -0.01 -11"><span class='ocrx_word' id='word_1_557' title='bbox 2234 4389 2491 4443; x_wconf 86' lang='lat' dir='ltr'>tenderet</span> <span class='ocrx_word' id='word_1_558' title='bbox 2519 4385 2625 4440; x_wconf 91' lang='lat' dir='ltr'>sibi</span> <span class='ocrx_word' id='word_1_559' title='bbox 2654 4385 2897 4438; x_wconf 85' lang='lat' dir='ltr'>conflare</span> <span class='ocrx_word' id='word_1_560' title='bbox 2945 4384 3181 4450; x_wconf 88' lang='lat' dir='ltr'>veritus;</span> <span class='ocrx_word' id='word_1_561' title='bbox 3235 4400 3294 4437; x_wconf 88' lang='lat' dir='ltr'>se</span> <span class='ocrx_word' id='word_1_562' title='bbox 3339 4390 3610 4454; x_wconf 78' lang='lat' dir='ltr'>praeterea</span> <span class='ocrx_word' id='word_1_563' title='bbox 3659 4379 3815 4433; x_wconf 78' lang='lat' dir='ltr'>sciens</span> 
     </span>
    </p>
   </div>
   <div class='ocr_carea' id='block_1_76' title="bbox 2235 4466 3816 4542">
    <p class='ocr_par' dir='ltr' id='par_1_76' title="bbox 2235 4466 3816 4542">
     <span class='ocr_line' id='line_1_76' title="bbox 2235 4466 3816 4542; baseline -0.011 -10"><span class='ocrx_word' id='word_1_564' title='bbox 2235 4478 2350 4532; x_wconf 87' lang='lat' dir='ltr'>suis</span> <span class='ocrx_word' id='word_1_565' title='bbox 2375 4493 2500 4530; x_wconf 90' lang='lat' dir='ltr'>cum</span> <span class='ocrx_word' id='word_1_566' title='bbox 2536 4472 2825 4528; x_wconf 69' lang='lat' dir='ltr'>coanobitis</span> <span class='ocrx_word' id='word_1_567' title='bbox 2870 4472 3145 4537; x_wconf 88' lang='lat' dir='ltr'>odiosum,</span> <span class='ocrx_word' id='word_1_568' title='bbox 3189 4477 3252 4526; x_wconf 91' lang='lat' dir='ltr'>ut</span> <span class='ocrx_word' id='word_1_569' title='bbox 3296 4479 3424 4541; x_wconf 84' lang='lat' dir='ltr'>pote</span> <span class='ocrx_word' id='word_1_570' title='bbox 3454 4472 3552 4542; x_wconf 92' lang='lat' dir='ltr'>qui</span> <span class='ocrx_word' id='word_1_571' title='bbox 3590 4466 3816 4525; x_wconf 84' lang='lat' dir='ltr'>moribus</span> 
     </span>
    </p>
   </div>
   <div class='ocr_carea' id='block_1_77' title="bbox 2231 4551 3816 4638">
    <p class='ocr_par' dir='ltr' id='par_1_77' title="bbox 2231 4551 3816 4638">
     <span class='ocr_line' id='line_1_77' title="bbox 2231 4551 3816 4638; baseline -0.011 -18"><span class='ocrx_word' id='word_1_572' title='bbox 2231 4566 2442 4638; x_wconf 88' lang='lat' dir='ltr'>junior.</span> <span class='ocrx_word' id='word_1_573' title='bbox 2475 4563 2618 4617; x_wconf 87' lang='lat' dir='ltr'>tanti</span> <span class='ocrx_word' id='word_1_574' title='bbox 2641 4561 2929 4616; x_wconf 87' lang='lat' dir='ltr'>conﬂictus</span> <span class='ocrx_word' id='word_1_575' title='bbox 2951 4578 3176 4615; x_wconf 85' lang='lat' dir='ltr'>causam</span> <span class='ocrx_word' id='word_1_576' title='bbox 3197 4561 3547 4631; x_wconf 69' lang='lat' dir='ltr'>praebuisset.</span> <span class='ocrx_word' id='word_1_577' title='bbox 3569 4559 3699 4615; x_wconf 87' lang='lat' dir='ltr'>Inde</span> <span class='ocrx_word' id='word_1_578' title='bbox 3713 4551 3816 4606; x_wconf 87' lang='lat' dir='ltr'>Val-</span> 
     </span>
    </p>
   </div>
   <div class='ocr_carea' id='block_1_78' title="bbox 2232 4642 3817 4720">
    <p class='ocr_par' dir='ltr' id='par_1_78' title="bbox 2232 4642 3817 4720">
     <span class='ocr_line' id='line_1_78' title="bbox 2232 4642 3817 4720; baseline -0.006 -11"><span class='ocrx_word' id='word_1_579' title='bbox 2232 4654 2482 4710; x_wconf 89' lang='lat' dir='ltr'>limontis</span> <span class='ocrx_word' id='word_1_580' title='bbox 2512 4651 2748 4705; x_wconf 67' lang='lat' dir='ltr'>caenobii</span> <span class='ocrx_word' id='word_1_581' title='bbox 2786 4651 2842 4703; x_wconf 92' lang='lat' dir='ltr'>in</span> <span class='ocrx_word' id='word_1_582' title='bbox 2893 4652 3159 4704; x_wconf 87' lang='lat' dir='ltr'>Caietano</span> <span class='ocrx_word' id='word_1_583' title='bbox 3207 4650 3459 4720; x_wconf 83' lang='lat' dir='ltr'>regimen</span> <span class='ocrx_word' id='word_1_584' title='bbox 3500 4651 3725 4719; x_wconf 82' lang='lat' dir='ltr'>adeptus</span> <span class='ocrx_word' id='word_1_585' title='bbox 3752 4642 3817 4693; x_wconf 85' lang='grc' dir='ltr'>ΙΟ·</span> 
     </span>
    </p>
   </div>
   <div class='ocr_carea' id='block_1_79' title="bbox 2235 4730 3813 4813">
    <p class='ocr_par' dir='ltr' id='par_1_79' title="bbox 2235 4730 3813 4813">
     <span class='ocr_line' id='line_1_79' title="bbox 2235 4730 3813 4813; baseline -0.008 -14"><span class='ocrx_word' id='word_1_586' title='bbox 2235 4761 2362 4799; x_wconf 91' lang='lat' dir='ltr'>cum</span> <span class='ocrx_word' id='word_1_587' title='bbox 2391 4743 2576 4813; x_wconf 88' lang='lat' dir='ltr'>ipsum</span> <span class='ocrx_word' id='word_1_588' title='bbox 2627 4738 2992 4793; x_wconf 89' lang='lat' dir='ltr'>Beccensibus</span> <span class='ocrx_word' id='word_1_589' title='bbox 3037 4739 3245 4809; x_wconf 90' lang='lat' dir='ltr'>spoliis,</span> <span class='ocrx_word' id='word_1_590' title='bbox 3286 4747 3557 4793; x_wconf 80' lang='lat' dir='ltr'>renovato</span> <span class='ocrx_word' id='word_1_591' title='bbox 3586 4730 3813 4791; x_wconf 65' lang='lat' dir='ltr'>aediﬁcio.</span> 
     </span>
    </p>
   </div>
   <div class='ocr_carea' id='block_1_80' title="bbox 2240 4813 3814 4899">
    <p class='ocr_par' dir='ltr' id='par_1_80' title="bbox 2240 4813 3814 4899">
     <span class='ocr_line' id='line_1_80' title="bbox 2240 4813 3814 4899; baseline -0.01 -12"><span class='ocrx_word' id='word_1_592' title='bbox 2240 4833 2425 4888; x_wconf 83' lang='lat' dir='ltr'>reddit</span> <span class='ocrx_word' id='word_1_593' title='bbox 2444 4832 2741 4899; x_wconf 70' lang='lat' dir='ltr'>insignem.</span> <span class='ocrx_word' id='word_1_594' title='bbox 2761 4829 2976 4882; x_wconf 85' lang='lat' dir='ltr'>Novum</span> <span class='ocrx_word' id='word_1_595' title='bbox 3000 4827 3138 4881; x_wconf 89' lang='lat' dir='ltr'>inibi</span> <span class='ocrx_word' id='word_1_596' title='bbox 3161 4833 3489 4897; x_wconf 87' lang='lat' dir='ltr'>arctumque</span> <span class='ocrx_word' id='word_1_597' title='bbox 3514 4829 3638 4891; x_wconf 56' lang='grc' dir='ltr'><strong>αθ</strong></span> <span class='ocrx_word' id='word_1_598' title='bbox 3656 4813 3814 4884; x_wconf 74' lang='lat' dir='ltr'>magis</span> 
     </span>
    </p>
   </div>
   <div class='ocr_carea' id='block_1_81' title="bbox 2240 4911 3814 4988">
    <p class='ocr_par' dir='ltr' id='par_1_81' title="bbox 2240 4911 3814 4988">
     <span class='ocr_line' id='line_1_81' title="bbox 2240 4911 3814 4988; baseline -0.006 -13"><span class='ocrx_word' id='word_1_599' title='bbox 2240 4920 2454 4975; x_wconf 90' lang='lat' dir='ltr'>vivendi</span> <span class='ocrx_word' id='word_1_600' title='bbox 2489 4920 2729 4988; x_wconf 86' lang='lat' dir='ltr'>rigorem</span> <span class='ocrx_word' id='word_1_601' title='bbox 2762 4916 3118 4970; x_wconf 87' lang='lat' dir='ltr'>introducere</span> <span class='ocrx_word' id='word_1_602' title='bbox 3146 4922 3392 4981; x_wconf 89' lang='lat' dir='ltr'>tentans,</span> <span class='ocrx_word' id='word_1_603' title='bbox 3434 4914 3552 4969; x_wconf 90' lang='lat' dir='ltr'>suis</span> <span class='ocrx_word' id='word_1_604' title='bbox 3594 4911 3647 4966; x_wconf 91' lang='lat' dir='ltr'>id</span> <span class='ocrx_word' id='word_1_605' title='bbox 3688 4917 3814 4974; x_wconf 69' lang='lat' dir='ltr'>aegre</span> 
     </span>
    </p>
   </div>
   <div class='ocr_carea' id='block_1_82' title="bbox 2240 4989 3813 5076">
    <p class='ocr_par' dir='ltr' id='par_1_82' title="bbox 2240 4989 3813 5076">
     <span class='ocr_line' id='line_1_82' title="bbox 2240 4989 3813 5076; baseline -0.009 -13"><span class='ocrx_word' id='word_1_606' title='bbox 2240 5009 2561 5071; x_wconf 83' lang='lat' dir='ltr'>ferentibus,</span> <span class='ocrx_word' id='word_1_607' title='bbox 2591 5007 2649 5060; x_wconf 90' lang='lat' dir='ltr'>in</span> <span class='ocrx_word' id='word_1_608' title='bbox 2677 5005 3117 5073; x_wconf 86' lang='lat' dir='ltr'>Rothomagensi</span> <span class='ocrx_word' id='word_1_609' title='bbox 3151 5005 3500 5076; x_wconf 88' lang='lat' dir='ltr'>parlamento</span> <span class='ocrx_word' id='word_1_610' title='bbox 3540 5003 3736 5056; x_wconf 83' lang='lat' dir='ltr'>frustra</span> <span class='ocrx_word' id='word_1_611' title='bbox 3760 4989 3813 5044; x_wconf 82' lang='lat' dir='ltr'>li-</span> 
     </span>
    </p>
   </div>
   <div class='ocr_carea' id='block_1_83' title="bbox 556 5095 2387 5178">
    <p class='ocr_par' dir='ltr' id='par_1_83' title="bbox 556 5095 2387 5178">
     <span class='ocr_line' id='line_1_83' title="bbox 556 5095 2387 5178; baseline -0.001 -25"><span class='ocrx_word' id='word_1_612' title='bbox 556 5099 776 5153; x_wconf 85' lang='lat' dir='ltr'>interea</span> <span class='ocrx_word' id='word_1_613' title='bbox 806 5097 1142 5151; x_wconf 89' lang='lat' dir='ltr'>Guillelmus</span> <span class='ocrx_word' id='word_1_614' title='bbox 1183 5095 1451 5148; x_wconf 86' lang='lat' dir='ltr'>incertam</span> <span class='ocrx_word' id='word_1_615' title='bbox 1497 5112 1685 5149; x_wconf 89' lang='lat' dir='ltr'>rerum</span> <span class='ocrx_word' id='word_1_616' title='bbox 1731 5098 1935 5151; x_wconf 86' lang='lat' dir='ltr'>seriem</span> <span class='ocrx_word' id='word_1_617' title='bbox 1982 5097 2158 5167; x_wconf 88' lang='lat' dir='ltr'>provi-</span> <span class='ocrx_word' id='word_1_618' title='bbox 2185 5122 2226 5178; x_wconf 73' lang='lat' dir='ltr'>D</span> <span class='ocrx_word' id='word_1_619' title='bbox 2248 5099 2387 5167; x_wconf 85' lang='lat' dir='ltr'>tigat</span> 
     </span>
    </p>
   </div>
   <div class='ocr_carea' id='block_1_84' title="bbox 560 5183 2158 5255">
    <p class='ocr_par' dir='ltr' id='par_1_84' title="bbox 560 5183 2158 5255">
     <span class='ocr_line' id='line_1_84' title="bbox 560 5183 2158 5255; baseline -0.001 -14"><span class='ocrx_word' id='word_1_620' title='bbox 560 5187 698 5241; x_wconf 88' lang='lat' dir='ltr'>dens</span> <span class='ocrx_word' id='word_1_621' title='bbox 738 5185 940 5240; x_wconf 89' lang='lat' dir='ltr'>Joanni</span> <span class='ocrx_word' id='word_1_622' title='bbox 985 5183 1220 5238; x_wconf 87' lang='lat' dir='ltr'>Ribaldo</span> <span class='ocrx_word' id='word_1_623' title='bbox 1266 5200 1330 5237; x_wconf 86' lang='lat' dir='ltr'>ex</span> <span class='ocrx_word' id='word_1_624' title='bbox 1378 5201 1567 5237; x_wconf 90' lang='lat' dir='ltr'>sorore</span> <span class='ocrx_word' id='word_1_625' title='bbox 1615 5186 1824 5255; x_wconf 88' lang='lat' dir='ltr'>nepoti,</span> <span class='ocrx_word' id='word_1_626' title='bbox 1853 5188 1947 5255; x_wconf 87' lang='lat' dir='ltr'>jus</span> <span class='ocrx_word' id='word_1_627' title='bbox 1994 5204 2158 5240; x_wconf 85' lang='lat' dir='ltr'>omne</span> 
     </span>
    </p>
   </div>
   <div class='ocr_carea' id='block_1_85' title="bbox 559 5272 2157 5337">
    <p class='ocr_par' dir='ltr' id='par_1_85' title="bbox 559 5272 2157 5337">
     <span class='ocr_line' id='line_1_85' title="bbox 559 5272 2157 5337; baseline -0.001 -6"><span class='ocrx_word' id='word_1_628' title='bbox 559 5277 758 5331; x_wconf 89' lang='lat' dir='ltr'>cedere</span> <span class='ocrx_word' id='word_1_629' title='bbox 801 5279 1003 5328; x_wconf 87' lang='lat' dir='ltr'>tentat.</span> <span class='ocrx_word' id='word_1_630' title='bbox 1033 5273 1242 5327; x_wconf 88' lang='lat' dir='ltr'>Verum</span> <span class='ocrx_word' id='word_1_631' title='bbox 1281 5272 1467 5327; x_wconf 86' lang='lat' dir='ltr'>obstat</span> <span class='ocrx_word' id='word_1_632' title='bbox 1508 5274 1837 5337; x_wconf 89' lang='lat' dir='ltr'>Ludovicus,</span> <span class='ocrx_word' id='word_1_633' title='bbox 1887 5276 2157 5329; x_wconf 87' lang='lat' dir='ltr'>Joannem</span> 
     </span>
    </p>
   </div>
   <div class='ocr_carea' id='block_1_86' title="bbox 557 5362 2159 5432">
    <p class='ocr_par' dir='ltr' id='par_1_86' title="bbox 557 5362 2159 5432">
     <span class='ocr_line' id='line_1_86' title="bbox 557 5362 2159 5432; baseline -0.001 -13"><span class='ocrx_word' id='word_1_634' title='bbox 557 5365 849 5419; x_wconf 81' lang='lat' dir='ltr'>Aurelium</span> <span class='ocrx_word' id='word_1_635' title='bbox 886 5364 1223 5417; x_wconf 88' lang='lat' dir='ltr'>Tolosanum</span> <span class='ocrx_word' id='word_1_636' title='bbox 1257 5362 1708 5432; x_wconf 82' lang='lat' dir='ltr'>archipraesulem</span> <span class='ocrx_word' id='word_1_637' title='bbox 1741 5364 1922 5417; x_wconf 89' lang='lat' dir='ltr'>eidem</span> <span class='ocrx_word' id='word_1_638' title='bbox 1952 5364 2159 5418; x_wconf 86' lang='lat' dir='ltr'>Garino</span> 
     </span>
    </p>
   </div>
   <div class='ocr_carea' id='block_1_87' title="bbox 559 5451 2158 5522">
    <p class='ocr_par' dir='ltr' id='par_1_87' title="bbox 559 5451 2158 5522">
     <span class='ocr_line' id='line_1_87' title="bbox 559 5451 2158 5522; baseline 0 -16"><span class='ocrx_word' id='word_1_639' title='bbox 559 5454 855 5507; x_wconf 84' lang='lat' dir='ltr'>succedere</span> <span class='ocrx_word' id='word_1_640' title='bbox 880 5453 1085 5506; x_wconf 90' lang='lat' dir='ltr'>volens.</span> <span class='ocrx_word' id='word_1_641' title='bbox 1122 5453 1284 5506; x_wconf 83' lang='lat' dir='ltr'>Anna</span> <span class='ocrx_word' id='word_1_642' title='bbox 1325 5451 1396 5505; x_wconf 86' lang='lat' dir='ltr'>ad</span> <span class='ocrx_word' id='word_1_643' title='bbox 1444 5451 1559 5505; x_wconf 66' lang='lat' dir='ltr'>haec</span> <span class='ocrx_word' id='word_1_644' title='bbox 1598 5452 1877 5515; x_wconf 80' lang='lat' dir='ltr'>defuncta,</span> <span class='ocrx_word' id='word_1_645' title='bbox 1930 5470 2097 5522; x_wconf 87' lang='lat' dir='ltr'>quam</span> <span class='ocrx_word' id='word_1_646' title='bbox 2129 5472 2158 5506; x_wconf 86' lang='lat' dir='ltr'>e</span> 
     </span>
    </p>
   </div>
   <div class='ocr_carea' id='block_1_88' title="bbox 560 5539 2159 5612">
    <p class='ocr_par' dir='ltr' id='par_1_88' title="bbox 560 5539 2159 5612">
     <span class='ocr_line' id='line_1_88' title="bbox 560 5539 2159 5612; baseline 0.002 -20"><span class='ocrx_word' id='word_1_647' title='bbox 560 5540 881 5595; x_wconf 82' lang='lat' dir='ltr'>Britannico</span> <span class='ocrx_word' id='word_1_648' title='bbox 928 5559 1135 5612; x_wconf 86' lang='lat' dir='ltr'>genere</span> <span class='ocrx_word' id='word_1_649' title='bbox 1166 5539 1473 5595; x_wconf 87' lang='lat' dir='ltr'>Ludovicus</span> <span class='ocrx_word' id='word_1_650' title='bbox 1504 5542 1666 5595; x_wconf 88' lang='lat' dir='ltr'>thoro</span> <span class='ocrx_word' id='word_1_651' title='bbox 1697 5541 1883 5612; x_wconf 82' lang='lat' dir='ltr'>priore</span> <span class='ocrx_word' id='word_1_652' title='bbox 1923 5542 2159 5595; x_wconf 78' lang='lat' dir='ltr'>duxerat</span> 
     </span>
    </p>
   </div>
   <div class='ocr_carea' id='block_1_89' title="bbox 558 5630 2155 5699">
    <p class='ocr_par' dir='ltr' id='par_1_89' title="bbox 558 5630 2155 5699">
     <span class='ocr_line' id='line_1_89' title="bbox 558 5630 2155 5699; baseline 0.001 -17"><span class='ocrx_word' id='word_1_653' title='bbox 558 5645 806 5693; x_wconf 82' lang='lat' dir='ltr'>uxorem,</span> <span class='ocrx_word' id='word_1_654' title='bbox 863 5631 1092 5683; x_wconf 75' lang='lat' dir='ltr'>Mariam</span> <span class='ocrx_word' id='word_1_655' title='bbox 1149 5630 1371 5683; x_wconf 70' lang='lat' dir='ltr'>llcm‘iri</span> <span class='ocrx_word' id='word_1_656' title='bbox 1413 5630 1720 5699; x_wconf 73' lang='lat' dir='ltr'>Anglorum</span> <span class='ocrx_word' id='word_1_657' title='bbox 1767 5630 1911 5699; x_wconf 65' lang='lat' dir='ltr'>regis</span> <span class='ocrx_word' id='word_1_658' title='bbox 1961 5631 2155 5695; x_wconf 77' lang='lat' dir='ltr'>lilium,</span> 
     </span>
    </p>
   </div>
   <div class='ocr_carea' id='block_1_90' title="bbox 2313 5181 3807 5255">
    <p class='ocr_par' dir='ltr' id='par_1_90' title="bbox 2313 5181 3807 5255">
     <span class='ocr_line' id='line_1_90' title="bbox 2313 5181 3807 5255; baseline -0.009 -15"><span class='ocrx_word' id='word_1_659' title='bbox 2313 5187 2593 5240; x_wconf 80' lang='lat' dir='ltr'>Adrianus</span> <span class='ocrx_word' id='word_1_660' title='bbox 2633 5200 2759 5237; x_wconf 91' lang='lat' dir='ltr'>vero</span> <span class='ocrx_word' id='word_1_661' title='bbox 2804 5188 2932 5255; x_wconf 91' lang='lat' dir='ltr'>post</span> <span class='ocrx_word' id='word_1_662' title='bbox 2977 5182 3262 5236; x_wconf 89' lang='lat' dir='ltr'>biennium</span> <span class='ocrx_word' id='word_1_663' title='bbox 3294 5183 3528 5236; x_wconf 86' lang='lat' dir='ltr'>Beccum</span> <span class='ocrx_word' id='word_1_664' title='bbox 3559 5181 3807 5235; x_wconf 73' lang='lat' dir='ltr'>deserens,</span> 
     </span>
    </p>
   </div>
   <div class='ocr_carea' id='block_1_91' title="bbox 2243 5256 3811 5343">
    <p class='ocr_par' dir='ltr' id='par_1_91' title="bbox 2243 5256 3811 5343">
     <span class='ocr_line' id='line_1_91' title="bbox 2243 5256 3811 5343; baseline -0.012 -14"><span class='ocrx_word' id='word_1_665' title='bbox 2243 5277 2406 5329; x_wconf 82' lang='lat' dir='ltr'>allixa</span> <span class='ocrx_word' id='word_1_666' title='bbox 2450 5276 2692 5328; x_wconf 87' lang='lat' dir='ltr'>claustro</span> <span class='ocrx_word' id='word_1_667' title='bbox 2734 5273 2964 5343; x_wconf 85' lang='lat' dir='ltr'>virginis</span> <span class='ocrx_word' id='word_1_668' title='bbox 3016 5272 3201 5325; x_wconf 73' lang='lat' dir='ltr'>Mariae</span> <span class='ocrx_word' id='word_1_669' title='bbox 3250 5272 3533 5325; x_wconf 81' lang='lat' dir='ltr'>Christum</span> <span class='ocrx_word' id='word_1_670' title='bbox 3582 5256 3811 5322; x_wconf 79' lang='lat' dir='ltr'>laetantis</span> 
     </span>
    </p>
   </div>
   <div class='ocr_carea' id='block_1_92' title="bbox 2243 5348 3811 5431">
    <p class='ocr_par' dir='ltr' id='par_1_92' title="bbox 2243 5348 3811 5431">
     <span class='ocr_line' id='line_1_92' title="bbox 2243 5348 3811 5431; baseline -0.008 -14"><span class='ocrx_word' id='word_1_671' title='bbox 2243 5364 2513 5431; x_wconf 76' lang='lat' dir='ltr'>imagine.</span> <span class='ocrx_word' id='word_1_672' title='bbox 2547 5362 2763 5416; x_wconf 84' lang='lat' dir='ltr'>Fiscani</span> <span class='ocrx_word' id='word_1_673' title='bbox 2787 5362 2959 5416; x_wconf 88' lang='lat' dir='ltr'>sedet.</span> <span class='ocrx_word' id='word_1_674' title='bbox 2998 5359 3252 5415; x_wconf 89' lang='lat' dir='ltr'>Succedit</span> <span class='ocrx_word' id='word_1_675' title='bbox 3284 5360 3440 5413; x_wconf 91' lang='lat' dir='ltr'>Becci</span> <span class='ocrx_word' id='word_1_676' title='bbox 3468 5360 3696 5413; x_wconf 88' lang='lat' dir='ltr'>Joannes</span> <span class='ocrx_word' id='word_1_677' title='bbox 3719 5348 3811 5401; x_wconf 82' lang='lat' dir='ltr'>Du-</span> 
     </span>
    </p>
   </div>
   <div class='ocr_carea' id='block_1_93' title="bbox 2242 5434 3810 5519">
    <p class='ocr_par' dir='ltr' id='par_1_93' title="bbox 2242 5434 3810 5519">
     <span class='ocr_line' id='line_1_93' title="bbox 2242 5434 3810 5519; baseline -0.01 -13"><span class='ocrx_word' id='word_1_678' title='bbox 2242 5454 2446 5515; x_wconf 88' lang='lat' dir='ltr'>nesius,</span> <span class='ocrx_word' id='word_1_679' title='bbox 2502 5451 2846 5505; x_wconf 82' lang='lat' dir='ltr'>Aureliensis</span> <span class='ocrx_word' id='word_1_680' title='bbox 2891 5450 3210 5514; x_wconf 86' lang='lat' dir='ltr'>cardinalis,</span> <span class='ocrx_word' id='word_1_681' title='bbox 3245 5451 3404 5519; x_wconf 88' lang='lat' dir='ltr'>cujus</span> <span class='ocrx_word' id='word_1_682' title='bbox 3443 5464 3608 5519; x_wconf 86' lang='lat' dir='ltr'>supra</span> <span class='ocrx_word' id='word_1_683' title='bbox 3640 5434 3810 5496; x_wconf 85' lang='lat' dir='ltr'>memi-</span> 
     </span>
    </p>
   </div>
   <div class='ocr_carea' id='block_1_94' title="bbox 2242 5525 3807 5609">
    <p class='ocr_par' dir='ltr' id='par_1_94' title="bbox 2242 5525 3807 5609">
     <span class='ocr_line' id='line_1_94' title="bbox 2242 5525 3807 5609; baseline -0.006 -14"><span class='ocrx_word' id='word_1_684' title='bbox 2242 5542 2447 5603; x_wconf 83' lang='lat' dir='ltr'>nimus,</span> <span class='ocrx_word' id='word_1_685' title='bbox 2483 5540 2567 5593; x_wconf 90' lang='lat' dir='ltr'>vir</span> <span class='ocrx_word' id='word_1_686' title='bbox 2588 5546 2931 5605; x_wconf 89' lang='lat' dir='ltr'>mansuetus,</span> <span class='ocrx_word' id='word_1_687' title='bbox 2966 5555 3029 5591; x_wconf 84' lang='lat' dir='ltr'>ac</span> <span class='ocrx_word' id='word_1_688' title='bbox 3058 5544 3257 5609; x_wconf 85' lang='lat' dir='ltr'>suapte</span> <span class='ocrx_word' id='word_1_689' title='bbox 3300 5543 3522 5603; x_wconf 90' lang='lat' dir='ltr'>natura,</span> <span class='ocrx_word' id='word_1_690' title='bbox 3564 5538 3617 5589; x_wconf 90' lang='lat' dir='ltr'>in</span> <span class='ocrx_word' id='word_1_691' title='bbox 3659 5525 3807 5585; x_wconf 74' lang='lat' dir='ltr'>ecCle‘</span> 
     </span>
    </p>
   </div>
   <div class='ocr_carea' id='block_1_95' title="bbox 2243 5610 3803 5698">
    <p class='ocr_par' dir='ltr' id='par_1_95' title="bbox 2243 5610 3803 5698">
     <span class='ocr_line' id='line_1_95' title="bbox 2243 5610 3803 5698; baseline -0.013 -14"><span class='ocrx_word' id='word_1_692' title='bbox 2243 5630 2479 5684; x_wconf 66' lang='lat' dir='ltr'>siasticis</span> <span class='ocrx_word' id='word_1_693' title='bbox 2510 5629 2766 5698; x_wconf 58' lang='lat' dir='ltr'>gerendis</span> <span class='ocrx_word' id='word_1_694' title='bbox 2796 5627 3186 5691; x_wconf 74' lang='lat' dir='ltr'>dcxterrimus,</span> <span class='ocrx_word' id='word_1_695' title='bbox 3220 5626 3486 5681; x_wconf 83' lang='lat' dir='ltr'>abbatum</span> <span class='ocrx_word' id='word_1_696' title='bbox 3513 5623 3693 5680; x_wconf 83' lang='lat' dir='ltr'>ordine</span> <span class='ocrx_word' id='word_1_697' title='bbox 3719 5610 3803 5667; x_wconf 87' lang='lat' dir='ltr'>tri-</span> 
     </span>
    </p>
   </div>
  </div>
