3920 6348
157 297 259 357 693

1127 298 1554 356 CHRONICON
1592 299 1978 355 BECCENSE.
2024 330 2086 340 —
2128 300 2445 355 ADDlTIO.

3320 299 3426 360 694

157 423 399 495 gesimus
420 423 904 496 sextus,templum
927 422 1201 479 Beccense
1223 425 1568 481 ornamentis
1584 426 1801 485 deco-A
1820 424 1992 479 habet
2029 425 2318 480 amictum.
2363 425 2501 480 Tres
2543 427 2821 492 monachi,
2864 443 2928 482 eo
2966 428 3057 482 die
3100 445 3228 484 cum
3259 429 3418 485 laicis

157 529 301 568 rans.
333 513 503 566 Anno
543 513 701 581 cujus
745 516 905 566 sexto
952 512 1064 565 divi
1094 512 1426 584 patriarchae
1459 515 1745 569 Benedicti

159 601 543 674 praescriptum
580 601 921 667 institutum,
955 618 1050 656 sex
1082 602 1277 656 coaevis
1300 602 1620 672 junioribus
1651 620 1745 656 co-

164 692 408 753 mitatus,
441 691 669 762 auspice
697 690 936 746 Christo.
961 691 1245 762 professus
1259 708 1404 746 sum.
1425 692 1583 758 Quod
1610 692 1746 747 mihi

163 777 409 834 Christus
447 778 684 849 virginis
727 777 925 833 matris
964 778 1223 850 precibus
1250 780 1500 834 salutare
1542 786 1742 835 vertat.

160 867 287 922 Post
320 866 606 922 decimum
650 874 914 939 quartum
964 867 1135 938 hujus
1186 868 1483 941 purpurati
1528 868 1746 924 abbatis

160 973 382 1021 annum,
409 972 446 1011 a
475 957 778 1011 CLEMENTE
799 957 897 1012 VII
911 957 981 1011 ad
1015 957 1283 1012 Nicenam
1314 958 1742 1013 conventionem

160 1050 395 1109 vocatus,
425 1044 577 1115 apud
618 1045 790 1100 Italos
822 1046 1023 1116 grandi
1064 1046 1316 1101 omnium
1361 1047 1535 1112 luctu,
1578 1053 1742 1103 aetate

161 1132 331 1187 adhuc
360 1135 623 1201 ﬂorente,
652 1134 910 1199 moritur,
934 1136 1147 1189 Joanne
1164 1136 1444 1190 Venatore
1470 1137 1741 1191 cardinali

158 1222 499 1293 presbytero,
521 1222 881 1279 Lexoviorum
902 1224 1174 1293 antistite,
1189 1224 1477 1296 trigesimo
1502 1226 1741 1298 septimo

158 1307 347 1363 abbate
364 1326 707 1366 successore.

219 1397 319 1452 Hic
364 1400 553 1454 multa
604 1416 791 1455 rerum
830 1401 1174 1473 experientia
1221 1402 1488 1474 prudens,
1542 1403 1742 1457 Carolo

155 1486 390 1558 primum
422 1495 621 1544 octavo
646 1490 868 1557 charus,
895 1490 1171 1545 Ludovico
1201 1491 1403 1546 deinde
1435 1492 1741 1547 successori

155 1577 660 1647 conjunctissimus,
694 1584 890 1651 postea
919 1580 1211 1634 Francisco
1241 1580 1476 1653 principi
1502 1581 1683 1652 primo
1708 1598 1742 1635 a

156 1666 390 1721 consiliis
419 1672 482 1721 et
510 1668 883 1740 eleemosynis
911 1668 1205 1723 familiaris
1234 1675 1402 1724 astat.
1442 1670 1739 1726 Francisco

1828 521 2044 585 septem
2072 513 2141 567 ab
2167 514 2530 585 Hypponensi
2558 515 2817 587 episcopo
2850 517 3006 571 Becci
3035 518 3181 571 tonsi
3213 525 3363 574 sunt.

1899 604 2060 656 Anno
2092 603 2349 673 sequenti
2400 603 2675 658 Henricus
2715 604 2955 676 septimo
2986 607 3268 661 Kalendas
3305 609 3420 662 Au-

1826 691 1977 761 gusti
2022 691 2211 745 Remis
2240 701 2511 746 sacratur.
2555 693 2781 747 Interea
2808 693 3002 749 Galliae
3045 696 3423 752 cardinalibus

1827 779 1898 833 ad
1943 779 2178 833 Paulum
2225 780 2458 834 tertium
2487 781 2722 835 Romam
2757 783 3141 853 pergentibus,
3183 784 3421 840 Iacobus

1824 867 2102 921 Annibald
2113 885 2175 922 us
2193 867 2295 922 sub
2312 869 2669 923 Beccensium
2684 870 3106 941 reparationum
3125 878 3417 943 praetextu,

1826 973 2018 1027 sparso
2048 956 2244 1010 callide
2275 957 2416 1027 regii
2448 974 2753 1014 consensus
2786 976 3030 1027 rumore,
3068 961 3273 1016 bonam
3308 962 3419 1018 Sil—

1824 1062 1904 1099 va;
1936 1046 2224 1099 Beccensis
2270 1051 2456 1117 (quam
2500 1048 2699 1117 vulgus
2741 1049 2978 1103 Parcum
3011 1049 3160 1112 dicit)
3197 1056 3416 1121 partem

1824 1134 1894 1189 ad
1923 1134 2194 1189 librarum
2215 1135 2411 1205 viginti
2441 1137 2688 1206 quinque
2714 1137 2909 1202 millia,
2929 1137 3166 1208 publicis
3195 1140 3424 1211 exponit

1823 1222 2190 1293 emptoribus,
2222 1223 2382 1295 quasi
2402 1241 2532 1278 vero
2560 1226 2733 1279 annui
2763 1227 3011 1295 ejusdem
3043 1228 3277 1282 rationis
3298 1246 3423 1300 pro-

1824 1318 2022 1366 ventus
2062 1312 2158 1367 uni
2198 1313 2408 1383 pastori
2454 1330 2565 1367 non
2613 1314 2933 1382 sufﬁciant;
2963 1322 3183 1371 constat
3225 1323 3420 1372 autem

1823 1399 1919 1469 huj
1929 1399 2147 1454 usmodi
2176 1400 2336 1454 lucus
2349 1400 2772 1471 quadringentis
2793 1402 3203 1474 quinquaginta
3206 1405 3422 1476 jugeri-

1823 1487 1927 1543 bus
1955 1488 2175 1559 lapideo
2203 1505 2364 1543 muro
2386 1506 2513 1543 cum
2541 1489 2663 1561 ipso
2689 1491 2940 1545 coenobio
2969 1492 3202 1551 cinctus.

1894 1579 2149 1647 Augusto
2164 1583 2452 1650 sequente,
2480 1578 2568 1633 vir
2583 1579 2818 1649 celebris
2840 1582 3126 1638 memoria:
3146 1584 3421 1656 Georgius

1823 1665 2201 1721 Ambasianus
2228 1666 2699 1740 Rothomagensis
2742 1668 2998 1733 antistes,
3031 1670 3090 1725 in
3127 1676 3310 1727 castro
3332 1672 3425 1727 Vi-

158 1754 348 1827 quippe
362 1756 841 1812 Northmanniam
858 1758 1383 1821 visitante,Beccum
1405 1759 1740 1831 ingreditur,
1765 1746 1811 1806 B
1825 1754 2034 1826 gniano
2056 1757 2257 1811 Carolo
2274 1756 2555 1811 Borbonio
2586 1774 2924 1817 successore.
2951 1760 3191 1815 moritur
3211 1761 3422 1816 Rotho-

156 1840 242 1896 ubi
259 1843 511 1899 Joannes
526 1844 775 1900 Venator
791 1846 946 1917 regia
956 1846 1321 1901 conventione
1343 1847 1399 1900 in
1418 1847 1741 1901 cathedram
1829 1845 1976 1915 magi
1997 1844 2055 1899 in
2076 1845 2192 1900 inde
2223 1845 2504 1917 Virginea,
2520 1860 2637 1902 xvn
2651 1846 2936 1902 Kalendas
2955 1848 3232 1914 Octobris,
3253 1849 3424 1905 divite

157 1928 481 1986 abbatialem
505 1932 817 1989 afratribus
847 1934 1240 1989 introducitur.
1261 1935 1456 2008 Ibique
1478 1935 1745 2007 Gemgia-
1827 1934 2114 1988 mausoleo
2154 1934 2441 1991 conditus.
2490 1935 2649 1999 Quod
2676 1936 2905 2006 quidam
2938 1954 3063 1991 cum
3084 1938 3183 1992 illa
3209 1939 3427 1993 excelsa

157 2033 279 2073 num
307 2020 523 2076 festum
557 2023 709 2093 regio
730 2022 930 2078 decore
958 2024 1287 2079 Franciscus
1313 2024 1744 2080 celebrat.Unde
1826 2021 2139 2092 pyramide,
2156 2039 2325 2094 quam
2358 2022 2544 2078 vivens
2572 2024 2629 2077 in
2652 2024 2837 2078 medio
2850 2026 3062 2097 templo
3090 2028 3421 2094 construxit,

159 2113 274 2179 post
307 2109 697 2166 hebdomadas
726 2112 973 2184 quinque
1002 2112 1073 2167 ad
1120 2114 1450 2168 Vatevillam
1494 2130 1739 2179 movens,
1826 2110 1975 2164 inter
2003 2111 2199 2165 mundi
2230 2110 2510 2166 mirabilia
2558 2112 2722 2167 facile
2770 2129 3120 2169 numerares.
3156 2115 3424 2171 Kalendis

158 2195 465 2252 Alienorem
503 2200 801 2271 conjugem
831 2202 1017 2256 Caroli
1049 2202 1114 2260 V.
1152 2203 1533 2256 Romanorum
1561 2202 1743 2274 impe-
1826 2215 1956 2253 vero
1986 2200 2241 2268 ejusdem
2280 2200 2536 2256 Octobris
2584 2201 2862 2256 Henricus
2901 2203 3259 2275 Rothomagi,
3296 2220 3424 2260 cum

160 2286 348 2341 ηιοιιίε
374 2303 656 2355 sororem,
680 2290 839 2345 Becci
860 2291 1327 2346 valetudinaria“;
1349 2292 1744 2362 relinquitse-
1825 2286 2159 2349 incredibili,
2197 2291 2318 2341 tum
2343 2294 2593 2360 sumptu,
2626 2294 2746 2343 tum
2782 2288 2978 2360 patriae
3007 2290 3203 2346 laetitia
3225 2291 3426 2364 excipi-

161 2381 349 2446 quente
394 2376 629 2432 biennio
680 2378 771 2433 die
810 2396 922 2450 qua
967 2380 1334 2453 reliquiarum
1384 2381 1742 2436 Beccensium
1826 2379 1937 2442 tur,
1955 2374 2050 2429 ubi
2078 2376 2493 2447 quodammodo
2510 2377 2960 2447 prodigacivium
2985 2378 3295 2435 liberalitas
3312 2397 3425 2436 non

161 2463 375 2519 celebris
402 2466 603 2538 agitur
625 2468 916 2535 memoria,
951 2476 1112 2524 nocte
1127 2471 1245 2540 jam
1276 2471 1569 2543 profunda,
1598 2471 1741 2525 lam-

1833 2480 1957 2518 suas
2008 2464 2324 2530 facultates,
2358 2465 2456 2519 sed
2507 2465 2732 2537 egregia
2765 2465 2852 2520 sui
2904 2466 3172 2539 principis
3224 2470 3428 2525 merita

161 2554 344 2623 padem
365 2556 529 2610 illam
559 2558 877 2628 quindecim
905 2560 1260 2614 marcharum
1283 2561 1499 2631 argenti
1529 2560 1744 2632 specio-
1824 2553 2292 2625 clementiamque
2306 2554 2488 2608 metiri
2510 2554 3031 2626 delectatur.Hujus
3047 2558 3426 2614 memorabilis

163 2658 460 2716 sam,quam
482 2646 758 2701 Garrinus
781 2647 967 2702 ferrea
985 2649 1257 2705 cateuain
1274 2651 1478 2705 sacello
1498 2650 1742 2720 Virginis
1824 2649 2084 2713 sumptus
2123 2660 2187 2697 ac
2216 2643 2422 2697 laetitiae
2452 2660 2566 2697 non
2608 2644 2874 2714 vulgaris,
2926 2646 3157 2716 Pulcbre
3198 2648 3426 2719 elegan-

163 2733 343 2787 matris
398 2736 793 2807 suspenderat,
849 2736 1155 2809 ambasque
1202 2739 1390 2793 lances
1446 2745 1743 2810 argenteas
1824 2736 2022 2802 terque
2053 2731 2313 2785 meminit
2341 2731 2570 2801 quidam
2599 2731 2884 2803 Chappius
2912 2734 3183 2805 superbas
3221 2752 3423 2791 novem

162 2820 315 2877 choro
342 2823 611 2895 pensiles,
627 2831 795 2881 noctu
815 2827 967 2881 fures
988 2827 1186 2882 audaci
1214 2828 1505 2898 sacrilegio
1535 2828 1744 2899 depm.
1825 2824 1883 2873 et
1899 2819 2093 2890 viginti
2109 2819 2328 2874 tabulas
2349 2820 2561 2873 recenti
2584 2821 2868 2874 volumine
2889 2822 3008 2876 viva
3022 2824 3207 2894 efﬁgie
3224 2841 3428 2896 reprae-

162 2911 370 2967 dantur.
414 2913 671 2979 Quorum
700 2921 956 2970 auctores
996 2917 1334 2988 Rothomagi
1362 2924 1495 2972 rotae
1527 2918 1742 2988 suppli-
1826 2913 2271 2968 sentans.ldibus
2289 2913 2361 2967 ad
2379 2913 2496 2966 haec
2508 2913 3039 2978 Januariis,noctem
3056 2915 3159 2969 sub
3178 2916 3423 2970 mediam

164 3000 238 3055 cio
266 3000 496 3073 dignam
540 3004 854 3057 mercedem
887 3004 1181 3076 recipiunt.
1217 3006 1360 3060 Dum
1409 3006 1741 3077 Magdalena
1765 3063 1803 3077 Α
1825 3003 2217 3058 assistentibus
2246 3004 2415 3057 choro
2442 3003 2713 3057 fratribus
2753 3005 2823 3058 ad
2846 3012 3152 3060 nocturnas
3175 3006 3417 3077 vigilias,

163 3063 424 3145 Francisci
489 3091 624 3157 filia,
678 3092 882 3147 Jacobo
940 3063 1232 3149 Scbtorum
1279 3095 1399 3164 regi
1462 3063 1740 3149 connubio
1761 3063 2232 3147 Cacceduntcum
2260 3098 2425 3147 terrae
2442 3092 2685 3147 motibus
2701 3063 3417 3166 crebrafulguradnéentiti

160 3176 419 3249 jungitur,
457 3180 742 3235 Hedinum
786 3182 858 3237 ad
887 3182 1275 3236 Tberoennam
1304 3190 1549 3238 castrum
1589 3184 1737 3238 idem
1822 3187 2115 3237 ventorum
2148 3180 2342 3242 ﬂabra.
2364 3181 2515 3235 inter
2541 3198 2665 3253 qua;
2684 3198 2786 3237 nec
2814 3183 3081 3255 frequens
3101 3184 3289 3239 aerius
3310 3185 3421 3239 fra-

164 3264 476 3324 Franciscus
492 3269 1211 3343 armisrecipit,statimque
1231 3272 1411 3343 pactis
1440 3272 1511 3326 ad
1534 3272 1742 3327 decen-
1820 3287 1943 3341 gor,
1983 3271 2069 3325 vel
2099 3287 2272 3337 aurae,
2311 3270 2624 3325 certissima
2661 3271 2904 3326 discerni
2953 3278 3141 3344 queat.
3177 3274 3312 3328 Erat
3347 3275 3419 3329 ad

163 3353 305 3410 nium
340 3373 471 3413 cum
511 3359 710 3413 Carolo
757 3361 1011 3430 Augusto
1058 3360 1315 3425 induciis,
1358 3378 1459 3432 per
1497 3362 1740 3416 mediam
1823 3359 2106 3414 inferioris
2136 3358 2333 3431 templi
2363 3359 2685 3431 pyramides
2714 3360 2931 3426 ambas,
2967 3362 3182 3417 cocleos
3208 3364 3419 3433 gradus

164 3442 384 3501 Galliam
405 3448 645 3503 Carolus
678 3448 747 3501 ad
773 3449 1049 3503 Flandriae
1078 3449 1391 3515 Gandavos,
1416 3450 1739 3505 Francicam
1776 3496 1785 3509 ,
1823 3448 2139 3519 opperiens,
2166 3448 2441 3503 turricula
2466 3448 2616 3503 binis
2647 3450 2920 3505 columnis
2949 3468 3051 3522 per
3075 3453 3314 3522 angulos
3328 3470 3424 3507 sex

163 3530 546 3591 liberalitatem
593 3544 855 3608 expertus
896 3538 1164 3609 pervenit.
1221 3539 1345 3592 Mox
1388 3540 1736 3606 Franciscus,
1821 3537 2022 3601 levata,
2054 3537 2274 3608 lapideo
2301 3537 2557 3592 tabulatu
2582 3538 2653 3591 ad
2669 3554 2955 3594 summum
2984 3541 3251 3613 cuspidis,
3276 3547 3420 3597 nutu

163 3636 337 3679 mense
358 3626 532 3690 Julio,
563 3627 1032 3681 Northmanniam
1071 3632 1349 3698 repetens,
1403 3628 1642 3683 fontium
1682 3629 1741 3683 in
1823 3625 2009 3695 potius
2041 3625 2228 3679 divino
2251 3642 2419 3697 quam
2451 3626 2712 3681 humanis
2732 3627 2949 3683 artibus
2970 3630 3260 3699 perducta,
3295 3648 3417 3702 quae

164 3710 386 3769 claustro
402 3715 1326 3787 Beccensiﬂuentiumtempestiva
1343 3718 1740 3772 commoditate
1822 3714 1927 3768 hac
1971 3715 2165 3769 eadem
2212 3714 2545 3785 intemperie
2575 3731 2861 3781 corruens,
2895 3734 3160 3788 magnam
3206 3721 3418 3791 templo

165 3798 403 3869 allicitur,
424 3803 569 3858 adeo
599 3810 662 3858 ut
679 3804 795 3859 illic
821 3822 1034 3859 coenam
1054 3822 1180 3859 mox
1194 3805 1297 3859 sibi
1320 3806 1507 3876 parari
1520 3806 1737 3876 jubeat,
1820 3803 2043 3857 ruinam
2084 3820 2185 3857 suo
2206 3820 2340 3857 casu
2369 3804 2580 3857 attulit.
2611 3805 2796 3875 Atque
2814 3807 2906 3876 (ut
2932 3806 3048 3859 fere
3079 3812 3210 3860 sunt
3233 3808 3417 3862 fortu-

166 3891 341 3959 regina
354 3893 620 3948 Alienore
642 3893 700 3948 in
725 3894 1167 3964 aadecapitulari,
1192 3912 1221 3948 e
1240 3894 1485 3964 regione,
1506 3896 1576 3949 ad
1594 3897 1738 3950 Her-
1821 3909 1906 3947 me
1940 3893 2201 3957 ludibria,
2234 3909 2356 3963 quze
2386 3894 2632 3966 periculo
2665 3894 2877 3948 socium
2899 3894 3056 3948 addit
3084 3895 3424 3967 periculum)

166 3975 288 4033 luini
314 3982 634 4053 sepulcrum
654 3984 936 4053 epulante.
961 3983 1150 4054 Regiis
1172 3983 1390 4038 interea
1410 3985 1739 4040 ﬂorentibus

164 4068 335 4134 gestis,
364 4071 611 4125 Joannes
639 4072 1102 4143 septuagenarius
1141 4072 1200 4125 in
1239 4074 1484 4127 Marolea
1515 4073 1739 4143 expedi-

167 4154 390 4214 tionead
435 4160 672 4216 Merlam
717 4159 870 4215 febre
910 4161 1184 4227 moritur;
1226 4161 1417 4215 Jacobi
1438 4161 1738 4215 Annibaldi

1823 3982 2131 4053 Haymonis
2152 3982 2432 4036 Courserii
2458 3983 2748 4037 Beccensis
2779 3984 3056 4047 monachi,
3105 3985 3200 4055 qui
3245 3987 3419 4041 Anni-

1823 4069 2007 4137 baldo,
2058 4087 2092 4124 a
2138 4070 2406 4136 conciliis,
2461 4076 2518 4125 et
2575 4070 2785 4125 vicibus
2837 4072 3051 4137 aderat,
3112 4080 3413 4145 suggestu;

1822 4160 1933 4213 duo
1987 4176 2222 4215 summas
2270 4160 2443 4214 turris
2499 4160 2838 4231 crepitacula
2873 4163 3110 4232 majora,
3144 4164 3264 4218 solo
3294 4170 3410 4231 ει

168 4250 483 4303 successoris
533 4249 824 4321 diligentia
867 4252 1101 4305 Beccum
1161 4251 1397 4305 delatus.
1454 4250 1559 4305 Ubi
1623 4257 1738 4305 tres
1820 4248 2066 4319 dirupta,
2107 4248 2324 4320 publice
2372 4248 2685 4304 frustratim
2734 4256 3014 4307 vmneunt.
3064 4252 3267 4325 Sicque
3299 4272 3418 4309 rem

166 4331 526 4393 hebdomadas
584 4340 924 4411 quotidianis
973 4339 1228 4410 precibus
1280 4357 1345 4394 ac
1389 4340 1590 4411 vigiliis
1632 4341 1735 4395 fre-
1754 4384 1801 4411 η
1822 4338 2119 4408 pretiosam
2147 4338 2754 4410 magnicomparatam,
2780 4341 2954 4395 sacris
2984 4342 3176 4397 usibus
3198 4344 3418 4399 dedica-

171 4432 469 4492 quentatus,
499 4429 558 4483 in
589 4429 835 4500 Virginis
855 4430 1050 4484 matris
1072 4430 1190 4483 inde
1220 4435 1439 4500 pausat.
1475 4431 1586 4484 Cor
1616 4426 1800 4501 ejus”
1821 4432 1957 4490 tam,
1994 4426 2162 4481 veluti
2195 4428 2439 4496 quadam
2469 4428 2729 4483 Antiochi
2770 4430 3025 4493 audacia,
3060 4448 3187 4486 cum
3213 4434 3418 4504 probro

170 4510 314 4569 theca
336 4517 597 4587 plumbea
627 4518 683 4572 in
726 4518 896 4572 choro
938 4519 1006 4572 ad
1045 4535 1202 4572 aram
1240 4520 1511 4589 majorem
1544 4519 1738 4573 condi-
1821 4514 2035 4586 privato
2086 4514 2254 4568 etiam
2299 4516 2494 4586 patriae
2540 4519 2878 4573 contrahens
2925 4520 3186 4588 dedecus,
3239 4524 3419 4593 profa-

170 4602 266 4655 tur.
304 4604 514 4678 Corpus
546 4606 797 4661 Lexoviis
834 4607 892 4661 in
932 4607 1048 4662 aede
1088 4607 1395 4678 apostolica
1424 4607 1738 4661 incredibili
1823 4621 1956 4660 nare
2004 4621 2116 4658 non
2176 4604 2471 4670 erubescit,
2540 4607 2914 4679 modicunque
2966 4610 3096 4665 inde
3142 4618 3417 4683 quaestum

170 4698 390 4763 sumptu,
421 4695 763 4767 coepiscoPis
785 4697 1124 4767 appositum,
1152 4696 1415 4768 quiescit.
1822 4694 2040 4759 sitiens,
2074 4694 2286 4764 pudore
2329 4695 2600 4764 neglecto,
2634 4697 2941 4752 maximum
2970 4705 3092 4753 tum
3124 4699 3250 4765 sibi,
3291 4707 3413 4757 tum

232 4778 397 4852 Hujus
424 4783 599 4839 bonas
639 4785 998 4840 ecclesiastici
1046 4785 1295 4840 muneris
1350 4790 1557 4856 partes,
1610 4801 1738 4838 cum
1820 4782 1939 4836 suis
1969 4786 2229 4853 (quorum
2282 4782 2338 4835 id
2396 4783 2581 4852 gratia
2621 4783 2816 4855 fiebat)
2867 4796 3111 4842 mustam
3170 4789 3417 4844 infamia;

173 4862 405 4927 Beccensi
432 4873 682 4929 coenobio
711 4873 1059 4929 Annibaldus
1078 4875 1226 4929 idem
1249 4874 1739 4929 ClaudiiFrauciaa
1822 4876 2013 4926 notam
2060 4870 2416 4942 contempsit,
2468 4888 2609 4942 opus
2657 4874 2884 4943 quidem
2928 4876 3111 4929 aulico
3142 4879 3414 4933 monacho

174 4954 433 5017 admiralis
479 4963 653 5019 frater
688 4964 841 5034 regio
871 4963 1058 5018 favore
1099 4963 1332 5029 obtinet,
1372 4963 1506 5017 dum
1561 4964 1739 5018 Fran-
1821 4961 2041 5032 dignus.
2080 4960 2601 5031 Claudiusposthaec
2620 4961 3069 5018 Annibaldusvir
3089 4982 3153 5019 ex
3169 4968 3418 5037 equestri

174 5044 331 5103 ciscus
372 5052 594 5107 Henrici
634 5054 977 5107 Francorum
1026 5052 1284 5123 Delphini
1332 5052 1741 5122 primogenitus
1822 5051 2017 5105 ordine
2050 5049 2412 5116 clarissimus,
2446 5066 2511 5104 ac
2562 5050 2809 5106 Francia;
2862 5052 3171 5119 admiralis,
3227 5055 3419 5111 Jacobi

175 5137 661 5196 nasciturJacwus
677 5141 1025 5196 Annibaldus
1042 5142 1152 5195 tria
1167 5141 1524 5195 ecclesiastici
1542 5158 1736 5195 mune-
1824 5139 2116 5194 Becccnsis
2144 5139 2608 5193 commendatarii
2636 5140 2829 5207 frater,
2859 5157 2986 5196 cum
3016 5143 3166 5213 apud
3187 5143 3419 5199 Ferrem

175 5223 243 5279 ris
264 5225 497 5301 insignia
520 5231 591 5285 ab
619 5231 896 5303 episcoPis
927 5230 1291 5302 Hipponensi,
1317 5231 1536 5285 Aniano
1568 5236 1739 5301 atque
1825 5229 2090 5301 Oppidum
2112 5246 2239 5283 cum
2264 5230 2381 5284 suis
2401 5234 2614 5301 ageret,
2632 5230 2863 5301 solaque
2883 5230 2969 5284 sui
2994 5229 3148 5285 fama
3175 5231 3419 5287 ferocem

178 5312 509 5386 Castoriensi,
530 5320 768 5375 Romani
796 5320 1076 5392 pontificis
1099 5320 1393 5390 permissu,
1416 5319 1577 5374 Becci
1608 5336 1739 5373 sus-
1824 5319 1994 5374 Ruthi
2028 5318 2334 5373 exercitum
2365 5319 2638 5384 eluderet,
2671 5319 2874 5373 acriori
2904 5318 3058 5375 febre
3084 5325 3259 5387 actus,
3287 5337 3420 5377 san-

181 5401 314 5473 cipit.
1825 5409 1927 5462 ctis
1960 5408 2189 5462 monitis
2220 5407 2383 5461 unico
2420 5407 2535 5461 ﬁlio
2586 5407 2815 5472 relictis,
2861 5407 3078 5462 decimo
3111 5415 3264 5465 sexto
3313 5411 3421 5466 Ka-

239 5493 428 5558 Quinto
458 5500 648 5555 Nonas
679 5498 809 5554 Maii
853 5499 1113 5553 sacerdos
1160 5498 1409 5561 elfectus,
1452 5497 1742 5569 episcopus
1828 5497 2019 5551 lendas
2057 5496 2369 5564 Februarii,
2414 5495 2563 5550 inter
2606 5512 2767 5549 sacra
2795 5503 3118 5553 constanter
3148 5498 3411 5559 moritur.

182 5586 1164 5660 consecratus.AtquealegatisPauli
1193 5587 1344 5641 tertii
1368 5592 1738 5657 purpuratum
1826 5586 1907 5640 Ad
1949 5585 2331 5640 -innzibaldem
2383 5585 2579 5649 cedem,
2625 5600 2747 5656 quae
2779 5586 3068 5658 Appevilla
3100 5587 3413 5655 dicebatur,
