3920 6410
447 263 553 323 695

1360 268 1458 324 ΑΙ)
1499 268 1739 326 OPERA
1774 270 1839 339 B,
1882 271 2299 329 LANFRANCI
2336 266 2727 326 APPENDIX.

3611 260 3760 321 696

448 391 667 463 ingenti
697 396 929 463 sumptu
955 392 1112 463 regio
1134 391 1333 448 funere
1360 395 1634 465 sepultus.
1676 398 1889 469 Regem
1913 415 2043 454 vero
2062 401 2112 461 Α
2134 397 2341 453 foribus
2353 393 2549 466 templi
2568 390 2811 447 turrium
2833 391 3070 447 alteram
3086 389 3305 462 ingenti
3319 389 3543 461 fragore
3561 393 3771 445 ruen’

454 480 795 535 Beccensem
820 498 997 536 novus
1022 482 1168 536 aries
1194 498 1336 536 novo
1360 483 1549 553 pulsat
1570 485 2049 565 ictu.Agrumque
2130 493 2266 551 tem,
2299 487 2504 540 bonam
2541 482 2677 535 facit
2705 481 2870 535 molis
2918 486 3137 551 partem
3183 481 3514 534 destruere:
3575 480 3772 549 cujus

452 571 789 626 Planeseum
844 572 1029 643 (cujus
1066 572 1214 627 feodi
1258 572 1442 628 nobile
1472 580 1640 646 caput
1667 592 1795 631 cum
1834 577 2049 648 ingenti
2133 575 2472 631 antistitium
2499 571 2732 643 gerebat
2767 570 3031 643 praefatus
3081 568 3319 624 Jacobus
3356 567 3768 623 Annibaldus.

455 660 878 732 privilegiorum
909 662 1093 730 gloria
1123 679 1294 733 supra
1337 664 1686 735 Appevillam
1733 665 1905 720 situm
1945 666 2054 735 est)

455 765 551 804 sex
579 748 696 803 fere
726 749 906 804 millia
935 751 1155 805 aBecco
1171 751 1491 819 distantem,
1514 754 1762 807 marchio
1789 755 2054 809 Annibal-

461 838 568 892 dus
607 838 905 892 Hwaldeus
936 837 1132 893 Jacobi
1156 840 1449 895 Beccensis
1491 843 1960 899 commendatarii
1987 862 2052 898 ex

460 926 694 981 Claudio
706 927 877 981 fratre
899 944 1092 998 nepos,
1112 929 1318 983 Jacobo
1331 930 1575 1000 quodam
1606 932 1923 987 Perdrierio
1944 934 2053 999 (cui

461 1015 544 1070 rei
564 1016 870 1070 tractandae
886 1017 1161 1071 creditum
1188 1017 1375 1072 fuerat
1397 1019 1777 1090 negotium)in
1806 1022 2052 1094 capitulo

2205 665 2475 720 Idusvero
2504 660 2791 733 sequentis
2817 659 2968 714 Junii
2997 659 3257 730 septimo,
3281 658 3523 714 Jacobus
3548 658 3776 713 cardi—

2135 755 2278 809 nalis
2306 752 2677 817 Annibaldus,
2722 766 2869 805 anno
2898 750 3161 804 sessionis
3191 749 3485 805 Beccensis
3519 748 3778 803 decimo

2137 845 2354 916 quinto,
2388 839 2727 910 Rothomagi
2772 838 2874 893 sub
2914 844 3061 894 tecto
3109 839 3357 893 Beccano
3386 837 3662 905 moritur,
3700 836 3780 891 in

2134 931 2459 1005 Appevillea
2485 929 2645 984 fratri
2675 928 2908 983 Claudio
2937 928 3248 1000 adpositus.

2210 1021 2313 1076 Cui
2355 1020 2609 1075 succedit
2664 1017 2975 1072 Ludovicus
3022 1016 3400 1087 Lotharingus
3430 1015 3779 1070 cardinalis

461 1104 726 1159 Beccensi
745 1110 1000 1175 rogante,
1017 1106 1292 1176 postulat;
1327 1106 1515 1162 oblata
1543 1108 1603 1163 in
1621 1126 1856 1180 pensum
1878 1111 2058 1166 Guar-
2140 1109 2443 1165 Guisianus
2471 1107 2563 1175 (de
2594 1123 2703 1177 quo
2733 1106 2901 1178 paulo
2932 1109 3100 1158 antea
3126 1102 3518 1175 loquebamur)
3546 1103 3612 1158 in
3656 1118 3779 1158 re-

458 1194 712 1264 gueslala
740 1195 1091 1249 Aloconensi.
1111 1194 1288 1267 quue
1316 1196 1556 1252 fortasse
1578 1205 1762 1254 tentat
1781 1201 2060 1272 speratius
2139 1198 2245 1253 bus
2274 1196 2488 1252 bellicis
2518 1195 2620 1250 sub
2646 1194 3011 1249 invictissimo
3044 1193 3227 1248 sidere
3264 1198 3451 1248 natus.

461 1287 694 1354 propter
720 1288 1053 1353 praesentem
1084 1290 1353 1355 patruum
1384 1286 1651 1353 favorem,
1678 1289 1939 1361 vigetque
1979 1290 2059 1343 di-

465 1371 733 1442 ligentius
761 1373 945 1427 vicina
992 1373 1360 1428 commoditas
1388 1375 1459 1428 ad
1490 1376 1572 1429 rei
1601 1376 1894 1431 familiaris
1923 1394 2058 1432 con-

462 1461 696 1530 geriem.
720 1462 855 1515 Tres
874 1461 1103 1517 interim
1132 1480 1197 1516 ex
1220 1463 1427 1517 nostris
1456 1465 1941 1537 nominantur,qui
1971 1485 2056 1521 so-

465 1549 585 1603 lum
596 1553 718 1603 tum
733 1556 993 1620 rogatum
1008 1556 1130 1604 tum
1142 1551 1390 1606 oblatum
1409 1553 1709 1624 diligenter
1719 1572 1874 1609 exam
1884 1557 2057 1623 inent,

468 1653 707 1708 quorum
736 1640 916 1694 relatu
953 1656 1044 1694 res
1082 1640 1207 1711 ipsa
1259 1643 1556 1696 tractanda
1610 1644 1701 1696 sit.
1746 1645 2065 1699 Exstruitur

2211 1289 2464 1356 Augusto
2491 1290 2687 1355 postea
2717 1299 2908 1337 mense
2947 1282 3082 1336 dum
3112 1281 3168 1335 in
3197 1282 3444 1354 capitulo
3474 1281 3781 1337 Beccensi

2142 1375 2543 1446 archiepiscopi
2568 1371 3040 1442 Rothomagensis
3065 1371 3326 1425 visitandi
3345 1376 3536 1442 partes
3548 1377 3781 1442 ageret

2143 1467 2209 1520 D.
2243 1463 2522 1519 Parrisius
2551 1463 2805 1527 antistes,
2825 1460 3023 1530 exiguo
3048 1466 3183 1514 tunc
3210 1461 3619 1514 monachorum
3638 1477 3771 1515 nu-

2146 1571 2300 1609 mero
2330 1570 2431 1625 pro
2461 1558 2713 1623 tempore
2759 1550 3078 1614 consulens,
3126 1550 3194 1603 de
3233 1550 3419 1620 rigore
3449 1550 3774 1605 claustrali

2147 1642 2354 1713 aliquid
2365 1641 2612 1712 gratiose
2627 1640 2914 1710 laxat,quo
2924 1638 3179 1709 juniores
3195 1639 3265 1692 ad
3286 1639 3408 1709 ipsa
3419 1639 3775 1694 litterarum

468 1727 686 1781 interea
716 1727 864 1816 apud
902 1728 1249 1816 Appevillam
1282 1730 1451 1783 castri
1498 1730 1833 1785 Annibaldei
1865 1735 2058 1798 moles,
2081 1758 2125 1816 B
2148 1732 2467 1785 rudimenta
2481 1732 2870 1801 promoverent
2888 1727 3776 1782 commodius.Permittiturita~

471 1816 630 1885 cujus
659 1816 800 1869 ﬁnes
819 1814 1248 1887 dominiumque
1279 1818 1578 1872 extendere
1608 1818 1759 1872 illius
1788 1821 2064 1890 planeseae

472 1906 673 1958 domus
700 1904 1058 1976 turriumque
1091 1905 1414 1960 advectione
1442 1908 1783 1962 marchionis
1811 1926 1938 1979 spes
1969 1910 2063 1963 ob-

472 1994 753 2048 ﬁrmatur.
788 1994 1001 2048 Forsan
1032 2011 1161 2049 vero
1203 1995 1467 2051 fecissent
1492 1996 1628 2050 satis
1660 1998 1985 2065 Beccenses,
2020 1999 2068 2053 si

474 2099 665 2138 rerum
688 2082 978 2154 aequalitas
1009 2089 1178 2154 atque
1209 2083 1454 2138 conditio
1477 2085 1832 2156 postulasset,
1866 2086 1913 2139 si
1936 2087 2066 2156 jura

475 2173 741 2228 clausulis
763 2172 1221 2244 pertinacissimis
1247 2190 1358 2228 non
1392 2173 1739 2229 obstitissent
1765 2175 1958 2245 (causa
1978 2176 2061 2241 1‘2,

477 2260 745 2335 qu_aest.?,
779 2280 899 2333 cap.
934 2261 1020 2329 37,
1048 2267 1106 2316 et
1126 2262 1195 2318 5'2
1234 2262 1345 2326 56).
1369 2262 1596 2318 Infectis
1628 2263 1819 2334 itaque
1848 2266 2067 2336 nepotis

479 2352 668 2418 rebus,
727 2352 912 2422 patrui
951 2352 1245 2423 purpurati
1294 2351 1516 2406 animus
1548 2353 1605 2406 in
1634 2358 1749 2407 tres
1786 2354 2073 2424 delegatos

485 2441 810 2509 monachos,
841 2441 1194 2496 dissimulato
1215 2442 1525 2513 prudenter
1552 2442 2069 2513 stomacho,fervet,

483 2529 792 2601 ofﬁciisque
821 2531 1088 2602 privatos,
1126 2530 1354 2585 secundi
1383 2529 1584 2601 prioris
1614 2530 1844 2597 scilicet,
1878 2537 2075 2587 canto-

481 2619 559 2673 ris
589 2624 759 2689 atque
789 2619 1034 2674 sacristae
1066 2619 1124 2673 in
1155 2624 1374 2673 exteras
1426 2618 1867 2690 remotioresque
1908 2622 2075 2675 cellas

483 2706 762 2761 exturbat.
792 2708 1044 2772 Quorum
1086 2724 1189 2777 ego
1220 2707 1417 2761 ordine
1459 2709 1738 2762 secundus
1782 2710 2073 2780 abjectior,

484 2796 582 2850 sed
611 2797 725 2851 tale
752 2794 913 2851 nobis
942 2795 1197 2850 exsilium
1227 2812 1327 2867 pro
1358 2794 1610 2849 Ecclesia
1635 2812 1825 2850 suave.
1856 2797 2080 2852 Accidit

485 2890 608 2940 tum
640 2885 700 2939 in
739 2884 942 2955 majori
986 2884 1356 2939 Lexoviorum
1404 2884 1635 2939 ecclesia
1683 2884 1976 2941 ambarum
2020 2887 2079 2941 in

2150 1837 2258 1891 quc
2281 1819 2491 1891 apertis
2529 1817 2688 1871 libris
2714 1817 2769 1870 in
2790 1818 2958 1870 choro
2979 1833 3199 1882 canere,
3230 1817 3376 1888 quod
3390 1822 3523 1872 ante
3538 1834 3777 1888 magna

2149 1908 2418 1979 temporis
2452 1909 2677 1976 jactura
2707 1906 3032 1960 memoriter
3059 1904 3247 1960 ﬁebat.
3287 1907 3443 1961 Inter
3469 1907 3775 1962 violentas

2151 1996 2618 2052 monasteriorum
2635 1996 3098 2065 depraedationes,
3123 2001 3273 2050 esset
3291 1995 3441 2066 quod
3468 1997 3775 2051 miserum

2153 2088 2418 2141 Beccense
2434 2087 2757 2155 loqueretur
2782 2103 2792 2138 :
2818 2085 2966 2138 unde
2985 2083 3277 2138 exturbato
3298 2085 3774 2140 venerandorum

2155 2177 2380 2230 Patrum
2432 2181 2598 2238 coetu,
2631 2174 2767 2227 dum
2818 2190 2917 2244 per
2956 2173 3426 2228 Northmanniam
3453 2180 3778 2244 grassatur

2153 2264 2442 2319 admiralis
2473 2264 2685 2325 Gallus,
2719 2262 3054 2317 obmutescit
3100 2263 3273 2317 divini
3321 2264 3506 2319 cultus
3538 2264 3775 2318 exerci-

2154 2354 2317 2416 tium,
2348 2353 2542 2407 occisis
2572 2353 2720 2406 inter
2758 2352 3122 2407 immaturam
3160 2353 3350 2423 fugam
3389 2353 3609 2408 duobus
3641 2370 3777 2408 mo-

2154 2443 2368 2509 nachis,
2403 2441 2661 2495 Gabriele
2690 2442 2910 2507 Botteo,
2933 2447 2990 2494 et
3019 2440 3223 2496 Jacobo
3251 2442 3461 2513 Nocyo.

2233 2550 2255 2581 ‹
2281 2531 2403 2585 Duo
2425 2528 2693 2601 postremi
2715 2528 2944 2583 abbates
2962 2529 3119 2584 fuere
3141 2531 3426 2585 CLAUDIUS
3442 2530 3776 2586 LOTHARIN-

2158 2634 2263 2675 GUS
2316 2637 2487 2691 eques
2544 2620 2857 2683 Aumalius,
2893 2620 2988 2690 qui
3017 2620 3261 2675 violenta
3301 2626 3483 2674 morte
3512 2620 3660 2675 obiit
3703 2622 3770 2675 S.

2160 2709 2415 2781 Dionysii
2444 2709 2501 2762 in
2528 2708 2778 2775 Francia,
2794 2707 2885 2761 die
2906 2710 3074 2764 tertio
3095 2709 3367 2775 Januarii,
3393 2708 3671 2766 ann.159l
3696 2756 3706 2763 .
3739 2730 3766 2761 ι)

2237 2819 2258 2851 ι
2294 2800 2600 2854 Dommces
2624 2811 2695 2851 DE
2720 2797 2825 2857 VIQ
2853 2797 3303 2869 archiepiscopus
3329 2799 3619 2853 Aucensis.
3659 2820 3683 2848 ιι

1133 3204 1258 3264 se
1306 3197 1719 3259 PRIEFATIO
1764 3198 1869 3257 AD
1916 3198 2163 3258 VITAM
2210 3199 2491 3260 SANCTI
2536 3198 2913 3261 HEllLUINI
2957 3194 3109 3276 (76).

561 3464 920 3520 Consuetudo
948 3464 1057 3519 fuit
1097 3464 1247 3536 apud
1276 3470 1489 3520 veteres
1521 3466 1797 3537 majorum
1848 3482 2081 3521 suorum
2103 3467 2147 3527 Ο
2172 3468 2489 3521 Mementote
2512 3472 2931 3536 prmpositorum
2957 3472 3390 3538 vestrorum,qui
3420 3472 3567 3524 vobis
3593 3473 3777 3525 locuti

492 3553 768 3624 imagines
797 3555 1031 3625 erigere,
1049 3561 1106 3609 et
1118 3555 1589 3625 praeclaraeorum
1613 3555 1759 3609 facta
1791 3555 2078 3609 memoria:

493 3642 786 3698 scribendo
815 3645 1207 3699 commendare
1233 3645 1303 3698 ad
1344 3643 1798 3698 informationem
1830 3651 2084 3715 postero-

493 3750 640 3799 rum,
674 3735 745 3788 ad
774 3734 1089 3804 exemplum
1105 3733 1317 3787 scilicet
1340 3733 1562 3787 virtutis
1584 3738 1642 3787 et
1660 3733 2086 3788 incitamentum

494 3822 805 3895 probitatis.
840 3822 998 3886 Quod
1031 3822 1101 3876 ob
1136 3822 1208 3876 id'
1228 3822 1424 3893 utique
1456 3822 1689 3876 actitare
1718 3823 1991 3877 curabant
2029 3828 2093 3878 ut

495 3913 591 3984 qui
619 3913 789 3968 aliam
819 3912 1160 3982 ignorabant
1204 3912 1395 3977 vitam,
1425 3912 1530 3965 hoc
1578 3912 1742 3966 modo
1781 3912 1885 3966 sibi
1929 3918 1986 3965 et
2023 3912 2091 3967 iis

494 4020 633 4073 quos
653 4002 894 4057 scribere
905 4000 1638 4072 suscipiebant,praesentem
1657 4018 1826 4072 quam
1848 4002 2090 4057 maxime

495 4091 826 4148 memoriam
857 4091 1142 4145 efﬁcerent
1164 4091 1410 4160 longam,
1445 4091 1800 4161 laudemque,
1838 4097 1901 4145 ut
1928 4097 2090 4161 puta-

492 4182 653 4246 bant,
684 4185 1040 4234 mererentur
1069 4195 1390 4249 perennem.
1446 4180 1686 4234 Econtra
1728 4180 2087 4235 ecclesiastici

493 4270 815 4340 scriptores,
836 4268 1123 4338 passiones
1148 4274 1203 4322 et
1227 4269 1367 4323 vitas
1388 4269 1834 4340 sanctorum,qui
1856 4269 2087 4340 planum

496 4358 606 4412 iter
655 4356 891 4427 justitize
941 4357 1303 4427 sequentibus
1355 4358 1641 4413 laboribus
1681 4358 1799 4412 suis
1844 4360 2089 4429 relique-

500 4451 651 4513 runt,
685 4451 742 4500 et
768 4446 947 4501 Deum
991 4446 1047 4499 in
1086 4446 1199 4501 vita
1235 4452 1290 4501 et
1335 4447 1394 4501 in
1433 4452 1615 4502 morte
1668 4463 1770 4501 sua
1811 4448 2091 4517 gloriﬁca—

511 4541 730 4602 verunt,
774 4535 967 4589 eadem
1017 4536 1241 4606 quidem
1270 4536 1380 4601 via,
1423 4537 1520 4590 sed
1541 4552 1652 4590 non
1684 4537 1878 4591 eadem
1915 4537 2094 4591 inten-

504 4626 660 4681 tione
718 4623 964 4680 scribere
1011 4627 1369 4680 studuernnt.
1430 4627 1575 4680 Nam
1630 4626 1865 4697 perinde
1914 4644 2098 4681 succe-

507 4714 768 4770 dentibus
805 4714 1190 4769 decedentium
1214 4716 1444 4769 Patrum
1478 4715 1639 4781 vitas,
1673 4720 1730 4768 et
1756 4732 1940 4770 mores
1971 4717 2099 4770 inti-

2164 3561 2296 3609 sunt
2318 3558 2543 3609 verbum
2568 3558 2685 3623 Dei;
2718 3573 2958 3626 quorum
2986 3561 3261 3613 intuentes
3290 3561 3504 3613 exitum
3535 3575 3777 3614 conver-

2170 3648 2402 3699 sationis
2415 3648 2510 3709 ,im
2520 3649 2653 3700 itam
2664 3649 2751 3700 ini
2760 3649 2937 3719 ﬁdem(
2946 3649 3102 3702 Hebr.
3113 3662 3227 3712 xm,
3237 3646 3288 3713 9,
3298 3649 3374 3716 7).
3385 3648 3467 3703 Ad
3492 3649 3598 3703 hoc
3613 3649 3776 3704 enim

2172 3733 2494 3788 scribuntur
2522 3735 2606 3788 vel
2632 3736 2896 3806 leguntur
2919 3738 3134 3791 strenui
3183 3743 3340 3792 actus
3367 3743 3423 3792 et
3456 3738 3613 3793 mirae
3656 3739 3781 3793 vir-

2174 3829 2324 3878 tutes
2353 3830 2694 3891 sanctorum,
2738 3831 2801 3880 ut
2832 3827 2888 3879 in
2908 3826 2997 3880 his
3025 3827 3289 3881 laudetur
3309 3828 3476 3892 Deus,
3508 3827 3577 3881 de
3604 3829 3775 3898 cujus

2171 3914 2356 3984 gratia
2376 3919 2524 3978 sunt,
2551 3921 2607 3968 et
2636 3915 2880 3968 minores
2910 3916 3146 3985 vestigia
3167 3917 3446 3987 majorum
3468 3916 3777 3988 quaesequi
3830 3938 3843 3941 -

2172 4001 2412 4055 debeant
2457 4002 2806 4073 aspicientes,
2859 4003 2977 4057 sine
3020 4004 3325 4058 offensione
3349 4004 3603 4075 passibus
3632 4004 3775 4059 boni

2171 4092 2356 4161 operis
2385 4098 2614 4145 currant
2646 4092 2786 4145 viam
2835 4093 3031 4147 salutis
3066 4094 3136 4147 ad
3165 4094 3400 4164 gloriam
3435 4099 3491 4148 et
3528 4093 3598 4147 ad
3633 4094 3773 4149 bra-

2170 4180 2320 4233 vium
2348 4196 2603 4250 supernae
2628 4179 2933 4234 vocationis
2951 4181 3071 4235 Dei.
3097 4182 3214 4235 Hoc
3235 4182 3488 4237 fecerunt
3520 4183 3773 4254 antiqui,

2170 4268 2277 4321 hoc
2305 4268 2517 4321 faciunt
2534 4267 2716 4322 adhuc
2738 4268 2901 4323 istius
2930 4271 3279 4341 tempestatis
3312 4271 3494 4331 multi,
3512 4272 3776 4326 nolentes

2172 4358 2459 4429 prmterire
2512 4359 2775 4412 tacendos
2819 4374 2957 4428 quos
3001 4359 3240 4431 alicujus
3283 4360 3553 4415 momenti
3595 4360 3777 4416 fuisse

2178 4452 2466 4517 putarunt.
2501 4447 2655 4500 Inter
2686 4463 2824 4517 quos
2864 4448 3166 4503 Beccenses
3216 4449 3426 4521 primos
3455 4450 3632 4519 ipsius
3664 4450 3777 4505 loci

2179 4540 2505 4600 structores,
2541 4540 2598 4589 et
2626 4541 2922 4601 erectores,
2957 4538 3089 4608 quia
3127 4539 3242 4592 Deo
3275 4538 3411 4603 noti,
3444 4544 3501 4593 et
3535 4539 3779 4594 homini-

2179 4622 2284 4674 bus
2303 4621 2456 4675 cbari
2489 4621 2735 4685 fuerunt,
2762 4627 2826 4675 ut
2844 4621 3011 4677 rebus
3040 4623 3177 4694 ipsis
3209 4624 3431 4691 claruit,
3454 4624 3777 4679 mandando

2181 4710 2401 4773 litteris,
2454 4716 2582 4781 post
2623 4727 2683 4763 se
2728 4711 2975 4765 venturis
3005 4728 3199 4766 eorum
3240 4713 3389 4784 piam
3424 4715 3781 4785 reliquerunt

505 4820 662 4859 mare
692 4804 1020 4859 voluerunt:
1055 4821 1167 4858 non
1197 4804 1265 4857 ad
1288 4804 1626 4873 captandum
1656 4805 1804 4874 vulgi
1829 4806 2093 4870 favorem,
2116 4808 2163 4865 D
2185 4799 2535 4879 memoriam,
2576 4799 2682 4852 hoc
2727 4804 2815 4854 est
2861 4799 3010 4854 beati
3043 4802 3227 4855 Patris
3260 4803 3539 4869 Herluini,
3573 4804 3779 4857 nobilis

507 4895 604 4949 sed
654 4900 720 4949 ut
753 4899 1120 4963 agnoscentes
1166 4892 1462 4961 religiosas
1510 4909 1703 4947 eorum
1736 4895 2103 4948 conversatio-

510 5000 631 5046 nes,
665 4985 735 5038 ad
777 4984 1014 5054 gloriam
1076 4982 1176 5035 Dei
1222 4980 1482 5034 laudibus
1531 4982 1871 5047 attollerent,
1900 4990 1957 5037 et
1998 4984 2103 5037 sibi

508 5074 796 5145 exemplar
823 5071 1172 5144 pr0positum
1201 5069 1342 5124 bene
1371 5070 1607 5137 vivendi,
1652 5071 1866 5125 actibus
1913 5089 2103 5142 prose-

510 5168 836 5236 querentur,
886 5167 950 5216 ut
1000 5165 1267 5215 aeternam
1325 5166 1781 5230 promererentur
1853 5178 2109 5216 remune-

512 5254 808 5309 rationem.
850 5251 1010 5306 Unde
1049 5248 1279 5320 quidam
1310 5249 1533 5320 sapiens
1579 5250 1838 5304 hortatur
1866 5250 2053 5305 dicens
2089 5270 2098 5304 :

513 5345 818 5398 Laudemus
858 5343 1003 5394 viros
1029 5341 1306 5406 religiosos
1327 5343 1376 5392 ct
1402 5344 1660 5408 parentes
1687 5344 1897 5393 nostros
1930 5342 1989 5392 in
2023 5358 2106 5407 ge-

514 5438 804 5488 neratione
843 5446 947 5486 sua
983 5430 1153 5495 (Ereti
1203 5445 1350 5494 XLIV,
1408 5430 1481 5497 1);
1532 5434 1701 5499 atque
1744 5430 2041 5500 Apostolus
2095 5450 2105 5484 :

2186 4905 2408 4960 quoque
2461 4889 2731 4950 Wilelmi,
2784 4894 2953 4960 atque
3021 4891 3420 4961 sapientissimi
3477 4893 3713 4947 Bosonis
3763 4912 3775 4959 ;

2186 4979 2362 5033 sancti
2393 4995 2523 5032 vero
2542 4978 3011 5033 AnselimiVitam
3038 4981 3153 5050 (qui
3187 4982 3463 5036 secundus
3492 4981 3668 5037 abbas
3693 4999 3778 5037 ex-

2187 5069 2334 5122 stitit
2365 5068 2540 5138 ipsius
2583 5066 2711 5135 loci)
2765 5067 2994 5137 quidam
3025 5069 3416 5125 Canturiensis
3456 5072 3652 5140 edidit,
3687 5072 3779 5145 qui

2191 5157 2241 5212 ei
2272 5157 2525 5221 adhaesit,
2551 5161 2608 5209 et
2637 5173 2816 5227 usque
2843 5158 2913 5211 ad
2938 5164 3176 5213 mortem
3209 5163 3267 5214 in
3295 5162 3777 5234 archiepiscopatu

2188 5246 2503 5311 deservivit,
2539 5262 2667 5317 quo,
2726 5246 2841 5300 Deo
2893 5248 3130 5312 volente,
3164 5252 3469 5305 translatus
3524 5251 3679 5319 fuit;
3727 5257 3781 5306 et

2190 5336 2459 5407 quidquid
2492 5336 2560 5389 de
2591 5351 2655 5388 eo
2684 5334 2872 5389 videre
2900 5337 2985 5390 vel
3038 5338 3231 5392 audire
3279 5341 3479 5411 potuit,
3512 5342 3777 5413 scriptum

2194 5426 2441 5497 reliquit.

582 5572 694 5644 (7Gl
733 5575 975 5645 Hujusce
1014 5573 1355 5644 praefationis
1397 5579 1592 5628 auctor
1636 5575 1719 5638 (ut
1754 5576 1907 5644 puto)
1944 5575 2095 5629 Millo
2130 5569 2435 5640 Crispinus.
