3920 6354
101 309 196 368 697

940 313 1118 370 VITA
1159 316 1215 372 S.
1257 312 1607 372 HERLUINI
1644 306 1949 366 ABBATIS
1987 303 2384 360 BECCENSIS
2420 301 2645 359 PRIMI.

150 545 2272 568 —_—_...—__...___——-—--————--—-----———---""-"'-"~

3277 295 3383 354 698

2275 545 2535 558 ‘.-—_-‘

667 672 1074 800 VITA
1173 668 1806 802 SANCTI
1913 659 2804 796 HERLUINI

527 877 742 938 PRIMI
828 879 1209 939 PASTORIS
1293 879 1394 939 ET
1481 875 1985 940 FUNDATORIS
2075 871 2490 934 BECCENSIS
2577 867 2955 931 COENOBII.

844 1011 1095 1070 Auctore
1128 1008 1394 1071 Gz'lberto
1428 1008 1707 1087 Crispino
1737 1007 1948 1069 abbate
1987 1004 2618 1070 Westmonasterz'ensz’.

169 1245 453 1308 Quoniam
488 1246 546 1298 in
577 1263 636 1301 re
667 1246 898 1302 militari
938 1265 1061 1319 quae
1100 1250 1225 1319 quis
1265 1254 1580 1304 memoratu
1613 1249 1700 1302 di-
1718 1248 2092 1314 Aanimosus,
2128 1263 2294 1318 quem
2339 1243 2696 1298 scribendum
2725 1241 3059 1312 accepimus,
3091 1239 3189 1293 ubi
3226 1252 3379 1290 com-

102 1350 206 1402 gna
243 1334 404 1404 legit,
437 1335 642 1406 scripto
675 1337 917 1392 eduntur
955 1339 1026 1392 ad
1064 1339 1412 1408 posteritatis
1449 1340 1704 1394 exhorta-

103 1422 308 1475 tionem
331 1427 388 1476 et
409 1424 671 1478 laudibus
697 1427 1053 1492 attolluntur,
1074 1432 1242 1498 prout
1265 1428 1551 1498 ingenium
1574 1429 1703 1482 scri-

105 1511 272 1580 ptoris
304 1518 362 1565 et
390 1512 652 1567 facundia
679 1521 927 1584 praestat,
968 1516 1191 1570 silentio
1213 1517 1564 1588 supersederi
1590 1534 1702 1571 non

105 1599 282 1665 debet,
305 1601 376 1654 ad
404 1601 611 1656 divinae
631 1602 855 1657 virtutis
873 1605 1110 1674 gloriam
1133 1611 1190 1659 et
1210 1623 1425 1676 magnae
1447 1607 1503 1660 in
1526 1607 1703 1660 Deum

104 1688 225 1741 ﬁdei
259 1689 524 1754 formam,
561 1708 683 1760 quae
716 1692 773 1745 in
807 1694 1071 1747 satellitio
1117 1694 1326 1748 Christi
1364 1701 1557 1748 nostra
1586 1712 1704 1748 mc-

105 1777 276 1830 moria
315 1780 582 1848 praeclare
622 1781 736 1850 egit
795 1781 965 1836 abbas
1028 1784 1359 1838 venerabilis
1399 1785 1704 1839 Herluinus

105 1866 414 1933 Beccensis,
450 1869 610 1938 cujus
641 1870 864 1924 virtutis
897 1872 998 1925 hoc
1028 1872 1095 1925 ad
1139 1874 1436 1942 quemdam
1475 1873 1703 1927 titulum

107 1956 498 2025 perscribatur,
529 1959 658 2028 quia
679 1960 953 2014 mundum
977 1961 1388 2030 jucundissime
1412 1961 1537 2022 sibi,
1558 1968 1614 2015 et
1633 1963 1703 2016 ad

106 2048 284 2096 votum
324 2044 690 2109 arridentem,
727 2063 792 2099 ea
823 2052 988 2100 aetate
1018 2048 1240 2117 penitus
1280 2049 1557 2102 recusavit
1594 2066 1705 2120 qua

108 2132 488 2186 vehementius
541 2134 635 2187 alii
665 2151 724 2188 se
767 2135 1032 2204 ingerunt
1070 2138 1369 2200 recusanti,
1411 2143 1468 2191 et
1505 2138 1562 2191 in
1593 2154 1704 2209 qua

106 2221 278 2291 patria
322 2227 461 2274 tunc
510 2223 846 2278 incolumem
896 2225 1068 2279 armis
1126 2226 1362 2280 militem
1400 2226 1701 2297 abrogatis,

105 2310 434 2365 monachum
459 2312 581 2365 ﬁeri
611 2319 932 2383 portentum
962 2313 1292 2369 habebatur.

167 2400 402 2453 ADanis
426 2402 524 2470 qui
544 2401 1015 2457 Northmanniam
1044 2404 1211 2474 primi
1233 2403 1526 2457 obtinuere
1545 2409 1706 2474 pater

105 2489 214 2558 ejus
238 2488 520 2559 originem
542 2490 733 2557 duxit;
771 2496 953 2545 mater
972 2492 1283 2562 proximam
1309 2493 1513 2547 ducum
1543 2494 1707 2546 Flan-

1787 1343 2008 1410 pertum
2031 1336 2246 1399 habuit,
2274 1334 2420 1388 illico
2445 1333 2780 1402 injuriarum
2810 1329 3035 1396 oblitus,
3065 1327 3263 1398 viginti
3292 1343 3380 1380 se—

1790 1444 1915 1481 cum
1956 1427 2196 1480 delectos
2234 1424 2441 1477 milites
2467 1438 2759 1476 assumens
2781 1419 2963 1490 pergit
2988 1417 3058 1471 ad
3089 1417 3236 1470 diem
3260 1431 3380 1469 cer-

1787 1514 2034 1576 taminis,
2098 1514 2330 1567 minime
2387 1529 2515 1565 cum
2571 1510 2828 1572 Domino,
2884 1523 3076 1562 verum
3131 1520 3383 1559 seorsum

1785 1604 1979 1674 procul
2013 1602 2081 1655 ab
2107 1601 2332 1672 agmine
2373 1600 2467 1652 illo
2493 1618 2504 1666 ;
2541 1598 2748 1651 etenim
2780 1613 2894 1651 suae
2924 1611 3265 1665 suorumque
3293 1611 3383 1647 sa-

1786 1691 1920 1745 lutis
1950 1690 2168 1760 objectu
2199 1688 2330 1743 ﬁdei
2351 1705 2484 1752 suae,
2519 1686 2876 1758 sponsionem
2914 1683 3216 1749 asserebat,
3242 1698 3386 1736 mor-

1787 1780 1859 1833 tis
1903 1779 2151 1851 periculo
2190 1776 2508 1848 appetebat,
2542 1775 2752 1828 nullius
2779 1771 3144 1828 emolumenti
3183 1770 3253 1824 ab
3292 1770 3384 1823 illo

1788 1868 1958 1921 vicem
2010 1866 2326 1937 exquirens.
2369 1865 2592 1918 Dictum
2641 1863 2777 1917 satis
2823 1868 2926 1926 est,
2980 1867 3036 1914 et
3074 1860 3164 1914 hic
3205 1858 3386 1913 lucide

1786 1956 2010 2027 agnosci
2036 1960 2221 2026 potest
2253 1953 2376 2024 quis
2423 1953 2620 2018 fuerit;
2666 1968 2779 2005 non
2808 1951 3122 2005 desertores
3161 1963 3384 2018 pugna},

1787 2063 1925 2117 quos
1963 2046 2019 2098 in
2060 2044 2297 2097 aliorum
2331 2040 2630 2112 perniciem
2661 2045 2843 2093 metus
2882 2038 3135 2102 absolvit,
3167 2036 3212 2090 si
3246 2051 3384 2106 quos

1786 2133 1841 2186 in
1872 2133 2227 2187 dominorum
2253 2147 2444 2183 necem
2476 2133 2533 2183 et
2556 2129 2750 2199 patriae
2781 2127 3074 2191 excidium,
3108 2124 3386 2195 cupiditas

1788 2221 2020 2286 inducit,
2045 2222 2148 2274 hoc
2174 2219 2428 2289 exemplo
2462 2217 2820 2286 alloquimur,
2853 2232 2956 2269 nec
2979 2221 3095 2269 tam
3126 2212 3388 2268 militaris

1785 2310 1976 2380 gloria
2015 2309 2245 2363 obtentu
2276 2323 2442 2378 quam
2470 2305 2755 2359 servandae
2785 2321 2952 2358 causa
2982 2302 3110 2356 fidei
3149 2302 3386 2374 proferi-

1789 2417 1933 2453 mus.
1969 2400 2090 2453 Dux
2121 2415 2220 2469 per
2255 2397 2456 2450 excelsi
2483 2395 2692 2449 montis
2720 2395 2866 2448 latus
2895 2409 3098 2464 agmen
3130 2409 3258 2446 cum
3288 2391 3389 2471 de-

1787 2488 2033 2552 duceret,
2077 2487 2230 2540 videt
2267 2503 2298 2539 a
2336 2491 2495 2554 tergo
2542 2483 2737 2553 viginti
2778 2487 3025 2536 armatos
3071 2479 3289 2534 eminus
3329 2480 3386 2533 in

105 2577 230 2630 driae
275 2579 821 2649 consanguinitatem
873 2560 1079 2650 attigit.
1127 2584 1410 2651 Ansgotus
1438 2582 1551 2645 ille,
1595 2569 1769 2634 istaB
1789 2577 1956 2646 plano
1988 2575 2272 2645 subsequi,
2309 2560 2381 2628 ac.
2416 2574 2619 2627 hostile
2666 2572 2878 2643 aliquid
2908 2587 3104 2624 verens
3148 2570 3392 2641 imperat

106 2667 307 2738 Heloys
336 2684 542 2722 nomen
589 2668 846 2722 habebat.
880 2670 1228 2723 Gislebertus
1259 2670 1578 2724 Brionensis
1611 2688 1703 2724 co-

106 2772 218 2810 mes
264 2756 436 2827 primi
485 2757 742 2810 Richardi
787 2759 1182 2813 Nothmanniae
1230 2759 1386 2813 ducis
1427 2776 1601 2830 nepos
1641 2777 1706 2814 ex

106 2841 216 2895 ﬁlio
254 2843 484 2896 consule
523 2843 844 2910 Godefrido,
881 2845 1042 2900 illum
1090 2847 1398 2900 enutritum
1439 2864 1609 2917 penes
1647 2865 1706 2901 se

105 2931 248 2984 inter
276 2947 471 2986 omnes
513 2933 678 2988 curiae
732 2951 846 2988 suae
883 2935 1152 3005 primates
1193 2935 1389 2990 habuit
1435 2937 1705 3008 acceptis-

105 3021 277 3073 sime:
308 3021 513 3075 habilis
555 3022 644 3077 hic
672 3023 742 3076 ad
774 3039 930 3077 arma
962 3025 1266 3095 plurimum
1298 3030 1436 3091 erat,
1470 3041 1572 3079 nec
1601 3025 1708 3079 mi-

107 3109 229 3163 noxi
253 3126 322 3163 ea
349 3110 710 3166 animositate
726 3112 1003 3183 gestabat.
1031 3114 1240 3168 Omnes
1258 3115 1509 3168 omnium
1534 3115 1708 3168 totius

103 3199 527 3254 Northmanniae
555 3202 834 3270 majorum
860 3201 1085 3257 familia
1117 3202 1174 3257 in
1197 3204 1388 3258 electis
1417 3204 1577 3258 illum
1604 3205 1708 3258 ha-

103 3287 328 3353 bebant,
369 3289 428 3342 in
488 3290 661 3343 armis
711 3291 1002 3361 omnique.
1031 3292 1112 3345 rei
1173 3292 1433 3346 militaris
1487 3310 1612 3360 usu,
1656 3299 1711 3347 et

102 3379 255 3431 cultu
288 3378 536 3447 corporis
557 3378 645 3432 sui
677 3379 1028 3433 attollebant.
1049 3379 1132 3434 Ab
1156 3381 1469 3436 inhonestis
1496 3388 1708 3437 averte-

106 3467 200 3519 bat
239 3465 513 3533 animum,
553 3467 803 3521 honestis
860 3485 984 3538 quae
1041 3469 1208 3523 curiae
1262 3470 1450 3540 magni
1498 3471 1712 3525 faciunt

105 3554 465 3624 impendebat
511 3572 676 3610 omne
720 3556 991 3621 studium,
1027 3558 1178 3610 domi
1209 3575 1272 3612 ac
1312 3558 1525 3614 militiae
1554 3576 1708 3613 com-

105 3642 423 3696 militonum
453 3659 684 3697 suorum
718 3644 1217 3714 praestantissimus
1237 3651 1388 3712 erat;
1422 3646 1621 3716 quibus
1642 3647 1710 3700 de

107 3731 270 3786 rebus
319 3748 432 3785 non
477 3732 659 3786 solum
695 3733 1037 3803 singularem
1069 3735 1282 3788 domini
1329 3735 1414 3788 sui
1461 3735 1713 3791 obtinue-

1787 2664 2075 2718 confestim
2111 2664 2204 2734 qui
2237 2668 2427 2717 essent
2469 2663 2672 2716 scitum
2716 2661 2818 2716 ire.
2841 2660 3148 2724 Accedunt,
3175 2675 3305 2713 suos
3333 2663 3391 2712 et

1788 2771 2014 2807 causam
2045 2759 2375 2824 agnoscunt,
2410 2751 2725 2823 approbant
2764 2750 3069 2820 plurimum
3095 2745 3388 2817 magnani-

1789 2844 2065 2907 mitatem,
2107 2860 2171 2895 ac
2214 2841 2339 2895 duci
2372 2841 2719 2894 renuntiant.
2753 2839 3077 2892 Admiratus
3108 2852 3206 2906 pro
3236 2835 3387 2904 inju—

1792 2932 1890 2985 riis
1919 2931 2062 2986 tanti
2100 2930 2206 2984 sibi
2245 2929 2458 2983 servitii
2487 2928 2665 2982 vicem
2702 2927 2943 2990 restitui,
2976 2925 3122 2978 illico
3151 2922 3392 2977 remittit

1791 3037 2094 3085 accessum,
2149 3036 2275 3073 cum
2330 3017 2589 3088 ampliori
2646 3015 2829 3086 gratia
2881 3014 3118 3068 reddens
3177 3012 3385 3078 omnia,

1792 3127 1913 3181 quae
1952 3126 2056 3163 sua
2101 3109 2350 3162 fuerunt.
2391 3107 2607 3160 Bellum
2661 3104 2809 3176 quod
2846 3102 3094 3157 instabat
3135 3101 3392 3156 crastina;

1789 3199 1928 3252 lucis
1957 3198 2060 3252 sub
2112 3203 2325 3261 exortu,
2368 3195 2552 3249 nuntii
2603 3193 2854 3265 praedicti
2904 3191 3198 3262 provinciae
3236 3190 3392 3246 ducis

1792 3288 2042 3353 Roberti,
2069 3292 2238 3342 noctu
2261 3291 2391 3339 ante
2418 3284 2722 3348 venientes,
2747 3281 3050 3347 dirimunt;
3078 3282 3174 3350 jus
3202 3280 3390 3334 fidem-

1794 3394 1901 3449 que
1929 3393 2146 3430 sacram
2171 3373 2435 3429 obtestati
2462 3378 2528 3427 ut
2569 3373 2638 3426 ab
2676 3371 2850 3426 armis
2881 3370 3190 3431 discedant,
3224 3377 3282 3424 et
3299 3370 3396 3440 ju-

1792 3466 2000 3520 dicium
2030 3464 2180 3529 belli,
2214 3463 2384 3518 curiae
2415 3479 2528 3516 suae
2567 3465 2890 3532 exspectent
2917 3458 3248 3514 deﬁnitioni.
3283 3459 3398 3512 Ita-

1793 3572 1899 3625 que
1921 3571 2048 3624 pars
2065 3560 2322 3624 utraque,
2336 3566 2412 3605 'ac
2429 3555 2628 3605 neutra
2657 3548 2913 3622 superior
2933 3550 3112 3602 altera
3144 3546 3401 3602 discessit

1793 3645 1862 3698 ab
1923 3660 2210 3696 armorum
2266 3641 2574 3704 excisione,
2636 3639 2824 3693 divina
2883 3637 2989 3692 sibi
3046 3636 3401 3707 providentia

1795 3732 2011 3802 lignum
2043 3730 2182 3784 illud
2214 3729 2282 3782 ad
2315 3745 2480 3783 omne
2506 3744 2645 3798 opus
2670 3727 2879 3780 bonum
2922 3725 3060 3780 utile
3105 3741 3399 3779 conserva-

109 3827 196 3874 rat
223 3821 492 3886 favorem,
517 3838 702 3875 verum
732 3829 786 3876 et
817 3824 966 3893 apud
990 3823 1295 3878 Robertum
1325 3824 1498 3878 totius
1516 3825 1712 3896 patriae
1730 3847 1778 3907 Ο
1798 3821 1910 3874 bat.
1959 3819 2194 3873 Nolebat
2241 3835 2494 3872 summus
2537 3816 2748 3870 Artifex
2800 3815 3066 3869 violentia
3116 3813 3399 3886 saecularis

112 3914 231 3974 33
261 3909 483 3972 ducem,
519 3914 576 3963 et
606 3909 753 3980 apud
785 3914 1104 3964 exterarum
1137 3912 1389 3966 dominos
1419 3913 1713 3983 regionum
1740 3901 1769 3907 ⁷
1797 3927 1948 3964 aurae
1964 3910 2085 3979 jam
2112 3910 2235 3978 plus
2257 3907 2394 3962 illud
2426 3902 2783 3976 distorqueri,
2809 3910 2908 3958 aut
2930 3901 3292 3972 infructuosis
3322 3901 3400 3956 af-

109 4004 405 4068 pepererat
443 3998 548 4052 sibi
579 4014 783 4052 nomen
816 4000 1143 4069 plurimum,
1189 4018 1586 4072 accessumque
1630 4003 1715 4056 fa-

116 4087 413 4142 miliarem.
449 4087 592 4151 Alia,
628 4104 750 4157 quae
799 4089 869 4140 ad
899 4090 1236 4158 captandum
1285 4107 1490 4145 nomen
1521 4091 1577 4144 in
1611 4108 1714 4145 sae-

113 4176 233 4230 culo
255 4175 501 4246 plurima
524 4176 671 4239 fecit,
701 4177 1031 4231 omittamus
1057 4197 1070 4242 ;
1107 4179 1209 4232 hoc
1232 4180 1301 4233 ad
1326 4180 1714 4234 fortitudinem

115 4263 260 4318 illius
291 4265 467 4318 animi
497 4282 561 4319 ac
589 4265 718 4319 fidei
749 4267 1122 4320 constantiam
1154 4274 1211 4321 et
1240 4268 1296 4322 in
1332 4271 1504 4322 armis
1536 4271 1717 4323 confi-

115 4353 360 4408 dentiam
409 4371 520 4408 non
568 4355 854 4410 sileamus.
907 4357 1142 4427 Indigne
1182 4374 1378 4428 passus
1417 4359 1717 4430 aliquando

114 4441 315 4496 factam
350 4442 456 4496 sibi
496 4461 527 4496 a
559 4443 799 4498 Domino
829 4445 1096 4515 injuriam
1129 4445 1431 4501 famulatus
1462 4448 1548 4502 sui
1574 4466 1718 4503 com-

115 4532 340 4585 modum
409 4531 459 4584 ei
518 4532 918 4597 subtrahendo,
975 4535 1214 4588 contulit
1265 4552 1343 4598 se,
1394 4553 1459 4589 eo
1515 4537 1712 4603 inviso,

113 4619 272 4690 longe
301 4621 592 4675 aliorsum.
625 4623 702 4675 Eo
742 4623 933 4693 itaque
962 4624 1065 4678 sub
1092 4629 1345 4695 tempore
1383 4643 1569 4680 comes
1595 4627 1715 4698 ipse

115 4709 460 4765 Gislebertus
482 4712 855 4782 quorumdam
879 4713 1398 4783 potentissimorum
1418 4717 1716 4771 Northma—

114 4799 212 4853 niae
257 4800 550 4854 lacessitus
601 4800 843 4870 injuriis,
897 4801 1133 4855 multam
1188 4803 1431 4858 militum
1485 4822 1713 4860 manum

116 4889 406 4954 contraxit,
466 4889 703 4960 injurias
759 4907 888 4944 suas
946 4892 1113 4945 elfere
1171 4893 1360 4946 volens
1398 4895 1581 4948 ultum
1620 4896 1710 4960 iri,

115 4975 276 5031 homo
301 4977 503 5032 ferocis
533 4978 726 5043 animi,
757 4979 947 5049 magni
986 4985 1331 5050 potentatus,
1360 4984 1715 5056 nominisque

117 5068 360 5136 supremi
407 5068 620 5133 avidus,
665 5074 858 5139 utpote
905 5069 1110 5123 ducum
1152 5075 1441 5127 tantorum
1487 5075 1714 5145 propin-

118 5170 272 5224 quus,
306 5157 378 5210 ad
417 5156 682 5229 potentiae
729 5175 842 5211 suae
871 5164 1215 5214 ostentatum
1245 5178 1345 5232 per
1383 5163 1611 5216 nuntios
1636 5164 1716 5217 eis

1799 3997 2191 4052 fectationibus
2223 3994 2622 4050 exhumectari.

1869 4087 2008 4140 Vitae
2038 4088 2207 4156 hujus
2232 4083 2636 4156 jocundissimo
2664 4088 2814 4137 statu
2839 4098 3016 4137 annos
3044 4081 3138 4136 ille
3159 4082 3280 4153 jam
3311 4099 3400 4136 ex-

1788 4181 2044 4230 ‘cesserat
2072 4176 2306 4245 triginta
2335 4179 2571 4245 septem,
2609 4189 2734 4227 cum
2766 4172 2994 4227 tandem
3024 4171 3211 4242 divino
3244 4177 3402 4228 metu

1799 4265 2060 4319 succendi
2124 4281 2314 4318 amore
2373 4281 2530 4317 mens
2582 4262 2730 4316 illius
2786 4261 2952 4333 coepit
3000 4266 3056 4315 et
3100 4259 3170 4314 ab
3209 4277 3403 4333 amore

1801 4356 1996 4410 mundi
2033 4362 2333 4427 tepescere,
2376 4356 2694 4427 sensimque
2731 4354 2790 4409 in
2825 4355 2944 4409 dies
2971 4353 3289 4434 frigescere,
3331 4354 3402 4408 ab

1799 4445 2162 4500 exterioribus
2219 4445 2443 4500 oculum
2500 4446 2684 4500 cordis
2719 4449 3047 4499 convertens
3092 4443 3164 4498 ad
3214 4460 3274 4498 se
3311 4443 3400 4516 ip-

1798 4553 1951 4602 sum;
1989 4535 2104 4588 ibat
2130 4533 2478 4605 frequentius
2507 4535 2578 4588 ad
2610 4534 2924 4600 ecclesiam,
2958 4533 3156 4589 orabat
3183 4523 3400 4608 devote,

1799 4642 1863 4678 ac
1885 4642 2029 4695 sazpe
2059 4623 2462 4694 prorumpebat
2503 4625 2559 4676 in
2591 4624 2888 4694 lacrymas,
2919 4624 3135 4678 ludicra
3166 4640 3226 4678 re
3249 4624 3403 4678 omni

1797 4715 2030 4780 omissa;
2051 4714 2170 4783 jam
2195 4713 2381 4766 minus
2413 4713 2679 4783 frequens
2701 4719 2823 4766 erat
2855 4712 2910 4766 in
2948 4713 3123 4777 curia,
3146 4713 3277 4784 quia
3299 4697 3404 4767 hoc

1797 4803 1912 4856 solo
1957 4802 2322 4866 retinebatur,
2367 4802 2515 4871 quod
2557 4801 2768 4872 praedia
2809 4817 2910 4854 sua
2948 4802 3063 4855 Deo
3093 4818 3282 4855 secum
3312 4802 3401 4857 lu-

1798 4891 1941 4946 crari
1985 4890 2316 4962 satagebat;
2370 4890 2517 4961 quod
2558 4894 2615 4943 et
2665 4889 2910 4943 obtinuit
2947 4877 3299 4966 ,extorquens
3338 4907 3406 4948 ea

1798 4981 1904 5036 sibi
1944 4999 1974 5036 a
2015 4980 2242 5035 domino
2280 4995 2381 5034 suo
2417 4980 2597 5034 multa
2641 4978 2914 5034 instantia
2959 4979 3192 5034 servitii.
3245 4979 3404 5054 Saepe

1798 5070 1900 5125 sub
1948 5070 2095 5125 diem
2127 5069 2492 5141 pernoctabat
2522 5085 2688 5123 orans
2734 5068 2793 5122 in
2841 5067 3107 5134 ecclesiis,
3140 5073 3196 5122 et
3237 5085 3405 5145 mane

1801 5161 2015 5231 primus
2041 5161 2100 5214 in
2129 5159 2288 5213 curia
2321 5176 2508 5214 coram
2531 5159 2743 5224 aderat,
2769 5157 2838 5212 ad
2870 5173 3121 5212 mensam
3156 5157 3401 5232 Domini,

121 5257 222 5297 non
253 5261 428 5316 prope
477 5245 626 5299 diem
671 5244 819 5311 belli,
861 5248 957 5300 sed
1000 5265 1101 5318 per
1129 5250 1316 5319 plures
1347 5256 1478 5304 ante
1508 5251 1626 5305 dies
1658 5250 1714 5304 id
1735 5213 1935 5320 unia
1979 5251 2124 5303 inter
2166 5250 2383 5304 sodales
2432 5248 2837 5320 parcimoniam
2868 5263 3125 5302 exercere
3163 5229 3400 5324 volebat,

119 5346 171 5384 se
215 5333 518 5399 facturum,
570 5339 627 5388 et
675 5336 896 5406 quando
945 5337 1276 5392 transmisit.
1322 5340 1409 5393 Ita
1461 5339 1715 5394 condicto
1801 5339 2102 5410 multisque
2129 5339 2522 5393 adinveniebat
2545 5338 2962 5409 impedimentis
2989 5337 3210 5392 absens.
3247 5339 3405 5414 Step6

120 5422 365 5493 tempore
393 5423 604 5477 bellum
637 5424 900 5496 utrinque
948 5439 1273 5497 apparatur,
1309 5429 1458 5499 quod
1489 5429 1715 5499 exsequi
1797 5434 1979 5482 totum
2005 5428 2238 5500 jejuniis
2268 5427 2616 5499 transigebat
2644 5427 2812 5492 diem,
2843 5427 2902 5480 in
2927 5427 3120 5495 armis,
3148 5426 3208 5482 in
3249 5426 3404 5496 cultu

121 5524 222 5566 non
253 5519 442 5584 posset
482 5512 602 5568 sine
630 5515 807 5568 multa
837 5515 1083 5586 partium
1105 5521 1475 5588 utrarumque
1501 5523 1709 5590 strage,
1797 5519 2064 5589 corporis,
2109 5535 2221 5572 non
2264 5519 2412 5573 idem
2461 5516 2709 5572 studium
2743 5517 2893 5588 quod
2922 5517 3096 5588 prius,
3135 5517 3273 5574 satis
3313 5518 3401 5573 in-

122 5614 214 5653 nec
238 5601 481 5674 amplius
507 5603 704 5658 evitari
728 5605 876 5658 salva
900 5621 1095 5660 eorum
1125 5607 1419 5677 dignitate.
1446 5609 1604 5674 Quod
1633 5608 1713 5662 vir
1796 5608 2015 5664 dicabat
2048 5608 2469 5663 altercationem
2500 5607 2675 5662 animi
2707 5606 2874 5674 illius,
2902 5623 3071 5679 quam
3103 5608 3285 5682 adhuc
3315 5625 3398 5664 se-
