3920 6354
579 329 686 388 699

1530 342 1626 395 AD
1665 342 1903 398 OPERA
1940 345 2004 398 Β.
2045 343 2459 400 LANFRANCI
2504 343 2883 397 .‘.PPENDIX.

3732 336 3824 392 700

555 459 641 514 ria
689 460 1136 517 dissimulatione
1164 463 1397 518 celabat.
1441 465 1767 536 Augebatur
1791 485 1968 532 mens,
2011 475 2067 524 et
2095 470 2444 531 inAduntur
2485 469 2720 523 crimina
2765 485 2888 538 quae
2925 466 3144 530 humili,
3176 472 3234 520 et
3279 465 3586 521 sufﬁcienti
3625 464 3826 519 ratione

557 549 720 618 plura
745 551 1146 619 cogitationum
1169 551 1571 608 deliberatione
1591 556 2039 622 distrahebatur;
2063 560 2162 612 mi-

561 636 694 690 litiae
725 654 789 690 ac
819 645 1031 694 caeteras
1061 641 1343 694 saecularis
1372 643 1451 696 rei
1485 660 1646 698 usum
1675 647 1993 718 relinquere
2014 665 2162 703 sum-

563 741 653 778 ma
696 733 818 780 erat
867 729 993 792 voti,
1031 729 1238 783 Verum
1288 748 1397 800 quo
1447 749 1507 785 se
1554 736 1850 801 conferret,
1893 739 2039 807 quod
2089 738 2163 790 vi-

561 814 722 866 vendi
743 831 921 885 genus
939 825 1272 883 assumeret,
1291 820 1602 890 ignorabat.
1620 823 1800 878 Rarus
1820 825 1877 879 in
1903 828 2160 881 Nortma—

563 902 656 955 nia
682 908 815 958 tunc
855 907 992 960 recti
1024 908 1267 962 tramitis
1299 909 1480 972 index,
1520 917 1619 965 aut
1646 914 1866 983 pervius
1905 921 2043 980 erat,
2077 934 2162 970 sa-

561 991 814 1047 cerdotes
857 1011 921 1047 ac
971 997 1177 1050 summi
1224 998 1515 1068 pontiﬁces
1561 1000 1722 1055 liberi
1761 1005 2064 1075 conjugati,
2105 1011 2162 1059 et

558 1096 717 1134 arma
740 1088 1046 1152 portantes,
1082 1091 1146 1139 ut
1176 1086 1301 1139 laici
1338 1094 1518 1146 erant.
1551 1096 1799 1144 veterum
1834 1093 1947 1147 ritu
1975 1095 2159 1148 Dano-

561 1185 687 1223 rum
722 1173 985 1238 universi,
1031 1174 1214 1228 adhuc
1262 1176 1535 1244 vivebant,
1583 1179 1700 1246 sed,
1740 1181 1885 1234 sicut
1929 1187 2160 1251 spiritus

565 1261 663 1312 ubi
699 1265 816 1314 vult
860 1265 1038 1330 spirat
1069 1265 1248 1330 (Joan.
1280 1279 1365 1328 III,
1399 1267 1472 1335 8),
1509 1268 1589 1321 ita
1626 1286 1794 1340 quem
1824 1273 2035 1342 aspirat
2063 1289 2164 1327 un-

564 1348 674 1401 ctio
705 1353 820 1417 ejus
865 1352 1010 1404 docet
1047 1353 1110 1404 de
1153 1357 1408 1408 omnibus
1459 1359 1506 1424 (Ι
1539 1359 1700 1411 Joan.
1743 1373 1800 1424 II,
1846 1360 1959 1429 27).
1991 1361 2164 1416 Abre-

563 1437 833 1492 nuntians
847 1455 980 1508 ergo
1005 1440 1237 1508 militiae,
1261 1443 1354 1497 vili
1377 1449 1701 1515 tegumento
1721 1448 1970 1513 indutus,
1988 1450 2162 1505 barba

565 1531 621 1580 et
670 1527 822 1580 crine
876 1527 1150 1594 intonsus,
1204 1531 1352 1585 inter
1408 1534 1617 1588 aulicos
1657 1553 1723 1591 ea
1779 1539 2004 1608 quidem
2043 1541 2158 1606 diu,

566 1631 676 1684 qua
698 1615 957 1680 diximus,
985 1618 1296 1674 intentione
1315 1623 1542 1677 servivit
1562 1625 1811 1680 exiturus
1834 1628 1902 1681 ab
1921 1629 2162 1700 Egypto

561 1719 726 1756 verus
778 1703 871 1758 ille
924 1706 1207 1774 Hebraeus,
1261 1727 1328 1764 ea
1376 1711 1632 1768 videlicet
1681 1716 2000 1771 transiliens
2041 1735 2162 1789 quae

561 1794 877 1854 transeunt,
923 1811 987 1848 ac
1035 1797 1185 1851 omni
1224 1801 1517 1854 conamine
1560 1821 1618 1856 se
1662 1806 1966 1859 extendens
2005 1806 2062 1860 in
2095 1786 2222 1861 eaB

562 1896 685 1950 quae
714 1887 944 1935 externa
994 1885 1258 1950 existunt,
1300 1888 1370 1940 ab
1401 1889 1483 1943 eis
1525 1892 1619 1961 qui
1651 1893 2016 1949 remanebant
2044 1913 2164 1950 mu-

557 1974 779 2024 tuatum
807 1971 864 2025 in
891 1990 1031 2043 opus
1075 1976 1174 2029 Dei
1201 1987 1490 2048 asportare
1529 1981 1838 2036 conabatur
1868 1985 2000 2054 quid
2036 2003 2161 2055 pre-

559 2058 767 2113 tiosum
799 2066 1037 2130 poterat,
1059 2066 1180 2134 jam
1219 2066 1429 2122 domini
1478 2069 1563 2123 sui
1611 2071 1770 2125 laetus
1811 2072 2060 2126 assidens
2094 2075 2161 2127 ad

562 2163 838 2210 mensam,
871 2150 1016 2204 inter
1047 2154 1404 2210 multimodas
1431 2159 1643 2228 epulas,
1679 2166 1736 2213 et
1760 2168 2158 2228 comessantes,

563 2252 709 2307 pane
749 2239 1018 2308 asperiori
1073 2243 1399 2297 vescebatur
1447 2250 1504 2299 et
1541 2264 1718 2317 aqua;
1762 2249 2050 2303 ridebatur
2095 2252 2165 2306 ab

563 2325 858 2393 uaiversis,
900 2330 1159 2385 amentiae
1199 2333 1469 2403 quidquid
1508 2335 1712 2404 agebat
1747 2339 2160 2410 reputabatur;

566 2414 755 2478 minis,
781 2417 1091 2486 promissis,
1120 2420 1362 2490 injuriis,
1403 2423 1600 2477 officiis
1639 2425 1901 2480 dominus
1942 2433 1998 2480 et
2036 2429 2162 2482 uni-

563 2503 708 2557 versi
744 2505 1014 2559 satellites
1053 2508 1131 2560 nil
1177 2515 1439 2579 poterant
1478 2528 1511 2564 a
1552 2514 1834 2584 proposito
1899 2533 2000 2570 suo
2039 2534 2165 2571 eum

563 2599 816 2647 avertere
846 2601 1138 2664 conantes;
1175 2598 1504 2653 mittebatur
1531 2601 1699 2655 homo
1729 2603 1860 2656 olim
1892 2606 2168 2660 universis

560 2682 978 2752 acceptissimus
1025 2703 1170 2757 saepe
1211 2705 1445 2742 numero
1473 2690 1543 2743 ad
1590 2691 1797 2754 curias,
1827 2693 2027 2747 sedens
2066 2696 2171 2748 asi-

562 2784 715 2834 num,
761 2788 966 2826 mceror
995 2792 1059 2828 ac
1088 2775 1234 2829 risus
1264 2777 1496 2831 diversis
1529 2796 1638 2849 quo
1668 2781 2017 2848 adveniebat,
2054 2801 2171 2837 ser-

562 2857 822 2913 vitiorum
849 2862 1071 2932 quidem
1097 2865 1470 2934 gratiositate,
1496 2869 1627 2938 quia
1654 2871 1942 2924 metuebat
1966 2874 2166 2926 saeculo

2242 566 2442 613 cuncta
2478 558 2767 630 purgando
2807 555 3150 614 removebat.
3198 555 3293 626 qui
3331 555 3389 608 in
3427 570 3496 607 eo
3538 553 3716 623 judici
3749 570 3825 607 re-

2241 648 2551 719 spondebat
2587 646 2829 718 Spiritus
2861 645 2981 709 Dei,
3011 644 3196 699 tacitis
3247 644 3391 697 unde
3432 643 3611 714 judex
3657 643 3826 713 potius

2242 743 2364 790 erat
2419 737 2672 799 infestus,
2725 736 2834 788 alia
2880 733 3136 804 quaedam
3193 732 3437 786 admissa
3486 730 3821 797 intendebat,

2241 827 2421 880 sciens
2449 825 2555 878 iste
2584 824 2713 896 quid
2752 825 2953 878 lateret
2980 823 3039 876 in
3068 822 3240 877 fundo
3277 840 3289 874 :
3328 841 3349 872 α
3383 838 3508 892 qua
3537 837 3666 874 mea
3692 826 3828 884 sunt,

2240 914 2442 985 inquit,
2489 913 2617 967 hinc
2663 917 2889 982 accepta
2936 911 3199 965 universa
3245 909 3658 974 distrahantur,
3713 908 3829 963 dum

2241 1003 2602 1074 pauperibus,
2646 1002 2741 1072 qui
2787 1007 3026 1054 vestram
3069 1000 3220 1053 nullo
3266 999 3506 1053 crimine
3557 998 3699 1050 iram
3733 1014 3832 1050 me-

2241 1097 2497 1156 ruerunt,
2545 1106 2646 1144 sua
2704 1088 3091 1142 restituantur.
3140 1108 3160 1136 ι)
3218 1088 3401 1140 Motus
3449 1086 3523 1139 ad
3577 1085 3830 1156 pietatem

2243 1180 2526 1247 dominus,
2557 1195 2722 1250 quem
2755 1177 3050 1231 mundana
3081 1175 3427 1230 celsitudinis
3456 1175 3640 1228 fastus
3670 1174 3832 1244 pluri-

2245 1285 2398 1323 mum
2433 1267 2738 1332 obtinebat,
2772 1267 3010 1320 adducto
3043 1266 3098 1318 in
3142 1270 3361 1335 partem
3405 1263 3524 1316 viro
3571 1263 3831 1334 perquisi-

2247 1359 2323 1412 vit
2342 1358 2517 1412 animi
2539 1361 2756 1411 tantam
2781 1355 3301 1419 commutationem,
3322 1358 3378 1406 et
3398 1353 3573 1406 ﬁnem
3595 1351 3826 1406 consilii:

2245 1447 2349 1501 Cui
2376 1447 2564 1520 paucis
2598 1446 2693 1498 ille
2722 1443 2908 1498 verbis
2936 1460 3061 1498 cum
3107 1443 3299 1497 multis
3329 1441 3596 1512 lacrymis
3627 1457 3834 1512 respon-

2245 1533 2327 1588 dit
2361 1553 2372 1586 :
2410 1554 2437 1584 (ι
2488 1533 2764 1588 Saeculum
2803 1532 3064 1597 amando,
3098 1537 3155 1585 et
3189 1529 3290 1585 tibi
3334 1529 3713 1601 obsequendo,
3756 1529 3831 1582 ni-

2246 1624 2422 1678 mium
2454 1624 2653 1686 Deum,
2688 1639 2752 1677 ac
2778 1639 2867 1676 me
2899 1623 3082 1693 ipsum
3115 1621 3386 1674 hactenus
3414 1619 3638 1690 neglexi
3671 1638 3681 1673 :
3725 1635 3831 1689 quae

2244 1713 2494 1784 corporis
2524 1716 2687 1765 erant
2711 1710 2883 1765 cultui
2915 1711 3141 1763 omnino
3178 1710 3450 1774 intentus,
3481 1708 3695 1762 nullam
3725 1707 3831 1761 ani-

2247 1818 2351 1854 mae
2391 1817 2527 1853 mea;
2564 1799 2935 1854 eruditionem
2987 1799 3211 1869 accepi;
3264 1803 3611 1869 quapropter
3658 1813 3834 1867 precor

2246 1890 2293 1944 si
2337 1889 2470 1960 quid
2506 1905 2756 1959 unquam
2802 1888 2943 1942 bene
2974 1887 3153 1941 merui
3183 1903 3217 1940 a
3241 1894 3316 1952 te,
3349 1886 3521 1940 liceat
3550 1885 3671 1940 vita;
3702 1884 3829 1957 quod

2245 1982 2502 2048 superest
2547 1977 2604 2030 in
2651 1976 2992 2030 monasterio
3042 1975 3298 2046 transigi.
3356 1975 3523 2029 Salvo
3571 1975 3713 2028 circa
3754 1990 3831 2027 me

2246 2083 2438 2120 amore
2469 2071 2585 2127 tuo,
2618 2070 2674 2119 et
2705 2066 2774 2118 da
2805 2081 3024 2120 mecum
3052 2066 3163 2118 Deo
3195 2081 3316 2136 quae
3340 2064 3536 2118 habui.
3577 2083 3601 2116 »
3635 2063 3831 2118 Habita

2245 2153 2341 2208 diu
2363 2154 2753 2208 deliberationi
2785 2155 2911 2208 ﬁnis
2942 2154 3047 2207 iste
3077 2153 3361 2213 consedit;
3397 2153 3570 2208 corde
3589 2152 3649 2207 in
3675 2153 3831 2223 lacry-

2247 2243 2354 2296 mis
2382 2244 2658 2298 concitato
2687 2242 2967 2297 sustinere
2997 2242 3193 2313 nequit
3219 2243 3313 2296 ille
3352 2242 3594 2297 ulterius
3625 2243 3832 2312 loquen-

2248 2336 2382 2392 tem,
2417 2331 2624 2402 abripit
2671 2348 2729 2385 se
2768 2332 2825 2384 in
2854 2348 3153 2386 cameram.
3186 2331 3373 2386 Pietas
3404 2331 3656 2385 humana
3696 2329 3748 2382 in
3775 2345 3830 2382 eo

2249 2421 2426 2474 multa
2455 2427 2577 2474 erat
2606 2421 2751 2474 circa
2781 2420 2939 2474 illum
2973 2420 3204 2474 militem
3237 2437 3420 2486 suum,
3471 2421 3652 2474 multa
3679 2423 3732 2472 et
3760 2417 3830 2470 illi

2249 2509 2398 2563 circa
2435 2510 2756 2564 Dominum.
2789 2512 2868 2563 Ac
2897 2509 2983 2562 vix
3012 2509 3081 2562 ab
3115 2526 3180 2562 eo
3213 2509 3543 2578 missionem
3566 2507 3830 2580 requirere

2251 2598 2486 2662 valebat,
2547 2599 2643 2653 sed
2703 2598 3039 2669 praevalebat
3085 2599 3245 2652 fortis
3296 2603 3360 2652 ut
3411 2615 3566 2652 mors
3629 2595 3829 2650 dilectio

2257 2687 2432 2753 (Cant.
2485 2701 2597 2752 vni,
2635 2687 2709 2750 6).
2753 2687 3003 2741 Tandem
3041 2687 3361 2757 gratissimo
3409 2686 3601 2741 clienti
3647 2683 3830 2755 expeti-

2252 2781 2369 2828 tam
2399 2775 2670 2841 concedit,
2705 2781 2822 2828 tam
2874 2776 2960 2829 sui
3004 2793 3171 2846 quam
3217 2792 3446 2830 suorum
3490 2771 3830 2828 omniumta-

2255 2865 2540 2922 cultatem.
2575 2881 2739 2934 quem
2773 2872 3005 2918 eatenus
3036 2871 3098 2918 ut
3127 2865 3266 2918 bene
3296 2863 3696 2934 obsequentem
3739 2859 3828 2914 sibi

560 2946 791 3016 irretiri,
816 2967 917 3004 nec
947 2952 1199 3023 equitare
1219 2955 1340 3024 jam
1370 2956 1591 3010 volebat
1618 2957 1888 3012 asinando
1919 2961 2167 3015 serviens
2249 2959 2554 3014 amaverat.
2574 2955 2690 3023 jam
2723 2954 2888 3024 coepit
2916 2971 3107 3008 amare
3138 2960 3202 3008 ut
3228 2954 3544 3019 dominum.
3583 2969 3645 3006 ac
3672 2950 3828 3004 libens

559 3036 808 3104 domino,
850 3041 970 3094 sine
1025 3044 1185 3113 cujus
1245 3046 1521 3114 permissu
1573 3047 1860 3101 discedere
1920 3051 2162 3105 nolebat.
2250 3041 2663 3112 obsequebatur
2699 3043 2778 3096 illi
2818 3043 3006 3113 Plures
3045 3043 3183 3108 dies.
3228 3043 3402 3096 ιηυῖίο
3456 3059 3582 3098 cum
3632 3041 3825 3136 .henoie

561 3125 631 3180 Et
658 3127 789 3197 quia
815 3146 916 3199 pro
946 3131 1059 3184 Deo
1088 3131 1338 3201 abjectus
1369 3151 1488 3187 esse
1529 3151 1884 3205 nequaquam
1915 3138 2160 3205 erubuit,
2181 3133 2220 3193 (ἶ
2245 3131 2538 3184 detentum
2572 3131 2719 3202 aPUd
2745 3149 2805 3184 se
2835 3131 3024 3184 debita
3050 3131 3476 3224 honoriﬁcentia
3508 3129 3737 3224 ῐςιξωίδίβ,
3759 3126 3826 3224 δίς

564 3231 666 3267 nec
705 3216 853 3270 Deus
885 3217 1041 3271 illum
1079 3221 1430 3286 erubescens,
1483 3240 1653 3294 super
1689 3229 1898 3278 terram
1943 3244 2162 3297 quoque
2247 3219 2388 3273 tioni
2435 3219 2602 3284 illius,
2656 3236 2718 3273 ac
2764 3220 2988 3273 servitio
3027 3221 3256 3274 tradens
3302 3220 3575 3291 quidquid
3627 3216 3824 3289 paterni

562 3304 965 3374 amplissimam
997 3307 1076 3360 ίιιί
1107 3309 1357 3363 restituit
1387 3311 1581 3365 νίοεω,
2241 3308 2388 3378 juris
2436 3307 2712 3361 babebant
2759 3309 2960 3362 fratres
3015 3309 3122 3372 sui,
3180 3308 3276 3379 qui
3332 3308 3530 3361 eadem
3578 3305 3825 3399 dignitate

635 3391 835 3446 Comes
862 3393 1208 3450 Gislebertus
1235 3397 1303 3450 de
1333 3399 1623 3468 cujusdam
1657 3403 2038 3471 compatriotae
2078 3406 2165 3458 sui
2245 3397 2594 3468 genitipares
2611 3397 2941 3451 exstiterant
2955 3397 3079 3462 sibi,
3097 3397 3544 3468 quiadignior,et
3557 3391 3827 3448 veranobi-

563 3479 770 3533 damno
801 3497 994 3550 agens,
1043 3484 1190 3553 quod
1237 3484 1296 3538 in
1343 3486 1493 3540 illius
1534 3489 1796 3558 vergebat
1839 3492 2161 3560 perniciem,

565 3567 634 3622 ad
665 3568 974 3641 principem
1024 3573 1377 3629 Nothmaniae
1431 3573 1762 3643 Robertum,
1813 3581 1970 3648 cujus
2003 3582 2163 3653 quid-

565 3657 699 3728 quid
741 3675 910 3730 super
955 3660 1059 3714 Ιιοο
1090 3661 1362 3732 agebatur
1390 3664 1680 3732 intererat,
1732 3669 1995 3737 praedicto
2049 3670 2166 3723 viro

561 3745 668 3800 hac
695 3747 764 3801 de
793 3765 852 3801 re
883 3748 1151 3820 imposuit
1179 3752 1606 3822 allegationem;
1641 3762 1700 3808 at
1731 3756 1812 3809 vir
1841 3757 1991 3827 pacis
2022 3759 2165 3812 ferre

560 3835 834 3890 damnosa
890 3838 1054 3893 alicui
1103 3841 1553 3896 machinamenta
1591 3844 1814 3914 penitus
1867 3849 2161 3901 recusavit.

553 3924 776 3979 Perstat
797 3926 1060 3981 dominus
1082 3927 1140 3982 in
1162 3931 1443 3984 sententia
1465 3932 1697 3986 hortans
1720 3939 1776 3986 et
1791 3935 2159 4002 comminans,

561 4019 625 4067 ut
654 4013 820 4068 homo
851 4014 956 4069 sibi
989 4015 1223 4070 intimus
1253 4019 1480 4073 verbum
1514 4021 1732 4075 consilii
1763 4023 1850 4075 sui
1881 4023 1950 4076 ad
1981 4023 2160 4077 domi-

558 4118 698 4156 num
733 4120 896 4158 suum
940 4106 1291 4176 perferendo,
1335 4108 1561 4163 referat.
1589 4111 1790 4180 Agitur
1828 4116 1890 4164 ut
1921 4113 2040 4182 jam
2071 4129 2162 4166 os-

558 4190 757 4245 tendat
800 4191 960 4246 miles
1010 4193 1080 4246 ad
1129 4200 1319 4250 utrum
1366 4197 1501 4252 libet
1548 4199 1785 4269 positus,
1820 4200 1910 4253 cui
1955 4200 2161 4254 servire

560 4295 823 4349 superno,
869 4297 940 4334 an
991 4287 1215 4337 terreno
1264 4286 1491 4341 domino
1542 4289 1715 4341 malit.
1771 4289 1877 4342 Sed
1927 4307 2049 4343 mox
2102 4297 2164 4344 ut

559 4369 789 4438 superni
839 4386 1008 4424 causa
1062 4372 1280 4428 Domini
1339 4377 1542 4446 exegit,
1583 4376 1731 4430 illico
1784 4377 1890 4431 iste
1947 4379 2159 4444 funem,

2249 3485 2406 3538 litate
2419 3485 3042 3556 generosiorgermanis
3056 3485 3422 3550 efﬁciebatur,
3442 3486 3571 3554 jure
3592 3482 3658 3536 ab
3675 3478 3823 3534 eisilli

2249 3573 2466 3644 subjici,
2492 3591 2590 3627 nec
2621 3574 2914 3644 indignum
2945 3581 3045 3628 aut
3073 3573 3403 3644 injuriosum
3431 3571 3816 3628 estimabatur.

2318 3662 2583 3716 Protinus
2605 3663 2662 3715 in
2683 3663 2812 3716 villa
2829 3678 2951 3733 quae
2973 3662 3176 3716 dicitur
3196 3662 3537 3729 Burnevilla,
3554 3665 3822 3716 exstruen-

2248 3751 2382 3805 dum
2427 3752 2652 3805 servitio
2686 3752 2786 3805 Dei
2817 3768 2956 3822 opus
2985 3752 3225 3822 arripuit
3261 3768 3371 3805 non
3414 3767 3663 3822 parvum,
3694 3741 3822 3799 brevi

2248 3850 2568 3916 peractum;
2617 3845 2733 3915 ipse
2785 3861 2896 3898 non
2946 3845 3125 3898 solum
3172 3844 3328 3916 operi
3371 3842 3713 3915 praesidebat,
3741 3834 3820 3890 sed

2246 3950 2387 4002 opus
2437 3933 2619 4002 ipsum
2652 3932 2948 3996 efﬁciebat,
2983 3938 3192 3986 terram
3232 3932 3471 3996 fodiens,
3514 3933 3710 3986 fossam
3754 3922 3820 3978 ef-

2245 4017 2448 4083 ferens,
2478 4018 2710 4088 lapides,
2744 4017 3022 4081 sabulum,
3060 4018 3379 4088 calcemque
3414 4015 3662 4071 humeris
3695 4024 3820 4065 com-

2245 4114 2494 4177 portans,
2549 4123 2612 4160 ac
2651 4124 2714 4160 ea
2760 4107 2815 4160 in
2861 4106 3133 4177 parietem
3184 4107 3423 4177 ipsemet
3467 4114 3815 4175 componens;

2245 4195 2446 4266 quibus
2494 4195 2589 4248 alii
2636 4196 2789 4250 horis
2826 4194 3120 4261 haberant,
3163 4196 3282 4266 ipse
3329 4194 3663 4265 congerebat
3709 4200 3812 4258 quae

2246 4285 2315 4338 ad
2342 4301 2481 4355 opus
2500 4284 2883 4355 exigebantur,
2909 4286 3208 4339 excludens
3232 4284 3407 4339 otium
3428 4285 3498 4338 ab
3519 4280 3664 4338 omni
3684 4280 3818 4350 parte

2245 4374 2375 4428 diei.
2411 4375 2632 4438 Quanto
2675 4374 2919 4427 vanitate
2949 4374 3168 4427 tumida
3193 4373 3324 4427 olim
3354 4373 3657 4435 delicatior,
3685 4368 3817 4420 tanto

559 4473 671 4526 quo
724 4457 827 4511 sub
864 4461 1071 4514 terreni
1122 4463 1346 4516 servitio
1386 4465 1599 4518 domini
1647 4465 2011 4532 retinebatur,
2057 4467 2155 4521 ab-
2179 4450 2226 4508 D
2247 4480 2378 4516 vera
2406 4463 2724 4516 humilitate
2746 4479 2893 4516 nunc
2915 4461 2984 4516 ad
3007 4479 3232 4516 omnem
3254 4462 3464 4516 laboris
3491 4454 3814 4516 tolerantiam

557 4545 730 4616 rupit.
775 4546 1044 4603 Abdicata
1069 4551 1296 4606 omnino
1325 4553 1604 4622 legatione
1635 4545 1870 4609 discedit
1906 4573 1940 4609 a
1977 4557 2151 4610 curia.

522 4672 531 4680 .
561 4633 706 4697 Quin
740 4641 928 4691 tamen
959 4639 1068 4693 iret
1095 4657 1280 4694 comes
1311 4641 1657 4696 Gislebertus
1696 4644 2018 4699 nullomodo
2049 4646 2156 4700 dis-

558 4724 794 4779 credens
822 4734 950 4797 post
979 4733 1098 4794 34
1139 4747 1344 4799 paucos
1376 4730 1494 4784 dies
1536 4731 1746 4785 curiam
1791 4732 1908 4799 ivit,
1951 4735 2156 4788 rescire

557 4814 748 4869 volens
793 4815 928 4886 quid
973 4817 1084 4870 dux
1128 4818 1522 4888 responderet;
1575 4837 1764 4874 verum
1802 4828 1866 4875 ut
1907 4825 2164 4893 cognovit

560 4903 632 4957 ad
661 4921 790 4959 eum
834 4922 945 4959 non
966 4906 1139 4960 fuisse
1171 4907 1469 4977 perlatum,
1507 4909 1769 4963 efferatus
1799 4911 1857 4964 in
1890 4911 2047 4964 illum
2073 4912 2162 4965 cui

559 4992 927 5064 imposuerat,
959 4995 1190 5048 mandat
1217 4995 1416 5050 abduci
1451 4998 1720 5068 quidquid
1767 4999 2050 5053 habebant
2076 5001 2170 5059 ille

561 5089 619 5138 et
648 5085 758 5139 sui.
796 5085 1076 5138 Continuo
1105 5083 1463 5155 abripiuntur
1485 5088 1674 5141 omnia
1695 5105 1816 5155 sua,
1845 5105 1945 5141 nec
1967 5096 2126 5143 curat
2154 5109 2164 5156 ;

555 5179 850 5229 vastantur
880 5192 1101 5246 quoque
1126 5191 1401 5246 pauperes
1425 5177 1531 5243 sui,
1557 5179 1703 5232 unde
1735 5195 1843 5232 non
1874 5196 2044 5249 parva
2066 5181 2170 5233 sol-

560 5264 812 5320 licitatur
849 5281 1014 5332 cura;
1048 5281 1358 5336 pauperum
1393 5283 1524 5337 ergo
1568 5267 1936 5322 transmissus
1968 5274 2166 5338 questu

564 5358 622 5407 et
646 5355 928 5426 lacrymis,
963 5361 1088 5426 post
1120 5372 1288 5427 parva
1322 5356 1540 5410 dierum
1577 5357 1869 5411 intervalla
1901 5358 2067 5411 rediit
2097 5358 2166 5411 ad

565 5442 876 5508 dominum,
903 5445 1226 5518 nullamque
1255 5447 1342 5501 sui
1373 5463 1562 5502 curam
1592 5463 1795 5516 gerens
1827 5447 1941 5517 egit
1961 5447 2167 5518 suppli-

569 5527 711 5583 citer
740 5547 965 5586 causam
1008 5534 1390 5602 innoxiorum;
1433 5535 1737 5590 accersitur
1769 5535 2058 5605 negotium
2088 5544 2170 5589 to-

573 5616 684 5671 tius
721 5619 908 5688 curiae,
951 5623 1219 5677 acerrime
1259 5623 1313 5677 in
1362 5641 1586 5679 causam
1629 5624 1940 5679 deducitur.
1977 5625 2167 5680 Inten-

2237 4558 2465 4624 pmpter
2493 4553 2668 4606 Deum
2695 4550 3012 4623 patientior.
3040 4552 3238 4606 Cibum
3259 4557 3463 4622 praeter
3491 4549 3686 4622 quibus
3717 4552 3811 4595 non

2238 4641 2367 4695 licet
2395 4641 2611 4707 diebus,
2659 4641 2832 4695 semel
2877 4641 3205 4711 accipiebat,
3257 4657 3359 4694 nec
3397 4637 3739 4711 exquisitum,
3771 4630 3817 4680 ei

2243 4747 2410 4801 parce
2439 4731 2593 4790 satis,
2627 4731 2842 4801 expleto
2874 4746 3002 4783 cum
3029 4730 3119 4783 die
3148 4747 3315 4801 opere
3345 4746 3463 4783 suo.
3499 4730 3565 4783 Et
3593 4723 3716 4796 quia
3740 4719 3814 4771 in-

2243 4820 2430 4874 terdiu
2479 4819 2763 4890 nequibat,
2815 4819 3112 4872 ediscendo
3160 4818 3425 4889 psalterio
3456 4823 3667 4872 noctem
3695 4819 3813 4880 pene

2246 4913 2420 4963 totam
2452 4908 2830 4980 impendebat.
2856 4908 2956 4962 His
2984 4908 3262 4962 exercitiis
3285 4908 3461 4963 multa
3485 4899 3810 4978 jucunditate

2253 4997 2613 5052 exercebatur
2637 5015 2810 5052 novus
2846 4997 2953 5051 tiro
2983 4997 3211 5052 Christi.
3777 5071 3785 5080 .

2324 5088 2511 5140 Prima
2539 5087 2852 5141 litterarum
2880 5086 3159 5141 elementa
3181 5086 3392 5150 didicit,
3429 5103 3554 5141 eum
3578 5084 3688 5154 jam
3717 5089 3812 5168 exr-

2253 5182 2428 5230 steret
2457 5193 2729 5230 annorum
2762 5192 2934 5248 prope
2983 5175 3374 5246 quadraginta,
3407 5180 3464 5228 et
3510 5171 3814 5257 divinaol’.“

2250 5266 2465 5319 tulante
2511 5266 2696 5335 gratia
2745 5282 2810 5318 eo
2862 5281 3040 5335 usque
3075 5264 3363 5334 processit,
3406 5269 3468 5318 ut
3507 5261 3664 5317 etiam
3701 5253 3814 5348 ipsis

2251 5356 2502 5428 apprime
2533 5355 2769 5409 eruditis
2810 5353 3199 5425 grammatica,
3229 5354 3286 5408 in
3321 5348 3651 5426 exponendis
3670 5358 3725 5397 ac
3749 5351 3813 5390 1η·

2249 5445 2567 5516 telligendis
2596 5444 2911 5498 divinarum
2945 5446 3359 5516 Scripturarum
3387 5436 3692 5527 sententiis,
3715 5440 3813 5527 ule-

2251 5534 2359 5587 rito
2389 5533 2693 5588 haberetur
2730 5533 3105 5600 admirabilis;
3151 5533 3319 5606 quod,
3345 5539 3409 5587 ut
3455 5531 3618 5587 solius
3645 5522 3812 5576 divinzt‘

2251 5624 2438 5693 gratia
2457 5623 2768 5679 efficientiae
2797 5628 2983 5678 actum
3014 5623 3293 5688 credatur,
3317 5619 3599 5679 nocturnis
3622 5613 3810 5669 tantum
