3920 6348
119 344 219 404 701

942 342 1113 398 VITA
1154 344 1211 398 S.
1255 342 1607 399 HERLUINI
1648 342 1954 399 ABBATIS
1994 339 2392 397 BECCENSIS
2427 339 2652 394 PRIMI.

3294 333 3399 391 702

120 469 275 526 horis
303 466 439 523 huic
480 467 666 523 sludio
699 466 947 533 vacabat,
984 467 1116 539 quia
1159 474 1389 542 propter
1426 470 1724 525 lectionem
1740 472 1791 530 Α
1806 467 2154 541 perfringere
2177 463 2608 529 conabatur,sed
2628 463 2753 534 [al.,
2773 477 2925 517 nunc
2949 461 3257 532 ]conamen
3278 460 3401 530 ejus

123 574 416 630 nunquam
467 556 656 611 diurni
693 557 877 627 operis
932 558 1237 614 intermisit
1291 560 1723 615 exsecutionem.

123 650 248 705 Non
279 648 464 702 solum
503 646 564 700 in
605 646 838 717 cythara
866 647 1118 701 conﬁteri
1151 649 1406 713 Domino,
1440 666 1634 703 verum
1674 654 1731 703 et

126 738 182 792 in
212 736 484 808 psalterio
518 735 710 788 decem
744 735 1077 789 chordarum
1111 739 1272 792 (Psat.
1304 753 1471 799 xxxu,
1500 736 1560 807 ‘2)
1581 738 1729 808 psal-

128 827 242 881 lere
280 824 584 896 gestiebat,
641 840 890 894 congrua
946 831 1261 895 temporum
1314 825 1726 894 distributione,

129 931 277 969 nunc
304 918 562 968 attentus
588 912 748 968 bonae
787 913 1012 979 actioni,
1048 931 1198 970 nunc
1224 914 1477 970 intentus
1504 915 1730 971 lectioni

129 1010 298 1075 atque
331 1001 600 1057 orationi.

197 1094 359 1147 Nova
390 1107 586 1145 rursus
604 1090 891 1145 molimina
902 1096 1098 1145 contra
1116 1108 1246 1146 eum
1267 1092 1447 1147 hostis
1466 1093 1733 1164 antiquus

132 1181 365 1247 invenit,
396 1181 546 1252 quod
589 1196 873 1235 summum
904 1180 962 1234 in
987 1181 1235 1236 humana
1262 1182 1373 1236 vita
1396 1182 1490 1237 ille
1522 1183 1734 1254 excogi-

134 1275 369 1337 taverat,
404 1270 819 1324 monasterialis
865 1269 1118 1324 videlicet
1169 1271 1381 1324 ordinis
1417 1272 1730 1341 fastigium,

134 1376 274 1432 pene
303 1359 575 1413 dissuasit
610 1358 698 1412 his
747 1358 1147 1412 occasionibus.
1193 1357 1521 1413 Ccenobium
1555 1357 1733 1430 quod-

136 1450 262 1503 dam
294 1448 440 1502 adiit
464 1448 650 1517 gratia
691 1447 1012 1517 inquirendi
1050 1447 1119 1501 de
1148 1447 1262 1501 vita
1291 1449 1693 1502 monachorum
1717 1468 1730 1516 ;

137 1538 333 1592 habita
392 1536 683 1601 oratione,
738 1536 970 1590 accessit
1016 1536 1169 1589 omni
1216 1554 1340 1590 cum
1400 1538 1733 1602 reverentia,

137 1628 314 1682 multo
355 1642 483 1680 cum
524 1625 724 1679 timore
754 1626 824 1679 ad
854 1625 1060 1679 ostium
1086 1625 1334 1691 claustri,
1366 1628 1519 1680 velut
1545 1627 1615 1680 ad
1644 1644 1734 1680 os-

138 1714 577 1790 tiumparadisi,
627 1714 1178 1768 desiderantissimus
1229 1714 1371 1769 scire
1414 1716 1509 1785 qui
1539 1732 1734 1769 mona-

1812 574 1977 612 omne
1997 554 2392 621 frustrabatur,
2421 554 2570 608 hunc
2598 551 2760 606 malis
2797 566 3093 623 pravorum
3134 548 3400 620 exemplis

1813 646 2087 701 suffodere
2117 645 2364 698 molitur.
2397 644 2605 696 Verum
2623 649 2685 696 ut
2707 641 2761 694 in
2793 639 3039 695 Canticis
3054 639 3403 692 canticorum

1811 736 2052 806 legimus
2072 748 2084 781 :
2110 736 2547 801 Um'uscujusque
2563 734 2677 784 viri
2687 734 2830 784 ensis
2850 745 3013 797 super
3032 730 3218 796 femur
3236 742 3402 781 suum

1805 830 2031 894 propter
2061 826 2281 877 timores
2313 826 2609 876 nocturnos
2642 820 2821 887 (Cant.
2853 833 2935 881 Ill,
2967 815 3042 882 8),
3072 833 3171 871 seu
3200 815 3405 870 diurna

1812 913 2228 985 oppugnatione
2247 927 2345 965 seu
2367 915 2643 964 nocturna
2659 906 3152 970 subdole,rationis
3172 906 3407 976 alicujus

1814 1003 2173 1073 suggestione
2231 999 2475 1060 accedat,
2516 998 2730 1052 invenit
2775 1013 2904 1051 eum
2952 995 3319 1049 excubantem
3347 995 3406 1048 in

1815 1090 2269 1163 propugnaculis,
2291 1089 2439 1159 gerit
2456 1087 2515 1141 in
2535 1103 2703 1140 manu
2715 1086 2987 1156 gladium,
3003 1084 3095 1155 qui
3119 1084 3408 1138 universas

1815 1182 1992 1237 hostis
2020 1195 2317 1251 compages
2348 1194 2412 1232 ac
2440 1176 2716 1230 medullas
2733 1173 3074 1245 exsequitur,
3106 1172 3408 1243 dignocens

1815 1288 1881 1326 ac
1911 1268 2287 1325 exterminans
2334 1282 2567 1337 quaeque
2616 1264 2685 1319 ab
2716 1264 2812 1318 illo
2841 1262 3208 1334 cogitationes
3237 1267 3407 1331 atque

1815 1358 2156 1413 intentiones
2177 1359 2557 1426 suggeruntur
2583 1372 2595 1421 ;
2628 1352 2698 1405 ad
2727 1350 3080 1422 excipiendos
3106 1349 3269 1414 ictus,
3292 1348 3410 1401 lon-

1815 1445 2183 1519 ganimitatis,
2208 1452 2265 1498 et
2284 1443 2568 1515 patientia:
2586 1440 2719 1494 forti
2744 1441 2938 1511 clypeo
2956 1438 3206 1492 munitur
3228 1456 3241 1497 ς
3268 1437 3410 1507 posi-

1817 1543 1909 1591 tus
1940 1537 2087 1589 infra
2126 1535 2326 1588 divinae
2364 1531 2632 1586 custodite
2677 1545 2900 1583 murum
2933 1527 3003 1581 ad
3039 1526 3230 1581 omnia
3256 1525 3408 1579 illius

1819 1625 2171 1691 molimina,a
2187 1621 2369 1692 vigilis
2392 1620 2478 1675 sui
2498 1617 2932 1673 commonitione
2956 1614 3410 1684 sollicitatur,qui

1818 1731 1930 1768 non
1942 1717 2006 1767 do
2014 1730 2120 1767 rm:
2130 1713 2465 1780 tabit,nequc
2481 1711 2713 1763 dormiet
2725 1710 2824 1776 qui
2834 1707 3044 1759 custodi
3048 1705 3388 1769 Uvae/(Pw!
3397 1747 3409 1760 .

140 1805 370 1859 chorum
408 1804 651 1865 habitus,
700 1803 794 1874 qui
836 1820 1037 1864 mores,
1099 1821 1221 1873 quae
1265 1803 1323 1857 in
1371 1804 1614 1859 claustro
1644 1821 1796 1882 se-B
1817 1818 1937 1869 cxx,
1984 1804 2058 1871 4).
2098 1801 2278 1872 Igitur
2292 1817 2404 1853 non
2424 1795 3028 1868 exploratisadvotum
3050 1810 3171 1864 quae
3193 1790 3415 1845 volebat

139 1894 301 1948 dendi
327 1893 403 1947 sit
416 1893 636 1963 religio.
661 1892 832 1951 Vidit.
851 1893 1018 1962 longe
1042 1893 1112 1947 ab
1131 1910 1196 1947 ea
1219 1909 1387 1964 quam
1408 1894 1733 1947 ccenobialis
1762 1881 1771 1915 ν·
1814 1888 2866 1950 castrorumDomini,reditﬁrmaturus
2879 1900 3041 1937 suum
3057 1881 3201 1953 quod
3218 1885 3414 1935 contra

140 1983 271 2037 ordo
318 1981 584 2052 exposcit,
638 1981 913 2051 gravitate
968 1998 1188 2035 morum
1246 1998 1439 2036 omnes
1496 1982 1729 2049 haberi;
1816 1979 2409 2052 spiritualesincursus
2429 1972 2965 2030 extruebattavulsit
2981 1971 3129 2024 illico
3151 1974 3413 2040 paternas
3472 1996 3493 2001 ι

140 2071 395 2126 turbatus
417 2076 504 2125 est
533 2072 651 2141 jam
694 2087 760 2124 ac
787 2070 1014 2124 omnino
1052 2070 1307 2124 incertus
1333 2069 1481 2141 quod
1520 2071 1735 2124 vivendi

141 2178 317 2231 genus
360 2158 725 2230 approbaret.
765 2160 848 2213 Ad
897 2160 1013 2213 haec
1062 2160 1155 2230 qui
1195 2160 1521 2215 monasterii
1549 2166 1736 2214 custos

142 2255 277 2315 erat,
302 2255 368 2303 ut
392 2248 552 2302 illum
584 2248 662 2302 sic
707 2247 983 2302 introrsus
1028 2249 1382 2303 accedentem
1431 2247 1734 2319 conspexit,

143 2339 323 2392 furem
371 2338 688 2408 suspicatus
717 2337 989 2401 immisso,
1023 2344 1235 2408 quanta
1272 2337 1321 2390 vi
1353 2337 1556 2408 potuit,
1597 2337 1738 2391 collo

144 2428 291 2482 illius
320 2444 528 2498 pugno,
559 2444 661 2499 per
683 2427 914 2497 capillos
941 2426 1076 2480 foris
1108 2443 1284 2498 usque
1307 2427 1377 2480 ad
1409 2427 1612 2480 ostium
1644 2442 1738 2479 ex-

145 2517 323 2572 trusit.
359 2518 435 2570 At
461 2517 546 2569 vir
569 2515 1015 2586 patientissimus
1064 2532 1160 2587 pro
1198 2515 1357 2570 illata
1394 2515 1500 2570 sibi
1531 2514 1741 2585 injuria

142 2607 359 2660 nullum
413 2605 684 2659 monacho
739 2605 912 2659 laicus
954 2605 1184 2659 verbum
1238 2604 1602 2676 impatientiae
1653 2621 1742 2658 re-

148 2694 390 2767 spondit.
439 2694 666 2749 Talibus
693 2694 919 2765 quidem
958 2695 1221 2747 accedere
1273 2694 1579 2765 plurimum
1611 2693 1745 2746 exti-

149 2785 312 2848 muit,
347 2784 443 2837 sed
474 2785 690 2855 palmes
710 2793 1052 2854 propagatus
1078 2783 1147 2836 ab
1180 2800 1263 2847 ea,
1292 2800 1414 2854 quae
1444 2783 1587 2836 Vitis
1616 2799 1747 2836 vera

151 2873 354 2936 existit,
394 2873 551 2927 nullo
599 2872 999 2927 adversitatum
1049 2878 1187 2926 aestu
1241 2888 1494 2926 arescere
1542 2876 1744 2942 potest,

149 2964 261 3017 alte
290 2962 579 3015 radicatus
603 2961 660 3015 in
690 2961 843 3015 illius
874 2962 1147 3015 charitate
1178 2978 1300 3032 quae
1329 2964 1519 3014 omnia
1556 2962 1748 3025 suffert

144 3053 193 3124 (Ι
220 3052 340 3106 σον.
372 3063 489 3115 xm,
524 3049 600 3121 7).

1817 2072 2031 2131 domos,
2052 2068 2202 2121 unde
2221 2081 2508 2120 servorum
2532 2064 2631 2118 Dei
2652 2061 2974 2116 habitacula
2991 2057 3318 2113 construxit.

1891 2160 2121 2213 Sacrata
2153 2173 2278 2210 vero
2300 2171 2470 2227 quam
2491 2152 2804 2207 construxit
2817 2149 3051 2204 ecclesia
3071 2147 3140 2201 ab
3154 2147 3413 2218 episcoPO

1820 2247 2060 2311 Lexovii,
2089 2246 2316 2300 nomine
2339 2242 2611 2298 Herberto
2629 2257 2846 2295 comam
2868 2238 3208 2300 totundit,ac
3239 2252 3413 2290 sacu-

1820 2337 1996 2391 larem
2028 2335 2283 2389 habitum
2311 2333 2596 2404 deponens
2624 2329 2695 2383 ab
2725 2330 2917 2383 eodem
2952 2326 3215 2398 pontiﬁce
3241 2341 3415 2378 sacrae

1821 2425 2076 2479 habitum
2113 2422 2401 2494 religionis
2449 2420 2681 2491 accepit,
2734 2418 2897 2472 miles
2943 2415 3151 2470 Christi
3197 2430 3298 2485 per
3335 2417 3419 2467 tot

1825 2515 2073 2587 pericula
2098 2512 2258 2567 fortis
2290 2517 2421 2565 ante
2452 2514 2714 2581 expertus
2739 2526 2752 2575 ;
2785 2506 3038 2577 ejusdem
3051 2503 3263 2559 ordinis
3291 2518 3418 2557 cum

1825 2620 1890 2658 eo
1905 2605 2105 2674 jugum
2134 2600 2430 2655 subierunt
2455 2599 2565 2652 duo
2596 2597 2704 2651 sui.
2737 2594 3101 2649 Postmodum
3131 2609 3166 2646 a
3188 2592 3419 2664 praefato

1827 2693 2063 2764 praesule
2079 2691 2336 2745 sacerdos
2357 2684 2999 2757 consecratus.pluribus
3019 2683 3246 2737 ducatui
3268 2681 3420 2735 illius

1824 2783 1941 2853 jam
1967 2781 2192 2835 adscitis
2219 2778 2486 2832 fratribus
2529 2775 2700 2829 abbas
2748 2773 3076 2845 prmﬁcitur;
3119 2775 3242 2825 tuto
3289 2769 3419 2824 imi-

1829 2872 2034 2924 tandus
2059 2869 2183 2922 aliis
2216 2866 2576 2938 praeponitur,
2619 2864 2714 2934 qui
2745 2879 2844 2934 per
2873 2878 3048 2915 annos
3071 2865 3186 2914 tres
3214 2859 3422 2930 impro-

1829 2960 2047 3032 perium
2087 2959 2217 3011 vitae
2256 2955 2562 3026 spiritualis
2609 2950 3019 3023 patientissime
3065 2948 3194 3003 tulit
3231 2963 3419 3001 coram

1829 3047 2187 3104 saecularibus
2210 3046 2485 3099 alienatus
2509 3040 2859 3114 spectaculis,
2881 3038 3084 3110 quibus
3112 3036 3423 3091 innutritus

222 3139 340 3193 Hoc
370 3138 441 3191 de
471 3137 568 3191 illo
596 3136 841 3192 referens
871 3138 1256 3192 aediﬁcationis
1280 3138 1563 3203 solatium,
1593 3136 1745 3191 aliud
1765 3140 1807 3197 C
1830 3138 2081 3211 quotidie
2110 3136 2249 3190 alios
2268 3131 2786 3198 videbatoblectari;
2809 3131 3053 3200 rigorem
3072 3128 3424 3182 abstinentiae

151 3244 219 3283 ea
241 3228 310 3282 de
332 3243 394 3280 re
419 3226 674 3298 proximo
705 3227 879 3280 natali
911 3227 1200 3281 Dominico
1230 3227 1370 3281 adiit
1398 3227 1625 3298 majoris
1657 3242 1752 3279 no-

149 3315 321 3370 minis
348 3314 682 3377 coenobium,
718 3315 916 3370 festiva
945 3316 1301 3386 processione
1320 3333 1444 3370 cum
1468 3317 1671 3370 fratres
1692 3314 1747 3368 in

151 3405 242 3459 die
266 3404 643 3459 solemnitatis
675 3404 939 3469 exissent,
990 3405 1129 3458 vidit
1180 3404 1460 3458 indecenti
1508 3405 1747 3458 benevo-

154 3493 329 3548 lentia
355 3494 658 3547 monachos
684 3494 895 3564 passim
927 3494 1177 3547 arridere
1216 3493 1390 3559 laicis,
1433 3493 1751 3563 aggaudere

153 3583 213 3636 in
241 3581 623 3654 paratioribus
654 3583 1003 3637 ornamentis
1027 3583 1372 3636 ostendendo
1404 3598 1473 3636 ea
1499 3581 1642 3645 aliis,
1679 3581 1749 3634 ad

153 3671 447 3726 introitum
497 3671 842 3725 contentioso
873 3672 1121 3735 tumultu
1155 3671 1464 3742 anticipare
1511 3670 1745 3723 aditum.

154 3761 237 3815 Ad
264 3761 383 3815 haec
412 3760 767 3814 insistentem
805 3760 910 3814 sibi
962 3761 1197 3815 nimium
1250 3760 1481 3814 fratrem
1521 3759 1747 3828 quidam

156 3850 464 3904 monachus
495 3849 831 3903 monachum
882 3866 1068 3920 pugno
1111 3865 1500 3920 repercussum
1527 3847 1746 3912 avertit,

156 3956 219 3993 ac
250 3939 561 4010 impulsum
607 3939 822 4009 supinis
869 3939 1131 3993 dentibus
1160 3938 1386 3993 demisit
1413 3938 1484 3992 ad
1526 3938 1707 3991 solum
1736 3956 1746 4004 ;

155 4028 338 4082 adhuc.
375 4027 546 4091 enim,
580 4032 643 4081 ut
699 4027 908 4081 dictum
958 4033 1059 4092 est,
1119 4044 1312 4081 omnes
1352 4027 1604 4080 omnium
1656 4042 1755 4096 per

153 4116 589 4171 Northmaniam
620 4132 804 4171 mores
832 4115 1056 4171 barbari
1085 4123 1263 4170 erant.
1303 4117 1420 4169 Hac
1446 4132 1635 4168 rerum
1666 4117 1755 4168 in-

156 4206 395 4260 solentia
440 4222 513 4259 ne
556 4204 762 4260 bonum
817 4207 1114 4260 damnaret
1164 4206 1489 4276 incoeptum,
1536 4210 1754 4258 tantam

156 4301 384 4350 actuum
442 4294 746 4359 levitatem,
790 4300 1003 4349 tantam
1058 4294 1477 4366 improbitatem
1537 4311 1755 4349 morum

157 4389 431 4437 contuens
472 4383 532 4436 in
585 4383 698 4437 illis
740 4384 809 4438 ad
850 4401 1087 4455 quorum
1134 4390 1258 4449 εδδ
1297 4400 1553 4438 normam
1584 4384 1753 4437 vitam

1832 3245 1942 3282 non
1964 3228 2222 3281 relaxans
2239 3225 2386 3278 inter
2413 3221 2869 3277 affluentissimas
2896 3218 3249 3273 dominorum
3274 3233 3425 3270 men-

1831 3332 1943 3380 sas,
1969 3314 2122 3368 omni
2139 3312 2380 3382 denique
2400 3308 2697 3380 abjectioni
2721 3325 2923 3379 corpus
2942 3323 3107 3361 suum
3129 3304 3426 3376 subjiciens

1833 3405 1891 3459 in
1918 3403 2092 3458 curia.
2126 3404 2276 3466 Quos
2305 3416 2437 3470 ergo
2480 3399 2752 3469 regendos
2779 3402 3068 3468 acceperat
3093 3394 3423 3459 arctissime,

1833 3494 1919 3548 vel
1965 3509 2121 3547 more
2164 3491 2397 3545 Patrum
2437 3489 2658 3560 piorum
2688 3486 2814 3561 [al.,
2856 3485 3132 3558 priorum]
3176 3484 3426 3554 regebat.

1831 3584 2081 3648 Videres,
2090 3584 2311 3652 peracto
2341 3579 2398 3633 in
2419 3578 2655 3632 ecclesia
2674 3576 2876 3642 ofﬁcio,
2897 3575 3156 3629 abbatem
3187 3574 3328 3628 collo
3349 3589 3432 3627 se-

1832 3679 2099 3737 mentem,
2127 3686 2296 3724 manu
2322 3673 2567 3723 rastrum
2598 3668 2682 3721 vel
2711 3666 2990 3721 sarculum
3014 3661 3429 3734 gestantem,ad

1833 3761 2233 3832 agriculturam
2265 3757 2461 3830 praeire
2490 3756 2791 3810 monachos
2829 3770 3041 3820 omnes,
3094 3753 3243 3806 ruris
3272 3750 3428 3822 operi

1833 3851 1937 3905 sub
1965 3850 2075 3903 diei
2104 3848 2406 3903 terminum
2448 3845 2727 3910 insistere,
2761 3843 3013 3898 sentibus
3041 3847 3099 3895 et
3126 3840 3303 3912 spinis
3334 3838 3431 3892 alii

1835 3956 2034 4010 agrum
2065 3936 2467 4000 emundabant,
2500 3934 2595 3988 alii
2649 3935 2842 3988 ﬁmum
2884 3930 3125 4002 scapulis
3176 3944 3431 4000 compor-

1835 4033 2021 4082 tantes
2051 4025 2475 4098 spargebant,hi
2499 4022 2833 4083 sarriebant,
2852 4021 2934 4074 illi
2955 4017 3228 4083 ferebant,
3262 4032 3429 4072 nemo

1836 4134 2038 4189 panem
2072 4114 2394 4170 assumebat
2419 4114 2475 4166 in
2506 4111 2717 4177 otio,ad
2747 4111 2943 4164 horam
2975 4108 3175 4179 agendi
3193 4105 3361 4162 ofﬁcii
3374 4105 3434 4160 in

1838 4206 2073 4260 ecclesia
2092 4220 2285 4258 omnes
2313 4202 2380 4257 ad
2419 4216 2875 4272 unamquamque
2901 4199 3095 4252 horam
3133 4195 3432 4252 convenie-

1837 4295 1992 4349 bant.
2026 4294 2218 4348 Victus
2247 4291 2607 4363 quotidianus
2631 4290 2793 4362 panis
2826 4288 3135 4360 siligineus,
3162 4291 3218 4341 et
3247 4285 3432 4341 herbae

1839 4402 1964 4439 cum
1996 4385 2112 4437 sale
2145 4388 2201 4436 et
2225 4398 2373 4451 aqua
2397 4400 2409 4449 ;
2439 4397 2587 4452 aqua
2603 4397 2716 4435 non
2737 4379 2843 4433 nisi
2862 4379 3136 4441 lutulena,
3160 4376 3292 4447 quia
3309 4376 3435 4430 fons

158 4488 316 4526 suam
348 4471 630 4542 corrigere
660 4471 907 4538 nolebat,
950 4472 1052 4526 Dei
1101 4488 1301 4527 manus
1344 4472 1525 4527 effecit
1552 4472 1757 4527 subve-
1779 4458 2118 4543 Dnusquam
2150 4476 2353 4542 praeter
2392 4469 2463 4523 ad
2511 4469 2622 4524 duo
2653 4468 2917 4523 milliaria
2945 4465 3275 4521 habebatur.
3317 4465 3435 4521 Cm-

158 4561 320 4615 niens
340 4559 571 4615 labanti.
597 4561 863 4631 Sequenti
892 4568 1070 4629 nocte,
1106 4562 1322 4633 expleto
1351 4562 1758 4616 matutinorum

160 4649 362 4713 ofﬁcio,
398 4649 495 4704 diu
523 4655 655 4703 ante
702 4650 882 4705 lucem
922 4651 1050 4704 aliis
1095 4650 1314 4705 emissis
1344 4656 1606 4705 oraturus
1635 4651 1755 4722 ipse

158 4739 437 4793 remansit
491 4740 799 4794 occultatus
844 4740 903 4793 in
963 4740 1205 4811 quodam
1244 4741 1450 4811 angulo
1487 4741 1751 4806 oratorii;

163 4845 287 4882 mox
317 4828 548 4899 quidam
589 4829 897 4883 monachus
926 4845 991 4883 eo
1019 4846 1130 4883 non
1159 4828 1275 4883 viso
1304 4846 1477 4901 prope
1507 4830 1758 4884 constitit

163 4918 229 4971 ad
258 4917 662 4989 orandum,qui
690 4934 839 4972 nunc
866 4922 985 4972 toto
1006 4935 1239 4990 corpore
1266 4925 1760 4990 prostratus,nunc

162 5011 385 5061 tantum
418 5006 654 5076 genibus
683 5008 858 5071 ﬂexis,
887 5024 1012 5061 cum
1055 5008 1321 5078 lacrymis
1369 5025 1536 5063 orans
1581 5025 1760 5078 usque

165 5096 233 5150 ad
261 5112 429 5150 mane
459 5097 672 5150 clarum
706 5096 970 5167 perstitit.
997 5096 1128 5166 Ejus
1154 5097 1327 5168 igitur
1357 5097 1610 5168 exemplo
1637 5113 1759 5150 om-

164 5184 295 5240 nino
325 5185 742 5257 redintegratus
767 5192 871 5240 est.

233 5274 552 5329 Referimus
612 5275 904 5337 miracula,
941 5276 1037 5329 sed
1078 5276 1176 5342 eis,
1228 5276 1377 5330 unde
1423 5275 1620 5345 vulgus
1656 5276 1765 5329 fert

167 5364 527 5430 sententiam,
560 5364 801 5419 multum
846 5365 1130 5435 pauciora,
1173 5380 1493 5435 quanquam
1522 5380 1633 5418 non
1664 5364 1761 5417 de-

167 5450 395 5507 fuerunt
431 5458 489 5508 et
516 5453 657 5524 ipsa.
691 5454 836 5518 Quid
863 5454 1013 5508 enim
1041 5454 1361 5524 gloriosius,
1408 5453 1559 5525 quod
1588 5453 1766 5507 victus

170 5540 237 5595 ab
266 5559 332 5597 eo
353 5542 562 5613 ubique
590 5542 784 5606 hostis,
815 5542 930 5597 Deo
948 5542 1219 5609 vincente,
1238 5542 1558 5598 succubuit?
1575 5542 1766 5598 Robur

171 5632 498 5686 constantia
509 5631 717 5695 illius,d
726 5631 842 5686 uris
859 5633 1132 5687 hactenus
1143 5633 1213 5686 ad
1220 5632 1547 5688 versitatum
1563 5631 1729 5687 ictibu
1739 5649 1762 5686 s

1841 4564 2000 4624 leste,
2031 4560 2276 4624 aiebant,
2309 4558 2643 4614 beneﬁcium
2675 4575 2799 4613 cum
2830 4558 2991 4630 panis
3021 4557 3239 4623 melior,
3273 4561 3330 4611 et
3349 4573 3437 4611 ca-

1837 4668 1983 4716 seus,
2017 4650 2101 4702 vel
2146 4648 2360 4718 aliquid
2402 4648 2552 4702 aliud
2585 4646 2832 4702 edulium
2864 4647 3234 4718 undecunque
3262 4644 3438 4700 habe-

1837 4741 2024 4796 batur.
2080 4738 2405 4807 Exemplum
2458 4736 2732 4806 magistri,
2792 4742 2849 4791 et
2911 4741 3161 4800 conatus,
3213 4751 3437 4789 omnem

1840 4827 2232 4884 murmurandi
2282 4824 2610 4880 excludebat
2648 4825 2884 4880 aditum.
2934 4825 3120 4879 Abbas
3160 4824 3315 4895 prior
3367 4824 3438 4878 ad

1842 4936 2000 4991 opus,
2054 4916 2123 4971 ab
2172 4932 2339 4986 opere
2381 4913 2703 4968 discedebat
2731 4914 2981 4977 ultimus,
3032 4918 3292 4986 operator
3318 4912 3440 4983 ipse

1842 5008 2160 5063 continuus.
2196 5003 2376 5059 Simili
2405 5020 2463 5057 se
2501 5002 2642 5057 inibi
2686 5007 2916 5073 propter
2958 5003 3136 5056 Deum
3184 5000 3440 5056 servituti

1844 5096 2045 5152 nobilis
2075 5099 2257 5149 mater
2287 5094 2408 5163 ejus
2437 5092 2667 5157 addixit,
2692 5096 2749 5146 et
2767 5092 3043 5146 concessis
3064 5092 3177 5145 Deo
3194 5090 3433 5163 praediis,

1845 5204 1968 5258 quae
1999 5182 2481 5249 habebat,ancillae
2497 5182 2835 5253 fungebatur
2850 5181 3048 5247 ofﬁcio,
3071 5180 3442 5235 servientium

1847 5276 1961 5331 Deo
1991 5290 2205 5345 pannos
2235 5271 2491 5337 abluens,
2523 5276 2581 5326 et
2601 5271 2868 5343 quidquid
2907 5268 3309 5342 injungebatur
3346 5286 3441 5324 ex-

1845 5364 2011 5418 tremi
2030 5362 2215 5434 operis
2235 5361 2652 5416 accuratissime
2680 5378 2869 5431 agens.

1921 5452 2003 5506 Ad
2039 5468 2180 5522 opus
2206 5467 2491 5504 servorum
2511 5451 2607 5504 Dei
2634 5450 2876 5521 quadam
2897 5450 2987 5505 die
3004 5466 3131 5504 cum
3161 5465 3443 5506 annonam

1848 5546 2106 5605 torreret,
2134 5541 2322 5596 nescio
2351 5556 2461 5611 quo
2498 5556 2630 5594 casu
2668 5540 2869 5594 domus
2898 5540 3146 5612 undique
3177 5558 3444 5596 succensa

1847 5630 2216 5686 est.Cucurrit
2234 5629 2456 5700 quidam
2477 5629 2739 5699 ejulando
2755 5630 3022 5686 nuntians
3040 5629 3226 5686 abbati
3249 5632 3444 5687 domos
