3920 6352
552 290 652 350 703
1499 290 1596 346 ΑΙ)
1637 291 1874 348 OPERA
1912 291 1974 346 B.
2018 289 2430 346 LANFRAT‘TCI
2468 286 2858 344 APPENDIX.
3712 288 3809 345 704

547 414 887 488 combustas,
921 419 978 470 et
1007 419 1244 468 matrem
1269 415 1393 484 ejus
1432 413 1570 469 inibi
1604 432 1726 470 esse
1754 416 2139 482 combustam';
2157 415 2377 478 Adium
2407 419 2586 470 morte
2617 412 2798 468 subita
2821 416 3132 484 praeventus
3149 415 3435 472 nominem
3457 415 3811 480 exivit.Quod

550 510 610 570 at
632 503 726 557 ille
757 505 886 557 licet
910 503 1172 575 lacrymis
1194 504 1438 558 suffusus
1471 504 1540 557 ad
1574 506 1747 559 Deum
1774 522 1974 559 manus
2002 505 2144 559 leva-
2226 504 2397 559 abbas
2409 505 2526 576 ipse
2539 504 2733 557 eadem
2756 503 2896 556 hora
2913 502 3138 572 agnovit
3155 503 3400 558 animam
3418 505 3578 560 illius
3601 511 3811 575 raptam

549 593 630 646 vit
658 611 668 644 :
711 615 732 641 ι
768 592 991 646 Gratias
1023 592 1143 656 tibi,
1177 593 1344 656 Deus,
1374 592 1652 662 inquiens,
1688 593 1834 664 quod
1877 593 1935 647 in
1962 593 2142 647 officio
2225 611 2259 648 a
2283 591 2900 657 daemonibus,audiens
2921 591 3225 646 miserabili
3240 593 3464 664 planetu
3489 595 3812 664 ejulantem,

552 681 914 735 servientium
954 680 1052 734 tibi
1093 687 1328 734 matrem
1364 697 1546 733 meam
1589 681 1734 750 ignis
1761 681 2086 752 assumpsit.
2117 701 2139 733 ι
2226 688 2284 738 et
2313 683 2393 736 ita
2418 699 2518 753 per
2547 683 2778 750 longum
2808 681 3078 752 temporis
3113 687 3171 735 et
3198 681 3301 735 loci
3333 682 3700 736 intervallum
3727 682 3816 736 ab-

551 769 734 823 Fortis
763 769 819 823 in
839 787 1029 823 amore
1060 770 1160 823 Dei
1181 770 1495 824 constantia
1515 787 1637 841 qua:
1656 775 1740 824 tot
1773 771 1979 824 diaboli
2006 771 2146 824 arie-

551 857 701 912 tibus
733 859 976 930 impulsa
1005 858 1192 912 labare
1214 875 1326 912 non
1345 861 1595 930 poterat!
1627 861 1859 914 malleos
1894 877 1959 913 ac
1987 861 2145 930 ignes

551 945 811 1001 inimicus
837 947 1173 1018 suggerebat
1195 947 1677 1020 nesciens,quibus
1699 949 1781 1002 vir
1802 950 2022 1020 patiens
2043 951 2144 1004 mi-

551 1035 701 1089 nime
725 1035 1083 1093 fundebatur.
1126 1037 1220 1090 sed
1254 1041 1528 1107 purgatus
1571 1036 1641 1089 ad
1667 1053 1931 1090 coronam
1950 1036 2143 1107 gloriae

549 1123 914 1179 formabatur.
939 1125 1094 1179 Nihil
1109 1131 1301 1179 tamen
1333 1126 1467 1179 mali
1492 1125 1552 1179 in
1580 1126 1679 1179 illa
1706 1127 2144 1196 conflagratione

548 1213 813 1284 praedicta
840 1213 1068 1269 domina
1089 1232 1254 1286 passa
1274 1214 1402 1269 fuit.

620 1303 761 1356 Dein
792 1309 919 1374 post
954 1304 1308 1375 aliquantum
1340 1304 1608 1374 temporis
1652 1320 1753 1375 per
1794 1303 1974 1357 visum
2008 1303 2145 1356 divi-

550 1391 702 1445 nitus
722 1394 1094 1448 commonitus
1110 1399 1285 1459 est,ut
1316 1393 1547 1447 dimissa
1568 1393 1869 1447 solitudine
1889 1411 2144 1464 campes-

550 1479 642 1545 tri,
669 1497 790 1550 quaa
807 1483 1148 1552 competenti
1170 1483 1591 1554 opportunitate
1626 1483 1851 1536 omnino
1895 1481 2140 1548 carebat,

2226 772 2372 836 duci,
2390 771 2566 826 mittit
2582 770 2685 826 sub
2704 770 3104 824 acceleratione
3120 770 3251 842 quid
3265 772 3334 825 de
3349 771 3442 826 illo
3457 778 3732 842 ageretur
3746 772 3818 826 in-

2227 861 2496 934 quisitum
2513 860 2601 927 iri;
2620 861 2840 930 legatus
2857 859 2988 914 illuc
3010 860 3302 930 pervolans
3322 862 3581 932 pulsatas
3600 861 3820 916 foresir-

2224 949 2780 1022 rumpit,irrumpens
2791 949 2860 1002 ad
2876 948 3057 1003 cubile
3073 949 3408 1020 pervenit,in
3420 949 3596 1005 cubili
3607 951 3724 1020 jam
3737 967 3820 1021 ge-

2224 1040 2494 1103 lidum,ac
2516 1037 2781 1093 membris
2803 1037 3064 1092 omnibus
3083 1038 3328 1108 rigidum
3351 1039 3420 1093 ad
3455 1039 3612 1094 latus
3632 1039 3820 1094 nescia

2227 1129 2416 1183 uxoris
2427 1145 2542 1182 suae
2561 1127 2790 1182 invenit.
2810 1128 2992 1197 Hujus
3022 1127 3280 1182 miraculi
3307 1144 3485 1183 unum
3509 1144 3540 1182 e
3561 1127 3819 1182 fratribus

2227 1223 2431 1273 testem
2453 1216 2670 1283 habuit,
2701 1216 2795 1288 qui
2825 1233 2950 1270 cum
2974 1233 3038 1270 eo
3063 1217 3287 1272 eosdem
3319 1217 3566 1287 ejulatus
3592 1217 3814 1271 audivit.

2299 1308 2552 1373 Quadam
2574 1307 2664 1361 die
2686 1306 2834 1360 circa
2863 1306 3208 1376 vespertinas
3237 1307 3404 1362 horas
3433 1323 3568 1362 cum
3600 1305 3732 1360 foris
3755 1307 3817 1360 ad

2228 1416 2368 1471 opus
2406 1397 2696 1460 resideret,
2744 1395 2881 1449 vidit
2926 1396 3235 1450 diemonem
3283 1396 3386 1451 sub
3415 1397 3618 1451 habitu
3644 1395 3817 1450 clerici

2226 1505 2397 1560 prope
2424 1487 2605 1540 locum
2650 1485 2916 1550 transire,
2951 1490 3008 1538 et
3036 1501 3161 1539 eam
3192 1485 3510 1540 dormitorii
3545 1485 3815 1540 ofﬁcinam

552 1583 680 1621 eum
711 1569 779 1622 ad
802 1569 984 1622 locum
1000 1571 1084 1624 sui
1098 1571 1243 1640 juris
1259 1573 1607 1626 mansionem
1628 1574 1961 1628 transferret
1988 1574 2081 1644 qui
2112 1590 2147 1626 a
2227 1578 2282 1632 in
2317 1593 2427 1647 qua
2457 1576 2690 1628 fratrem
2736 1574 2806 1627 ad
2854 1573 3170 1628 necessaria
3213 1591 3463 1629 secessus
3485 1579 3594 1640 est,
3628 1573 3774 1628 adire
3805 1591 3815 1637 ;

551 1656 667 1710 rivo
688 1658 800 1711 illic
823 1661 1072 1713 mananti
1099 1661 1300 1715 Beccus
1323 1663 1732 1732 appellatur,ad
1764 1662 2086 1716 milliarium
2113 1679 2186 1733 ai,
2230 1682 2423 1720 revera
2454 1662 2768 1733 suspicatus
2803 1662 3087 1726 clericum,
3124 1667 3182 1715 et
3224 1663 3372 1732 quod
3411 1662 3483 1717 ad
3516 1662 3815 1717 oratorium

551 1755 734 1806 castro
772 1747 918 1818 quod
951 1755 1175 1803 vocatur
1203 1750 1530 1804 Brionnium
1558 1752 1717 1805 valle.
1755 1752 1848 1805 Est
1878 1751 1966 1804 hic
1992 1732 2207 1805 locusB
2225 1755 2308 1808 ire
2333 1752 2612 1811 voluisset,
2628 1751 2758 1804 fecit
2790 1767 2823 1803 a
2848 1750 3228 1820 compluribus
3257 1751 3555 1805 inclamari
3587 1749 3818 1821 quaibat

553 1834 611 1888 in
643 1834 764 1905 ipso
781 1837 944 1901 saltu,
976 1838 1610 1904 Brionnensivalleima,
1638 1839 1919 1894 montibus
1938 1841 2146 1894 saltuo-
2227 1859 2338 1897 non
2382 1857 2503 1894 esse
2541 1843 2687 1893 viam
2733 1838 2996 1906 oratorii;
3039 1855 3394 1910 nequaquam
3437 1839 3820 1894 exaudientem

554 1923 630 1976 sis
660 1923 787 1977 hinc
809 1925 938 1979 inde
968 1927 1205 1991 occlusa,
1241 1928 1395 1981 omni
1434 1929 1854 1999 opportunitate
1898 1930 2144 1982 humano
2228 1928 2584 2001 prosequitur
2613 1929 2817 1982 missus
2849 1927 2943 1998 qui
2972 1932 3277 1993 revocaret,
3313 1927 3412 1982 sed
3454 1926 3636 1998 elapsi
3679 1926 3822 1982 nulla

551 2013 679 2066 usui
708 2016 1033 2070 commodus
1062 2022 1291 2087 propter
1309 2017 1663 2083 densitatem,
1699 2035 1763 2072 ac
1791 2019 1894 2072 rivi
1923 2035 2144 2072 recrea-
2229 2035 2460 2091 prorsus
2492 2016 2728 2087 vestigia
2770 2015 3006 2074 invenit.
3048 2016 3332 2070 Intellexit
3355 2017 3592 2071 tandem
3622 2015 3819 2070 inimici

549 2105 759 2155 tionem
782 2104 1055 2170 ;ferarum
1076 2105 1210 2159 illuc
1236 2107 1478 2160 multum
1509 2113 1631 2160 erat
1659 2125 1941 2174 accursus,
1974 2108 2146 2162 trium
2230 2108 2598 2181 praestigium,
2631 2122 2693 2158 ac
2723 2105 2804 2159 rei
2835 2110 3094 2158 eventum
3117 2104 3477 2175 exspectavit.
3503 2104 3683 2159 Nocte
3709 2119 3820 2175 pro-

551 2193 771 2243 tantum
796 2192 1596 2248 molendinorumtresdomus
1623 2195 1736 2249 illic
1756 2201 1936 2258 erant,
1972 2202 2028 2250 et
2065 2214 2150 2250 so-
2230 2199 2379 2252 xima
2435 2195 2664 2268 quidam
2714 2194 3039 2258 monachus,
3086 2193 3156 2247 de
3200 2192 3549 2248 monasterio
3592 2192 3817 2262 fugiens,

553 2277 671 2332 lum
694 2278 998 2334 habitabile
1018 2281 1578 2351 permodicum.Quid
1598 2300 1729 2353 ergo
1747 2284 1956 2338 faceret
1978 2285 2001 2337 ?
2024 2302 2145 2339 mo-
2228 2305 2329 2360 per
2349 2286 2545 2341 eadem
2601 2285 2722 2337 loca
2779 2299 3036 2353 egressus
3091 2282 3364 2348 discessit,
3397 2287 3463 2336 ut
3508 2299 3539 2336 e
3593 2279 3810 2350 vestigio

553 2367 910 2423 lendinorum
939 2371 995 2424 in
1015 2387 1124 2424 uno
1144 2388 1274 2443 pars
1298 2371 1400 2425 sibi
1433 2373 1604 2437 nulla,
1635 2373 1871 2426 aliorum
1905 2374 2146 2428 duorum
2229 2376 2560 2431 subsecutus
2589 2371 3021 2444 prodidit.Quod
3051 2388 3214 2425 mane
3245 2371 3337 2424 ille
3369 2387 3503 2425 cum
3534 2368 3819 2441 comperis-

555 2472 658 2509 sua
685 2474 814 2526 pars
846 2464 969 2512 erat
994 2460 1181 2524 tertia,
1216 2477 1316 2514 nec
1342 2465 1531 2514 tamen
1561 2461 1662 2515 soli
1701 2461 1938 2517 liberum
1972 2480 2146 2534 quan-
2228 2471 2315 2522 set
2343 2464 2500 2529 dixit,
2535 2462 2626 2517 cui
2661 2459 2942 2515 militabat
2959 2465 3016 2514 et
3039 2459 3135 2532 qui
3165 2477 3295 2515 eum
3323 2460 3604 2515 abducere
3634 2457 3819 2529 sategit

551 2550 673 2599 tum
705 2557 1021 2618 opportuna
1042 2549 1308 2603 domuum
1349 2549 1625 2622 capacitas
1655 2551 2148 2622 exigebat.Comes
2230 2572 2264 2609 a
2307 2552 2638 2624 vespertinis
2689 2549 2842 2604 horis
2895 2549 3323 2621 praestolabatur
3377 2548 3455 2604 ibi
3512 2547 3820 2603 immundus

553 2633 875 2690 Gilebertus
914 2637 992 2691 nil
1028 2655 1265 2709 usquam
1297 2657 1360 2693 eo
1389 2640 1536 2694 saltu
1566 2641 1865 2711 pretiosius
1896 2642 2146 2713 posside-
2230 2642 2610 2706 immundum,
2639 2639 2900 2693 dominus
2930 2639 3227 2693 satellitem
3257 2655 3359 2709 per
3387 2638 3683 2693 immunda
3703 2639 3818 2707 jure

557 2721 652 2778 bat
678 2724 823 2790 Quid
843 2728 1032 2797 plura?
1060 2746 1156 2799 spe
1178 2729 1234 2782 in
1266 2729 1380 2784 Deo
1402 2731 1814 2801 lirmata,coepit
1839 2731 2150 2802 operari,ac
2232 2733 2592 2787 abducturus.
2627 2728 2810 2783 Variis
2831 2744 2963 2798 ergo
2999 2727 3382 2787 simultatibus
3413 2744 3543 2798 quae
3583 2743 3722 2797 saepe
3741 2725 3818 2778 in-

555 2811 703 2866 Deus
757 2815 1173 2870 evidentissime
1220 2817 1526 2888 cooperari,
1575 2835 1704 2872 nam
1755 2825 2059 2884 consortes,
2093 2825 2150 2874 et
2231 2827 2449 2875 trorsus
2479 2817 2807 2873 oriebantur
2831 2817 2997 2887 coepit
3018 2817 3211 2871 dolere
3237 2817 3482 2870 multum
3505 2822 3562 2870 et
3582 2814 3814 2878 anxiari;

554 2904 886 2958 contermini
918 2921 1057 2974 quas
1079 2905 1154 2959 ibi
1176 2905 1456 2960 habebant
1473 2913 1787 2978 partes,seu
1810 2908 2143 2974 venditione,

535 3007 652 3069 ’seu
678 2994 930 3063 gratuita
950 2994 1484 3060 donatione,omnes
1511 2997 1613 3050 sibi
1651 3015 1781 3052 suas
1821 2998 2044 3061 dedere,
2087 3014 2150 3052 ac

543 3079 706 3150 brevi
737 3081 840 3135 sub
857 3089 1108 3154 tempore
1138 3084 1337 3139 silvam
1370 3085 1988 3156 Brionnii,quaecircum
2007 3091 2145 3154 erat,

543 3157 736 3224 totam
766 3170 1027 3226 obtinuit.

626 3259 983 3322 Consecrata,
1018 3261 1209 3332 paucis
1227 3269 1508 3318 exstructa
1532 3265 1717 3332 annis,
1740 3282 1851 3319 non
1873 3283 2043 3337 parva
2067 3284 2152 3321 ec-

557 3347 744 3412 clesia,
804 3349 1078 3403 columnis
1117 3367 1182 3404 ex
1219 3351 1419 3421 ligneis
1467 3354 1772 3408 claustrum
1817 3356 2146 3420 construxit,

555 3436 614 3490 in
631 3437 840 3508 quoad
871 3454 1079 3492 morem
1110 3441 1305 3510 patriae
1335 3441 1536 3495 fratres
1559 3442 1678 3512 jam
1717 3460 1994 3514 nusquam
2021 3461 2150 3515 pro-

545 3542 848 3596 gressuros
877 3527 1164 3582 considere
1191 3529 1456 3583 instituit.
1504 3532 1676 3585 Nocte
1701 3549 1827 3585 vero
1857 3533 2154 3587 subsecuta

557 3616 797 3670 orationi
827 3634 891 3670 eo
912 3616 1126 3672 intento
1152 3619 1208 3672 in
1242 3626 1422 3674 stratu
1453 3637 1572 3685 suo,
1605 3621 1860 3676 diabolus
1882 3623 2056 3677 futuri
2079 3624 2148 3676 il-

555 3705 626 3758 lic
642 3703 912 3760 bonorum
934 3723 1164 3780 operum
1201 3708 1528 3763 incrementi
1562 3711 1870 3782 primordia
1892 3728 2145 3778 cernens,

546 3791 1044 3864 impatientissime
1056 3797 1202 3861 tulit,
1213 3803 1418 3851 tectum
1437 3798 1751 3852 dormitorii
1774 3800 1952 3852 multa
1963 3800 2012 3852 vi
2026 3817 2152 3853 con-

2233 2911 2303 2965 ad
2332 2926 2397 2964 ea
2424 2908 2572 2963 enim
2618 2906 3004 2978 componenda
3034 2906 3129 2977 qui
3158 2905 3214 2959 in
3245 2906 3493 2960 claustro
3515 2904 3821 2978 praesideret

2233 2999 2466 3054 minime
2505 3003 2646 3056 erat,
2671 3002 2996 3067 sumptuum
3025 2995 3512 3065 congerendorum
3537 2992 3818 3048 necessitas

2236 3089 2394 3142 illum
2418 3085 2881 3142 extraimmorari
2899 3083 3292 3155 compellebat:
3319 3083 3425 3138 hac
3453 3083 3525 3137 de
3547 3099 3607 3138 re
3629 3081 3818 3136 multo-

2232 3179 2339 3232 ties
2370 3177 2670 3232 Dominum
2695 3191 2820 3228 cum
2836 3175 2954 3244 jam
2975 3179 3274 3236 exorasset,
3308 3173 3500 3227 divina
3531 3171 3636 3226 sibi
3667 3169 3819 3224 mise-

2236 3267 2377 3321 ratio
2402 3264 2843 3320 accommodavit
2871 3262 3453 3326 auxilium,sufficiens
3484 3261 3557 3316 ad
3577 3259 3818 3315 universa

2238 3373 2362 3427 quae
2392 3355 2609 3425 agenda
2637 3354 2822 3407 forent
2841 3350 3190 3421 suﬂragium.

2309 3446 2479 3499 Ortus
2509 3443 2672 3498 Italia
2702 3441 2931 3513 quidam
2964 3440 3046 3494 vir
3075 3445 3214 3503 erat,
3251 3456 3415 3510 quem
3460 3437 3732 3494 Latinitas
3762 3434 3810 3488 in

2235 3534 2529 3605 antiquum
2557 3532 2626 3586 ab
2655 3548 2719 3586 eo
2751 3529 3014 3584 restituta
3051 3529 3296 3584 scientiae
3333 3533 3545 3583 statum
3586 3532 3702 3582 tota
3732 3540 3814 3579 su-

2233 3639 2512 3693 premum,
2537 3620 2724 3674 debito
2751 3635 2876 3673 cum
2908 3635 3097 3672 amore
3119 3624 3174 3672 et
3196 3618 3428 3681 honore,
3453 3615 3702 3686 agnoscit
3718 3626 3815 3666 ma-

2231 3712 2494 3781 gistrum,
2527 3709 2754 3764 nomine
2786 3701 3150 3773 Lanfrancus,
3183 3712 3288 3760 etc.
3320 3705 3454 3776 (77).

2303 3800 2490 3854 Abbas
2521 3799 2733 3870 peritus
2763 3801 2883 3852 erat
2912 3797 2968 3849 in
2990 3795 3321 3850 dirimendis
3343 3811 3641 3850 causarum
3668 3805 3814 3846 saecu-

542 3877 790 3962 l'scendit.
813 3885 972 3940 Unde
989 3885 1146 3957 quasi
1165 3891 1293 3952 36
1307 3887 1599 3940 conamine
1621 3888 1886 3960 colligens
1901 3905 1959 3942 se
1981 3905 2152 3958 supra
2234 3890 2436 3944 larium
2455 3886 2864 3948 controversiis,
2893 3885 3138 3956 prudens
3161 3884 3216 3938 in
3248 3885 3318 3938 iis
3340 3902 3462 3955 quae
3474 3885 3546 3939 ad
3560 3879 3813 3938 exteriora

555 3990 755 4046 novam
783 3991 1054 4030 novorum
1083 3963 1365 4047 parietum
1403 3977 1602 4030 insiliit
1645 3984 2057 4047 cooperturam,
2088 3995 2153 4033 ac
2235 3978 2538 4051 pertinent,
2574 3977 2629 4030 in
2678 3974 3002 4030 aediﬁcando
3027 3979 3084 4028 et
3114 3973 3463 4044 procurando
3494 3989 3617 4046 quas
3649 3983 3813 4024 neces-

561 4061 617 4117 in
649 4080 822 4117 unum
847 4065 915 4117 ad
943 4071 1152 4119 terram
1185 4065 1441 4120 universa
1467 4066 1688 4136 dejecit.
1722 4067 1928 4120 Verum
1963 4066 2009 4120 is
2041 4083 2152 4121 non
2237 4068 2384 4123 saria
2410 4068 2614 4130 forent,
2663 4081 2764 4118 nec
2795 4063 3124 4135 prudentior
3161 4079 3342 4133 neque
3375 4061 3654 4117 efficacior
3681 4055 3813 4111 salva

552 4157 678 4227 [erat
708 4169 898 4206 semen
921 4154 1069 4223 quod
1103 4155 1159 4207 in
1197 4155 1433 4224 petrosis
1468 4161 1654 4209 ortum
1701 4161 1859 4209 areat
1884 4156 2015 4226 quia
2042 4173 2153 4210 non
2237 4156 2508 4226 religione
2551 4159 2774 4226 poterat
2811 4169 2962 4215 esse;
3009 4152 3307 4223 praesentia
3349 4149 3652 4222 corporalis
3696 4142 3813 4199 foris

557 4239 728 4294 habet
757 4241 1070 4302 humorem,
1103 4244 1199 4296 sed
1248 4245 1441 4315 pingui
1467 4250 1618 4298 terra
1647 4250 1937 4315 exceptum
1966 4245 2157 4299 attulit
2238 4245 2386 4299 inter
2435 4262 2598 4300 curas
2642 4242 2836 4297 mundi
2886 4258 3012 4295 cum
3059 4239 3360 4305 residebat,
3393 4241 3618 4294 animus
3643 4235 3708 4290 ad
3739 4228 3813 4285 sui

557 4330 800 4383 fructum
820 4331 876 4383 in
897 4331 1185 4402 patientia;
1211 4350 1372 4388 mane
1396 4334 1529 4404 quia
1549 4334 1809 4387 inimicus
1827 4334 1930 4387 hoc
1947 4334 2155 4388 fecerat
2171 4328 2220 4386 D
2237 4351 2448 4396 curam,
2481 4339 2538 4387 et
2567 4347 2816 4386 amorem
2838 4330 2937 4383 Dei
2956 4329 3231 4400 praecipue
3258 4321 3811 4395 intendebat,nullam

547 4419 824 4496 indicavit
846 4420 1129 4482 fratribus,
1163 4428 1219 4475 et
1239 4423 1481 4492 dejectos
1503 4439 1696 4477 eorum
1734 4423 1948 4476 animos
1965 4424 2154 4477 redin-
2239 4423 2522 4477 saecularis
2553 4437 2770 4493 pompae
2801 4435 2993 4473 curam
3017 4434 3238 4489 gerens,
3259 4417 3361 4472 soli
3392 4417 3508 4471 Deo
3539 4418 3597 4470 in
3618 4408 3809 4467 actibus

560 4515 807 4579 tegrans.
856 4511 1162 4564 claustrum
1211 4529 1273 4566 ex
1324 4511 1603 4582 lapidibus
1648 4511 1956 4565 rectiﬁcare
1986 4514 2154 4584 caepit

559 4602 704 4651 usta.
730 4599 960 4653 Vicinus
988 4600 1242 4671 degebat,
1272 4601 1496 4654 nomine
1522 4601 2152 4671 Radulfus,cognomine

560 4687 856 4754 Pincellus,
888 4689 1053 4743 homo
1084 4690 1270 4744 saeculi
1318 4690 1621 4760 plurimum
1653 4689 1908 4744 addictus
1947 4707 2152 4744 concu-

559 4775 863 4849 piscentiis,
894 4779 989 4850 qui
1012 4779 1080 4832 ab
1113 4779 1232 4850 ipso
1259 4778 1458 4832 abbate
1487 4795 1613 4833 cum
1646 4796 1790 4850 saepe
1821 4796 2058 4833 numero
2081 4780 2152 4834 ad

558 4863 699 4921 bene
721 4867 1014 4922 vivendum
1033 4874 1375 4929 moneretur,
1412 4867 1801 4938 spernabatur,
1837 4868 2054 4922 ridebat
2084 4869 2155 4922 ir-

557 4956 830 5025 ridendo;
861 4974 991 5012 cum
1025 4957 1095 5011 ab
1134 4957 1307 5010 armis
1337 4957 1586 5010 defessus
1622 4974 1685 5010 ac
1725 4958 1919 5012 mundi
1959 4960 2154 5030 volup-

557 5052 676 5101 tate
715 5047 953 5101 satiatus
995 5053 1160 5112 esset,
1196 5045 1532 5100 monachum
1558 5064 1617 5100 se
1644 5047 1897 5102 futurum
1933 5064 2158 5119 respon-

557 5135 743 5191 debat.
778 5136 1032 5203 Quadam
1064 5152 1196 5206 ergo
1235 5136 1324 5188 die
1369 5135 1658 5205 Dominica
1687 5152 1787 5206 pro
1818 5137 2154 5207 quibusdam

557 5226 990 5282 altercationum
1043 5223 1454 5288 controversiis,
1509 5225 1835 5296 praedictum
1895 5225 2152 5281 abbatem

558 5317 715 5382 adiit,
753 5335 919 5388 penes
950 5332 1116 5386 quem
1163 5316 1486 5369 demoratus
1530 5315 1587 5368 in
1635 5332 1920 5386 vesperum
1951 5335 1963 5380 ;
1993 5321 2154 5372 nocte

555 5408 674 5477 jam
701 5406 996 5477 ingruente
1027 5422 1180 5460 more
1221 5405 1384 5459 solito
1417 5405 1758 5472 admonitus,
1804 5412 2055 5475 rogatus,
2101 5413 2158 5462 et

561 5495 799 5549 irridens
823 5496 1052 5550 domum
1081 5495 1264 5560 rediit,
1297 5500 1353 5550 et
1381 5495 1528 5549 circa
1558 5494 1808 5565 ejusdem
1841 5496 2019 5551 noctis
2041 5513 2152 5552 me-

636 5585 741 5650 (77)
768 5585 1004 5656 Reliqua
1031 5591 1251 5640 exstant
1280 5585 1335 5640 in
1366 5585 1494 5640 Vita
1523 5585 1796 5655 ejusdem.

2237 4512 2353 4566 suis
2391 4509 2697 4581 gratiﬁcari
2733 4507 3027 4579 gestiebat.
3065 4505 3447 4570 Humillimus,
3477 4517 3706 4560 summae
3732 4511 3813 4567 pa-

2235 4601 2464 4664 tientiae,
2512 4599 2570 4652 in
2622 4595 2975 4668 exsequendo
3029 4595 3211 4649 carnis
3265 4593 3518 4666 appetitu
3578 4588 3806 4646 modesto

2236 4691 2420 4760 rigore
2445 4686 2980 4750 continentissimus,
3032 4701 3254 4755 semper
3282 4683 3353 4738 ad
3384 4682 3688 4737 orationem
3708 4672 3811 4747 pri-

2236 4797 2360 4834 mus
2391 4775 2850 4848 exsurgebat,nec
2870 4774 3058 4829 diurni
3087 4772 3292 4827 laboris
3321 4760 3807 4836 multadefatigatio

2236 4869 2393 4923 illum
2427 4867 2486 4920 in
2536 4865 2678 4919 lecto
2704 4869 2830 4935 post
2869 4863 3007 4917 alios
3037 4860 3352 4928 retinebat;
3399 4877 3508 4932 quo
3532 4861 3673 4930 jure,
3711 4863 3807 4922 qua

2237 4955 2648 5028 tranquillitate
2668 4953 2918 5008 subditos
2957 4950 3063 5006 sibi
3087 4949 3336 5021 regebat.
3387 4951 3597 5020 Legum
3633 4938 3805 5017 patria:

2240 5045 2664 5111 scientissimus,
2697 5041 3019 5114 praesidium
3071 5041 3187 5095 suis
3232 5045 3356 5094 erat
3385 5045 3578 5094 contra
3604 5033 3804 5102 iniquos

2239 5141 2543 5198 exactores,
2576 5139 2632 5188 et
2659 5133 2705 5187 si
2736 5131 2869 5203 quid
2912 5131 3061 5186 inter
3089 5147 3184 5185 eos
3212 5128 3601 5184 controversiae
3627 5133 3802 5178 nasce-

2235 5227 2420 5292 batur,
2454 5223 2774 5296 aaquissimo
2799 5220 3093 5276 confestim
3122 5225 3273 5276 statu
3301 5216 3678 5291 componebat.
3700 5207 3802 5264 Un-

2236 5316 2546 5385 decunque,
2576 5312 2658 5366 vel
2700 5310 3123 5382 quibuscunque
3154 5307 3489 5380 loquebatur
3509 5317 3682 5362 sermo
3701 5296 3803 5365 ejus

2238 5405 2572 5476 dignitatem
2603 5402 2664 5456 in
2681 5417 2739 5456 se
2772 5400 3074 5456 maximam
3097 5415 3300 5470 gerens
3331 5385 3801 5453 obaudiebatur.ﬁt

2241 5493 2583 5550 doctor"ille
2627 5491 2904 5546 maximus
2934 5490 2993 5544 in
3019 5489 3262 5544 claustro
3309 5504 3534 5544 omnem
3596 5486 3796 5552 operam
