3920 6358
106 320 203 370 ῗιὶῖο
903 321 1062 372 VITA
1107 322 1160 371 Β.
1210 320 1560 374 HERLUINI
1602 320 1906 373 ABBA’I‘IS
1952 319 2338 374 BECCENSIS
2383 321 2599 376 PRlMl.

3283 325 3385 381 706

102 441 472 514 impendebat
514 441 709 514 quieti,
752 450 808 498 et
845 444 1068 499 silentio
1116 446 1298 500 cordis
1357 447 1443 500 sui
1487 447 1771 504 novaliaA
1795 462 1984 499 verum
2013 445 2353 500 intrantibus
2384 445 2482 509 eis,
2516 445 2654 500 vidit
2711 447 2968 502 eumdem
3009 449 3126 517 jam
3163 452 3220 506 in
3257 453 3383 507 navi

102 530 253 585 verbi
284 531 437 584 sacri
477 531 751 593 excoleris,
795 532 1020 587 assidua
1069 534 1307 588 lectione
1356 535 1596 605 irrigans
1643 552 1705 588 ea

103 619 250 674 dulci
284 635 462 690 quam
492 635 639 690 saepe
683 620 970 675 obtinebat
1015 623 1391 694 lacrymarum
1436 640 1707 694 compun-

104 707 308 761 ctione.
345 706 442 760 Sic
467 723 571 778 per
610 712 725 761 tres
774 723 951 762 annos
990 710 1124 763 vixit
1172 711 1456 765 solitarius
1492 711 1549 764 in
1598 711 1707 764 fre-

104 794 338 866 quentia
384 795 705 860 hominum,
745 797 1001 866 gaudens
1041 798 1188 868 quod
1235 797 1311 852 ibi
1355 799 1710 852 nesciebatur

103 891 310 954 praeter
332 884 704 954 paucissimos
748 885 948 957 quibus
998 885 1299 956 aliquando
1354 887 1703 958 loquebatur,

102 972 368 1028 omnibus
400 973 650 1031 innotus.
684 974 898 1028 Rumor
925 981 990 1029 ut
1017 975 1120 1029 hoc
1150 976 1357 1030 factum
1383 975 1708 1046 prodidit,et

101 1060 266 1128 longe
297 1062 532 1134 lateque
557 1063 809 1134 protulit,
847 1069 906 1117 ct
933 1063 1082 1118 fama
1107 1063 1213 1118 viri
1261 1065 1704 1135 praeclarissima,

99 1148 342 1204 Beccum
366 1155 428 1204 et
455 1150 714 1206 abbatem
746 1152 1074 1206 Herluinum
1099 1151 1251 1206 brevi
1268 1169 1367 1224 per
1387 1153 1576 1206 orbem
1599 1159 1708 1208 ter-

100 1254 298 1292 rarum
333 1240 536 1294 extulit
583 1241 901 1295 Accurrunt
922 1240 1127 1306 clerici,
1162 1241 1366 1296 ducum
1400 1242 1499 1294 filii
1529 1242 1704 1296 nomi-

101 1327 406 1395 natissimi,
443 1329 760 1383 scholarum
793 1329 1112 1384 Latinitatis
1143 1329 1418 1400 magistri,
1461 1331 1587 1384 laici
1608 1347 1709 1400 po-

103 1421 288 1470 tentes
306 1417 425 1471 alta
455 1417 766 1485 nobilitate,
799 1419 900 1472 viri
945 1419 1108 1473 multi
1159 1436 1260 1490 pro
1305 1419 1481 1490 ipsius
1516 1435 1708 1473 amore

102 1505 309 1558 multas
332 1505 520 1560 eidem
537 1507 780 1562 ecclesiae
804 1512 986 1561 terras
1006 1508 1544 1562 contulere.Ditatur
1559 1507 1706 1562 illico

102 1594 396 1649 Beccensis
410 1596 564 1650 locus
584 1596 947 1662 ornamentis,
968 1597 1430 1668 possessionibus,
1453 1597 1706 1667 personis

103 1682 391 1738 nobilibus
414 1689 473 1738 et
500 1685 773 1750 honestis,
803 1685 1040 1740 interius
1061 1687 1256 1756 religio
1277 1691 1446 1756 atque
1465 1685 1704 1740 eruditio

1791 535 1910 588 loco
1942 534 2212 588 eminenti
2242 535 2578 589 consedisse.
2621 536 2944 606 Suspicatus
2985 537 3158 607 igitur
3196 541 3385 612 magni

1790 622 2026 694 alicujus
2058 622 2244 677 meriti
2273 623 2430 677 illum
2455 623 2816 694 existere,qui
2845 641 3058 696 pauper
3073 625 3314 682 habebat
3328 645 3386 683 se

1790 716 1905 764 tam
1944 711 2242 779 imperiose
2264 710 2516 764 assidens
2542 727 2715 781 prope
2745 712 2894 766 circa
2918 713 3077 767 illum
3117 717 3387 772 attentius

1791 797 2072 852 manebat.
2104 799 2273 852 Navis
2301 815 2428 852 cum
2455 799 2511 852 in
2542 800 2716 854 altum
2753 817 2907 854 mare
2942 808 3130 858 evecta
3169 804 3384 872 fuisset,

1790 887 1974 941 territi
1995 893 2126 941 sunt
2155 893 2340 942 nautae
2369 887 2703 957 quibusdam
2728 891 2994 944 monstris
3025 909 3147 962 quae
3175 893 3232 948 in
3270 895 3388 949 sal‘b

1790 975 2071 1030 videbant.
2109 977 2222 1030 Hac
2249 977 2688 1030 tumultuatione
2719 980 3206 1048 prospectantibus
3239 982 3386 1050 aliis,

1790 1063 1884 1118 ille
1898 1063 2055 1134 gravi
2074 1063 2315 1134 quadam
2336 1063 2608 1133 dignitate
2623 1064 2938 1129 subridens,
2961 1074 3172 1122 metum
3193 1087 3390 1125 eorum

1792 1152 2253 1224 reprehendebat.
2286 1153 2441 1206 Tunc
2479 1153 2680 1222 primo,
2732 1158 2795 1207 ut
2828 1154 3072 1223 aiebant,
3123 1158 3275 1213 visus
3318 1159 3389 1214 ab

1792 1242 1892 1307 eis,
1919 1241 2267 1312 exigentibus
2292 1241 2581 1295 confestim
2640 1242 2826 1296 nautis
2871 1244 2997 1314 quis
3050 1246 3212 1313 foret,
3263 1247 3389 1318 quis

1791 1330 2119 1393 induxisset,
2149 1332 2234 1384 vel
2266 1347 2376 1400 quo
2408 1331 2585 1402 pretio
2615 1348 2811 1386 navem
2843 1332 3082 1401 locaret;
3113 1352 3178 1389 eo
3201 1342 3388 1391 aucto-

1789 1419 1956 1474 ritate
1983 1420 2162 1474 multa
2181 1437 2239 1474 se
2266 1419 2524 1482 habente,
2562 1426 2619 1474 et
2638 1421 2716 1472 nil
2745 1421 2971 1474 omnino
2992 1425 3384 1493 respondente,

1789 1508 1930 1562 dixit
1940 1509 2117 1563 frater
2130 1509 2224 1580 qui
2238 1511 2356 1580 jam
2370 1509 2466 1562 diu
2483 1525 2610 1562 eum
2625 1508 2867 1563 viderat:
2889 1511 2997 1564 «Ex
3011 1527 3118 1581 quo
3130 1512 3385 1568 litaniam

1789 1595 2049 1662 diximus,
2083 1597 2142 1651 in
2169 1603 2335 1668 portu
2363 1595 2650 1650 nobiscum
2683 1603 2893 1662 manet,
2915 1605 2971 1653 et
3001 1605 3062 1653 ut
3077 1601 3241 1654 credo
3262 1603 3387 1672 plus

1789 1702 1853 1740 eo
1874 1685 2176 1755 navigium,
2208 1702 2374 1756 quam
2407 1686 2526 1756 ipse
2566 1686 2691 1739 navi
2729 1685 2960 1756 indiget.
3015 1707 3039 1740 ›)
3087 1689 3392 1760 Coeperunt

102 1772 342 1826 multum
371 1789 708 1839 accrescere,
739 1774 981 1828 exterius
1010 1791 1199 1829 rerum
1231 1775 1482 1828 omnium
1511 1791 1694 1828 neces-
1719 1755 1765 1814 B
1788 1791 1921 1844 ergo
1950 1773 2166 1839 mirari,
2197 1780 2252 1827 et
2284 1774 2538 1828 mirando
2566 1775 2722 1828 illum
2755 1791 2949 1829 omnes
2973 1777 3247 1831 contueri.
3287 1777 3386 1832 Vi-

101 1861 380 1916 sariarum
405 1861 852 1917 subministratio
865 1863 1031 1934 coepit
1050 1864 1120 1917 ad
1137 1863 1363 1934 plenum
1377 1863 1663 1918 abundare
1685 1880 1698 1930 ;

102 1949 447 2021 adimpletur
475 1950 614 2005 visio
644 1967 766 2022 quae
795 1952 851 2005 in
876 1952 1071 2005 eodem
1103 1952 1444 2006 monasterio
1472 1952 1590 2005 visa
1619 1958 1704 2006 est

102 2053 307 2108 paucos
339 2045 472 2093 ante
497 2039 616 2093 dies
644 2056 812 2110 quam
842 2041 926 2093 vir
979 2041 1071 2094 ille
1116 2046 1308 2094 tantus
1340 2041 1410 2095 ad
1449 2040 1701 2095 ordinem

101 2127 467 2182 cmnobialem
499 2128 761 2183 venisset.
793 2129 940 2183 Fons
971 2129 1262 2184 videbatur
1291 2140 1446 2184 ortus
1474 2129 1532 2183 in
1561 2130 1702 2184 valle

103 2217 434 2271 monasterii
463 2218 625 2288 cujus
653 2233 800 2288 aqua
832 2218 901 2272 ad
952 2219 1226 2272 montium
1277 2219 1572 2272 cacumina
1601 2237 1701 2273 ex-

100 2321 374 2372 crescens,
408 2307 540 2360 hinc
566 2307 697 2360 inde
726 2307 920 2372 ell‘usa,
944 2322 1044 2377 per
1072 2307 1474 2378 campestrium
1495 2307 1702 2361 diffun-

100 2394 340 2450 debatur
367 2395 817 2466 amplitudinem.
847 2395 1030 2449 Abbas
1052 2397 1175 2450 fons
1204 2395 1400 2449 eratin
1431 2396 1698 2463 convalle,

101 2483 312 2539 scilicet
360 2483 699 2538 humilitatis
755 2491 999 2551 exortus,
1058 2502 1216 2555 aquae
1268 2484 1615 2538 exundantes
1646 2490 1703 2538 et

101 2572 226 2628 hinc
254 2573 389 2628 inde
413 2573 684 2628 latissime
714 2573 1007 2628 efﬂuentes
1031 2573 1309 2638 monachi,
1345 2573 1439 2644 qui
1490 2573 1560 2627 ab
1605 2573 1702 2627 illo

101 2661 508 2718 incrementum
541 2670 876 2734 acceperunt
895 2663 1180 2734 religionis
1207 2663 1424 2728 divinae,
1445 2663 1702 2717 videlicet

101 2751 436 2806 eruditionis
462 2751 836 2822 disciplinam,
876 2767 988 2822 qua
1025 2751 1188 2806 multi
1224 2751 1294 2805 ab
1333 2751 1527 2806 eodem
1579 2750 1698 2804 loco

101 2841 262 2910 longe
289 2841 514 2911 lateque
546 2847 740 2912 postea
767 2847 898 2895 sunt
927 2841 1207 2895 meliorati

168 2929 330 2983 Hanc
367 2929 652 2984 fructuum
685 2931 796 2984 Deo
825 2929 1284 2985 suavissimorum
1316 2929 1691 3000 ﬂagrantiam,

100 3018 255 3087 cujus
285 3035 354 3072 ex
383 3019 554 3073 odore
581 3018 780 3073 domus
812 3019 908 3074 Dei
957 3034 1056 3090 per
1087 3017 1278 3072 orbem
1315 3019 1546 3089 impleta
1591 3026 1694 3085 est,

101 3123 206 3178 qua
236 3113 296 3162 et
352 3108 472 3179 ipse
509 3107 681 3162 abbas
727 3107 928 3162 absens
980 3107 1382 3177 jocundissime
1422 3114 1694 3177 senserat,

102 3201 292 3266 postea
313 3212 557 3267 praesens
569 3202 778 3267 quanto
791 3195 1512 3266 vicinius,tantojocundius
1526 3197 1702 3251 sensit

101 3287 383 3357 profectus
403 3285 474 3339 ad
498 3301 626 3339 eum
653 3285 712 3338 in
731 3285 1012 3355 Angliam.
1029 3285 1148 3348 Quo
1174 3285 1233 3338 in
1263 3284 1462 3339 itinere
1483 3285 1701 3340 eviden-

105 3375 245 3430 tibus
276 3375 677 3429 miraculorum
702 3373 876 3444 signis
908 3375 1086 3428 multa
1134 3373 1280 3428 circa
1324 3374 1482 3428 illum
1516 3375 1702 3444 gratia

103 3463 288 3518 divina
316 3463 598 3531 innotuit;
621 3479 749 3516 cum
771 3463 920 3517 enim
940 3463 1230 3517 Boloniam
1246 3463 1702 3529 venisset,volens

102 3553 288 3624 egredi
318 3552 390 3607 ad
422 3557 646 3623 portum
676 3551 772 3622 qui
801 3552 927 3623 plus
957 3569 1048 3606 sex
1080 3552 1253 3606 leucis
1299 3551 1369 3606 ab
1413 3551 1553 3607 urbe
1589 3569 1702 3607 non

101 3643 289 3709 distat,
321 3641 565 3696 tentavit
587 3641 683 3712 qui
710 3657 835 3695 cum
859 3658 923 3694 eo
939 3641 1054 3695 ibat
1074 3641 1701 3696 comitatus.Comitissa

102 3748 321 3803 quoque
355 3729 575 3785 comitis
603 3729 886 3784 Eustachii
909 3735 1028 3796 θα
1081 3731 1282 3800 conjux
1321 3729 1531 3784 femina
1585 3731 1699 3785 Deo

100 3821 354 3875 amabilis
386 3819 723 3890 persuadere
753 3819 1057 3890 plurimum
1087 3819 1294 3890 sategit
1347 3825 1411 3873 ut
1456 3820 1515 3873 in
1562 3819 1699 3875 urbe

99 3914 436 3975 remaneret,
471 3908 735 3979 quoniam
758 3908 816 3962 in
846 3914 1012 3979 portu
1052 3908 1208 3963 navis
1257 3909 1412 3962 nulla
1459 3914 1598 3975 erat,
1643 3914 1702 3964 et

1785 1862 1947 1917 derat
1975 1862 2146 1916 abbas
2173 1862 2468 1933 quemdam
2501 1862 2591 1916 cui
2619 1863 2779 1916 valde
2807 1865 3109 1919 conformis
3149 1873 3289 1931 erat,
3333 1871 3390 1920 et

1787 1951 2041 2023 quaesivit
2068 1952 2403 2006 nominatim
2436 1968 2508 2006 an
2532 1951 2580 2006 is
2601 1957 2766 2006 esset.
2800 1952 2898 2006 Ille
2915 1953 3208 2023 paululum
3225 1955 3384 2010 vultu

1785 2041 2111 2106 exhilarato,
2145 2040 2248 2094 hoc
2278 2040 2458 2093 solum
2489 2041 2811 2111 respondit:
2854 2062 2875 2090 α
2904 2043 3026 2095 Νοη
3056 2059 3240 2098 sum.)
3265 2044 3383 2098 Hoc

1783 2146 1958 2184 unum
1991 2130 2046 2183 in
2078 2135 2199 2183 tota
2227 2146 2294 2183 ea
2312 2129 2665 2198 navigatione
2691 2130 2925 2199 protulit
2963 2131 3210 2186 verbum.
3241 2133 3383 2188 Navi

1785 2218 2064 2289 prosperri
2074 2235 2164 2272 mo
2185 2235 2351 2272 cursu
2364 2217 2511 2288 apud
2529 2218 2874 2272 Doll‘rensem
2888 2225 3111 2289 portum
3125 2222 3380 2292 appulsa,

1784 2324 1884 2378 per
1901 2308 2200 2362 comitatus
2214 2307 2505 2361 hominum
2528 2306 2622 2376 qui
2641 2307 2697 2359 in
2712 2307 2943 2361 navibus
2961 2316 3122 2362 erant
3141 2311 3384 2366 multum

1785 2395 2107 2466 requisitus,
2137 2395 2230 2448 ille
2261 2411 2446 2449 comes
2475 2394 2682 2464 navigii
2708 2411 2986 2466 nusquam
3011 2398 3264 2467 reperiri,
3300 2399 3386 2454 vel

1784 2486 1879 2556 qui
1903 2502 2031 2539 eum
2063 2485 2261 2538 exiisse
2280 2483 2527 2548 vidisset,
2550 2484 2899 2554 potuit.Dein
2921 2486 3172 2540 omnium
3194 2505 3385 2543 rerum

1783 2591 1910 2627 cum
1955 2571 2342 2627 incolumitate
2400 2572 2596 2643 quinto
2652 2573 2744 2626 die
2791 2573 2862 2627 ad
2907 2573 3383 2648 archiepiscopum

1784 2661 1956 2716 abbas
1983 2661 2254 2733 pervenit.

1854 2751 1987 2814 Quae
2016 2764 2152 2805 tunc
2185 2750 2333 2804 inter
2361 2767 2456 2804 eos
2485 2749 2849 2804 submittendi
2878 2766 3002 2805 sese
3041 2752 3110 2806 ad
3147 2752 3383 2808 invicem

1783 2838 1872 2910 pia
1925 2839 2253 2893 contentio?
2305 2855 2560 2892 summus
2610 2838 2846 2893 antistes
2894 2846 2950 2892 et
2996 2840 3055 2894 in
3117 2839 3383 2897 Ecclesiis

1783 2928 2178 2982 transmarinis
2201 2927 2343 2981 vices
2365 2927 2698 2998 apostolicas
2719 2943 2922 2998 gerens
2935 2927 3302 2986 submittebat
3323 2940 3382 2986 Se

1784 3033 1886 3070 suo
1915 3017 2198 3087 quondam
2226 3016 2432 3080 abbati,
2468 3022 2528 3070 ut
2552 3016 2696 3070 alius
2726 3015 2903 3086 quivis
2935 3018 3241 3073 monachus
3271 3025 3378 3073 etc.

1785 3105 2056 3159 Praedicta
2101 3104 2288 3158 abbati
2343 3120 2537 3158 rursus
2592 3103 2837 3159 mirabili
2883 3122 3070 3160 rerum
3122 3123 3383 3164 successu

1783 3194 1857 3249 ad
1885 3200 2073 3250 votum
2111 3195 2301 3248 omnia
2329 3199 2634 3260 cesserunt,
2677 3211 2804 3248 mox
2849 3201 2916 3249 ut
2961 3196 3145 3250 redire
3192 3197 3382 3268 dispo-

1782 3285 1896 3339 suit
1921 3303 1932 3350 ;
1965 3301 2096 3338 nam
2125 3284 2215 3338 die
2245 3300 2356 3354 qua
2384 3283 2559 3338 voluit
2586 3283 2734 3338 circa
2762 3290 2975 3339 sextam
3021 3285 3134 3340 diei
3185 3287 3383 3341 horam

1783 3373 2136 3428 venientibus
2158 3389 2295 3444 quos
2324 3373 2395 3426 ad
2424 3389 2578 3427 mare
2607 3373 3058 3445 archiepiscopus
3097 3376 3384 3446 praemise-

1786 3469 1893 3528 rat,
1926 3479 1989 3517 ac
2028 3461 2480 3516 renuntiantibus
2512 3467 2736 3518 ventum
2783 3463 3009 3517 omnino
3038 3465 3383 3520 contrarium

1785 3568 1924 3616 esse,
1961 3557 2017 3605 et
2045 3552 2276 3622 pelagus
2306 3550 2590 3616 infestum,
2624 3557 2848 3605 assueta
2875 3552 2932 3605 in
2954 3553 3068 3607 Deo
3098 3553 3192 3607 ille
3220 3554 3385 3608 confl-

1785 3640 1978 3694 dentia
2014 3640 2271 3694 discessit
2315 3639 2386 3694 ad
2424 3656 2579 3694 mare
2625 3640 3040 3696 obluctantibus
3085 3642 3380 3711 universis,

1782 3734 1840 3784 et
1869 3735 2032 3784 nocte
2063 3731 2183 3801 jam
2241 3730 2538 3800 ingruente
2589 3745 2718 3800 quo,
2777 3731 2954 3786 multa
3002 3737 3162 3801 parte
3204 3733 3384 3788 noctis

1781 3824 1992 3884 exacta,
2026 3819 2376 3888 perveniens,
2417 3824 2644 3872 ventum
2691 3835 2858 3889 quem
2903 3818 3140 3885 volebat,
3189 3826 3247 3873 et
3286 3821 3382 3891 qui

1780 3906 2129 3960 commodior
2147 3912 2269 3961 erat
2298 3907 2368 3960 ad
2392 3907 2848 3960 transferendum
2881 3907 2970 3978 [/‘.,
3003 3906 3380 3962 transfretan-

97 4006 294 4054 ventus
326 3998 422 4070 qui
453 3997 522 4052 de
582 3997 975 4052 transmarinis
1024 4015 1117 4052 eos
1163 3997 1398 4052 referret
1436 3997 1557 4067 jam
1594 4015 1695 4070 per
1773 3995 1936 4069 dum]
1967 3997 2108 4051 hora
2135 3996 2330 4051 eadem
2360 4002 2562 4067 praesto
2585 3995 2800 4049 habuit.
2833 3994 3068 4049 Interim
3112 4011 3379 4052 somnum

96 4087 473 4159 quadraginta
500 4085 618 4140 fere
645 4085 764 4141 dies
790 4086 976 4141 nullus
999 4086 1227 4140 omnino
1260 4087 1584 4155 exstiterat;
1636 4092 1695 4142 at
1773 4085 1997 4157 capiens
2025 4086 2158 4140 dum
2207 4102 2372 4140 naves
2415 4085 2488 4139 ad
2549 4101 2704 4139 mare
2749 4084 3134 4156 impelluntur,
3192 4088 3376 4157 primo

95 4177 184 4231 ille
203 4176 524 4231 certissima
551 4175 609 4230 in
635 4176 748 4230 Deo
769 4192 867 4246 spe
897 4176 1012 4230 ait:
1044 4195 1066 4227 «
1103 4175 1316 4231 Ibimus
1356 4176 1427 4231 ad
1473 4176 1694 4231 navalia
1777 4175 1916 4230 lucis
1954 4175 2057 4231 sub
2103 4181 2303 4230 exortu
2333 4191 2532 4229 navem
2571 4174 2876 4246 ingressus,
2908 4181 3025 4229 tam
3057 4175 3177 4246 ipse
3207 4193 3379 4248 quam

96 4281 261 4322 naves
302 4266 427 4320 sine
443 4281 602 4319 mora
620 4264 1110 4319 habiturizfratres
1131 4266 1226 4335 qui
1243 4265 1394 4320 domi
1417 4282 1697 4321 remanse-
1778 4282 1971 4320 omnes
2001 4265 2087 4319 sui
2118 4265 2410 4319 confestim
2456 4265 2756 4320 transvecti
2811 4270 2945 4319 sunt
3001 4267 3380 4337 prosperrimo

97 4362 228 4410 runt
260 4355 476 4410 oraturi
504 4371 606 4425 pro
636 4354 794 4409 nobis
831 4354 953 4409 sine
995 4355 1351 4410 cunctatione
1397 4354 1557 4410 nobis
1599 4356 1929 4451 easDomni
1959 4354 2164 4425 navigii
2191 4360 2411 4408 eventu.
2436 4355 2563 4409 Non
2578 4354 2984 4426 amplificamus
3001 4371 3118 4408 rem
3136 4361 3376 4427 gestam,

98 4452 297 4514 priesto
327 4443 634 4498 habebunt.
672 4463 695 4494 ι
721 4443 890 4508 Dixit,
925 4449 982 4498 et
998 4443 1193 4499 statim
1217 4450 1416 4500 ventus
1464 4461 1694 4500 conver-
1713 4442 1754 4451 ”
1777 4445 1875 4498 sed
1904 4442 2140 4514 simplici
2170 4443 2494 4498 narratione
2522 4444 2828 4499 scribentes
2857 4444 3227 4515 relinquimus
3253 4463 3379 4501 eam

97 4533 250 4588 titur.
287 4534 409 4588 Itur
432 4533 538 4587 sub
565 4532 716 4587 omni
745 4533 1148 4588 acceleratione
1193 4534 1264 4589 ad
1312 4539 1537 4606 portum
1585 4551 1694 4606 quo
1778 4533 1902 4588 aliis
1928 4532 2411 4599 considerandam,
2441 4533 2725 4606 dignaque
2756 4534 3190 4605 amplificatione
3211 4532 3382 4591 attol-

98 4628 228 4678 tunc
265 4623 424 4694 prius
469 4621 746 4677 sexdecim
795 4638 965 4677 naves
1020 4623 1238 4695 appulit
1283 4628 1480 4678 ventus
1527 4639 1696 4695 quam

95 4711 497 4783 pervenissent.
528 4711 720 4766 Noctis
749 4716 872 4766 erat
890 4716 1026 4766 tunc
1078 4711 1468 4783 primordium,
1527 4713 1686 4784 cujus

1779 4622 2172 4766 legiagboris
2199 4707 2350 4765 illius
2371 4726 2588 4782 magna;
2615 4709 2898 4767 radicibus
2946 4729 3070 4784 qum
3125 4712 3184 4769 in
3214 4714 3378 4770 horto

95 4808 219 4858 ante
242 4801 498 4856 medium
525 4817 722 4857 rursus
742 4801 1028 4872 aspirante
1050 4806 1215 4856 vento
1246 4801 1689 4874 quitransferret
1770 4817 1872 4856 suo
1931 4804 2345 4865 remanserunt,
2395 4805 2460 4854 ut
2499 4816 2602 4871 per
2640 4816 2902 4856 somnum
2958 4803 3192 4869 viderat,
3242 4801 3383 4858 vidit

95 4890 237 4948 circa
263 4906 486 4947 aurora:
513 4896 767 4946 exortum
793 4907 1006 4963 puppes
1025 4907 1218 4946 omnes
1254 4891 1314 4945 in
1355 4891 1557 4947 ﬂuctus
1599 4907 1688 4945 re-

95 4980 416 5038 trahuntur.
449 4981 741 5052 Ingressus
770 4980 956 5035 navim
985 4981 1110 5036 aliis
1139 4981 1210 5035 ad
1265 4980 1378 5035 alia
1411 4997 1534 5052 quae
1572 4986 1691 5036 tam

95 5071 458 5126 tumultuosae
501 5070 584 5124 rei
628 5069 968 5125 conveniunt
1025 5069 1277 5137 intentis,
1328 5068 1499 5124 abbas
1565 5087 1694 5126 cum

97 5161 385 5216 monachis
414 5159 566 5214 haud
618 5160 810 5231 procul
862 5158 1110 5214 litaniam
1155 5159 1393 5214 dicebat.
1445 5160 1695 5231 Repente

91 5249 250 5320 juxta
268 5249 777 5322 quidam,nescitur
799 5249 968 5316 unde,
990 5249 1168 5303 astitit
1189 5250 1356 5305 homo
1383 5249 1694 5320 grandaevae

96 5339 290 5406 artatis,
349 5345 406 5394 et
461 5338 884 5393 modestissimae
945 5338 1296 5405 alacritatis;
1365 5337 1540 5392 frater
1597 5337 1694 5408 qui

93 5427 346 5483 litaniam
377 5427 695 5500 proferebat
724 5428 882 5482 illum
913 5427 1050 5481 vidit
1075 5434 1132 5482 et
1156 5427 1225 5482 ab
1263 5427 1540 5482 universis
1589 5445 1694 5499 pu-

94 5518 244 5573 tabat
272 5517 538 5589 conspici,
569 5517 854 5574 aestimans
883 5534 1190 5590 pauperem
1208 5534 1329 5573 esse
1351 5519 1446 5591 qui
1466 5523 1698 5590 praesto-

95 5605 323 5676 laretur,
341 5613 409 5665 ut
435 5607 610 5664 finitis
638 5607 852 5665 litaniis
878 5608 1413 5681 postularetaliquid
1433 5607 1690 5664 sibidari:

1770 4895 1967 4964 postea
1987 4888 2374 4961 praedicandus
2401 4888 2484 4942 vir
2501 4889 2844 4960 pullulantes
2883 4891 3156 4961 quasdam
3186 4890 3378 4961 virgu-

1775 4980 1860 5035 las
1881 4979 1940 5034 in
1964 4978 2191 5034 arbores
2222 4994 2454 5050 magnas
2498 4977 2825 5044 excrevisse,
2870 4978 3078 5034 multos
3127 4979 3383 5035 videlicet

1778 5069 1848 5124 ad
1881 5085 2087 5141 magna
2106 5067 2381 5123 bonorum
2418 5084 2654 5140 operum
2696 5067 3044 5122 incrementa
3089 5085 3191 5140 per
3229 5067 3378 5124 illius

1777 5158 2193 5214 institutionem
2255 5158 2591 5226 accessisse;
2638 5156 2788 5213 illius
2841 5158 3050 5213 etenim
3108 5157 3379 5214 sementis

1776 5248 1968 5303 existit
1996 5247 2268 5320 quidquid
2299 5265 2548 5319 unquam
2580 5247 2710 5302 boni
2744 5249 2955 5303 fructus
3009 5248 3068 5302 in
3116 5248 3379 5302 Beccensi

1778 5337 2046 5402 coenobio,
2089 5337 2173 5390 vel
2207 5337 2276 5390 ab
2307 5354 2371 5391 eo
2397 5336 2691 5391 exstiterit.
2719 5336 2907 5392 Arbor
2948 5335 3224 5391 fructibus
3276 5352 3378 5407 op-

1776 5429 1918 5482 tima
1939 5427 2046 5481 fuit
2062 5427 2394 5481 venerabilis
2415 5427 2714 5480 Anselmus
2730 5426 2985 5480 Ecclesiae
3006 5425 3379 5496 Augustensis

1778 5518 2029 5581 clericus,
2066 5517 2161 5587 qui
2191 5516 2350 5570 illum
2388 5515 2675 5570 doctorem
2702 5515 3006 5569 maximum
3037 5515 3108 5569 ad
3123 5514 3377 5570 ordinem

1779 5608 2183 5664 monachorum
2202 5607 2550 5674 subsecutus,
2571 5605 2643 5660 ad
2657 5605 2968 5678 prioratum
2989 5620 3210 5678 quoque
3231 5606 3280 5678 ej
3288 5622 3378 5662 us-
