3920 6356
550 268 650 321 707
1464 267 1560 319 AD
1602 264 1837 319 OPERA
1879 265 1937 317 Β.
1984 263 2398 320 LANFRANCI
2437 268 2827 325 APPENDIX.
3715 276 3802 331 708

552 392 682 446 dem
712 388 949 445 cmnobii
979 390 1269 444 Beccensis
1317 396 1444 460 post
1490 405 1617 443 eum
1670 389 1920 456 accessit;
1952 395 2010 443 et
2048 389 2382 449 de-Acirca
2408 394 2709 447 monachos
2732 409 2862 448 suos
2886 394 3155 460 intentus,
3204 394 3462 450 districta
3520 411 3613 450 eos
3658 397 3802 453 disci-

552 481 744 535 functo
768 479 945 535 beatae
971 479 1255 533 memoria:
1279 478 1599 550 supradicto
1649 479 1917 532 Herluino
1962 478 2151 533 abbati
2234 481 2385 551 plina
2410 482 2660 551 regebat,
2691 488 2747 535 et
2783 482 3242 536 affectuosissian
3263 500 3457 537 amore
3476 483 3802 554 diligebat.Si

552 569 838 632 successit,
871 585 935 621 ac
952 568 1179 622 demum
1210 574 1336 638 post
1387 568 1572 638 ipsum
1619 566 2013 632 Lanfrancum,
2059 585 2151 622 ar-
2234 587 2400 640 quem
2431 570 2579 624 inter
2609 571 2811 625 fratres
2840 588 3089 641 segnem,
3135 571 3182 625 si
3215 589 3380 642 quem
3411 573 3498 626 sui
3527 572 3730 628 ordinis
3750 592 3803 630 ac

551 657 940 728 chiepiscopus
985 656 1408 718 Cantuariensis
1477 655 1708 721 exstitit,
1776 657 1860 709 vir
1924 656 2150 727 ingenio
2234 658 2405 711 studii
2435 659 2753 712 litterarum
2779 658 3177 729 negligentem,
3210 660 3257 713 si
3286 676 3455 730 quem
3505 660 3565 713 in
3596 662 3805 717 ecclesia

554 744 921 811 admirabilis,
951 744 1214 798 facundia
1237 761 1349 798 non
1378 744 1601 814 impari,
1634 751 1709 805 et,
1752 746 1898 815 quod
1934 747 2004 799 ad
2043 746 2151 798 hu-
2233 748 2646 802 somnolentum
2669 746 3139 819 deprehendebat,
3160 748 3309 803 hunc
3328 749 3561 803 omnino
3592 750 3807 806 invisum

557 849 784 889 manum
815 839 1031 903 spectat
1060 833 1357 902 judicium,
1383 849 1603 887 morum
1625 834 1874 888 omnium
1892 834 2150 904 insignis.
2236 835 2507 903 habebat;
2550 854 2790 908 semper,
2822 836 3104 907 inquibat:
3142 857 3163 889 ι
3192 838 3370 892 Homo
3392 837 3725 905 litterarum,
3763 846 3810 894 et

555 921 713 986 Quod
740 923 810 977 de
836 921 1198 993 approbanda
1214 928 1441 976 actuum
1464 924 1586 992 ejus
1606 924 1897 977 honestate
1911 923 2151 977 dicimus
2235 925 2627 980 mandatorum
2661 927 2762 981 Dei
2790 927 3028 989 nescius,
3073 927 3204 998 quid
3245 929 3520 999 praestat?
3579 949 3601 980 ι
3652 930 3809 994 Quem

554 1012 807 1067 vicinitas
825 1012 1082 1067 universa
1103 1018 1365 1076 testatur,
1390 1012 1554 1081 longe
1572 1014 1795 1083 lateque
1814 1012 2153 1067 Northman-
2234 1014 2627 1068 considerabat
2652 1015 3086 1085 vigilantiorem,
3118 1016 3536 1082 studiosiorem,
3553 1018 3624 1071 ad
3652 1018 3810 1072 virtu-

555 1100 1589 1171 niaattestatur,etGalliaamplissime
1604 1099 2154 1155 contestatur.Arbor
2232 1108 2356 1156 tum
2387 1104 2650 1157 exercitia
2678 1105 3111 1175 promptiorem;
3133 1105 3302 1175 hujus
3321 1122 3438 1159 non
3491 1105 3680 1170 abbas,
3726 1108 3809 1161 sed

554 1193 835 1249 fructuum
878 1194 1231 1264 jucunditate
1281 1194 1586 1264 plurimum
1645 1194 2002 1265 acceptabilis
2044 1194 2152 1247 fuit
2235 1208 2426 1245 servus
2455 1191 2741 1257 exstabat;
2774 1194 3070 1264 plerosque
3103 1194 3228 1266 plus
3255 1194 3326 1249 ad
3350 1195 3602 1249 studium
3629 1196 3803 1250 incita-

556 1283 815 1339 Ecclesiaa
847 1282 1245 1337 Cormeliensis
1274 1281 1445 1336 abbas
1499 1283 1835 1349 Willelmus,
1898 1283 2151 1354 apprime
2232 1280 2329 1334 bat
2370 1280 2519 1335 illius
2560 1281 2716 1335 favor
2730 1298 2894 1352 quem
2913 1282 3159 1337 scientiae
3183 1282 3360 1354 ipsius
3382 1285 3807 1352 amor;sedulus

555 1374 804 1427 nutritus
834 1373 917 1425 vel
945 1371 1219 1425 eruditus.
1265 1370 1447 1425 Arbor
1494 1372 1610 1426 alta
1662 1376 1831 1442 atque
1865 1372 2152 1426 fructuosa
2233 1368 2381 1422 enim
2402 1370 2764 1441 perquirebat
2792 1372 2917 1441 quis
2947 1372 3196 1426 omnium
3229 1388 3427 1428 eorum
3474 1373 3569 1444 qui
3615 1373 3808 1428 erudie-

556 1462 768 1516 exstitit
796 1460 1073 1515 Henricus
1103 1460 1523 1514 Cantuariensis
1580 1460 1833 1515 Ecclesiae
1886 1461 2149 1526 decanus,
2234 1457 2443 1512 bantur
2488 1460 2852 1515 accuratioris
2895 1461 3105 1532 ingenii
3144 1469 3309 1527 esset,
3362 1463 3491 1533 quis
3536 1463 3808 1519 tenacioris

557 1550 653 1621 qui
678 1549 1035 1621 postmodum
1064 1548 1237 1602 abbas
1272 1549 1378 1603 fuit
1407 1550 1475 1603 de
1504 1549 1677 1615 Bello,
1706 1550 1790 1602 vir
1825 1550 2155 1604 ecclesiasti-
2236 1548 2518 1603 memoriae
2549 1549 2829 1614 existeret,
2861 1551 2984 1620 quis
3017 1551 3399 1605 vehementius
3428 1551 3678 1617 instaret,
3723 1569 3806 1607 cu-

555 1637 922 1711 cisomnibus
951 1637 1259 1708 disciplinis
1283 1638 1494 1709 Optime
1532 1638 1860 1693 instructus.
1909 1638 2324 1711 Arboresﬁjus
2352 1638 2540 1691 studio
2576 1638 2822 1706 valeret;
2878 1638 3118 1708 denique
3164 1656 3230 1693 ex
3282 1639 3543 1694 omnibus
3596 1642 3715 1711 quis
3746 1640 3806 1694 ad

556 1710 829 1781 bonorum
886 1699 1118 1797 operum
1167 1699 1455 1781 fertilitate
1506 1729 1747 1782 multum
1801 1729 2044 1799 gravidae
2092 1699 2484 1796 inBsingulas
2513 1727 2747 1781 virtutes
2777 1699 2831 1781 et
2857 1699 3105 1781 amorem
3154 1729 3253 1782 Dei
3312 1729 3438 1799 plus
3489 1699 3802 1797 intenderet,

555 1815 722 1869 domo
773 1814 997 1868 Domini
1054 1816 1389 1870 exstiterunt
1433 1816 1763 1870 venerabilis
1821 1818 2102 1871 Hernotus
2132 1857 2146 1883 ,
2231 1831 2334 1869 nec
2357 1814 2542 1869 minus
2571 1833 2738 1886 quam
2769 1816 2826 1869 in
2854 1833 2914 1870 se
2931 1817 3174 1881 amabat,
3198 1822 3255 1870 et
3273 1818 3527 1871 enutrirc
3540 1816 3807 1887 satagebat

555 1904 813 1958 Ecclesia
842 1903 1116 1958 Roﬁ'ensis
1176 1904 1491 1976 episcopus,
1540 1912 1597 1959 et
1640 1905 1734 1976 qui
1789 1904 1840 1959 ei
1890 1906 1961 1960 ad
1999 1906 2148 1960 idem
2232 1902 2465 1973 quiquid
2492 1904 2799 1957 amandum
2831 1904 3055 1959 videbat
3093 1906 3151 1959 in
3190 1905 3466 1976 singulis!
3520 1907 3802 1961 Litteratus

555 1992 799 2047 ofﬁcium
853 1992 1056 2046 ibidem
1115 1993 1401 2059 successit,
1450 1993 1535 2046 vir
1590 2010 1811 2048 morum
1848 1996 2148 2050 sanctitate
2230 1991 2434 2062 aliquis
2453 1993 2642 2047 volens
2666 1993 2785 2046 ﬁeri
2820 1995 3145 2057 monachus,
3178 1996 3404 2065 quando
3429 1996 3500 2049 ad
3536 1996 3688 2050 illum
3722 2012 3802 2048 ve-

554 2081 857 2135 admodum
881 2082 1237 2143 reverendus,
1269 2082 1637 2152 Gondulphus
1673 2083 1983 2154 episcopus.
2033 2085 2148 2139 Hos
2231 2080 2439 2147 niebat,
2472 2098 2583 2151 qua
2608 2083 2978 2136 exsultatione
3017 2083 3445 2153 suscipiebatur,
3489 2101 3608 2155 quae
3645 2100 3803 2138 susce-

552 2170 808 2225 Ecclesiae
835 2187 953 2224 suae
982 2171 1125 2224 ﬁlios
1155 2171 1292 2225 vidit
1318 2172 1649 2241 grandaevus
1680 2173 1849 2226 Pater
1876 2173 2001 2227 aliis
2039 2173 2148 2228 Ec-
2232 2175 2327 2240 pto
2376 2169 2711 2240 benignitas,
2764 2177 2820 2224 et
2867 2171 3153 2226 veneratio
3199 2172 3585 2227 exhibebatur.
3635 2172 3805 2226 Laicos

552 2259 736 2313 clesiis
764 2264 952 2329 patres
977 2259 1328 2314 constitutos.
1365 2259 1440 2312 Hi
1468 2266 1601 2314 sunt
1624 2260 1725 2314 ﬁlii
1753 2262 1821 2314 de
1847 2262 2050 2332 quibus
2089 2263 2150 2316 in
2232 2274 2344 2328 qua
2371 2257 2644 2312 instantia
2668 2264 2730 2312 ut
2743 2257 2809 2312 ad
2842 2260 3167 2314 discendum
3189 2262 3437 2331 psalmos
3454 2260 3800 2321 intenderent,

554 2346 771 2417 psalmo
804 2349 1028 2413 (cxxvn,
1061 2346 1112 2411 3)
1149 2347 1386 2401 dicitur:
1434 2348 1565 2400 Filii
1610 2351 1696 2401 iui
1739 2351 1882 2402 sicut
1932 2353 2150 2404 novellae
2230 2347 2460 2417 agebat!
2525 2348 2739 2412 Quibus
2806 2349 3002 2415 modis,
3084 2356 3150 2403 ut
3219 2352 3366 2420 quod
3438 2351 3807 2405 inchoaverant

555 2436 856 2497 olivarum,
882 2433 978 2505 qui
1004 2433 1074 2487 ab
1090 2434 1443 2488 inferioribus
1461 2435 1745 2489 extenuati
1766 2436 1837 2490 ad
1856 2437 2149 2507 superiora
2233 2438 2475 2492 amando
2498 2443 2776 2503 tenerent,
2808 2438 3081 2493 instabat!
3111 2439 3387 2495 Omnibus
3416 2441 3603 2496 omnia
3621 2457 3677 2494 se
3699 2454 3806 2492 con-

551 2522 818 2590 roborati,
853 2523 1142 2576 charitatis
1170 2523 1271 2577 Dei
1299 2524 1463 2595 adipe
1483 2531 1540 2578 et
1559 2525 1898 2596 pinguedine
1929 2526 2146 2597 repleti,
2232 2523 2499 2591 formans,
2523 2543 2719 2582 omnes
2744 2533 2808 2581 ut
2857 2527 3021 2594 ﬁlios,
3079 2534 3136 2582 et
3183 2528 3263 2582 illi
3316 2535 3382 2583 ut
3438 2536 3649 2600 patrem
3694 2541 3803 2581 eum

553 2611 792 2665 aliorum
805 2612 1024 2665 animas
1037 2612 1217 2665 verbis
1229 2628 1293 2665 ac
1308 2612 1466 2666 bonis
1480 2613 1746 2683 exemplis
1756 2614 2056 2669 reﬁciendo
2068 2631 2153 2669 ro-
2234 2615 2520 2672 amabant.

556 2699 759 2754 borant
778 2699 1090 2754 roborando
1112 2703 1823 2769 sustentant,sustentando
1843 2704 1911 2757 ad
1929 2721 2152 2758 summa
2302 2706 2481 2774 Nova,
2515 2705 2755 2761 necdum
2804 2714 3023 2761 sacrata
3066 2712 3189 2761 erat
3241 2709 3493 2774 ecclesia,
3535 2722 3697 2779 quam
3742 2702 3801 2757 ab

551 2788 1180 2844 virtutumincrementa
1196 2791 1697 2845 educunt.Multam
1720 2794 2153 2863 quoqueeduca-
2234 2793 2356 2864 ipso
2399 2796 2558 2865 cujus
2601 2812 2725 2849 eam
2764 2796 3059 2850 consilium
3105 2796 3389 2851 inchoavit
3449 2803 3506 2851 et
3559 2794 3802 2850 auxilium

551 2885 706 2933 verat
736 2878 984 2933 sobolem
1012 2896 1111 2949 spe
1133 2879 1445 2934 certissima
1472 2881 1821 2951 posteritatis
1845 2882 2152 2952 spirituali-
2230 2881 2357 2955 [αι.,
2386 2884 2619 2937 consilio
2638 2891 2695 2938 et
2715 2883 2948 2957 auxilio]
2994 2887 3422 2949 consummavit,
3473 2881 3802 2955 exspectabat

548 2972 636 3021 ter
661 2968 720 3021 in
750 2967 1127 3038 Domino,jam
1143 2971 1381 3039 juvenes
1402 2976 1645 3035 centum,
1665 2970 2142 3025 nobilissimorum
2162 3016 2206 3075 Ο
2233 2973 2546 3026 consecrari
2572 2996 2583 3035 ;
2608 2973 2885 3027 instanter
2913 2974 3016 3028 hoc
3057 2991 3090 3027 a
3144 2975 3257 3028 Deo
3295 2991 3615 3046 exposcens,
3661 2971 3799 3040 cujus

549 3056 755 3111 etenim
781 3063 951 3128 atque
999 3057 1362 3127 optimorum,
1418 3063 1534 3111 tam
1585 3059 1911 3113 clericorum
1972 3056 2206 3130 quam”
2228 3061 2487 3131 petitioni
2517 3062 2613 3132 qui
2656 3063 2728 3115 ad
2782 3067 2983 3116 caetera
3029 3063 3136 3116 sibi
3192 3062 3468 3134 benignus
3512 3063 3793 3122 exstiterat,

547 3145 844 3216 laicorum,
865 3163 931 3200 ex
980 3146 1170 3200 multis
1212 3146 1463 3218 partibus
1509 3148 1658 3202 orbis
1706 3149 1820 3203 illic
1865 3149 2145 3204 adunatus
2228 3156 2483 3220 optatum
2515 3151 2664 3205 Deus
2710 3153 2984 3205 concessit
3037 3152 3295 3206 effectum
3347 3153 3656 3223 adimplens
3716 3163 3800 3219 per

546 3251 837 3300 numerus,
865 3235 936 3289 ad
961 3237 1338 3289 centenariam
1370 3237 2146 3308 pertingebatsummam.Vi—
2226 3239 2416 3292 omnia
2444 3256 2614 3310 super
2657 3240 2762 3294 hac
2799 3257 2859 3293 re
2903 3240 3052 3294 illius
3089 3241 3353 3295 affectum
3396 3261 3407 3295 :
3449 3242 3622 3296 multo
3665 3236 3795 3292 enim

549 3322 633 3377 dit
660 3323 804 3377 ﬁlios
833 3323 1094 3387 ﬁliorum,
1151 3342 1216 3378 ex
1266 3331 1458 3380 sancto
1502 3326 1757 3381 videlicet
1808 3327 2142 3382 Cadomensi
2224 3328 2483 3399 ampliori
2512 3345 2679 3399 quam
2719 3345 3061 3400 praesumere
3112 3335 3353 3401 poterat,
3402 3325 3799 3385 honoriﬁcentia

548 3411 800 3466 coenobio
829 3412 1034 3466 fratres
1062 3413 1128 3467 ad
1158 3419 1280 3480 38
1307 3414 1458 3469 idem
1503 3432 1644 3486 opus
1697 3422 2033 3486 assumptos,
2082 3417 2142 3472 in
2223 3422 2547 3471 consecrata
2575 3422 2679 3483 est,
2713 3424 2823 3472 eta
2853 3435 2961 3489 quo
3000 3419 3318 3489 exoptabat.
3374 3422 3518 3474 Nam
3557 3434 3652 3490 pro
3695 3413 3797 3485 qui-

548 3500 814 3555 extremis
831 3500 1151 3556 nationibus
1180 3503 1386 3557 multos
1404 3503 1638 3573 gignere
1677 3504 1735 3556 in
1779 3505 2034 3558 Domino.
2226 3505 2463 3561 busdam
2489 3507 2728 3576 negotiis
2743 3514 2859 3561 tam
2882 3507 3238 3562 saecularibus
3251 3526 3418 3579 quam
3438 3501 3795 3563 ecclesiasticis

618 3586 911 3658 Corporeaa
939 3605 1066 3643 eum
1089 3590 1232 3644 vires
1257 3591 1377 3660 jam
1405 3590 1758 3657 deserebant,
1782 3608 1921 3662 quas
1939 3609 2041 3662 per
2060 3598 2148 3647 tot
2227 3611 2375 3665 saepe
2402 3612 2574 3666 supra
2617 3602 2965 3651 memoratus
3018 3598 3271 3667 gentium
3318 3596 3794 3653 transmarinarum

546 3692 724 3731 annos
767 3676 975 3732 laboris
1020 3680 1397 3745 vehementia,
1452 3679 1790 3749 vigiliarum,
1843 3687 1901 3735 et
1947 3682 2145 3736 inediae
2226 3684 2566 3754 apostolicus
2621 3684 2692 3738 ad
2721 3685 2934 3739 curiam
2985 3686 3139 3740 venit
3185 3686 3614 3741 eminentissimi
3666 3680 3793 3751 regis

545 3763 891 3822 continuatio
943 3769 1251 3838 plurimum
1308 3768 1626 3834 attriverat,
1695 3769 1846 3824 visus
1902 3771 2145 3825 maxime
2224 3774 2535 3843 Anglorum
2560 3774 2829 3827 Willelmi
2857 3774 2916 3828 in
2965 3791 3064 3829 sua
3110 3780 3267 3830 terra
3300 3777 3790 3830 Northmannorum

544 3853 958 3913 destituebatur
985 3858 1186 3923 ofﬁcio,
1219 3862 1275 3911 et
1303 3857 1372 3911 ab
1402 3858 1555 3912 horis
1586 3859 1915 3929 vespertinis
1932 3860 2144 3932 indige—
2225 3867 2359 3916 tunc
2387 3864 2809 3929 commorantis,
2843 3869 2948 3918 etc.

542 3945 641 3998 bat
659 3944 973 4001 ducamine.
1025 3946 1399 4010 Quamobrem
1447 3947 1634 4001 nonin
1657 3948 1985 4007 dormitorio
2015 3966 2142 4004 cum
2297 3950 2427 4004 Dies
2453 3968 2644 4022 ergoa
2690 3952 2883 4006 multis
2936 3970 3036 4023 per
3085 3954 3293 4008 multos
3348 3971 3526 4009 annos
3574 3949 3789 4006 multum

540 4033 833 4101 fratribus,
868 4052 1049 4105 neque
1077 4034 1148 4088 ad
1168 4036 1520 4106 psallendum
1543 4037 1711 4091 choro
1733 4038 2003 4092 interesse
2021 4040 2141 4109 jam
2224 4046 2516 4111 exoptatus
2544 4042 2709 4111 longe
2737 4042 2961 4112 lateque
2990 4043 3330 4105 insinuatur,
3379 4062 3445 4099 ex
3500 4034 3788 4111 longinquis

542 4123 780 4188 valebat,
805 4123 902 4177 sed
935 4131 1123 4178 tamen
1149 4124 1218 4178 ad
1249 4126 1574 4180 nocturnale
1624 4126 1869 4181 ofﬁcium
1927 4128 2141 4198 primus
2224 4130 2544 4200 regionibus
2557 4131 3522 4195 viriconsulares,ecclcsiasticorum
3535 4129 3787 4202 graduum

543 4211 831 4281 surgebat,
855 4228 957 4267 nec
981 4213 1097 4267 ulla
1124 4213 1313 4268 diurni
1344 4214 1548 4268 laboris
1571 4215 1900 4285 defetigatio
1919 4216 1978 4269 in
2000 4216 2141 4271 lecto
2225 4234 2457 4274 summae
2477 4236 2746 4290 personae,
2779 4221 3069 4275 hominum
3098 4238 3278 4292 genus
3306 4222 3587 4277 inﬁnitum
3613 4218 3787 4272 adven-

541 4299 703 4393 illum
734 4306 861 4393 post
880 4302 1019 4355 alios
1042 4302 1338 4357 retinebat.
1360 4304 1479 4360 Cibi
1504 4322 1568 4359 ac
1597 4312 1762 4375 potus
1773 4305 2137 4375 parcimonia,
2156 4335 2205 4393 D
2223 4313 2416 4362 turum
2441 4310 2870 4379 praenuntiatur,
2911 4310 3281 4365 libentissime
3305 4312 3590 4384 accipitur;
3616 4317 3787 4373 conge-

543 4405 669 4460 quee
690 4388 749 4443 in
771 4388 1085 4460 juventute,
1117 4392 1312 4447 eadem
1350 4393 1677 4448 servabatur
1713 4394 1773 4447 in
1828 4400 2134 4462 senectute,
2157 4388 2196 4393 —
2221 4403 2426 4452 runtur
2446 4399 2677 4452 maximi
2705 4405 2968 4470 sumptus
2998 4400 3070 4454 ad
3098 4401 3513 4472 suscipiendum
3538 4412 3691 4454 omne
3706 4407 3785 4462 ge-

543 4483 748 4548 praeter
777 4479 926 4551 quod
956 4479 1025 4534 ab
1075 4480 1228 4535 omni
1272 4482 1512 4537 fratrum
1555 4487 1831 4537 conventu
1887 4489 2133 4551 coactus,
2221 4502 2326 4540 nus
2368 4487 2680 4543 hominum.
2716 4487 2822 4542 Ubi
2868 4489 3227 4561 adimpletur,
3277 4495 3532 4559 pluviam
3559 4486 3783 4541 volunta-

542 4568 785 4638 exceptis
809 4568 1073 4638 legalium
1096 4568 1440 4641 jejuniorum
1463 4570 1677 4635 diebus,
1704 4570 1788 4625 bis
1813 4573 2139 4628 comedebat
2219 4578 2370 4629 riam
2388 4578 2687 4645 scgregabit
2707 4579 2847 4631 Deus
2871 4579 3184 4633 hzreditati
3202 4596 3313 4634 sua:
3328 4581 3499 4652 (Psal.
3523 4566 3776 4639 van,10)-

540 4655 601 4709 in
628 4655 735 4710 die.
763 4656 923 4721 Quod
965 4659 1188 4730 quidem
1230 4660 1413 4732 ipsum
1441 4676 1556 4715 non
1601 4665 1718 4714 tam
1785 4661 2132 4717 refocillandi
2218 4664 2371 4719 Nihil
2408 4664 2477 4719 ab
2518 4666 2706 4737 aliquo
2745 4673 3020 4734 exactum,
3062 4667 3201 4722 nihil
3241 4669 3564 4740 expetitum,
3595 4680 3651 4719 se
3677 4660 3779 4730 ipso

536 4743 671 4799 lassi
695 4747 943 4819 corporis
971 4765 1106 4804 cura
1125 4755 1496 4816 concesserat,
1528 4766 1698 4821 quam
1724 4755 1789 4805 ut
1809 4768 1992 4806 escam
2037 4769 2134 4806 su-
2215 4753 2513 4815 sufficiens,
2548 4756 2695 4826 quod
2717 4762 2981 4826 coeperat,
3015 4757 3265 4827 perfecit.
3293 4758 3442 4813 Deus
3464 4756 3554 4829 qui
3576 4754 3640 4808 de
3660 4755 3780 4804 ster-

535 4849 696 4911 mens
715 4834 795 4890 eis
826 4834 1194 4905 sumentibus,
1246 4837 1446 4909 quibus
1497 4838 1568 4892 ad
1617 4855 1757 4909 opus
1802 4840 2137 4911 praesidebat
2216 4859 2341 4897 core
2379 4843 2561 4914 erigit,
2628 4861 2693 4898 ac
2719 4844 2777 4897 in
2805 4844 3030 4899 sublimi
3077 4863 3381 4917 pauperem
3430 4859 3626 4919 ponere
3664 4851 3777 4893 con~

530 4922 791 4981 insistere
822 4934 1027 4997 posset.
1061 4926 1214 4998 operi
1235 4944 1413 4998 usque
1437 4927 1506 4981 ad
1531 4944 1840 4999 vesperam,
1895 4947 1960 4985 ac
2006 4946 2134 5000 per-
2216 4933 2397 4986 suevit
2428 4937 2589 5002 (Psal.
2620 4947 2753 4996 ειη,
2789 4930 2838 5002 7)
2902 4934 3019 4988 solo
3064 4952 3177 4990 suae
3222 4953 3423 4991 manus
3472 4927 3773 5007 gestamine.

533 5031 677 5086 saepe
703 5016 874 5069 etiam
904 5034 1081 5087 usque
1113 5018 1169 5070 in
1196 5023 1416 5070 noctem
1460 5017 1773 5073 insistebat.
1815 5020 2006 5074 Otium
2036 5024 2135 5073 aut
2214 5021 2374 5090 cujus
2420 5020 2476 5074 in
2515 5020 2997 5077 consummatione
3043 5023 3211 5093 hujus
3253 5025 3438 5095 operis
3482 5023 3563 5078 sui
3602 5026 3776 5072 manus

529 5103 786 5176 voluptas
812 5104 1028 5160 nullum
1060 5106 1116 5159 in
1149 5122 1215 5159 eo
1249 5105 1352 5158 sibi
1384 5106 1568 5161 locum
1614 5109 1813 5163 sortita
1860 5115 1945 5162 est
2005 5110 2130 5163 Non
2213 5109 2352 5164 adeo
2383 5111 2539 5180 larga
2589 5111 2819 5175 exstitit,
2860 5112 3007 5181 quod
3043 5129 3132 5166 res
3166 5113 3636 5185 sumptuosissime
3669 5110 3777 5157 act/8

530 5186 664 5249 tetas
694 5212 822 5249 eum
852 5210 1129 5249 annorum
1150 5211 1448 5249 numerum
1473 5198 1589 5267 jam
1612 5199 1901 5263 excedens,
1921 5198 1991 5252 de
2020 5215 2129 5269 quo
2212 5200 2489 5254 universis
2512 5200 2583 5254 ad
2612 5207 2802 5255 votum
2835 5207 2892 5253 et
2925 5200 3318 5256 sufﬁcientiam
3347 5203 3470 5265 fuit,
3494 5215 3588 5254 nec
3621 5191 3773 5248 ullam

529 5283 736 5338 dicitur
763 5285 822 5338 in
851 5286 1098 5355 psalmo:
1133 5290 1183 5338 et
1213 5288 1456 5354 amplius
1479 5304 1669 5341 eorum
1708 5290 1865 5341 labor
1897 5294 1945 5341 et
1972 5290 2129 5342 dolor
2208 5290 2265 5344 in
2282 5301 2567 5361 posterum
2588 5290 3267 5362 contraxitindigentiam,
3290 5295 3359 5347 ad
3372 5300 3583 5347 tantum
3598 5284 3773 5340 solem-

532 5375 701 5439 (Psul.
730 5388 945 5440 LXXXIX,
976 5372 1081 5442 10).
1115 5375 1240 5427 Νοη
1268 5376 1569 5431 vehemens
1599 5393 1710 5447 qua
1730 5377 1965 5430 multum
1983 5394 2128 5448 saepe
2210 5380 2404 5433 nitatis
2434 5385 2606 5434 tantae
2631 5380 2920 5449 gaudium.
2956 5379 3224 5451 Languor
3245 5383 3339 5452 qui
3366 5399 3463 5454 per
3510 5382 3626 5433 octo
3660 5372 3770 5454 ante

528 5460 588 5514 in
612 5462 848 5518 internis
873 5463 1186 5535 angebatur
1202 5463 1520 5534 inﬁrmitas,
1545 5466 1703 5519 illum
1727 5465 1797 5519 ab
1813 5465 2126 5522 actionibus
2208 5468 2325 5521 dies
2350 5468 2876 5523 vehementissimus
2910 5474 3173 5524 tenuerat
3212 5472 3410 5524 mortis
3455 5453 3768 5523 imminentis

528 5552 857 5608 necessariis
885 5552 1180 5610 retinebat.
1213 5554 1455 5612 Paterno
1508 5556 1711 5612 affectu
1759 5555 1913 5612 omni
1956 5557 2123 5613 modo
2204 5564 2359 5615 metu
2388 5557 2575 5629 ipsum
2594 5559 2921 5616 monasterii
2939 5566 3160 5631 patrem
3189 5560 3385 5617 adesse
3414 5551 3764 5615 minitabatur-
