3920 6350
127 263 225 317 709

915 261 1073 313 VlTA
1120 265 1174 313 S.
1225 259 1568 313 HERLUIN]
1616 255 1918 309 ABBA’l‘lS
1964 252 2349 307 BECCENSIS
2393 256 2614 311 PRIMI.

3303 266 3407 321 7m

124 388 293 442 Porro
323 402 393 440 ne
419 385 568 456 quod
601 383 855 438 maeroris
887 382 1140 438 nubilum
1188 384 1298 438 diei
1345 384 1495 439 illius
1545 384 1722 436 lucem
1743 383 1788 440 A
1811 378 2163 449 accipiebant
2190 378 2438 434 dicerent
2466 381 2692 437 modum
2711 386 3010 440 excessisse
3043 405 3055 454 ;
3098 404 3279 461 neque
3306 407 3398 445 so-

120 476 447 540 oﬂ‘enderet,
473 474 588 528 Deo
615 473 938 537 miserante,
973 473 1042 526 ad
1072 473 1218 526 diem
1251 473 1575 544 plenissime
1599 489 1724 525 con-

118 564 309 617 valuit.

184 650 369 720 Igitur
391 647 612 703 decimo
625 649 906 702 Kalendas
928 649 1274 714 Novembris,
1297 667 1442 703 anno
1455 649 1524 704 ab
1542 651 1724 703 Incar-

116 739 344 794 natione
358 738 584 792 Domini
598 737 891 791 millesimo
907 739 1321 809 septuagesimo
1333 739 1722 809 septimo,san-

79 836 210 898 ,στω
242 827 400 882 omni
435 827 696 881 Ecclesiae
739 827 1078 880 reverendus
1116 828 1370 897 gentium
1393 827 1720 880 transmari-

111 935 310 972 narum
345 933 602 971 summus
652 915 898 986 pontifex
928 916 1272 970 Lanfrancus
1310 916 1554 979 advenit,
1585 932 1718 969 con-

110 1005 382 1060 secrando
435 1011 928 1060 consummaturus
978 1006 1268 1059 ecclesiam
1323 1022 1490 1076 quam
1543 1004 1718 1074 inspi-

109 1100 268 1149 rante
293 1096 409 1148 Deo
440 1093 722 1149 inchoavit
755 1117 768 1159 ς
810 1099 866 1147 et
903 1094 961 1147 in
1013 1095 1171 1164 cujus
1201 1093 1550 1148 exstruendis
1601 1093 1719 1147 fun-

109 1183 392 1238 damentis
419 1183 661 1254 lapidem
709 1183 1015 1237 secundum
1056 1183 1174 1253 ipse
1205 1200 1376 1236 manu
1404 1199 1508 1236 sua
1545 1183 1716 1253 impo-

107 1273 236 1328 suit.
282 1274 680 1328 Convenerunt
737 1271 981 1326 universi
1022 1271 1408 1326 Northmaniae
1447 1271 1710 1341 episc0pi,

106 1362 362 1430 abbate;
405 1369 462 1416 et
517 1362 613 1416 alii
661 1361 866 1433 quique
931 1360 1178 1430 religiosi
1235 1360 1377 1426 \iri;
1432 1361 1718 1414 affuerunt

99 1467 362 1521 proceres
392 1451 568 1520 regni.
627 1451 743 1504 Rex
781 1449 906 1503 aliis
939 1449 1200 1502 detentus
1231 1448 1470 1518 negotiis
1521 1449 1716 1502 adesse

97 1557 210 1594 non
237 1539 444 1610 potuit.
477 1538 694 1608 Regina
738 1537 1023 1592 Mathildis
1079 1536 1258 1590 libens
1303 1537 1572 1600 affuisset,
1609 1536 1715 1591 nisi

101 1629 273 1698 regiis
302 1628 535 1682 detenta
566 1625 1024 1696 occupationibus
1057 1626 1290 1692 fuisset;
1325 1626 1487 1679 affuit
1522 1631 1713 1679 tamen

1806 469 1920 521 lum
1955 485 2019 520 ea
2051 468 2158 534 die,
2211 469 2305 522 sed
2349 470 2538 524 multis
2573 488 2671 540 per
2717 473 2930 544 aliquot
2957 482 3087 529 ante
3118 478 3234 531 dies
3266 479 3402 533 dum

1806 555 2222 626 operiebantur,
2276 557 2355 610 ita
2403 559 2668 613 servitum
2719 568 2820 614 est.
2856 563 3204 619 Venerabilis
3231 567 3403 622 abbas

1805 645 2096 715 requirens
2127 646 2472 711 aministris,
2519 648 2613 718 qui
2662 649 2819 704 ibant
2857 667 2920 705 ac
2966 653 3243 722 redibant,
3303 673 3406 712 nec

1805 739 2088 787 momento
2110 750 2220 786 uno
2246 734 2366 787 loco
2392 740 2542 789 stare
2570 743 2849 807 poterant,
2885 741 3017 811 quid
3043 749 3295 813 agerent,
3317 745 3404 800 di-

1801 827 2010 887 cerent,
2056 837 2127 875 an
2169 829 2424 892 sumptus
2455 825 2636 878 adhuc
2665 827 2986 896 deficerent,
3048 848 3173 885 cum
3214 834 3400 903 potius

1802 910 2089 964 abundare
2100 911 2442 965 audiebatab
2461 913 2558 977 eis,
2581 916 2800 984 quoties
2820 917 2916 971 illa
2937 918 3025 972 die
3047 921 3188 974 dixit
3220 939 3233 978 :
3255 925 3401 989 Quid

1803 1001 2111 1051 retribuam
2143 1000 2372 1052 Domino
2415 1017 2515 1068 pro
2544 1003 2800 1056 omnibus
2821 1021 2938 1072 qua
2968 1010 3230 1061 retribuit
3261 1013 3407 1066 mihi

1800 1087 1967 1155 (Psal.
2003 1099 2126 1150 cxv,
2163 1086 2247 1156 l2)
2281 1106 2291 1152 ;
2335 1093 2392 1141 et
2432 1088 2664 1143 dicendo
2711 1091 2818 1145 ista
2864 1093 3011 1148 solas
3051 1095 3400 1153 retribuebat

1801 1175 2038 1228 Domino
2061 1177 2336 1245 lacrymas
2367 1183 2599 1246 agentes
2629 1180 2842 1247 gratias
2873 1199 2973 1252 pro
3005 1187 3278 1241 concessis
3297 1187 3404 1242 sibi

1798 1269 1884 1318 tot
1911 1263 2228 1330 beneficiis;
2261 1282 2324 1319 ac
2357 1267 2573 1328 merito,
2605 1268 2754 1338 quia,
2789 1271 3011 1326 exclusa
3035 1275 3187 1328 omni
3217 1292 3396 1346 penu-

1798 1352 1900 1416 ria,
1936 1354 2088 1406 omni
2146 1370 2179 1406 a
2222 1354 2335 1407 Deo
2365 1355 2790 1411 subministrata
2827 1361 3215 1417 serviebantur
3243 1365 3403 1420 sufﬁ-

1798 1440 2006 1493 cientia

1868 1529 2056 1582 Tertio
2077 1529 2184 1593 die,
2214 1531 2429 1584 saeculis
2454 1534 2847 1588 memorandus
2884 1536 3003 1604 jam
3042 1553 3190 1608 saepe
3219 1538 3400 1594 dictus

1800 1618 2230 1672 Cantuariorum
2251 1620 2720 1692 archiepiscopus,
2748 1629 2876 1684 etc.,
2902 1624 2971 1677 ab
2988 1625 3261 1680 universis
3290 1628 3405 1682 fra-

100 1693 201 1788 per
220 1717 626 1771 condecentem
655 1693 1035 1770 beneficentiae
1063 1732 1178 1770 suae
1209 1715 1582 1784 largitionem.
1604 1716 1712 1768 No-
1730 1693 1775 1752 Β
1796 1705 1977 1760 tribus
2007 1707 2175 1760 eundi
2209 1708 2532 1763 miSSionem
2558 1712 2825 1781 POPOSCit-
2851 1713 2987 1777 QUiS
3005 1720 3408 1773 temtumtanti-.3

104 1807 205 1860 luit
247 1806 368 1860 Rex
399 1822 676 1876 supernus
703 1805 857 1876 operi
898 1805 1096 1874 gratia:
1152 1821 1265 1859 suae
1312 1820 1501 1873 regem
1541 1809 1712 1856 terre-

101 1911 240 1949 num
269 1911 598 1965 supremam
632 1911 861 1948 manum
901 1893 1208 1964 imponere,
1256 1892 1360 1946 sibi
1408 1897 1588 1946 totum
1619 1910 1710 1946 re-

103 2001 340 2038 servans
385 1985 572 2054 operis
632 1983 1003 2038 consummati
1045 1982 1338 2052 gaudium,
1371 1981 1536 2051 ‘quod
1568 1981 1714 2035 infra

101 2072 384 2127 sexdecim
415 2090 593 2127 annos
631 2073 764 2128 solis
793 2089 1101 2142 pauperum
1135 2070 1389 2141 expensis
1417 2071 1716 2141 complevit

105 2161 540 2227 monasterium,
565 2179 694 2216 cum
715 2160 974 2215 omnibus
995 2159 1236 2213 ofﬁcinis
1267 2177 1407 2230 opus
1423 2159 1716 2230 pulchrum

105 2258 161 2304 et
180 2251 516 2308 maximum.
546 2250 840 2304 Affuerunt
870 2255 927 2304 et
956 2249 1113 2318 regni
1141 2249 1386 2302 Francia
1417 2248 1718 2313 clarissimi

105 2338 387 2403 consules,
413 2343 471 2392 et
489 2355 552 2392 ex
575 2337 702 2392 aliis
739 2341 895 2407 regni
930 2337 1180 2407 ejusdem
1205 2336 1537 2408 primatibus
1563 2352 1717 2390 com-

105 2428 316 2498 plures,
369 2427 574 2491 clerici,
611 2427 864 2481 monachi
896 2443 960 2480 ex
991 2425 1265 2480 universis
1329 2424 1717 2495 adjacentibus

107 2502 435 2587 provinciis,
461 2516 731 2570 confluxit
771 2516 1131 2570 innumerum
1178 2531 1358 2584 genus
1399 2512 1709 2567 hominum.

104 2605 312 2676 Agitur
342 2604 619 2659 dedicatio
635 2604 925 2658 laetissima
945 2603 1320 2664 solemnitate,
1350 2607 1407 2656 et
1425 2602 1714 2656 solemnis-

105 2694 518 2748 simaomnium
532 2692 1123 2755 alacritate,alacritati
1146 2693 1434 2745 hominum
1467 2709 1566 2745 aer
1595 2691 1713 2762 ipse

105 2783 451 2853 purissimus
516 2782 746 2851 diesque
783 2780 1160 2834 lucidissimus
1209 2779 1535 2846 arridebat;
1600 2797 1714 2850 prae

104 2872 358 2925 tumultu
375 2869 845 2926 circumeuntium
869 2870 1201 2940 populorum
1224 2869 1310 2922 vix
1339 2869 1714 2922 exaudiuntur

107 2961 264 3014 chori
322 2959 664 3014 canentium.
700 2957 766 3011 In
793 2965 953 3012 tanta
982 2958 1374 3028 compilatione
1403 2958 1590 3012 nullus
1630 2959 1717 3012 lae-

1794 1795 1942 1848 inter
1960 1812 2055 1849 eos
2074 1795 2436 1866 benignitatis
2461 1798 2638 1852 virum
2663 1802 3016 1857 recedentem
3038 1804 3195 1859 siccis
3225 1805 3403 1862 oculis

1795 1885 2044 1954 aspicere
2097 1886 2314 1956 potuit?
2366 1887 2573 1942 Omnes
2620 1899 2928 1961 eruperunt
2981 1893 3036 1946 in
3101 1894 3398 1965 lacrymas,

1798 1975 2012 2044 parvuli
2040 1991 2150 2028 non
2185 1975 2443 2029 valebant
2463 1979 2766 2038 consolari;
2813 1982 3067 2035 consulto
3097 1985 3405 2040 maturavit

1797 2080 2097 2127 recessum,
2142 2071 2418 2133 quatenus
2465 2082 2497 2118 a
2535 2067 2668 2119 fletu
2695 2085 2753 2121 se
2779 2069 3132 2124 continerent
3161 2073 3247 2126 vel
3277 2078 3406 2144 post

1799 2153 1920 2221 ejus
1941 2152 2237 2206 dicessum.
2281 2152 2466 2207 Abbas
2491 2155 2812 2222 Herluinus,
2845 2174 2972 2211 cum
3003 2175 3174 2230 supra
3202 2177 3399 2216 omnes

1802 2242 2066 2294 mortales
2097 2258 2312 2308 amans,
2354 2248 2407 2296 et
2431 2243 2500 2296 ab
2530 2261 2595 2297 eo
2615 2251 2855 2306 amatus,
2891 2247 3270 2304 discedentem
3302 2268 3404 2321 per

1801 2330 1912 2383 duo
1933 2331 2194 2384 milliaria
2233 2339 2556 2402 prosecutus
2583 2339 2667 2387 est
2698 2336 2960 2401 amicum,
2985 2339 3055 2391 ad
3085 2354 3218 2394 suos
3247 2338 3402 2395 visus

1800 2436 2090 2489 nunquam
2115 2419 2171 2473 in
2192 2421 2293 2473 hac
2309 2420 2422 2474 vita
2442 2421 2680 2476 ulterius
2698 2424 3030 2480 rediturum.
3065 2428 3200 2491 Quae
3219 2430 3402 2483 cordis

1798 2510 2135 2574 amaritudo,
2194 2510 2289 2580 qui
2321 2512 2485 2565 ﬂetus
2517 2513 2768 2582 quamvis
2797 2516 3304 2586 comprimerentur
3341 2521 3399 2574 in

1797 2598 1916 2669 ipso
1959 2599 2158 2652 ultimo
2196 2601 2335 2662 vale,
2392 2607 2449 2654 et
2478 2601 2677 2655 ultimo
2711 2601 2781 2655 ab
2828 2603 3066 2658 invicem
3111 2606 3398 2661 discessu!

1795 2687 2100 2758 Postquam
2136 2705 2390 2742 reversus
2432 2695 2538 2755 est,
2569 2690 2769 2744 sedens
2786 2691 2844 2744 in
2865 2708 3089 2746 camera
3105 2695 3257 2749 solus
3272 2712 3401 2750 cum

1796 2776 2033 2846 solo,qui
2058 2777 2163 2830 sibi
2183 2794 2246 2830 ex
2267 2777 2525 2832 omnibus
2548 2784 2670 2832 erat
2684 2779 3176 2847 familiarissimus,
3211 2785 3402 2838 conci-

1796 2866 1928 2919 tatis
1954 2865 2284 2936 permittens
2317 2867 2579 2936 lacrymis
2606 2868 2872 2935 habenas,
2932 2871 3001 2923 ad
3046 2871 3246 2925 caelum
3278 2889 3400 2928 ma-

1797 2972 1902 3008 nus
1931 2955 2130 3007 levavit
2185 2973 2195 3007 :
2249 2960 2307 3008 et
2359 2955 2446 3008 his
2477 2956 2658 3009 verbis
2695 2957 2776 3010 ait
2811 2976 2823 3010 :
2872 2977 2893 3008 ι
2928 2959 3092 3012 Nunc
3139 2963 3397 3026 dimittis,

102 3049 279 3102 sionis
323 3049 566 3119 alicujus
611 3047 924 3102 molestiam
953 3047 1129 3102 sensit
1161 3067 1172 3113 ;
1215 3048 1370 3100 nulla
1391 3047 1448 3102 in
1479 3047 1770 3118 agendisC
1792 3061 2009 3098 servum
2044 3048 2224 3107 tuum,
2260 3045 2504 3110 Domine,
2533 3047 2595 3097 in.
2611 3061 2768 3114 pace,
2798 3050 2930 3113 quia
2950 3049 3214 3103 viderunt
3257 3053 3408 3104 oculi

103 3137 356 3192 turbatio
387 3137 630 3192 obvenit.
673 3137 907 3191 Peracta
952 3136 1323 3207 processione,
1371 3136 1457 3189 vix
1490 3137 1714 3206 pontifi-

101 3227 262 3282 cibus
293 3227 510 3282 intrare
547 3225 677 3280 licet
709 3226 826 3280 sine
866 3226 1170 3280 collisione.
1224 3225 1434 3295 Irrupit
1477 3242 1716 3295 sequens

102 3317 349 3387 populus
379 3315 590 3370 avulsis
621 3320 748 3380 39
775 3314 1034 3368 omnibus
1068 3315 1278 3384 januis,
1313 3314 1588 3368 universis
1624 3320 1711 3368 ta-

103 3421 236 3458 men
267 3404 478 3467 illaesis,
540 3408 813 3474 quantum
860 3401 1102 3456 ecclesiae
1159 3402 1482 3472 spatiositas
1531 3403 1714 3472 potuit

102 3493 441 3564 astringere.
466 3491 893 3546 Distribuuntur
913 3491 1113 3544 altaria
1136 3491 1513 3545 consecranda
1536 3491 1713 3561 ponti-

103 3581 322 3646 ficibus,
355 3581 542 3652 ipsum
573 3579 876 3652 principale
916 3581 1253 3634 sacrandum
1297 3581 1712 3650 archiepisc0po

103 3669 400 3724 remansit.
422 3668 512 3722 Fit
533 3685 629 3739 per
647 3675 822 3722 totam
848 3669 1136 3722 ecclesiam
1154 3685 1377 3722 summa
1394 3667 1707 3735 celebritas,

105 3765 159 3812 et
189 3759 247 3812 in
279 3759 504 3829 agenda
529 3757 850 3812 celebritate
873 3758 965 3829 pia
983 3759 1240 3829 quaedam
1265 3757 1706 3812 contentiositas.

103 3847 208 3902 Vix
238 3847 612 3918 semetipsum
658 3846 892 3917 quisque
939 3846 1292 3900 cantantium
1326 3845 1552 3899 exaudit
1600 3863 1712 3916 prae

109 3937 474 3992 multitudine
516 3935 962 3992 vociferantium.
1003 3933 1165 3990 Multi
1216 3935 1542 4004 jubilantes,
1578 3935 1712 4005 quid

107 4026 404 4080 dicebatur
448 4024 760 4079 nescientes
820 4025 941 4094 [al.,
982 4023 1350 4094 nesciebant],
1381 4031 1478 4078 aut
1510 4025 1713 4094 quibus

109 4115 491 4178 concinerent,
534 4113 766 4167 minime
787 4112 1174 4168 attendebant.
1223 4113 1431 4166 Graves
1460 4112 1711 4182 ejusdem

108 4203 438 4259 monasterii
470 4219 738 4273 personae,
771 4219 894 4274 quae
947 4211 1175 4273 propter
1201 4202 1433 4255 nimiam
1473 4201 1712 4256 aliorum

112 4293 539 4349 multitudinem
568 4308 755 4362 paucae
785 4291 1039 4357 aderant,
1082 4291 1216 4345 solis
1245 4290 1508 4362 lacrymis
1532 4297 1588 4344 et
1614 4291 1712 4345 de-

1799 3135 1907 3186 mei
1927 3133 2080 3199 (Luc.
2120 3147 2180 3193 11,
2214 3129 2330 3199 ς29).
2368 3131 2527 3195 Quod
2577 3139 2639 3188 ut
2669 3134 2912 3189 viderem
2947 3142 3250 3207 antequam
3282 3154 3402 3192 mo-

1797 3237 1952 3274 rerer
1977 3237 2332 3291 summopere
2363 3221 2646 3292 optabam,
2670 3229 2726 3277 et
2744 3223 3129 3280 indesinenter
3149 3243 3180 3280 a
3203 3232 3260 3280 te
3283 3243 3407 3281 ora-

1797 3310 1925 3364 bam
1951 3329 1963 3376 ;
1997 3309 2315 3380 adimplesti
2339 3327 2462 3381 qua:
2482 3311 2663 3379 volui;
2697 3329 2844 3367 nunc
2873 3331 3066 3368 servus
3087 3322 3218 3370 tuus
3242 3317 3404 3372 laetus

1795 3399 1865 3452 ad
1892 3405 1947 3453 te
1977 3399 2098 3462 ibit,
2135 3415 2467 3470 quacunque
2483 3400 2622 3453 hora
2646 3401 2747 3454 tibi
2772 3401 3063 3472 placuerit.
3105 3424 3126 3454 ι
3158 3405 3249 3459 Sic
3276 3422 3402 3460 ver-

1793 3487 1864 3540 ba
1883 3489 2232 3558 compressit,
2252 3488 2348 3541 sed
2376 3489 2752 3560 lacrymarum
2769 3492 3121 3546 affluentiam
3141 3494 3402 3549 cohibere

1795 3593 1906 3630 non
1938 3577 2138 3647 potuit,
2171 3577 2346 3632 donec
2377 3577 2549 3632 frater
2603 3579 2696 3650 qui
2754 3597 2880 3634 cum
2937 3599 3003 3635 eo
3043 3583 3398 3654 loquebatur,

1796 3665 2007 3720 diutius
2035 3683 2286 3736 nequeas
2332 3668 2631 3733 sustinere,
2686 3669 2911 3723 aliunde
2961 3687 3277 3727 sermonem
3313 3672 3404 3728 in-

1794 3753 1968 3808 duxit.
1995 3755 2072 3808 Ex
2101 3761 2236 3809 tunc
2266 3757 2419 3809 omni
2448 3757 2828 3810 membrorum
2854 3758 3034 3812 officio
3060 3759 3290 3814 destitui
3312 3778 3407 3832 pe-

1795 3841 1948 3896 nitus
1977 3844 2162 3914 coepit,
2197 3850 2253 3897 et
2282 3844 2444 3915 longe
2465 3851 2596 3899 ante
2625 3845 2735 3898 diei
2764 3845 2940 3916 ipsius
2971 3847 3219 3902 animam
3247 3866 3403 3904 revo-

1795 3931 2064 3986 lutionem
2123 3932 2268 4003 quod
2327 3939 2585 3987 oraverat
2629 3935 2721 4003 υἱ,
2753 3935 3176 4002 revolutionem,
3210 3939 3400 3994 anima

1795 4022 1939 4090 quod
1982 4023 2259 4092 oraverat]
2291 4022 2547 4079 obtinuit.
2602 4024 2765 4089 Nam,
2809 4025 3055 4094 proxime
3102 4026 3401 4082 subsecuta

1797 4126 1986 4164 mense
2009 4114 2280 4181 Augusto,
2309 4112 2523 4166 decimo
2544 4112 2709 4166 tertio
2734 4113 3014 4167 Kalendas
3049 4115 3396 4185 Septembris

1797 4198 1886 4251 die
1905 4199 2214 4264 Dominico,
2248 4219 2311 4254 ex
2343 4207 2462 4256 toto
2516 4202 2656 4255 lecto
2699 4200 2992 4262 decubuit:
3025 4204 3201 4258 sensit
3237 4206 3406 4260 certis

1794 4288 2013 4344 indiciis
2043 4292 2211 4344 Pater
2235 4291 2517 4361 longaevus
2549 4292 2670 4361 jam
2714 4291 2906 4346 adesse
2952 4300 3211 4347 mortem.
3244 4294 3405 4358 Quod

115 4383 338 4438 votione
363 4381 549 4436 cordis
574 4379 986 4436 solemnitatem
1018 4381 1333 4451 explebant.
1378 4377 1782 4436 PersonabatD
1804 4378 1898 4432 ubi
1935 4379 2333 4433 amantissimae
2355 4380 2775 4450 congregationi
2799 4381 3062 4448 innotuit,
3085 4398 3235 4437 mors
3258 4400 3404 4454 quaa—

116 4471 169 4525 in
197 4473 327 4526 aliis
346 4488 452 4525 vox
472 4470 676 4526 laetitiae
702 4477 758 4525 et
772 4470 1207 4542 jocundationis,
1242 4471 1296 4525 in
1321 4470 1431 4525 illis
1462 4470 1717 4526 modula-

114 4559 280 4616 batur
297 4560 538 4615 Domino
575 4577 702 4614 cum
732 4560 994 4631 lacrymis
1043 4561 1162 4614 sola
1193 4560 1298 4614 sibi
1346 4560 1451 4614 soli
1483 4566 1604 4615 tota
1631 4559 1718 4614 in-

114 4655 266 4705 tenta
295 4648 518 4704 affectio
560 4649 784 4703 mentis.
824 4649 970 4712 Quid
1009 4649 1204 4719 plura?
1245 4648 1464 4702 Finitur
1519 4649 1720 4718 majori

115 4755 281 4811 quam
308 4744 494 4810 capta
531 4737 716 4792 fuerat
738 4737 1089 4806 jocunditate
1118 4737 1443 4792 solemnitas
1466 4756 1479 4804 ;
1504 4742 1620 4792 itur
1647 4738 1718 4792 ad

117 4826 806 4894 refectionem,Paschales
823 4827 962 4881 nulli
983 4825 1285 4880 defuerunt
1295 4827 1490 4898 epulae,
1505 4843 1540 4881 a
1555 4843 1720 4882 mane

116 4933 292 4990 usque
321 4917 394 4970 ad
425 4915 760 4987 profundam
787 4923 1007 4970 noctem
1039 4915 1464 4971 succedentibus
1483 4917 1720 4972 fratrum

117 5007 319 5062 turmis
350 5005 449 5077 qui
478 5004 548 5059 ad
578 5005 783 5059 festum
812 5011 1098 5067 venerant,
1127 5011 1401 5075 quantum
1442 5004 1721 5060 refectorii

119 5096 320 5152 tabulae
375 5095 662 5150 continere
720 5095 997 5160 valebant,
1058 5095 1331 5149 universis
1390 5100 1507 5149 tam
1575 5097 1721 5151 notis

121 5203 284 5257 quam
315 5185 542 5256 ignotis,
581 5201 681 5239 nec
711 5184 890 5238 solum
911 5185 966 5237 in
999 5184 1257 5238 domibus
1287 5183 1714 5254 circumpositis,

120 5293 308 5331 verum
342 5275 398 5328 in
423 5274 568 5328 villis
598 5273 767 5328 etiam
799 5273 1028 5328 remotis
1063 5293 1075 5338 ;
1118 5292 1240 5345 quae
1269 5275 1337 5328 ad
1372 5292 1505 5328 usus
1527 5291 1720 5328 neces-

123 5365 297 5420 sarios
355 5364 661 5436 petierunt,
712 5368 975 5433 sponsata
1033 5364 1166 5428 Deo,
1217 5363 1335 5434 regi
1377 5363 1617 5417 Ecclesia
1653 5363 1720 5416 li-

123 5453 254 5509 bens
285 5453 628 5508 ministravit
665 5452 958 5508 afﬂuentia
989 5453 1222 5524 unptiali
1261 5451 1567 5524 majoribus
1607 5453 1724 5524 qui-

122 5540 333 5620 busque
383 5544 464 5598 sic
493 5541 563 5598 ad
604 5541 872 5616 placitum
920 5547 976 5597 et
1032 5541 1503 5598 sufﬁcientissime
1533 5546 1596 5597 ut
1625 5542 1721 5614 qui

1800 4468 1928 4521 dam
1970 4469 2255 4522 universos
2307 4469 2584 4539 pervasit;
2617 4487 2812 4540 angor,
2850 4477 2907 4525 et
2938 4488 3146 4542 angore
3175 4473 3406 4543 quidam

1802 4563 1999 4627 stupor
2052 4556 2271 4611 animos
2305 4564 2634 4612 cunctorum
2687 4558 2921 4614 obsedit.
2984 4559 3155 4615 Cibus
3194 4563 3406 4634 percipi

1804 4663 1914 4700 non
1946 4652 2184 4717 poterat,
2241 4663 2473 4700 somnus
2511 4649 2744 4702 recessit
2770 4648 2841 4702 ab
2868 4649 3063 4704 oculis.
3095 4651 3285 4706 Tertio
3315 4652 3406 4707 die

1801 4735 2008 4790 absolvi
2040 4751 2118 4799 se,
2153 4741 2210 4789 et
2237 4741 2441 4789 caatera
2491 4753 2614 4807 quae
2665 4738 3034 4792 morientibus
3071 4739 3405 4796 exhibentur

1803 4825 2003 4888 officia,
2038 4824 2145 4877 sibi
2175 4823 2421 4878 exhiberi
2451 4826 2686 4894 rogavit.

1875 4915 2091 4968 Adsunt
2135 4913 2234 4967 filii
2291 4913 2410 4967 vale
2457 4913 2659 4967 facturi
2697 4915 3088 4970 amantissimo
3117 4918 3292 4984 Patri,
3335 4935 3400 4974 eo

1803 5004 1984 5074 primo
2014 5003 2267 5057 orbandi.
2302 5002 2588 5074 Lacrymis
2606 5019 2670 5057 ac
2688 5003 3026 5073 singultibus
3046 5007 3309 5075 psalmos,
3345 5014 3402 5063 et

1803 5100 2030 5148 caeteras
2046 5094 2327 5147 orationes
2347 5091 2906 5164 interrumpentibus,
2923 5093 3150 5148 tandem
3169 5101 3398 5150 ventum

1802 5184 1869 5237 ad
1901 5183 2175 5254 agendam
2208 5184 2629 5238 confessionem.
2677 5182 2945 5237 Confiteri
2988 5183 3173 5254 cmpit,
3208 5201 3402 5241 verum

1803 5273 2216 5327 remanentium
2247 5274 2455 5344 pietate
2484 5272 2727 5326 filiorum
2760 5279 3077 5343 superatus,
3113 5279 3170 5328 et
3196 5274 3314 5344 ipse
3343 5275 3402 5330 in

1804 5363 2082 5432 lacrymas
2122 5363 2330 5416 effusus
2349 5363 2533 5416 dicere
2556 5361 2694 5415 nihil
2715 5362 2911 5431 potuit.
2937 5361 3040 5415 Vix
3061 5368 3251 5417 tamen
3280 5365 3402 5418 elu-

1803 5458 1986 5506 ctatus
2016 5451 2074 5504 in
2099 5469 2286 5506 vocem
2316 5452 2551 5506 absolvit
2580 5452 2740 5514 ﬁlios,
2774 5450 3025 5521 dansque
3055 5450 3402 5508 benedictio-

1804 5558 1932 5596 nem
1991 5543 2048 5594 et
2096 5558 2292 5613 pacem
2350 5540 2626 5609 omnibus,
2700 5545 2818 5593 tam
2865 5545 3170 5613 prtesentes
3232 5557 3402 5615 quam
