3920 6354
566 297 661 354 711
1522 292 1614 345 AD
1655 289 1891 345 OPERA
1932 292 1993 346 B.
2038 288 2454 345 LANFRANCI
2494 291 2878 347 APPENDIX.
3748 295 3837 351 712

564 422 824 479 absentes
851 419 1156 476 immortali
1185 434 1279 474 eos
1309 416 1462 473 Patri
1507 432 1701 471 omnes
1727 414 2154 481 commendavit,
2179 420 2229 478 Α
2252 416 2515 485 usquead
2531 433 2839 488 vesperam,
2874 433 2939 471 ac
2969 434 3114 489 saepe
3142 418 3303 489 quasi
3327 417 3560 473 aliunde
3599 434 3843 476 reversus

563 530 630 568 ac
666 512 1033 575 discedentes,
1086 508 1219 580 quia
1268 508 1395 578 plus
1450 521 1562 559 non
1601 511 1839 577 poterat,
1869 511 1934 558 ut
1971 521 2071 576 pro
2102 520 2161 558 se
2242 502 2464 558 dicebat
2485 503 2672 557 abbati
2701 505 2939 574 Rogerio
2957 506 3052 576 qui
3078 507 3366 577 proximus
3382 506 3643 562 astabat:
3673 508 3846 572 (Quid

564 607 794 656 orarent
818 598 1142 671 postulavit.
1175 597 1426 659 Dolores,
1454 595 1734 665 lacrymze,
1766 594 2048 647 orationes
2060 594 2161 646 ﬁe-
2242 592 2456 646 faciunt
2484 592 2697 647 domini
2721 595 2916 658 nostri,
2941 611 3040 649 cur
3071 596 3399 650 morantur?
3429 596 3567 668 quid
3599 614 3723 652 esse
3753 615 3845 669 pu-

563 690 721 756 bant,
753 689 1019 761 quoniam
1048 688 1136 741 vix
1167 685 1236 739 ab
1278 684 1358 738 eis
1392 684 1641 755 psalmus
1678 682 1992 736 continuari
2022 683 2163 736 vale-
2244 681 2377 735 tatis
2418 698 2519 735 cur
2549 698 2660 735 non
2692 682 3005 737 accedunt?
3035 703 3057 735 ι
3104 683 3203 738 Ille
3255 702 3589 756 quanquam
3628 702 3760 740 eum
3788 687 3849 740 de

562 780 662 834 bat
684 799 696 847 ;
718 779 852 833 dum
878 778 1115 850 quisque
1135 775 1193 829 in
1211 774 1452 827 alterum
1475 772 1826 843 respiciebat,
1858 771 2018 842 quasi
2044 772 2161 841 jam
2244 769 2369 823 aliis
2420 770 2674 824 crederet
2699 771 2851 841 loqui
2891 771 3163 842 personis,
3195 774 3579 844 respondebat
3609 791 3679 828 ac
3707 776 3753 828 si
3782 775 3850 829 lo-

565 872 820 924 cerneret
846 866 1079 921 fratrem
1100 865 1267 919 Patre
1287 860 1566 927 orbatum,
1601 860 1934 931 erumpebat
1972 859 2031 913 in
2076 860 2158 912 la-
2243 864 2512 929 queretur
2549 859 2618 912 de
2649 859 2917 914 fratribus
2939 862 3287 916 monasterii.
3320 881 3345 913 «
3377 862 3551 929 Quid,
3589 863 3847 934 inquiens

565 975 806 1031 crymas.
828 957 1029 1011 Coram
1059 953 1155 1008 illo
1184 953 1448 1023 plangere
1469 966 1826 1021 nequaquam
1857 947 2156 1014 audebant,
2237 945 2485 1017 jubetis?
2534 953 2667 1001 sunt
2691 947 2747 1001 in
2777 949 3041 1015 claustro,
3075 956 3241 1004 orant
3268 967 3369 1022 pro
3402 951 3584 1017 vobis,
3619 952 3850 1006 aderunt

566 1046 697 1120 quia
718 1063 815 1117 spe
842 1044 989 1099 bona
1018 1041 1371 1097 laetabundus
1398 1056 1508 1094 non
1534 1036 1929 1110 lacrymantes,
1960 1037 2057 1092 sed
2073 1037 2162 1091 ιω·
2245 1051 2371 1088 mox
2397 1041 2460 1089 ut
2491 1036 2738 1090 voletis.»
2757 1035 3020 1103 Tacebat,
3037 1043 3094 1092 et
3106 1055 3336 1110 parvum
3358 1040 3850 1111 postintervallum

562 1142 749 1191 tantes
778 1151 873 1188 eos
901 1148 1094 1187 omnes
1113 1129 1302 1184 videre
1325 1128 1547 1183 volebat
1579 1145 1591 1193 ;
1634 1125 1682 1180 si
1710 1127 1871 1196 cujus
1895 1126 1956 1179 in
1976 1126 2159 1196 lacry-

563 1242 684 1280 mas
711 1221 975 1279 concitati
994 1219 1302 1291 singultum
1332 1215 1629 1281 sentiebat,
1675 1214 1970 1268 confestim
1996 1212 2162 1267 solita

2246 1123 2439 1177 eadem
2471 1125 2804 1180 commotius
2826 1125 3084 1182 iterabat.
3119 1127 3440 1182 Laborabat
3466 1129 3569 1184 ille
3596 1130 3848 1184 addicere

2244 1228 2482 1283 quorum
2512 1230 2728 1268 moram
2778 1213 3134 1286 causabatur,
3169 1220 3227 1270 et
3255 1233 3543 1272 accessum
3566 1219 3845 1290 praestola-

564 1313 839 1386 gravitate
868 1308 1272 1382 compescebat.
1319 1304 1604 1360 Profunda
1644 1305 1762 1375 jam
1792 1302 1969 1357 noctis
1997 1306 2157 1373 parte
2240 1299 2437 1368 batur;
2465 1318 2657 1358 verum
2689 1303 2830 1358 nihil
2860 1303 2929 1358 ab
2957 1321 3021 1358 eo
3047 1304 3173 1375 plus
3199 1305 3483 1360 audiebat.
3508 1306 3845 1379 Vespertina

561 1407 847 1458 transacta
867 1417 990 1471 quae
1019 1398 1079 1451 in
1118 1395 1424 1451 Sabbatum
1455 1391 1830 1457 illucescebat,
1873 1391 2033 1461 cujus
2087 1389 2158 1444 ad
2239 1405 2274 1441 a
2300 1388 2568 1444 fratribus
2598 1396 2825 1462 peracta
2853 1392 3066 1462 synaxi,
3088 1409 3217 1447 cum
3248 1393 3361 1447 diei
3391 1411 3456 1448 ac
3470 1395 3668 1449 diumi
3683 1396 3844 1450 ofﬁcii

561 1506 855 1564 vesperum
887 1487 1060 1552 obiit;
1087 1481 1584 1538 reverendissimus
1599 1480 1680 1533 vir
1697 1479 1950 1550 ejusdem
1980 1479 2159 1534 Eccle-
2240 1476 2503 1542 ﬁne,vitze
2516 1478 2776 1534 humanae
2797 1480 3043 1535 stadium
3074 1481 3219 1537 felici
3247 1498 3414 1536 cursu
3434 1482 3661 1553 peregit
3688 1489 3839 1536 nocte

562 1579 657 1635 size
683 1579 838 1651 prior
859 1575 1160 1630 Anselmus
1178 1572 1247 1625 de
1286 1569 1538 1641 proximo
1576 1569 1728 1623 illius
1757 1570 1867 1622 ﬁne
1892 1585 2005 1622 non
2041 1574 2159 1622 tam
2234 1566 2352 1635 jam
2381 1567 2653 1637 proxima,
2686 1585 2809 1639 quae
2862 1569 2919 1623 in
2965 1570 3321 1625 Dominicum
3351 1571 3720 1626 illucescebat
3752 1572 3843 1625 Se-

563 1671 853 1738 suspectus
867 1679 1035 1735 quam
1065 1666 1269 1720 certus.
1302 1658 1588 1714 collocavit
1628 1674 1687 1711 se
1715 1658 2063 1728 longiuscule
2090 1658 2159 1712 ab

2242 1654 2418 1725 ptimo
2450 1656 2731 1710 Kalendas
2756 1658 3121 1729 Septembris.
3177 1660 3410 1714 Irruunt
3437 1660 3711 1724 universi,
3754 1675 3845 1714 nec

566 1772 651 1822 eo,
676 1760 733 1809 et
761 1752 1014 1808 clanculo
1040 1750 1237 1805 nolens
1281 1754 1347 1803 ut
1368 1748 1462 1801 ille
1492 1754 1837 1818 agnosceret,
1871 1747 2003 1818 quia
2046 1763 2161 1801 mo-
2180 1745 2356 1813 "jam
2385 1745 2568 1799 solum
2597 1746 2875 1808 monachi,
2918 1763 3110 1801 verum
3162 1765 3228 1801 ex
3275 1748 3493 1802 familia
3522 1749 3840 1813 servientes,

564 1845 706 1898 leste
735 1841 950 1897 ferebat
978 1839 1221 1910 aliquem
1270 1837 1416 1891 circa
1452 1853 1537 1893 se.
1577 1836 1784 1890 Verum
1815 1841 1874 1889 ut
1902 1852 2027 1889 mox
2053 1834 2163 1907 pri-

565 1924 722 1988 mum
752 1932 825 1986 ad
853 1928 1163 1984 matutinas
1195 1926 1381 1981 sonuit
1410 1925 1653 1996 signum,
1711 1924 1857 1978 illico
1900 1923 2165 1978 excitavit

564 2020 834 2078 domnum
861 2018 1121 2073 abbatem
1166 2016 1470 2087 Rogerum,
1526 2014 1621 2085 qui
1663 2030 1821 2069 secus
1850 2019 2019 2085 caput
2047 2013 2165 2083 ejus

565 2108 950 2174 accumbebat,
966 2112 1024 2162 et
1036 2106 1116 2161 ait
1140 2124 1151 2160 :
1171 2106 1419 2159 Excitare
1430 2106 1696 2173 priorem,
1730 2108 1793 2157 ut
1821 2103 1970 2156 dicat
1993 2104 2168 2156 nobis-

564 2217 691 2255 cum
720 2199 1048 2252 matutinas.
1068 2193 1379 2249 Plurimum
1416 2192 1652 2246 miratus
1670 2196 1754 2246 est
1773 2191 1864 2245 ille
1889 2190 2168 2262 quomodo

565 2289 622 2343 id
648 2286 983 2359 agnovisset.
1018 2283 1150 2354 quia
1169 2299 1269 2337 nec
1280 2298 1468 2336 coram
1480 2298 1544 2335 eo
1569 2285 1812 2345 venerat,
1847 2296 1949 2332 nec
1961 2278 2166 2349 aliquis

567 2375 618 2431 ei
645 2377 881 2441 dixerat,
916 2379 972 2428 et
999 2378 1125 2444 post
1144 2370 1498 2426 accubuerat.
1554 2370 1784 2425 Summo
1826 2384 1956 2422 vero
2003 2383 2166 2422 mane

566 2482 761 2521 omnes
790 2463 903 2517 diei
932 2463 1098 2516 horas
1146 2477 1335 2515 coram
1378 2475 1436 2513 se
1489 2458 1599 2512 dici
1624 2456 1859 2528 rogavit.
1914 2456 2166 2527 Denique

562 2557 681 2626 jam
710 2554 1067 2625 ingruentem
1098 2549 1297 2604 mortis
1320 2549 1519 2602 horam
1548 2546 1817 2608 sentiens,
1849 2546 2162 2600 communi-

567 2643 684 2698 cari
715 2660 774 2697 se
813 2639 1200 2712 expostulavit,
1256 2642 1311 2692 et
1353 2637 1597 2691 animam
1630 2635 1736 2689 sibi
1759 2634 2159 2689 commendari.

566 2730 854 2786 Festinato
880 2729 980 2783 ivit
1008 2727 1180 2782 abbas
1198 2726 1473 2796 Rogerus,
1507 2724 1603 2778 sed
1634 2723 1847 2777 nullam
1878 2722 1937 2775 in
1967 2722 2167 2776 eucha-

566 2820 726 2875 ristia
746 2817 959 2873 invenit
976 2815 1242 2881 hostiam,
1277 2813 1490 2869 turbati
1513 2818 1646 2867 sunt
1672 2811 1874 2864 fratres
1903 2809 2167 2875 universi,

2246 1837 2302 1886 et
2321 1834 2417 1903 qui
2440 1850 2505 1887 ex
2532 1833 2676 1887 villis
2703 1836 3105 1898 confluxerant,
3133 1836 3282 1892 fores
3314 1842 3371 1891 et
3398 1838 3652 1892 claustra
3675 1838 3845 1891 effrin-

2244 1938 2377 1991 gere
2402 1922 2606 1997 conati,
2638 1940 2777 1994 quos
2806 1923 2978 1978 abbas
3005 1925 3278 1994 Rogerius
3309 1926 3404 1996 qui
3437 1932 3637 1980 sancto
3660 1926 3772 1980 viro
3792 1926 3841 1979 in

2248 2010 2447 2064 ultima
2466 2011 2797 2080 aegritudine
2820 2011 3357 2093 obsequentissimus
3379 2014 3591 2083 fuerat,
3617 2015 3847 2085 pruden-

2249 2099 2293 2153 ti
2330 2098 2733 2154 confortatione
2782 2101 3088 2155 adhortans
3133 2101 3395 2167 detinuit,
3427 2103 3611 2158 donec
3657 2120 3841 2174 corpus

2251 2188 2642 2243 decentissime
2670 2190 3010 2255 funeratum,
3029 2191 3265 2245 solemni
3294 2192 3652 2264 processione
3680 2192 3738 2245 in
3768 2207 3842 2245 ec-

2249 2276 2474 2331 clesiam
2505 2283 2591 2331 est
2607 2278 2906 2349 perlatum.
2941 2280 3006 2334 In
3034 2281 3320 2334 communi
3350 2281 3536 2352 posito
3565 2284 3685 2352 jam
3722 2281 3839 2335 licet

2249 2364 2508 2420 omnibus
2538 2383 2897 2421 communem
2941 2367 3240 2422 lamentari
3271 2369 3701 2437 desolationem,
3728 2385 3837 2441 quae

2248 2452 2433 2508 vivum
2482 2471 2706 2525 semper
2726 2456 3150 2527 assequebatur,
3208 2457 3268 2511 in
3309 2458 3507 2512 funere
3542 2458 3838 2530 quoqueil-

2246 2541 2362 2595 lum
2390 2543 2572 2612 gloria
2596 2544 2899 2598 comitatur
2924 2545 2995 2599 ad
3014 2546 3443 2615 persolvendum
3464 2549 3731 2602 ultimum
3750 2545 3836 2600 ob-

2249 2630 2507 2701 sequium
2533 2631 2697 2687 fratri
2746 2631 2841 2705 [f.,
2864 2632 3045 2706 Patri]
3096 2634 3193 2705 qui
3221 2636 3371 2706 apud
3400 2653 3601 2691 omnes
3626 2634 3837 2691 maximi

2253 2720 2463 2774 amoris
2519 2726 2688 2792 atque
2743 2724 3067 2776 reverentim
3109 2722 3178 2777 ob
3222 2725 3487 2779 eximiam
3527 2725 3838 2796 religionem

2253 2807 2377 2861 fuit.
2430 2808 2631 2862 Animo
2660 2809 2857 2863 libenti
2887 2818 3267 2866 convenerunt
3315 2813 3548 2883 plurimi
3604 2812 3835 2876 abbates,

564 2926 716 2965 mors
737 2907 1004 2973 instabat,
1040 2911 1097 2960 et
1133 2905 1382 2959 salutare
1426 2900 1703 2957 Dominici
1732 2898 1980 2971 corporis
2023 2898 2172 2969 quod
2253 2896 2557 2968 multaeque
2589 2914 2842 2969 personae
2865 2899 3231 2956 venerabiles.
3286 2902 3547 2967 Advenit,
3591 2908 3649 2956 et
3676 2907 3839 2955 totum

561 2999 656 3054 ille
687 2999 967 3070 acciperet
993 2994 1103 3064 (78)
1126 3011 1239 3048 non
1266 2996 1404 3047 erat.
1439 2991 1644 3044 Verum
1670 2988 1817 3043 circa
1836 2987 2168 3041 morientem
2190 3018 2233 3079 C
2253 2986 2569 3056 exsequiale
2615 2986 2859 3041 ofﬁcium
2912 2988 3273 3043 celeberrime
3335 2991 3450 3061 egit
3505 2990 3839 3045 Ebroicensis

564 3089 798 3143 minime
826 3084 1023 3150 defuit,
1057 3100 1179 3155 quae
1205 3082 1349 3137 circa
1378 3080 1656 3134 viventem
1677 3076 2057 3131 miserationis
2078 3075 2168 3129 di-
2202 3075 2232 3079 ⁷⁷
2252 3075 2570 3146 episcopus,
2634 3076 2881 3131 honestae
2937 3077 3081 3143 vitae,
3142 3095 3470 3151 magnaeque
3538 3081 3835 3135 litterarum

561 3178 703 3231 vina;
729 3175 916 3247 gratia
945 3188 1168 3243 semper
1197 3162 1326 3236 46
1344 3172 1546 3240 praesto
1575 3167 1699 3221 fuit.
1732 3166 1898 3220 Forte
1922 3172 2056 3220 tunc
2083 3182 2168 3218 sa-
2248 3163 2493 3218 scientiae
2519 3205 2532 3231 ,
2614 3164 2695 3218 vir
2767 3167 3118 3221 venerandus
3190 3167 3540 3224 Gislebertus
3564 3211 3576 3223 .
3653 3171 3835 3224 Actum

561 3267 757 3321 cerdos
774 3263 1002 3335 quidam
1029 3277 1129 3331 pro
1159 3276 1224 3314 eo
1251 3259 1478 3312 missam
1515 3254 1803 3309 celebrans
1831 3254 2166 3309 sumendum
2248 3256 2336 3306 est
2389 3253 2450 3307 in
2506 3253 2750 3324 capitulo
2796 3255 2878 3308 illi
2930 3254 3358 3337 munumentum
3418 3258 3691 3314 bonorum
3752 3273 3829 3310 ac-

562 3354 747 3409 adbuc
804 3352 864 3405 in
916 3348 1175 3403 manibus
1227 3345 1458 3400 tenebat
1506 3360 1706 3416 corpus
1753 3343 2104 3398 Dominicum
2147 3362 2159 3411 ;

563 3444 689 3514 ejus
715 3441 907 3511 itaque
928 3437 1245 3503 oblationis,
1268 3453 1390 3506 quae
1419 3451 1520 3506 pro
1550 3432 1993 3488 commendando
2013 3431 2164 3486 illius

564 3530 717 3587 exitu
746 3527 935 3583 oblata
964 3526 1080 3581 Deo
1112 3526 1315 3589 fuerat,
1340 3522 1640 3595 praedictus
1654 3520 1824 3575 abbas
1846 3520 2162 3592 portionem

561 3634 736 3676 unam
766 3614 1024 3687 suscepit,
1052 3619 1110 3669 et
1136 3613 1188 3668 ei
1217 3613 1289 3667 ad
1318 3610 1583 3666 viaticum
1612 3610 1764 3664 tulit.
1797 3608 2166 3663 Commenda-

562 3708 678 3764 turi
710 3705 938 3773 exitum,
972 3704 1119 3758 illico
1170 3702 1372 3756 fratres
1412 3716 1607 3756 omnes
1659 3704 1976 3753 accurrunt.
2019 3698 2165 3762 Quo-

560 3814 688 3854 rum
708 3794 1168 3868 lacrymationem
1204 3808 1307 3846 nec
1351 3782 1488 3846 tunc
1525 3789 1804 3844 sustinere
1833 3787 2159 3859 praevalens,

560 3891 791 3960 peracta
845 3902 911 3940 ex
945 3900 1100 3939 more
1131 3880 1450 3937 Christiano
1493 3876 2021 3941 communicatione,
2051 3892 2162 3947 quo

562 3976 736 4032 valuit
779 3979 921 4030 nutu
966 3971 1245 4042 verboque
1280 3968 1519 4036 monuit,
1550 3973 1615 4023 ut
1641 3967 1701 4021 in
1729 3967 2037 4022 claustrum
2068 3981 2164 4019 re-

558 4066 748 4130 deant,
771 4068 932 4119 tanto
964 4058 1269 4115 instantius
1327 4059 1379 4113 ei
1424 4057 1817 4112 subvenientes
1850 4058 2060 4126 quanto
2090 4053 2160 4108 ad

560 4155 773 4209 exitum
802 4149 1182 4222 propinquare
1209 4144 1492 4200 videbant.
1515 4145 1543 4199 ,Ι
1548 4161 1640 4198 am
1670 4144 1791 4197 sola
1817 4143 1996 4198 exitus
2019 4143 2162 4197 hora

559 4239 1003 4314 exspectabatur,
1060 4254 1125 4291 ac
1164 4253 1393 4309 precum
1450 4239 1508 4290 et
1562 4234 1940 4306 lacrymarum
1987 4231 2160 4287 armis

2245 3346 2427 3407 tuum,
2472 3348 2747 3397 aeternum
2786 3343 2915 3398 ﬁliis
2954 3351 3399 3414 monumentum,
3452 3348 3583 3417 jure
3632 3362 3737 3418 quo
3771 3345 3829 3398 de

2246 3429 2633 3501 spiritualibus
2706 3432 2947 3487 lecuturi
3005 3434 3206 3490 studiis
3265 3437 3626 3503 conveniunt,
3693 3434 3826 3489 illius

2244 3525 2622 3591 praesentatur
2671 3523 2960 3591 memoria,
2997 3524 3092 3595 qui
3143 3541 3208 3579 ex
3238 3530 3478 3596 tyranno
3527 3525 3826 3596 religiosus,

2245 3623 2310 3661 ex
2338 3609 2578 3663 multum
2608 3611 2860 3664 saeculari
2893 3612 3121 3667 omnino
3149 3616 3617 3685 supernaturalis,
3651 3613 3748 3668 loci
3774 3611 3827 3664 il-

2244 3696 2353 3750 lius
2372 3702 2540 3769 atque
2561 3698 2772 3754 ordinis
2802 3701 3019 3771 primus
3043 3702 3258 3757 exstitit
3287 3704 3558 3759 fundator
3576 3710 3632 3759 et
3651 3702 3820 3759 abbas.

2245 3786 2486 3841 Maximo
2537 3788 2703 3842 Patre
2772 3791 3158 3846 amantissimo
3217 3793 3542 3850 orbatorum
3600 3794 3821 3848 ﬁliorum

2245 3881 2476 3945 questus
2508 3877 2719 3932 referre
2751 3881 3109 3950 supersedeo,
3143 3898 3215 3936 ne
3244 3882 3493 3937 dolorem
3525 3881 3729 3956 legenti
3754 3880 3823 3933 in-

2245 3963 2438 4033 feram,
2472 3983 2584 4021 neu
2611 3967 2878 4022 lectorem
2909 3969 3200 4025 inferendo
3219 3988 3472 4026 moveam
3489 3973 3552 4028 in
3571 3974 3820 4042 lacryma-

2242 4053 2472 4110 tionem.
2529 4057 2630 4111 Illo
2683 4057 2902 4112 decenti
2954 4059 3381 4115 honorificentia
3413 4063 3706 4127 tumulata,
3732 4060 3822 4113 lar-

2239 4143 2486 4212 gissimis
2535 4146 2792 4217 expensis
2821 4152 3150 4202 recreantur
3194 4166 3487 4220 pauperes,
3553 4152 3646 4223 qui
3680 4153 3817 4204 extra

2242 4232 2587 4289 vicinitatem
2639 4236 3051 4291 conﬂuxerunt.
3106 4236 3395 4293 JEternam
3446 4241 3648 4296 animm
3689 4237 3819 4292 illius

558 4329 960 4387 communitur.
994 4326 1223 4392 Quoties
1260 4341 1495 4381 camerae
1540 4323 1599 4377 in
1646 4339 1757 4395 qua
1795 4321 2650 4398 decumbebatDrecreationem
2681 4329 2931 4394 praestet,
2965 4325 3013 4379 si
3042 4326 3181 4380 votis
3220 4344 3362 4399 opus
3393 4335 3495 4396 est,
3546 4331 3704 4392 Deus,
3737 4322 3818 4395 qui

556 4421 767 4476 ostium
811 4415 1187 4489 aperiebatur,
1246 4432 1444 4470 verens
1503 4412 1741 4484 quisque
1788 4428 1859 4467 ne
1897 4413 2016 4482 jam
2057 4411 2158 4465 mi-

556 4525 750 4582 grasse
802 4506 1183 4574 nuntiaretur,
1215 4504 1491 4560 attonitus
1540 4501 1882 4574 prosiliebat,
1923 4506 1981 4555 et
2009 4500 2158 4572 quod

559 4596 856 4654 verebatur
900 4596 1096 4653 audire
1147 4592 1523 4666 exspectabat.
1560 4591 1860 4663 Transegit
1899 4590 2048 4645 diem
2081 4589 2159 4644 sic

2239 4410 2374 4465 vivit
2429 4418 2486 4465 et
2543 4418 2744 4483 regnat
2802 4430 2903 4484 per
2973 4415 3162 4469 omnia
3220 4418 3421 4473 saecula
3484 4419 3810 4476 saeculorum.

2239 4500 2439 4555 Amen.

1026 4720 1265 4789 Emplicit
1299 4717 1417 4772 Vita
1443 4716 1624 4770 sancti
1650 4715 1917 4771 Herluini
1946 4715 2131 4784 primi
2149 4714 2360 4769 abbatis
2393 4731 2460 4771 ac
2485 4716 2805 4785 fundatoris
2835 4717 3103 4776 Beccensii
3119 4722 3365 4782 ccenobis.

2012 4909 2385 4960 EPITAPHIUI
2394 4942 2410 4959 ο

622 5034 737 5095 Hac
762 5034 973 5105 tegitur
993 5032 1155 5101 petra
1181 5027 1456 5097 fundator
1468 5027 1691 5096 primus
1712 5030 1762 5081 et
1777 5027 1941 5081 abbas

695 5127 874 5195 Hujus
904 5119 1150 5185 canobii,
1176 5115 1478 5170 monachus
1497 5131 1557 5169 ea
1590 5118 1749 5171 laico.

631 5218 731 5273 Ter
745 5218 865 5284 post
897 5211 1162 5271 undenos,
1192 5222 1259 5261 ac
1288 5210 1414 5273 tres,
1442 5210 1492 5259 et
1515 5210 1756 5275 quatuor
1780 5218 1958 5258 annos

696 5304 1023 5361 Grammata
1054 5298 1340 5361 nescierat,
1366 5300 1589 5364 postque
1608 5297 1823 5363 peritus
1847 5292 1977 5349 obit.

626 5396 877 5463 Quatuor
905 5389 1177 5453 undecies,
1212 5387 1477 5453 transegit
1504 5384 1814 5439 cmnobialis

694 5483 901 5548 Annos,
925 5480 1033 5533 rite
1054 5492 1178 5532 suos
1205 5474 1557 5530 dimidiando
1585 5473 1718 5527 dies.

2306 5030 2445 5083 Cum
2473 5028 2695 5084 Phwbus
2721 5045 2925 5085 novum
2966 5034 3065 5086 sub
3112 5036 3331 5103 virgine
3358 5040 3595 5104 protulit
3624 5038 3806 5093 ortum,

2379 5117 2808 5187 Commigrando
2829 5122 2974 5175 diem
3004 5125 3225 5190 clausit,
3249 5129 3299 5178 et
3323 5125 3717 5180 hebdomadem.

2305 5206 2614 5262 Herluinus
2642 5213 2782 5273 erat,
2815 5212 2866 5263 si
2892 5212 3015 5279 quis
3034 5212 3098 5265 de
3125 5216 3351 5268 nomine
3368 5220 3594 5283 quaerat,

2380 5295 2485 5350 Cui
2504 5313 2631 5351 cum
2652 5300 2857 5352 sanctis
2886 5300 2972 5353 det
2993 5302 3266 5370 quidquid
3283 5306 3359 5358 eis
3388 5304 3529 5358 Deus
3558 5308 3647 5359 est.

2727 5404 2908 5448 ALIUD
2942 5405 3315 5455 EPITAPHIUH
3324 5436 3337 5451 .

2301 5479 2465 5536 Hunc
2489 5486 2733 5551 spectans
2756 5488 3057 5552 tumulum,
3083 5489 3245 5542 titulo
3266 5505 3515 5559 cognosce
3534 5488 3799 5559 sepultum:

626 5603 736 5680 {78)
767 5603 1020 5662 Pixidem
1047 5618 1149 5659 seu
1171 5601 1447 5659 ciborium
1477 5604 1638 5655 vocat
1654 5599 2069 5671 eucharistiam,
2103 5602 2208 5659 hoc
2236 5607 2324 5658 est
2339 5620 2437 5660 vas
2455 5604 2513 5660 in
2535 5621 2645 5677 quo
2664 5607 2988 5665 reconditur
3009 5626 3213 5682 corpus
3245 5611 3487 5668 Domini.
