3920 6400
133 346 224 405 713

193 472 282 524 Est
300 476 396 528 cia
417 478 648 532 virtutis
675 495 825 536 nosse
847 486 972 551 quis
1001 488 1113 554 ipse
1130 489 1271 555 fuit.

129 561 258 616 Cum
285 569 482 631 quater
506 567 597 623 hic
616 571 778 626 denos
804 577 906 627 avi
931 577 1158 630 venisset
1186 579 1260 630 ad
1285 595 1482 649 annos,

192 651 318 717 Quae
337 655 573 721 fuerant
599 662 729 713 secti
752 665 955 730 sprevit
971 679 1160 718 amore
1189 668 1300 720 Dei.

125 738 341 794 Hutans
367 759 496 811 ergo
526 747 662 800 vices
690 749 754 802 de
782 753 986 805 mundi
1013 756 1211 813 milite,
1242 758 1402 810 mites

186 829 271 883 Fit
300 829 525 899 Christi,
552 837 731 891 subito
754 842 1060 895 monachus
1085 859 1154 896 ea:
1176 847 1335 900 laico.

123 917 259 971 Hine
284 920 397 973 sibi
415 937 567 977 more
580 931 812 993 patrum
838 932 1053 984 socians
1076 935 1302 999 collegia
1324 935 1598 1003 fratrum,

186 1009 338 1063 (Iura
358 1026 473 1079 qua
500 1014 700 1080 decuit,
727 1020 874 1070 rexit
893 1033 996 1083 eos,
1017 1023 1184 1074 aluit.

126 1097 262 1163 Quas
291 1105 640 1172 quantasque
667 1106 813 1160 rides
844 1108 934 1162 hic
954 1114 1180 1177 primus
1205 1113 1451 1167 condidit
1482 1116 1633 1181 ades,

937 359 1105 414 VlTA
1141 348 1513 420 WiLLELMI‘
1543 363 1850 425 ABBATIS
1887 366 2280 428 BECCENSIS
2308 368 2568 432 TERTII.

3285 384 3388 446 714

1723 497 1775 556 Α
1863 497 1989 551 Non
2016 501 2131 552 tam
2159 498 2393 564 divitiis,
2423 516 2593 570 quam
2622 504 2752 571 ﬁdei
2776 507 3014 561 meritis.

1796 584 1941 651 Quas
1964 602 2107 655 puer
2132 588 2286 642 haud
2310 591 2508 644 didicit
2529 594 2838 662 scripturas
2860 601 3043 665 postea
3066 599 3245 667 scivit,

1863 675 2061 728 Doctus
2088 681 2151 730 ut
2172 678 2456 733 indoctum
2478 682 2573 735 vix
2591 688 2909 751 sequeretur
2935 701 3085 740 eum.

1797 762 2074 818 Flentibus
2093 765 2243 819 hunc
2270 770 2424 822 nobis
2446 772 2577 824 tulit
2607 774 2963 830 inclementta
2992 778 3212 846 mortis,

1865 852 2089 907 Sextilis
2111 857 2309 922 quina,
2343 858 2527 926 bisque
2550 861 2639 914 die
2657 861 2890 935 decima.

1790 939 2061 994 Herluino
2080 944 2266 1013 Pater,
2287 947 2367 999 sic
2390 949 2586 1005 caelica
2614 952 2834 1005 scandis
2853 958 3101 1010 ovanter.

1863 1030 2091 1084 Credere
2121 1047 2360 1102 namque
2380 1040 2492 1090 tuis
2521 1037 2620 1092 hoc
2647 1038 2772 1093 licet
2808 1056 2874 1095 ea:
2899 1045 3135 1097 meritis.

1985 1283 2786 1295 m_-,__..__~,___-__.__~
2803 1292 2840 1295 __
2861 1292 3082 1297 _._.__._
3099 1295 3108 1297 _
3129 1295 3240 1299 ___,_.
3275 1296 3302 1299 ,ν
3339 1298 3368 1301 ἡ.

128 1361 539 1424 ΡΒΔΞΕΑΤΙΟ
586 1365 661 1425 ΙΝ
705 1366 936 1428 VITAS
2477 1382 2578 1444 ET
2618 1382 2965 1462 BOSONIS,
3025 1389 3391 1452 AUCTOBE

1060 1448 1353 1511 MILONE
1396 1453 1760 1516 CRISPINO
1805 1456 2172 1518 CANTORE
2213 1459 2469 1522 BECCI.

190 1689 250 1749 4
271 1689 310 1749 1
353 1683 588 1749 Quoties
617 1702 949 1758 magnorum
976 1688 1123 1744 facta
1146 1691 1391 1746 virorum
1405 1693 1609 1748 litteris
1637 1697 1786 1757 as-B
1804 1696 2006 1767 quibus
2035 1698 2338 1771 loquimur,
2372 1701 2693 1759 Willelmus
2721 1707 3060 1763 reverendus
3076 1704 3250 1762 abbas
3269 1706 3402 1761 Bec-

127 1770 348 1865 signata
375 1773 706 1843 recitantur,
749 1776 821 1831 ad
861 1777 963 1832 Dei
1007 1779 1230 1835 laudem
1273 1781 1343 1836 de
1379 1784 1539 1853 cujus
1576 1784 1722 1838 dono
1805 1785 1856 1839 ci
1884 1789 2107 1854 tertius,
2156 1793 2232 1853 et,
2264 1789 2361 1860 qui
2389 1789 2442 1844 ei
2484 1791 2753 1846 successit
2779 1792 2839 1847 in
2862 1795 3116 1865 regimen
3146 1794 3398 1865 ejusdem

127 1861 393 1927 existunt,
422 1870 638 1919 mentes
661 1867 1008 1922 audientium
1039 1869 1107 1923 ad
1148 1868 1289 1924 bene
1317 1873 1598 1942 agendum
1636 1874 1725 1928 in-
1806 1873 2063 1942 coenobii,
2090 1876 2253 1940 Boso,
2273 1877 2497 1949 sapiens
2515 1879 2600 1933 vir
2626 1884 2683 1934 et
2701 1879 2911 1946 bonus;
2930 1861 3067 1936 nam
3094 1882 3164 1936 de
3177 1861 3402 1937 duobus

128 1950 466 2019 formantur,
498 1953 749 2009 ﬁdelium
770 1972 899 2026 spes
929 1957 1181 2028 erigitur,
1209 1964 1267 2013 et
1295 1959 1363 2014 iis
1392 1961 1488 2031 qui
1517 1961 1577 2015 in
1609 1962 1728 2033 qui-

130 2037 365 2096 busdam
393 2059 801 2114 nonnunquam
832 2049 1149 2117 torpescere
1176 2049 1319 2103 solet
1342 2049 1526 2104 fervor
1554 2051 1728 2105 divini

131 2131 373 2195 amoris;
411 2132 818 2197 reaccenditur,
836 2135 969 2188 dum
986 2134 1176 2190 vident
1202 2136 1343 2192 alios
1373 2138 1568 2193 fecisse
1581 2140 1729 2210 quod

130 2218 230 2290 ipsi
259 2220 451 2275 facere
484 2228 800 2277 monentur.
832 2223 1186 2297 QuaprOpter
1213 2243 1313 2281 nos
1335 2228 1624 2297 capientes
1662 2228 1731 2283 de

132 2314 325 2363 nostro
349 2310 554 2365 oﬂ’erre
596 2310 656 2366 in
702 2311 1062 2368 tabernaculo
1116 2315 1215 2369 Dei
1260 2316 1470 2387 aliquid
1509 2317 1579 2370 de
1619 2318 1732 2371 vita

130 2403 357 2468 patrum
416 2404 762 2466 nostrorum,
817 2402 913 2473 qui
960 2419 1061 2457 nos
1118 2403 1177 2457 in
1223 2412 1418 2459 sancta
1458 2405 1731 2475 religione

135 2487 535 2555 educaverunt,
576 2506 770 2560 pauca,
804 2497 972 2562 prout
999 2491 1240 2547 vidimus
1278 2494 1362 2546 vel
1392 2494 1729 2562 audivimus,

132 2574 261 2630 licet
322 2576 540 2632 inculto
585 2595 863 2647 sermone,
931 2581 1003 2636 ad
1059 2581 1318 2635 notitiam
1379 2589 1733 2653 posterorum

136 2665 382 2721 scribere
406 2668 744 2723 curavimus.
799 2670 1044 2725 Fuerunt
1072 2687 1315 2741 namque
1343 2688 1445 2725 suo
1483 2678 1737 2744 tempore

138 2755 333 2826 magni
385 2756 650 2824 nominis,
705 2758 799 2829 qui
838 2763 1003 2814 erant
1041 2758 1183 2813 bene
1224 2759 1491 2830 religiosi,
1544 2762 1737 2816 multis

137 2844 234 2899 Dei
265 2845 437 2900 donis
465 2846 667 2913 ornati,
695 2848 898 2920 quibus
923 2850 994 2904 ad
1023 2849 1193 2904 vitam
1226 2849 1493 2921 pergendi
1523 2856 1739 2905 rectum

136 2934 432 2991 tramitem
470 2935 709 2991 subditis
748 2937 1159 2994 monstrabant.
1218 2942 1362 2995 Sunt
1417 2944 1611 2994 autem
1668 2940 1738 2996 de

1810 1963 2009 2033 primis
2035 1963 2128 2034 qui
2152 1964 2288 2019 istos
2316 1964 2374 2019 in
2404 1966 2600 2021 eodem
2648 1968 2768 2022 loco
2806 1975 3234 2040 praecesserunt,
3271 1970 3405 2025 bea-

1811 2051 2027 2106 tissimo
2071 2052 2283 2107 scilicet
2338 2054 2607 2109 Herluino
2655 2057 2837 2126 primo
2886 2058 3179 2113 Beccensis
3224 2074 3407 2112 οωηο-

1812 2139 1890 2193 bii
1917 2141 2214 2196 fundatore
2266 2148 2323 2197 et
2370 2151 2608 2213 pastore,
2648 2150 2705 2199 et
2733 2146 3084 2202 sanctissimo
3138 2148 3407 2202 Anselmo

1814 2230 2060 2299 ejusdem
2110 2230 2216 2285 loci
2263 2232 2508 2287 secundo
2551 2232 2771 2297 abbate,
2817 2240 3040 2289 exstant
3092 2235 3244 2307 apud
3302 2252 3406 2291 nos

1813 2318 2083 2387 praeclara
2111 2325 2169 2374 et
2199 2337 2405 2392 magna
2433 2322 2615 2376 veraci
2644 2324 2790 2395 stylo
2842 2323 3062 2394 digesta
3088 2324 3400 2381 volumina.

1813 2406 1894 2460 De
1938 2407 2155 2462 duobus
2212 2426 2345 2480 ergo
2372 2411 2673 2481 praedictis,
2714 2412 3002 2467 Willelmo
3047 2413 3305 2468 videlicet
3355 2418 3413 2466 et

1819 2495 2050 2563 Bosone,
2100 2497 2173 2550 ad
2228 2498 2499 2552 honorem
2532 2499 2628 2553 Dei
2652 2506 2708 2554 et
2738 2500 3039 2555 utilitatem
3083 2501 3411 2572 legentium,

1818 2585 1967 2654 quod
2022 2585 2296 2641 Dominus
2340 2587 2558 2641 dederit
2596 2588 2780 2642 dicere
2823 2589 3099 2656 volumus,
3139 2595 3416 2661 quatenus

1818 2673 2078 2729 noverint
2121 2681 2249 2746 post
2295 2693 2398 2730 nos
2448 2677 2668 2731 venturi
2717 2678 2829 2748 qui,
2867 2678 2951 2732 vel
2991 2679 3140 2734 unde
3184 2678 3413 2743 fuerint,

1820 2764 2099 2832 quomodo
2128 2764 2383 2832 vixerint,
2435 2782 2536 2820 seu
2587 2766 2831 2836 qualiter
2867 2772 3200 2838 praesentem
3246 2768 3417 2821 vitam

1820 2851 2262 2909 terminaverint.

364 3124 583 3213 VITA
668 3128 1255 3215 VENERABILIS
1331 3130 1774 3218 WILLELMI
1848 3130 2335 3218 BECCENSIS.
2400 3131 2689 3218 TERTII
2771 3133 3178 3224 ABBA'l'lS.

207 3305 573 3364 Venerabilis
618 3307 790 3363 abbas
819 3309 979 3364 Becci
1006 3309 1347 3375 Willelmus,
1396 3308 1571 3364 nobili
1597 3309 1803 3369 Nor-C
1830 3313 1887 3362 et
1932 3307 2129 3363 habitu
2165 3309 2336 3363 talem
2366 3324 2427 3362 se
2453 3306 2767 3374 exhibebat,
2817 3312 2884 3363 ut
2921 3309 3042 3380 jam
3080 3313 3220 3365 tunc
3261 3310 3425 3380 quasi

142 3398 518 3453 thmanorum
569 3397 829 3470 prosapia
866 3398 1139 3470 originem
1178 3400 1429 3460 trahens,
1473 3398 1529 3453 in
1571 3399 1745 3454 veteri

142 3494 331 3542 castro
361 3503 536 3558 super
558 3487 769 3542 Rislam
800 3488 949 3559 quod
975 3489 1182 3543 dicitur
1211 3487 1553 3555 Monsfortis,
1582 3487 1746 3542 claris

144 3576 482 3648 parentibus
506 3581 591 3631 est
618 3581 864 3632 exortus.
898 3579 1068 3632 Pater
1095 3579 1216 3649 ejus
1242 3577 1748 3641 Turstinus,mater

146 3667 436 3722 Albereda
472 3665 781 3733 dicebatur,
818 3666 1044 3737 Rogerii
1070 3667 1139 3721 de
1179 3666 1524 3720 Bellomonte
1569 3665 1748 3737 patris

147 3756 384 3814 Roberti
410 3755 632 3811 comitis
657 3772 724 3810 ex
750 3771 942 3809 sorore
968 3754 1169 3826 neptis.
1186 3754 1293 3819 Qui
1321 3770 1462 3825 puer
1493 3754 1628 3808 dum
1647 3754 1747 3807 ad-

148 3848 260 3904 huc
286 3849 509 3919 jaceret
537 3842 596 3900 in
623 3845 801 3911 cunis,
840 3845 999 3916 gravi
1043 3845 1303 3898 molestia
1331 3849 1533 3907 tactus,
1568 3842 1748 3897 visum

148 3955 293 4010 pene
314 3937 528 3992 amisit.
558 3936 750 3990 Tertia
776 3940 979 3999 mater,
1002 3951 1100 4005 pro
1122 3933 1237 3987 ﬁlio
1253 3934 1468 4003 lugens,
1504 3931 1752 3986 cucurrit

147 4029 217 4083 ad
248 4027 558 4100 quamdam
602 4025 893 4079 ecclesiam
925 4023 1112 4078 Sancti
1144 4022 1411 4077 Germani
1440 4021 1499 4075 iu
1552 4021 1750 4075 eodem

147 4121 335 4172 castro
386 4114 575 4181 sitam,
617 4114 821 4169 obtulit
854 4113 1013 4167 illum
1058 4128 1228 4184 super
1272 4113 1449 4165 altare
1497 4110 1743 4179 ejusdem

146 4207 398 4264 ecclesiae
443 4222 647 4261 vovens
683 4206 819 4271 Deo,
861 4210 919 4260 et
971 4203 1304 4259 beatissima:
1345 4201 1446 4257 Dei
1475 4199 1744 4255 Genitrici

143 4298 338 4354 Mariae
367 4300 676 4367 sanctoque
705 4295 1010 4361 Germano,
1045 4292 1192 4364 quod
1217 4292 1265 4346 si
1304 4308 1442 4363 puer
1472 4291 1626 4345 illam
1656 4290 1745 4343 in-

143 4384 606 4443 commoditatem
649 4384 940 4439 oculorum
981 4397 1175 4435 eorum
1227 4379 1431 4434 auxilio
1462 4378 1738 4442 evaderet,

142 4477 307 4533 illum
335 4475 444 4531 Dei
466 4472 694 4530 servitio
723 4472 986 4539 nutriret,
1026 4469 1343 4541 litterisque
1374 4466 1743 4521 imbuendum

141 4569 416 4633 traderet;
440 4563 721 4637 simulque
734 4564 913 4618 Deum
935 4561 1151 4632 rogavit
1170 4566 1251 4620 ut.
1267 4558 1313 4612 si
1330 4557 1492 4612 aliter
1507 4572 1744 4628 puerum

1828 3398 2134 3452 monachus
2164 3397 2234 3451 ab
2263 3396 2522 3452 omnibus
2548 3397 2869 3452 haberetur.
2892 3398 3176 3462 Quantum
3201 3398 3272 3453 ad
3299 3398 3426 3454 vitae

1828 3503 2161 3558 morumque
2187 3486 2479 3557 spectabat
2523 3485 2997 3553 informationem,
3040 3487 3089 3541 si
3122 3488 3349 3559 quando
3394 3503 3431 3542 a

1828 3575 2080 3647 cognatis
2101 3575 2187 3629 vel
2214 3574 2411 3629 amicis
2456 3575 2528 3629 ad
2557 3574 2776 3629 scholas
2812 3575 3025 3647 aliquid
3048 3577 3298 3647 pecuniae
3322 3575 3429 3631 sibi

1832 3665 2170 3731 mitteretur,
2225 3663 2385 3735 quasi
2434 3680 2556 3718 rem
2606 3664 2816 3718 malam
2868 3664 3077 3720 vitabat
3110 3665 3423 3737 suscipere;

1831 3754 1976 3808 sicut
2003 3753 2367 3825 condiscipuli
2397 3754 2520 3823 ejus
2549 3753 2700 3807 soliti
2731 3758 2895 3808 erant
2922 3754 3147 3817 referre,
3181 3754 3263 3808 ita
3293 3771 3426 3808 ava-

1832 3842 2018 3897 ritiam
2047 3841 2430 3914 perhorrebat.
2458 3843 2710 3913 Cumque
2735 3843 2994 3912 quintum
3015 3847 3072 3896 et
3099 3842 3427 3897 vicesimum

1832 3938 2027 4002 ageret
2074 3932 2256 3986 aetatis
2308 3947 2539 3998 annum,
2598 3930 2922 3985 desiderans
2972 3946 3161 3985 vocem
3198 3930 3426 3986 Domini

1831 4020 2065 4092 implere
2097 4021 2335 4075 dicentis
2368 4038 2379 4073 :
2410 4021 2517 4087 Qui
2546 4035 2658 4072 non
2690 4022 2982 4073 renuntiat
3011 4021 3268 4073 omnibus
3307 4036 3426 4089 quas

1826 4112 2059 4179 possidet
2108 4126 2221 4164 non
2258 4114 2423 4178 potest
2452 4124 2605 4162 meus
2637 4124 2742 4161 esse
2771 4108 3076 4177 diseipuius
3117 4110 3265 4176 (Luc.
3310 4122 3421 4175 xxv,

1827 4199 1916 4267 i3)
1932 4217 1947 4262 ;
1977 4204 2034 4252 et
2062 4217 2073 4252 :
2099 4199 2162 4254 Si
2187 4201 2310 4268 quis
2351 4199 2469 4251 rutt
2495 4202 2612 4266 post
2646 4212 2731 4250 me
2749 4199 2953 4263 venire,
2978 4198 3202 4265 abneget
3231 4203 3428 4252 semet-

1826 4289 2029 4355 ipsum,
2081 4291 2131 4340 et
2198 4287 2354 4339 tollat
2404 4291 2621 4339 crucem
2667 4300 2848 4349 suam,
2898 4289 2947 4338 et
3006 4290 3276 4354 sequatur
3339 4302 3426 4341 me

1824 4376 2028 4430 Matth.
2072 4389 2184 4440 XVI,
2239 4371 2341 4438 1’4),
2398 4372 2730 4427 renuntians
2770 4373 2980 4427 mundo
3027 4373 3191 4428 Becci
3233 4390 3425 4428 mona-

1825 4465 1964 4519 chus
1991 4464 2175 4517 factus
2200 4468 2286 4516 est
2308 4462 2411 4516 sub
2435 4462 2787 4517 sanctissimo
2807 4462 3009 4517 abbate
3035 4463 3424 4535 Anselmo,qui

1827 4560 1961 4608 tunc
2008 4551 2280 4620 temporis
2308 4551 2367 4604 in
2398 4552 2661 4606 Beccensi
2693 4551 2944 4606 coenobio
2974 4551 3194 4607 abbatis
3233 4552 3415 4607 ofﬁcio

143 4677 346 4716 sanare
374 4656 572 4722 nollet,
602 4654 659 4709 in
685 4671 766 4719 se,
797 4645 855 4707 id
875 4657 979 4718 est,
1000 4652 1059 4705 in
1087 4654 1323 4703 matrem
1353 4645 1739 4701 inﬁrmitatem
1762 4649 1800 4705 Β
1825 4642 2064 4714 gloriose
2084 4638 2442 4709 fungebatur.
2479 4641 2771 4709 Ingressus
2799 4641 3201 4695 monasterium
3235 4641 3424 4697 inten-

143 4750 300 4805 illam
322 4748 695 4805 converteret.
728 4743 871 4808 Quid
905 4740 1111 4814 plura?
1156 4738 1357 4794 annuit
1395 4734 1652 4809 petitioni
1685 4738 1743 4788 et

144 4844 271 4895 voto
298 4837 461 4893 bonae
487 4834 686 4890 matris
706 4832 894 4904 gratia
921 4829 1225 4886 Salvatoris
1252 4826 1429 4881 nostri
1452 4826 1741 4897 pietasque

143 4930 268 5001 ejus
296 4925 667 4984 sanctissimae
695 4920 1014 4985 Genitricis,
1043 4936 1145 4973 nec
1183 4934 1295 4971 non
1339 4922 1397 4971 et
1433 4911 1740 4969 beatissimi

142 5016 480 5074 confessoris
528 5012 815 5079 Germani,
846 5016 905 5066 et
942 5009 1127 5064 infans
1168 5008 1400 5077 integrae
1447 5003 1741 5058 restitutus

144 5113 233 5162 est
253 5104 547 5178 sospitati;
582 5106 823 5157 matrem
846 5115 976 5154 vero
1004 5095 1302 5151 inﬁrmitas
1332 5092 1619 5165 corripuit,
1637 5107 1739 5144 nec

143 5198 325 5252 multo
353 5199 485 5268 post
512 5191 800 5248 exstinxit.
848 5186 1037 5244 Crevit
1061 5203 1219 5258 puer,
1257 5188 1314 5239 et
1342 5200 1468 5238 cum
1503 5182 1574 5235 ad
1605 5196 1737 5234 con-

145 5302 350 5357 gruam
379 5288 604 5339 aetatem
654 5278 1000 5353 pervenisset
1028 5276 1272 5331 traditus
1301 5278 1389 5328 est
1420 5272 1739 5326 litterarum

144 5375 348 5431 studiis
374 5371 734 5429 imbuendus.
760 5368 941 5441 Coepit
969 5368 1160 5438 itaque
1190 5365 1348 5419 bonae
1372 5361 1576 5417 indolis
1598 5375 1740 5424 esse,

144 5482 340 5522 amore
364 5465 467 5520 Dei
496 5464 731 5524 fervere,
762 5456 1014 5513 honestis
1046 5454 1361 5518 intendere,
1393 5457 1451 5505 et
1487 5450 1557 5506 ab
1586 5449 1744 5504 inho-

142 5555 323 5613 nestis
349 5555 603 5612 animum
633 5566 910 5607 revocare.

219 5646 344 5702 Jam
382 5643 584 5703 mundi
604 5642 798 5698 luxum
818 5636 1137 5712 spernebat,
1163 5635 1280 5706 jam
1311 5646 1589 5697 sermone,
1617 5632 1747 5683 actu

388 5743 655 5807 Ρλτιιοι..
700 5741 818 5802 CL.

1820 4731 2039 4787 tissime
2067 4728 2320 4798 religioni
2345 4728 2666 4782 monasticae
2696 4745 2923 4799 cperam
2968 4729 3156 4796 dabat,
3191 4730 3419 4785 lectioni

1824 4826 1882 4875 et
1933 4816 2156 4874 silentio
2189 4815 2448 4870 assiduus
2476 4815 2647 4868 vitam
2678 4832 2839 4870 suam
2870 4818 3103 4870 honeste
3136 4818 3419 4872 custodire

1823 4908 2125 4964 admodum
2159 4905 2439 4960 studebat.
2471 4901 2560 4957 Ita
2589 4904 2704 4957 Deo
2745 4904 2964 4974 placere
2992 4905 3223 4976 cupiens
3243 4905 3421 4959 homi-

1826 4999 1989 5054 nibus
2013 4998 2234 5062 charus,
2278 4995 2336 5048 in
2365 4993 2565 5047 castris
2613 4992 2835 5047 Domini
2872 4992 2972 5047 Dei
3003 4993 3248 5048 Sabaoth
3295 4995 3418 5065 ejus

1821 5090 1983 5159 signa
2010 5102 2272 5157 sequens,
2305 5081 2623 5154 quindecim
2653 5097 2754 5152 per
2782 5097 2960 5135 annos
2984 5081 3199 5135 strenui
3222 5081 3416 5136 militis

1823 5178 2006 5233 ofﬁcio
2035 5176 2277 5239 functus,
2327 5172 2496 5243 hujus
2526 5170 2739 5225 militiae
2786 5170 2946 5225 beato
2980 5169 3245 5223 Anselmo
3273 5169 3417 5225 duce

1822 5265 2083 5321 militavit
2109 5270 2225 5319 tam
2246 5268 2474 5317 strenue
2502 5265 2566 5315 ut
2593 5276 2786 5314 omnes
2831 5276 2961 5314 eum
3005 5257 3325 5328 diligerent,
3359 5264 3419 5314 et

1825 5357 2015 5412 nullus
2066 5354 2135 5408 de
2187 5369 2254 5408 eo
2297 5355 2750 5422 conquereretur.
2786 5349 2960 5402 Fama
2995 5347 3263 5402 bonitatis
3291 5348 3416 5418 ejus

1825 5448 2259 5516 circumquaque
2287 5440 2495 5495 bonum
2519 5437 2728 5493 Christi
2756 5437 2982 5492 odorem
3007 5436 3075 5491 de
3093 5452 3160 5491 eo
3179 5435 3414 5493 ferebat.

1827 5535 2011 5607 Igitur
2030 5534 2197 5589 beato
2228 5530 2427 5585 abbate
2451 5528 2715 5583 Anselmo
2742 5527 2801 5581 in
2833 5525 3093 5597 Angliam
3116 5526 3412 5593 translato,

1831 5629 1889 5680 et
1924 5621 2341 5694 archiepiscolio
2368 5619 2535 5685 farto,
2579 5617 2742 5689 cujus
2786 5613 3072 5687 fastigium
3094 5617 3222 5682 4Q
3249 5613 3421 5686 virgae

3098 5712 3177 5778 23
