3920 6350
538 345 642 429 ’ξιξ
1470 332 1567 400 AD
1608 328 1848 396 OPERA
1887 327 1948 381 B.
1993 323 2414 384 LANFRANCI
2452 319 2840 376 APPENDIX.
3708 305 3802 366 716

535 469 836 543 praedictus
865 463 1206 540 Willelmus,
1239 463 1404 514 antea
1443 474 1567 523 cum
1594 458 1891 516 veneratus
1920 449 2135 507 fuisset.
2153 451 2204 515 Α
2227 448 2516 504 haberent,
2565 445 2662 498 sed
2711 441 2955 496 amicum
2994 443 3049 492 et
3091 437 3312 491 ﬁdelem
3352 435 3741 490 consiliarium
3770 436 3811 488 si

537 524 556 543 ι
920 533 924 538 .
973 524 977 540 τ
1089 524 1110 532 .-
1145 531 1148 534 .

537 555 1028 628 posteasuscipere
1052 549 1689 616 meruit.l\'amtempore
1710 536 2130 612 regisWillelmi
2219 538 2436 590 vellent.
2470 537 2582 589 Has
2606 535 2822 587 litteras
2848 529 3041 584 attulit
3059 527 3286 598 quidam
3311 524 3611 578 Beccensis
3637 540 3813 576 mona-

542 643 936 700 ﬁliiWillelmi
968 641 1064 712 qui
1095 638 1350 709 Angliam
1384 634 1621 702 subegit,
1645 629 1930 684 Beccensis
1961 626 2131 680 abbas
2217 627 2371 687 chus,
2433 625 2660 680 nomine
2711 620 3000 679 Girardus,
3038 617 3131 687 qui
3182 615 3407 668 veniens
3465 615 3703 667 Beccum
3755 615 3814 667 ad

541 735 843 788 Anselmus
866 733 979 786 Deo
1011 730 1212 782 Charus
1242 731 1297 778 et
1327 723 1647 786 hominibus
1685 723 1962 787 acceptus.
2006 714 2131 784 qni-
2217 715 2582 768 festivitatem
2615 713 2833 766 Sanctae
2881 707 3070 762 Mariae
3105 705 3163 758 in
3215 704 3397 756 medio
3426 702 3697 771 Augusti,
3739 703 3816 755 die

527 813 783 877 ibusdam
815 817 1164 892 exigentibus
1194 813 1396 875 causis,
1439 817 1495 865 et
1534 809 1773 866 maxime
1812 804 2043 858 consilio
2083 807 2141 854 et
2225 802 2542 856 festivitatis
2573 801 2630 852 in
2680 799 2922 869 capitulo
2967 797 3176 850 salutes
3201 800 3256 847 et
3288 792 3458 846 verba
3491 792 3680 844 Patris
3710 794 3818 844 An-

547 909 863 966 obedientia
883 880 1113 978 capituli
1139 904 1494 968 sui,coa_ctus
1516 900 1572 951 in
1595 891 2140 966 Angliamtransfre-
2224 891 2384 952 selmi
2424 889 2618 954 retulit
2670 893 2726 940 et
2773 885 3065 954 praedictas
3113 884 3330 935 litteras
3375 880 3648 944 reddidit,
3709 898 3819 950 qum

543 1001 714 1055 tavit:
750 983 880 1051 nam
917 979 1327 1066 quiadef'uncto
1351 985 1650 1042 venerabili
1674 982 1983 1038 Lanfranco
2003 979 2142 1032 Can-
2225 981 2414 1035 statim
2447 980 2502 1032 in
2525 979 2718 1030 eodem
2743 975 2986 1045 capitulo
3019 974 3172 1026 lecta:
3190 977 3324 1026 sunt
3350 989 3364 1022 :
3395 969 3698 1023 audientes
3723 970 3820 1023 fra-

543 1088 733 1143 ῑυὶὶνίεὶ
771 1070 944 1139 seidesv
974 1081 1226 1142 "ﬁcabat.
1269 1079 1366 1130 diu
1405 1092 1658 1145 gressum
1701 1072 1769 1124 ub
1809 1069 2010 1137 Anglia
2054 1083 2142 1118 I‘e-
2228 1077 2340 1122 tres
2361 1069 2528 1122 talem
2564 1066 2651 1119 sui
2684 1063 3087 1118 dimissionem.
3139 1067 3196 1114 et
3224 1062 3366 1113 tanti
3398 1065 3590 1112 actam
3621 1058 3820 1111 dulcis-

543 1181 842 1249 presserat,
875 1189 944 1225 ne
977 1171 1261 1222 videretur
1290 1163 1830 1234 archiepiscopatum
1857 1163 2139 1226 appetere,
2229 1158 2355 1210 simi
2392 1157 2568 1210 Patris
2609 1153 2990 1213 amissionem,
3019 1151 3113 1221 qui
3147 1167 3240 1203 eos
3272 1150 3424 1202 velut
3449 1149 3641 1202 nutrix
3687 1147 3818 1200 filios

547 1281 713 1337 quem
741 1263 990 1315 oblatum
1018 1265 1136 1311 toto
1165 1256 1367 1309 mentis
1399 1253 1598 1305 adnisu
1623 1258 1853 1301 conatus
1877 1251 1961 1297 est
1981 1240 2145 1295 decli-
2229 1265 2359 1300 suos
2387 1245 2601 1310 gremio
2632 1242 2944 1296 dilertionis
2963 1239 3312 1304 confovebat,
3343 1239 3503 1292 ultra
3535 1253 3701 1308 quam
3722 1236 3817 1288 dici

546 1370 703 1420 nare,
757 1349 1031 1421 siquidem
1085 1345 1245 1399 multi
1290 1340 1630 1398 laudabilem
1676 1336 1980 1388 bonitatem
2022 1332 2144 1399 ejus
2230 1342 2413 1405 potest
2440 1331 2757 1386 conturbati
2786 1335 2950 1396 sunt;
2977 1345 3170 1382 omnes
3187 1329 3392 1398 quippe
3412 1343 3611 1379 amore
3641 1341 3818 1377 aman-

546 1445 965 1510 cognoscmltes,
1038 1435 1169 1505 quia
1216 1433 1293 1485 sic
1351 1429 1626 1490 volebant.
1693 1441 1822 1478 eum
1887 1423 2144 1476 futurum
2228 1424 2430 1478 tissimi
2465 1422 2666 1486 Patris,
2704 1437 2812 1490 quo
2844 1419 3002 1489 quasi
3025 1417 3386 1477 orbabantur,
3415 1431 3626 1484 magno
3651 1414 3818 1467 cordis

547 1528 929 1603 praedicabant
983 1521 1480 1591 archiepiscopum.
1531 1518 1761 1574 Tamen,
1826 1518 1890 1563 ut
1937 1509 2148 1565 dictum
2233 1513 2421 1565 dolore
2453 1509 2725 1570 concussi,
2761 1509 2813 1560 in
2860 1509 3136 1575 lacrymas
3175 1504 3426 1558 conversi
3459 1509 3626 1567 sunt;
3661 1503 3819 1555 frater

550 1625 654 1685 est,
685 1618 862 1670 victus
893 1613 1196 1667 amicorum
1258 1608 1537 1679 precibus,
1580 1619 1734 1657 mare
1774 1598 2051 1654 transivit,
2095 1601 2150 1647 et
2235 1601 2325 1671 qui
2380 1600 2671 1670 epistolam
2724 1597 2962 1666 legebat,
2999 1595 3247 1664 singultu
3287 1611 3477 1647 vocem
3537 1593 3819 1652 ίηιοιτωη,

552 1700 680 1762 cum
703 1705 780 1758 ibi
814 1720 1026 1757 moram
1066 1702 1292 1760 faceret,
1319 1695 1554 1763 contigit
1581 1708 1768 1761 regem
1808 1689 1991 1758 ipsum
2024 1699 2150 1754 gra-
2235 1696 2417 1760 pente,
2446 1689 2530 1740 vix
2565 1687 2776 1757 aliquid
2814 1686 2999 1738 dicere
3031 1689 3267 1754 poterat.
3300 1682 3555 1737 Tandem
3582 1681 3818 1750 perlectae

549 1797 694 1848 viter
736 1779 1031 1846 inﬁrmari.
1078 1788 1181 1842 I-lic
1225 1803 1320 1840 rex
1378 1791 1504 1860 post
1556 1787 1791 1834 mortem
1851 1769 2145 1830 Lanfl'fmci
2168 1774 2208 1830 B
2231 1785 2363 1832 sunt
2390 1779 2607 1839 litterae,
2658 1775 2936 1844 simulque
2962 1773 3112 1826 dicta
3142 1779 3199 1827 et
3220 1777 3344 1825 acta
3371 1776 3510 1826 sunt
3538 1770 3647 1823 alia
3672 1769 3819 1840 plura

551 1882 1096 1952 archiepiscopatum
1138 1878 1194 1930 in
1236 1891 1402 1928 manu
1454 1889 1555 1925 sua
1587 1886 1684 1940 per
1714 1868 1930 1936 aliquot
1968 1877 2144 1915 annos
2231 1869 2297 1921 ad
2331 1867 2583 1920 eamdem
2609 1883 2726 1918 rem
2762 1863 3118 1933 pertinentia.

549 1973 881 2033 retinuerat,
917 1975 972 2021 et
994 1967 1182 2020 multis
1203 1960 1622 2035 gravaminibus
1652 1956 1962 2010 attriverat.
2005 1952 2146 2003 Cum
2301 1957 2433 2008 Post
2462 1956 2576 2007 haec
2610 1952 3030 2006 celebraverunt
3058 1952 3320 2006 decenter
3359 1954 3415 2002 et
3465 1947 3661 2001 festive
3691 1945 3818 2001 tanti

549 2064 742 2131 itaque
764 2054 1373 2129 przedictategritudine
1399 2051 1699 2106 laboraret,
1724 2036 2147 2113 etpcnejamde
2233 2045 2342 2098 diei
2392 2045 2802 2096 solemnitatem
2863 2047 2988 2111 post
3039 2039 3266 2092 missam
3326 2038 3620 2092 Baldricus
3685 2035 3819 2108 prior

553 2109 735 2131 'vn'lh'
765 2109 956 2129 Ι’“““”““
1090 2109 1123 2124 υ
1797 2109 1810 2113 -

553 2156 667 2208 vita
691 2152 1028 2222 desperaret.
1052 2142 1374 2197 admonitus
1399 2145 1485 2192 est
1503 2138 1571 2191 ab
1594 2125 2150 2205 episcopisetprinci-
2233 2141 2413 2187 totum
2470 2131 2681 2184 mem-it
2735 2136 3067 2183 conventum
3100 2129 3156 2182 in
3189 2128 3524 2198 capitulum,
3584 2109 3816 2194 dixitque

551 2243 714 2314 pibus
741 2241 875 2304 suis,
913 2243 973 2290 ut
1006 2251 1104 2304 pro
1125 2233 1305 2285 salute
1336 2245 1436 2282 sua
1458 2228 1699 2296 aliquem
1734 2223 1911 2273 virum
1941 2217 2150 2269 bonum
2236 2222 2532 2284 Gii-ardum
2568 2221 2747 2278 adhuc
2776 2220 2981 2276 habere
3003 2217 3212 2286 aliquid
3252 2216 3554 2269 dicendum
3587 2231 3650 2268 ex
3677 2218 3816 2283 parte

553 2331 922 2402 queereret,et
951 2321 1409 2377 Cantuariensem
1442 2312 1924 2382 ari-hiepiscopum
1951 2301 2152 2357 consti-
2243 2310 2422 2364 pan-is
2453 2309 2720 2368 Αηδριιηί,
2773 2307 2920 2378 quod
2962 2306 3239 2359 debebant
3287 2305 3505 2358 audire
3542 2303 3810 2362 Gimrdus’

550 2391 755 2482 tberet,
789 2413 1078 2484 respondit
1112 2428 1160 2462 ;(‹
1193 2409 1369 2470 Quem
1391 2405 1417 2455 ‘?
1441 2435 1503 2444 -
1531 2402 1824 2460 Abbatem,
1859 2393 2140 2464 inquiunt,
2228 2403 2420 2469 jussus
2459 2398 2630 2468 loqui,
2679 2397 2813 2449 dixit
2859 2397 3076 2450 litteras
3109 2396 3176 2448 de
3213 2395 3484 2447 electione
3534 2391 3740 2446 abbatis
3765 2406 3816 2442 se

551 2495 1274 2563 BeCCiAnSEIIllum-DQUOd
1293 2493 1516 2545 Vt‘l'bum
1545 2489 1750 2561 ιιὶίιευίῐ
1784 2485 1921 2555 regi.
1943 2490 1998 2535 et
2022 2496 2147 2533 mox
2230 2489 2454 2551 habere,
2485 2505 2610 2540 nam
2638 2494 2692 2539 et
2715 2487 2972 2540 baculum
3006 2485 3342 2554 pastoralem
3367 2479 3439 2536 de
3462 2482 3660 2552 Anglia
3683 2486 3813 2532 retu-

542 2597 703 2668 jubet
719 2595 878 2647 illum
900 2587 1178 2643 accersiri.
1193 2587 1272 2637 lta
1291 2583 1435 2651 regis
1457 2579 1834 2649 etprincipum
1852 2571 2140 2630 electione,

2259 2583 2392 2630 erat.
2427 2577 2522 2629 sed
2548 2576 2703 2650 prius
2736 2576 2901 2627 vellet
2929 2573 3124 2626 audire
3173 2573 3215 2626 si
3251 2589 3448 2625 onmes
3477 2571 3545 2623 de
3576 2567 3810 2638 eligendo

550 2685 685 2739 cleri
716 2701 779 2736 ac
810 2678 998 2752 populi
1028 2673 1446 2730 acclamatione.
1492 2667 1795 2721 secundum
1830 2662 1929 2716 Dei
1963 2660 2146 2726 dispo-

2259 2667 2429 2719 bbate
2458 2666 2700 2718 consiliis
2731 2664 2978 2717 Anselmi
3031 2662 3470 2733 acquiescerent,
3506 2665 3562 2713 et
3586 2659 3660 2711 sic
3685 2658 3811 2709 litte-

552 2774 813 2827 Sitionem
845 2768 1054 2839 primas
1074 2764 1245 2817 totius
1279 2758 1596 2818 Βνίῐυηῐιὶυὲς
1632 2756 1760 2807 licet
1788 2751 2027 2804 mnuum
2057 2761 2146 2798 ΓΘ-
2231 2774 2321 2809 ras
2355 2755 2693 2816 ostent‘leret,
2725 2753 2854 2823 quia
2887 2753 2965 2806 sic
2999 2757 3334 2821 przeccptum
3376 2749 3483 2802 sibi
3515 2745 3811 2802 cratnNon

553 2865 740 2918 nitens
761 2877 824 2913 ac
855 2857 1184 2916 reclamans,
1209 2849 1450 2918 eligitur.
1477 2845 1704 2900 Dicebat
1732 2841 1880 2896 enim
1915 2835 2148 2891 alterius
2233 2844 2329 2910 ita,
2367 2843 2546 2912 inquit
2576 2843 2746 2911 prior.
2802 2841 3088 2900 faciemus,
3125 2839 3221 2892 sed
3271 2838 3427 2908 prius
3477 2837 3687 2898 litteras
3733 2848 3813 2884 au.

557 2951 719 3022 regni
771 2965 828 3002 SE
886 2944 1145 2999 abba-tem
1187 2956 1326 3001 €850,
1368 2936 1471 2989 θυι)
1521 2951 1652 2986 cum
1711 2927 1975 3000 θρὶεεορὶη
2030 2923 2151 2975 Sine
2237 2934 2476 2992 diamus,
2535 2938 2591 2984 et
2641 2937 2765 3001 post
2811 2930 3104 2982 consilium
3140 2928 3427 2998 capiemus
3473 2925 3604 2995 quid
3643 2936 3810 2989 age-re,

558 3042 714 3109 cuius
742 3039 1016 3108 Ριωεθριο
1043 3031 1124 3083 "91
1155 3027 1397 3081 “ce-nti“-
1423 3040 1521 3076 δου
1557 3026 1859 3074 εοηκύηὶυδ
1905 3014 1991 3067 Slli
2022 3029 2154 3064 00n-
2239 3022 2323 3072 vel
2354 3021 2688 3089 respondere
2712 3019 3033 3071 debean'ius.
3068 3015 3375 3069 »Girardus
3407 3032 3521 3067 non
3555 3013 3632 3066 ita
3653 3011 3816 3079 injun-

561 3128 956 3189 cessione,non
973 3125 1192 3192 poterat
1220 3117 1274 3168 in
1298 3113 1479 3167 aliena
1501 3110 1682 3182 patria
1699 3109 1936 3160 aliorum
1960 3115 2150 3154 curam
2172 3097 2214 3156 C
2240 3117 2391 3164 ctum
2425 3108 2528 3162 sibi
2562 3125 2682 3161 esse
2713 3107 2953 3172 diccbat,
2985 3112 3042 3159 et
3071 3107 3224 3176 prim.
3259 3121 3368 3157 non
3400 3104 3567 3156 aliter
3587 3118 3643 3154 se
3664 3100 3815 3151 fdem,

559 3217 878 3285 suscipere:
915 3211 1012 3263 sed
1045 3209 1146 3260 hoc
1184 3205 1278 3275 qui
1310 3202 1612 3256 audiebant
1643 3197 1793 3268 parvi
1823 3193 2150 3264 pendentes,
2240 3213 2360 3248 rum
2397 3195 2706 3248 asserebat.
2747 3194 2995 3246 Tandem
3037 3193 3308 3245 Girardus
3339 3193 3580 3253 ratione,
3620 3188 3700 3240 vel
3735 3201 3816 3237 au-

559 3302 925 3360 nihilominus
949 3297 1094 3368 quod
1115 3290 1678 3364 cceperantperticere
1694 3302 1801 3338 non
1819 3281 2151 3336 omiserunt.
2240 3285 2498 3337 ρεοι-ῑίεηε
2539 3281 2767 3352 capituli
2800 3283 2979 3335 Victus
3006 3282 3189 3346 cessit,
3233 3287 3289 3333 et
3323 3281 3543 3334 litteras
3587 3272 3810 3348 protulit,

561 3392 722 3459 Quod
778 3405 903 3444 cum
957 3387 1103 3438 fama
1150 3391 1305 3436 trans
1339 3396 1493 3433 mare
1545 3375 1780 3429 volando
1835 3367 2158 3442 pertulisset

2259 3372 2577 3441 itquel’ratri
2597 3371 2691 3440 qui
2713 3371 2850 3423 alias
2872 3370 3088 3423 litteras
3110 3371 3320 3439 legerat
3334 3371 3560 3422 nomine
3577 3361 3816 3420 Mauricio

562 3465 1584 3548 Beccumqueappulisset,conturbati
1602 3471 1658 3516 et
1687 3458 2001 3516 contristati
2029 3460 2161 3508 sunt
2243 3463 2312 3514 ad
2346 3461 2639 3529 legendum
2668 3459 2915 3512 tradidit
2950 3460 3202 3522 Quarum
3234 3475 3432 3511 sensus
3465 3459 3521 3511 in
3552 3457 3693 3508 hunc
3721 3464 3818 3502 mo-

564 3574 870 3627 Becccnses
900 3581 1009 3618 non
1030 3562 1262 3619 modice,
1283 3564 1553 3624 tantaque
1575 3550 1863 3605 tribulatio
1889 3549 2016 3600 inde
2038 3551 2160 3596 orta
2244 3551 2376 3602 dum
2408 3566 2467 3601 se
2511 3549 2751 3601 habebat
2776 3547 2894 3619 (79)
2929 3572 2938 3604 :
2977 3569 2996 3598 ιι
3030 3547 3327 3610 Quoniam,
3353 3547 3557 3617 inquit,
3592 3542 3684 3597 Dei
3729 3537 3816 3590 mi-

567 3667 653 3714 est
703 3659 850 3710 inter
878 3672 989 3714 eos,
1034 3656 1303 3722 quantam
1349 3645 1536 3698 nullus
1579 3641 1633 3693 in
1697 3637 1947 3692 cmnohio
2005 3631 2163 3688 Becci
2250 3638 2574 3700 ,m-icordin,
2627 3643 2684 3690 et
2741 3637 3326 3690 “tvm-endiw'luclmi
3379 3625 3816 3699 Rothomagensis

565 3754 732 3803 antea
782 3745 1012 3796 Viderat-
1069 3742 1361 3793 Commom
1403 3738 1488 3784 εδδ
1534 3736 1650 3783 tom
1691 3726 1992 3798 Ριόνίηείῖιτ
2037 3742 2165 3777 0οη-
2249 3727 2649 3796 archiepiSCOpi
2683 3727 2928 3792 licentia,
2960 3732 3128 3795 atque
3151 3721 3621 3778 DominiRoberti
3642 3714 3818 3772 North-

563 3842 762 3889 ventus
787 3832 939 3885 Becci
971 3834 1206 3898 patrem,
1235 3820 1476 3892 episcopi
1511 3825 1567 3871 et
1603 3817 1852 3879 abbatcs,
1884 3823 1939 3868 et
1968 3831 2163 3867 omnes
2247 3832 2579 3869 mannorum
2609 3814 2765 3867 ducis
2789 3831 3018 3866 assensu
3045 3814 3384 3883 tandemque
3416 3820 3599 3866 vestra
3627 3818 3818 3860 conces-

563 3922 831 3993 religiosi,
862 3918 1140 3985 simulque
1174 3926 1450 3982 proceres,
1485 3913 1536 3960 et
1573 3906 1878 3958 mediocres
1911 3911 2076 3956 terrae
2108 3903 2164 3956 in
2247 3907 2420 3969 sione,
2455 3904 2620 3956 vestri
2669 3920 2805 3956 cura
2846 3903 3116 3956 liberatus
3146 3919 3292 3966 sum,
3333 3902 3380 3954 si
3421 3903 3568 3955 Deus
3604 3893 3817 3967 gratiam

566 4031 688 4068 com
700 4026 866 4065 mune
889 4008 1172 4060 doctorem
1209 3999 1569 4070 praecipuum,
1598 4003 1654 4048 et
1673 4009 1952 4047 summum
1979 4001 2165 4062 patro-
2249 3994 2462 4046 domini
2481 3993 2655 4046 nostri
2677 3992 2833 4045 ducis
2853 3993 3366 4045 Northmannorum
3387 3982 3749 4043 dederitvobis
3769 3981 3818 4030 ut

567 4119 704 4158 num
727 4117 786 4153 Se
808 4097 1068 4150 amittere
1089 4089 1356 4158 lugebant
1383 4089 1549 4140 Pater
1568 4085 1754 4155 ipsein
1774 4082 2168 4150 Angliﬂsprout
2251 4083 2474 4153 possitis
2503 4083 2710 4150 eligere
2741 4082 2809 4134 de
2836 4081 3068 4134 ecclesia
3080 4087 3262 4134 vestra
3287 4079 3629 4138 abbatem,et
3655 4080 3816 4125 meum

569 4195 810 4261 poterat,
845 4203 905 4239 se
935 4181 1245 4238 conabatur
1265 4175 1598 4229 omnimodis
1629 4172 1937 4226 subducere
1959 4187 1991 4222 a
2014 4176 2168 4222 tanto
2253 4173 2544 4226 consilium
2577 4172 2706 4224 inde
2746 4171 2940 4224 audire
2989 4170 3175 4235 vultis,
3227 4169 3443 4221 nullum
3479 4167 3544 4220 ad
3577 4165 3673 4216 hoc
3701 4170 3816 4226 opus

573 4295 762 4337 onere,
798 4277 1096 4327 licerenses
1127 4276 1183 4321 et
1211 4267 1306 4320 alii
1341 4265 1499 4318 multi
1548 4261 1882 4316 laborabant
1919 4258 2079 4311 dictis
2117 4264 2174 4311 et
2256 4263 2433 4330 magis
2463 4261 2723 4313 idoneum
2782 4266 2916 4330 puto
2946 4276 3113 4329 quam
3159 4258 3448 4310 dominum
3482 4252 3811 4308 Willelmum,

565 4366 734 4424 factis
755 4336 759 4337 ί
782 4367 1053 4433 quantum
1105 4355 1375 4418 valebant,
1413 4361 1469 4407 ut
1517 4369 1646 4405 eum
1695 4353 2039 4410 revocarent,
2073 4347 2236 4426 sedD
2257 4351 2351 4420 qui
2383 4350 2533 4419 prior
2558 4349 2661 4402 fuit
2689 4349 2837 4418 apud
2855 4346 3264 4401 Pexeium.Tibi
3295 4336 3811 4415 quoque,Willelme,

575 4473 689 4510 non
718 4452 1040 4505 voluerunt:
1077 4447 1226 4517 quia,
1261 4450 1324 4498 ut
1357 4451 1549 4514 postea
1595 4437 1815 4499 claruit,
1848 4437 1951 4488 hoc
1980 4453 2174 4489 secun-

2259 4457 2356 4510 per
2379 4445 2626 4492 sanctam
2651 4437 3026 4490 obedientiam
3054 4435 3312 4505 prtecipio
3336 4439 3398 4487 ut
3437 4435 3538 4487 hoc
3566 4443 3695 4482 onus
3722 4432 3813 4475 non

577 4547 709 4599 dum
730 4541 828 4596 Dei
857 4537 1282 4610 dispositionem
1307 4526 1850 4601 tgebaturfl‘andem
1875 4526 2173 4578 Anselmus

578 4634 794 4689 ratione
818 4630 898 4683 vel
934 4627 1268 4682 auctoritate
1321 4622 1515 4681 victus,
1570 4616 1736 4669 cessit
1785 4614 1883 4668 Dei
1941 4614 2174 4682 disposi-

575 4721 735 4778 tioni.
768 4721 1066 4774 Beccenses
1100 4715 1450 4767 advertentes
1481 4722 1540 4758 se
1580 4705 1637 4756 in
1669 4719 1868 4755 vanum
1893 4702 2167 4764 laborare,

579 4811 739 4866 multi
760 4810 1156 4862 concesserunt
1185 4799 1331 4869 quod
1373 4796 1528 4866 prius
1557 4791 1914 4844 at'lirmabant
1944 4809 2002 4844 se
2025 4807 2171 4843 nun-

579 4916 744 4971 quam
775 4909 1154 4950 concessuros.
1176 4891 1259 4941 lta
1287 4890 1559 4956 praecepto
1582 4888 1637 4934 et
1657 4879 1883 4931 licentia
1909 4879 2173 4932 Willelmi

577 4969 1044 5053 licthomagensis
1075 4972 1499 5044 archiepiscopi,
1535 4969 1758 5022 Roberti
1793 4985 2011 5038 quoque
2043 4969 2180 5021 Nor-

577 5079 939 5132 thmanorum
971 5068 1125 5123 ducis
1173 5079 1424 5125 assensu,
1479 5076 1578 5112 nec
1621 5075 1731 5110 non
1785 5067 1842 5110 et
1892 5057 2179 5110 Beccensis

577 5164 806 5237 capituli
835 5159 1190 5214 concessione
1207 5154 1539 5205 conﬁrmata
1563 5154 1644 5201 est
1671 5148 1760 5199 illa
1791 5145 2007 5199 electio.
2049 5146 2183 5197 Post

579 5257 695 5309 haec
719 5247 1184 5306 misitAnselmus
1211 5240 1380 5311 priori
1407 5238 1683 5301 Baldrico.
1707 5234 2017 5287 honorabili
2043 5233 2176 5297 viro,

581 5343 866 5410 simulque
909 5331 1208 5389 conventui
1239 5328 1401 5382 Becci
1449 5327 1684 5387 litteras,
1735 5323 1790 5375 in
1826 5321 2026 5390 quibus
2055 5321 2180 5374 illos

580 5425 993 5484 commendavit
1035 5424 1167 5476 Deo.
1198 5426 1255 5473 et
1281 5423 1344 5471 ut
1382 5416 1487 5469 sibi
1528 5413 1784 5466 abbatem
1825 5411 2181 5480 providerent

2254 4529 2516 4597 refugias,
2549 4519 2642 4580 sed
2691 4527 2746 4579 in
2778 4543 2876 4595 spe
2923 4525 3112 4579 auxilii
3142 4523 3236 4577 Dei
3273 4523 3412 4576 illud
3447 4517 3723 4587 suscipias.
3762 4508 3816 4560 Et

2255 4618 2374 4681 tibi,
2426 4616 2699 4672 Baldrice.
2724 4616 2987 4667 similiter
3016 4613 3272 4684 praecipio
3311 4618 3376 4666 ut
3405 4617 3564 4665 tuum
3603 4599 3813 4659 ofﬁcium

2254 4725 2365 4760 non
2395 4707 2638 4764 deseras,
2674 4706 2850 4757 donec
2880 4705 3078 4773 loquar
3105 4709 3308 4755 tecum.
3345 4683 3534 4754 vTunc
3564 4689 3815 4750 BaldriCUS

2256 4797 2410 4866 prior
2434 4796 2760 4848 electionem
2787 4811 2845 4845 se
2869 4793 3108 4845 libenter
3131 4791 3414 4861 suscipere
3458 4779 3742 4856 respondit,
3771 4776 3815 4825 et

2257 4885 2442 4938 caeteri
2462 4884 2721 4937 similiter
2737 4887 3176 4947 consenserunt;
3208 4879 3399 4950 sicque
3430 4879 3718 4932 conventus
3741 4860 3815 4915 ille

2260 4974 2476 5026 solutus
2490 4972 2709 5026 est.Secl
2727 4979 2783 5024 et
2796 4963 3103 5040 principem
3123 4955 3814 5022 NorthmannizeAnselmus

2265 5062 2580 5116 mandando
2621 5059 2835 5130 rogavit
2862 5067 2925 5112 ut
2953 5059 3229 5128 praedictae
3261 5054 3515 5110 electioni
3556 5043 3813 5104 assensum

2263 5151 2553 5222 praeberet.
2587 5125 3096 5214 jéTransie—runt
3123 5152 3314 5217 postea
3346 5145 3466 5198 dies
3495 5135 3668 5197 multi,
3701 5125 3813 5222 ﬁde

2263 5214 2384 5309 ipsa
2414 5240 2639 5310 quidem
2662 5239 2932 5290 electione
2957 5244 3088 5290 tunc
3105 5214 3244 5289 nihil
3269 5236 3393 5305 plus
3411 5238 3590 5286 actum
3607 5214 3812 5310 εει-βψ

2263 5339 2383 5381 ctus
2413 5337 2600 5380 autem
2633 5327 2712 5379 sic
2751 5321 2809 5379 se
2842 5325 3081 5378 habebat
3103 5323 3263 5394 quasi
3295 5324 3366 5376 de
3403 5339 3467 5375 ea
3495 5310 3625 5372 nihil
3652 5302 3809 5361 audis-

2262 5428 2366 5471 set.
2419 5420 2607 5470 Mense
2635 5415 2860 5470 Octobri
2891 5390 3368 5483 advenit-quidam
3409 5409 3590 5466 abbas,
3621 5390 3813 5483 nomine

581 5516 928 5578 submonuit,
985 5510 1250 5582 quoniam
1305 5508 1465 5559 illum
1521 5501 1721 5555 amodo
1753 5499 2012 5552 abbatem
2067 5516 2180 5553 non
2267 5507 2557 5576 Rogerins,
2593 5505 2882 5559 Beccensis
2905 5481 3319 5570 monachus,vir
3337 5499 3576 5555 bonuset
3603 5481 3810 5544 multum

660 5620 767 5694 {79)
799 5621 1022 5677 Prostat
1047 5615 1143 5672 lib.
1172 5631 1254 5683 ιιῐ,
1293 5613 1465 5684 Epist.
1495 5611 1562 5664 D.
1584 5607 1799 5674 Ansel.,
1833 5606 1995 5678 epist.
2019 5607 2072 5661 8.
