3920 6402
115 370 212 427 717

921 383 1091 439 ἮΤΑ
1127 386 1495 444 VVILLELMI
1533 391 1841 456 ABBATIS
1885 387 2282 443 BECCENSIS
2325 385 2588 441 TERTII.

3285 373 3392 444 7l8

110 497 433 565 religiosus,
469 515 637 570 quem
665 503 982 572 Anselmus,
1013 515 1078 582 ut
1113 511 1319 573 aiebat,
1359 515 1562 569 litteris
1591 514 1952 587 suisAgensi
1997 513 2412 582 archiepiscopo
2451 511 2771 566 animarum
2824 527 2978 590 cura,
3024 527 3156 566 cum
3203 513 3392 582 gratia

104 585 354 654 jusserat
385 587 623 670 Beccum
654 591 860 658 venire,
895 603 951 648 et
979 597 1038 672 in
1069 599 1323 670 eligendo
1352 603 1553 658 abbate
1581 606 1716 658 Bec-

110 689 323 738 censes,
365 667 891 752 quantumposset,
927 669 1143 756 juvare.
1184 690 1339 746 Tunc
1383 691 1502 762 ipse
1543 692 1717 748 abbas

110 755 411 832 Rogerius,
439 771 496 818 et
537 766 690 835 prior
728 755 1015 825 Baldricus
1045 780 1103 828 et
1131 777 1227 830 alii
1258 755 1486 848 quidam
1515 781 1718 836 fratres

110 867 232 904 cum
249 852 333 904 eis
348 853 614 908 comitem
629 857 1154 920 Northmannorum
1167 866 1720 941 adierunt,mandata

111 940 368 996 Anselmi
412 946 469 995 et
511 943 838 1006 electionem
882 951 1113 1020 capituli
1144 937 1301 1008 Becci
1326 938 1714 1024 innatuerunt,

110 1036 381 1100 rogantes
404 1037 467 1111 ut
495 1025 644 1110 quod
670 1033 743 1088 ab
772 1025 851 1092 eis
871 1037 1176 1111 incoeptum
1207 1051 1347 1110 erat,
1367 1063 1467 1100 suo
1488 1065 1718 1102 assensu

111 1109 465 1188 compleret;
497 1113 622 1192 quae
650 1125 838 1205 omnia
868 1126 978 1182 dux
1003 1109 1300 1200 gratanter
1317 1135 1550 1205 accepit,
1573 1143 1630 1191 et
1656 1142 1722 1190 ut

112 1206 327 1262 electus
365 1207 473 1264 sibi
519 1203 954 1281 praesentaretur
988 1218 1178 1288 jussit.
1215 1222 1290 1276 At
1325 1223 1425 1288 illi,
1451 1203 1732 1279 velociter-

114 1295 350 1350 domum
370 1299 604 1374 reversi,
631 1301 948 1358 collectisin
967 1322 1142 1360 unum
1159 1309 1446 1378 fratribus,
1468 1313 1721 1368 referunt-

117 1383 248 1453 quid
279 1401 410 1438 cum
429 1385 679 1459 principe
706 1390 968 1462 egissent,
994 1396 1194 1470 quidve
1207 1398 1277 1454 ab
1297 1417 1363 1454 eo
1393 1402 1714 1470 audissent;

116 1471 549 1544 interrogantur
592 1475 800 1561 singuli
851 1480 920 1534 de
965 1471 1238 1564 electione
1280 1490 1544 1559 praedicta
1588 1492 1722 1564 quid

117 1558 418 1623 sentirent.
469 1580 542 1617 an
588 1557 986 1636 concederent;
1036 1560 1230 1630 omnes
1275 1557 1391 1632 fere
1430 1561 1722 1636 assensum

119 1649 509 1721 prebuerunt.
549 1646 781 1714 Interim
827 1659 1036 1716 electus
1069 1668 1227 1716 extra
1253 1673 1588 1720 conventum
1631 1685 1725 1724 ex-

119 1745 379 1810 spectare
417 1741 610 1812 jussus
648 1739 787 1812 erat.
822 1748 957 1804 Post
985 1750 1099 1804 haec
1131 1758 1355 1806 vocatus
1384 1755 1554 1817 venit.
1581 1761 1638 1811 et
1667 1757 1728 1814 in

121 1845 222 1882 suo
253 1829 458 1887 ordine
486 1831 649 1887 sedit.
681 1823 836 1894 Tunc
865 1837 1019 1912 prior
1047 1839 1185 1894 dixit
1227 1842 1278 1894 ei
1311 1844 1457 1912 quod
1487 1845 1554 1898 ad
1589 1845 1729 1919 regi-

123 1933 251 1972 men
283 1919 585 1994 Beccensis
605 1922 859 1983 Ecclesiae
879 1926 1038 1982 illum
1061 1929 1333 2001 eligerent
1355 1951 1368 1997 ;
1399 1939 1456 1986 et
1475 1939 1539 1987 ut
1556 1934 1730 1988 abba--

123 2005 193 2059 tis
220 2003 497 2072 ofﬁcium,
541 2015 598 2064 et
623 2003 816 2086 curam
853 2015 1175 2072 animarum
1199 2035 1393 2075 eorum
1424 2022 1732 2095 susciperet

124 2111 186 2150 ex
211 2101 379 2174 parte
407 2097 510 2150 Dei
539 2104 596 2180 et
623 2089 829 2156 sanctae
858 2104 1068 2170 Mariae,
1119 2113 1289 2178 atque
1322 2089 1590 2186 omnium
1608 2093 1733 2166 San-

126 2189 371 2256 ctorum,
405 2202 508 2246 nec
553 2177 783 2250 non-cx
830 2198 991 2268 parte
1043 2177 1500 2256 reverendissimi
1549 2201 1732 2254 Patris

127 2265 409 2333 Anselmi'
441 2272 720 2354 praecepit.
772 2265 853 2334 At.
892 2283 1006 2346 ille,
1048 2283 1108 2338 in
1142 2272 1352 2340 terram
1397 2294 1734 2362 prostratus,

128 2360 269 2420 dixit
308 2379 319 2413 :
359 2385 379 2410 ι
415 2361 639 2430 Precor,
681 2367 914 2435 domini,
959 2377 1060 2426 aut
1095 2373 1165 2426 de
1203 2374 1307 2434 hoc
1343 2360 1492 2446 quod
1525 2376 1736 2446 jubetis

1800 602 2068 673 principis
2091 600 2256 654 rediit
2293 617 2328 653 a
2355 601 2512 652 curia
2531 615 2656 652 cum
2687 599 2823 652 suis.
2845 598 3014 653 Venit
3042 605 3232 654 autem
3254 601 3394 686 Bec-

1799 707 1924 745 cum
1954 707 2079 743 sero
2115 694 2239 760 post
2273 688 2720 758 completorium,
2749 686 2839 740 die
2877 694 3008 741 ante
3033 687 3396 746 festivitatem

1799 777 2195 840 Dedicationis,
2225 793 2346 848 quae
2376 775 2646 829 festivitas
2675 775 3052 830 Dedicationis
3073 782 3159 830 est
3178 777 3394 832 decimo

1801 869 2080 926 Kalendas
2109 865 2459 929 Novembris,
2489 870 2544 918 et
2574 881 2639 918 eo
2667 881 2814 919 anno
2845 865 3138 920 Dominica
3166 866 3256 920 die
3279 883 3398 922 eve-

1800 957 1886 1011 nit
1918 975 1930 1008 :
1963 939 2198 1026 surgens
2238 957 2303 1008 ad
2347 952 2674 1018 matutinas,
2713 953 2866 1006 venit
2912 945 3122 1007 eleCtus
3159 954 3219 1007 in
3261 955 3399 1009 cho-

1799 1063 1947 1109 rum,
1980 1050 2037 1098 et
2057 1044 2214 1098 stetit
2231 1045 2287 1096 in
2305 1043 2424 1096 loco
2445 1043 2606 1112 juxta
2643 1042 2832 1098 sedem
2871 1041 3108 1106 abbatis,
3133 1059 3198 1096 ac
3211 1047 3398 1098 totum

1802 1134 2042 1188 ofﬁcium
2074 1119 2387 1186 festivitatis
2416 1117 2759 1186 nocturnum;
2803 1135 2860 1185 et
2895 1131 3158 1212 diurnum
3193 1132 3396 1186 decen-

1799 1229 1906 1288 ter,
1932 1229 1995 1276 ut
2022 1221 2214 1285 abbas,
2246 1219 2563 1290 complevit.
2596 1209 2735 1278 Aeta
2762 1225 2894 1276 sunt
2907 1209 3022 1274 haec
3041 1236 3187 1274 anno
3210 1220 3400 1290 Domi-

1799 1311 1937 1365 nicae
1965 1309 2373 1365 Incarnationis
2401 1305 2555 1364 1093.
2578 1307 2706 1378 Ipsa
2719 1305 2829 1371 die,
2850 1307 3168 1365 Willelmus
3188 1308 3399 1362 electus

1800 1399 1946 1460 sedit
2001 1398 2267 1470 primum,
2309 1401 2374 1451 ut
2427 1395 2618 1459 abbas,
2651 1395 2711 1448 in
2761 1396 3025 1475 capitulo,
3075 1395 3145 1453 ab
3183 1396 3278 1452 illo
3307 1396 3404 1455 die.

1803 1487 2104 1558 disponens
2150 1485 2340 1540 omnia
2385 1484 2537 1540 intus
2575 1489 2632 1538 et
2669 1488 2827 1540 extra
2863 1483 3258 1540 convenienter
3287 1502 3400 1570 mo-

1808 1576 2037 1630 nasterii
2078 1574 2324 1646 negotia,
2372 1572 2747 1643 gaudentibus
2789 1572 3003 1657 cunctis
3054 1574 3200 1658 quod
3231 1575 3406 1632 talem

1809 1665 1957 1720 Deus
1971 1664 2234 1718 Anselmo
2255 1678 2636 1718 successorem
2657 1667 2715 1716 et
2733 1661 2840 1715 sibi
2857 1661 3090 1718 dederat
3098 1669 3406 1733 pastorem.

1807 1753 2021 1808 Tamen
2061 1759 2192 1806 ante
2236 1750 2678 1805 benedictionem
2721 1761 2826 1804 nec
2868 1750 2929 1804 in
2970 1745 3161 1804 sedem
3191 1745 3410 1806 abbatis

1808 1842 2056 1904 intravit,
2104 1857 2205 1895 nec
2250 1840 2464 1912 virgam
2513 1839 2850 1910 pastoralem
2897 1839 3160 1908 portavit,
3190 1840 3289 1898 sed
3341 1839 3412 1898 de

1813 1915 2198 1986 benedictione
2218 1928 2578 1984 acceleranda
2595 1927 2804 1983 nullam
2823 1933 2887 1982 ut
2903 1927 3195 1982 videbatur
3217 1924 3414 2012 curam

1812 2020 2084 2086 habebat;
2128 2004 2250 2090 quae
2299 2005 2610 2074 benedictio
2650 2017 2826 2097 dilata
2867 2023 2954 2070 est
2994 2032 3170 2090 usque
3199 2018 3268 2071 ad
3298 2009 3412 2073 Au-

1810 2115 2038 2180 gustum
2077 2123 2327 2162 mensem
2358 2105 2491 2159 anni
2521 2104 2834 2175 sequentis.
2869 2105 3078 2158 Verum
3111 2106 3412 2160 Anselmus

1817 2215 1926 2252 non
1969 2197 2173 2252 oblitus
2221 2196 2368 2266 quod
2421 2194 2725 2264 inceperat,
2783 2192 2996 2264 rogavit
3062 2193 3415 2276 Willelmum

1818 2287 2326 2356 Rothomagensem
2380 2281 2858 2352 archiepisc0pum
2911 2281 2980 2334 de
3028 2280 3417 2367 benedictione

1820 2374 2038 2429 abbatis
2067 2373 2247 2436 Becci,
2282 2378 2340 2427 et
2366 2372 2472 2425 hoc
2499 2371 2680 2441 ipsum
2714 2387 2814 2446 per
2837 2370 3054 2424 litteras
3084 2371 3256 2442 priori
3287 2371 3418 2430 Bal-

128 2451 362 2506 omnino
395 2451 714 2530 absolutum
751 2457 1019 2541 dimittite
1066 2477 1176 2527 me,
1220 2468 1318 2521 aut
1355 2466 1635 2538 quomodo
1681 2463 1992 2540 idBdrico,
2043 2468 2100 2517 et
2145 2459 2444 2516 conventui
2494 2459 2820 2514 notiﬁcavit.
2862 2460 3125 2518 Intrante,
3162 2461 3419 2544 Augusto

131 2539 370 2611 implere
397 2542 608 2618 possim
639 2537 851 2599 docete.
882 2566 908 2598 ιι
936 2537 1100 2606 Prior
1117 2551 1188 2604 ad
1215 2551 1360 2606 haec:
1387 2537 1422 2605 ν(
1454 2554 1528 2608 Ut
1548 2554 1736 2607 dimit-

133 2629 471 2694 tamini,ait,
486 2648 598 2688 non
615 2650 753 2704 opus
783 2640 870 2689 est
887 2636 1161 2702 laborare,
1185 2640 1283 2694 sed
1303 2642 1566 2711 suscipite
1593 2643 1742 2699 hanc.

135 2733 330 2774 curam
376 2718 437 2773 in
474 2712 710 2778 nomine
741 2723 986 2792 Domini,
1015 2732 1072 2786 et
1114 2744 1215 2782 nos
1251 2729 1409 2783 vobis
1449 2746 1514 2784 ex
1546 2732 1735 2790 ani-mo

135 2805 463 2891 obedientes
493 2811 722 2868 erimus.
752 2832 778 2864 ))
805 2814 1008 2873 Statim
1027 2815 1087 2869 in
1110 2817 1234 2887 ipsa
1259 2818 1348 2872 die
1366 2818 1538 2878 abbas
1560 2820 1736 2891 Roge-

135 2894 270 2962 rius,
306 2902 366 2954 et
394 2890 565 2967 prior,
584 2901 882 2970 etquidam
903 2904 998 2956 alii
1018 2905 1222 2962 fratres
1239 2923 1368 2962 cum
1387 2908 1488 2973 eis,
1515 2925 1736 2963 assum-

138 2990 232 3056 pto
265 2985 448 3040 electo
479 3004 599 3051 suo,
635 2990 705 3043 ad
735 2991 951 3068 curiam
980 3002 1371 3071 preperarunt,
1406 3002 1463 3050 et
1493 2997 1736 3054 Roberto

139 3074 624 3135 Northmanorum
638 3077 764 3132 duci
782 3065 1278 3150 prasentaverunt,
1289 3070 1462 3160 quem
1475 3087 1738 3140 alacriter

141 3167 196 3216 et
222 3179 355 3216 cum
381 3179 590 3238 magno
620 3165 830 3221 honore
851 3169 1179 3240 suscipiens,
1209 3159 1367 3229 dedit
1383 3159 1434 3226 ei
1458 3173 1744 3232 abbatiam

141 3246 296 3304 mere
355 3256 779 3310 antecessorum
829 3245 1080 3312 suorum.
1137 3247 1390 3315 Aderant
1433 3267 1564 3316 tunc
1615 3279 1746 3317 cum

141 3337 396 3412 principe
426 3339 703 3396 Robertus
724 3360 910 3400 comes
933 3347 1199 3414 Mellenti,
1227 3354 1284 3402 et
1303 3349 1580 3406 Robertus
1597 3351 1746 3405 ﬁlius

140 3427 462 3514 Anchittilli
522 3427 649 3502 [al.,
711 3423 1056 3512 Anschitilli]
1110 3437 1429 3494 consobrini
1494 3440 1748 3515 ejusdem

141 3511 419 3569 Willelmi
450 3517 611 3571 electi
638 3509 814 3584 Becci,
840 3522 937 3592 qui
965 3522 1034 3576 de
1062 3526 1185 3594 ejus
1206 3527 1558 3596 promotione
1585 3511 1746 3600 valde

143 3611 273 3658 sunt
299 3605 596 3675 gratulati.
636 3609 791 3666 Tunc
835 3627 1022 3666 comes
1059 3614 1309 3670 Mellenti
1340 3617 1602 3687 praecepit
1641 3618 1747 3671 Ro-

145 3692 302 3747 berto
347 3693 465 3746 tilio
511 3687 921 3759 'Anchitilli'ut
960 3716 1166 3755 novum
1203 3704 1440 3758 electum
1488 3706 1708 3760 Beccia

145 3777 558 3837 monasterium
610 3773 962 3853 cenduceret,
1023 3791 1297 3846 mandans
1341 3793 1597 3849 omnibus
1639 3796 1748 3849 mi—

146 3870 339 3924 nistris
360 3871 481 3925 suis
507 3888 577 3926 ne
601 3874 726 3943 quis
753 3875 858 3946 ipsi
879 3877 1068 3932 abbati
1098 3880 1280 3945 Becci,
1310 3883 1397 3936 vel
1427 3883 1752 3938 hominibus

145 3959 267 4030 ejus
297 3960 356 4014 in
377 3960 571 4038 aliquo
602 3963 871 4019 molestus
888 3983 1011 4024 esse
1030 3977 1418 4038 praesumeret.
1441 3972 1606 4026 Dedit
1616 3977 1756 4028 tunc.

144 4065 333 4127 comes
361 4041 614 4135 Mellenti
643 4045 919 4118 Robertus
937 4043 1002 4111 ut
1027 4041 1137 4125 res,
1162 4075 1284 4136 quae
1311 4060 1382 4114 ad
1407 4061 1612 4116 victum
1642 4063 1751 4116 fra-

144 4125 298 4192 trum
332 4125 687 4225 emebantur,
735 4143 937 4221 quietae
983 4125 1243 4218 deinceps
1283 4156 1472 4225 essent
1500 4150 1571 4214 ab
1597 4153 1752 4208 omni

145 4223 580 4294 consuetudine,
598 4223 736 4313 quae
764 4248 941 4312 usque
969 4235 1042 4294 ad
1061 4236 1198 4296 illud
1216 4223 1456 4313 tempus,
1489 4240 1558 4294 de
1586 4241 1753 4296 rebus

145 4317 216 4371 ad
265 4317 462 4402 cibum
503 4307 907 4402 manat-{horum
947 4307 1377 4403 pertinentibus,
1435 4329 1754 4402 ubicunque

148 4413 500 4472 emerentur,
557 4409 732 4470 etiam.
781 4410 842 4465 in
888 4413 1131 4486 coquina
1185 4416 1347 4478 Becci
1403 4435 1438 4472 a
1483 4419 1753 4475 ministris

150 4495 412 4558 Brionnji
441 4497 539 4568 Π..
563 4497 801 4574 Βιτὶοηὶῆε
831 4489 1000 4556 castri
1038 4503 1381 4574 exigebatur.
1414 4507 1760 4571 Procedente.

150 4589 410 4656 tempore
439 4583 593 4648 dedit
620 4586 768 4643 idem
795 4605 981 4646 comes
1011 4592 1280 4657 Mellenti,
1315 4612 1416 4665 per
1442 4601 1618 4652 totam
1641 4603 1756 4652 ter-

150 4689 272 4734 ram
320 4667 509 4740 suam,
555 4673 872 4756 ubicunque
896 4665 1076 4734 suum
1116 4687 1238 4736 erat
1273 4683 1379 4744 hoc
1417 4685 1636 4756 exigere
1675 4686 1760 4742 vel

150 4761 461 4826 dimittere,
517 4767 580 4819 ut
626 4780 820 4824 omnes
863 4767 1167 4830 Dominica:
1214 4789 1306 4826 res
1356 4775 1758 4829 monachorum

151 4848 335 4911 Becci,
384 4848 457 4913 ad
493 4841 701 4905 victum
730 4854 816 4908 vel
842 4843 1104 4917 vestitum
1131 4843 1498 4928 pertinentes,
1529 4862 1760 4917 ubicun-

152 4953 261 5011 que
297 4937 560 5001 monachi
599 4947 802 5008 essent,
840 4944 912 4998 ad
959 4961 1200 5016 quorum
1232 4965 1367 5006 usus
1405 4951 1758 5014 emebantur,

1710 3706 1804 3799 de

1816 2568 2026 2615 mense,
2062 2551 2353 2606 Baldricus
2396 2547 2549 2619 prior
2586 2553 2644 2602 et
2674 2547 2770 2604 alii
2801 2547 3031 2618 quidam
3061 2547 3262 2602 fratres
3291 2543 3421 2604 cum

1817 2657 1882 2695 eo
1925 2644 2292 2711 perrexerunt
2352 2637 2769 2708 Rothomagum
2826 2652 2956 2690 cum
3003 2636 3421 2710 archiepiscopo

1817 2729 2142 2784 locuturide
2163 2725 2549 2780 benedictione
2572 2723 2789 2781 abbatis
2809 2724 2930 2790 sui;
2961 2724 3057 2795 qui
3086 2725 3233 2780 diem
3257 2725 3422 2786 bene,-

1818 2817 2079 2872 dictiom's
2116 2815 2411 2872 constituit
2446 2814 2505 2868 in
2553 2813 2809 2884 proxima
2858 2812 3160 2866 festivitate
3190 2815 3247 2872 S.
3279 2813 3424 2873 Lau.

1819 2905 2004 2960 rentii.
2038 2905 2312 2960 Reversus
2355 2902 2509 2973 prior
2555 2900 2696 2954 dixit
2735 2900 3031 2954 conventui
3067 2917 3190 2972 quae
3231 2901 3302 2954 ab
3332 2918 3423 2956 ar.

1819 2993 2171 3065 chiepiscoPO
2193 2995 2507 3061 acceperat.
2542 2990 2612 3044 Et
2634 2988 2768 3060 quia
2797 2989 3096 3059 praedictus
3123 2987 3295 3045 abbas
3315 2991 3424 3046 Ro-

1822 3083 2013 3162 gerius
2043 3098 2225 3154 nuper
2251 3081 2488 3146 obierat,
2507 3078 2784 3132 miserunt
2811 3073 2883 3132 ad
2914 3073 3262 3163 Willelmum
3283 3080 3422 3136 Cor-

1824 3159 2154 3229 meliensem
2190 3168 2452 3230 abbatem
2494 3167 2676 3221 virum
2714 3165 2958 3220 nobilem
2986 3159 3044 3221 et
3074 3166 3299 3232 bonum,
3332 3173 3425 3222 at-

1828 3278 1936 3332 que
1964 3259 2218 3332 apprime
2232 3257 2432 3312 litteris
2455 3257 2762 3320 eruditum,
2785 3260 2843 3308 et
2869 3255 3054 3326 ipsum
3083 3257 3425 3318 monachum

1829 3351 2182 3411 Beccensem,
2237 3353 2303 3401 ut
2349 3347 2564 3401 veniret
2606 3345 2679 3398 ad
2726 3343 3171 3399 benedictionem
3205 3343 3427 3400 abbatis

1829 3439 2021 3505 Becci;
2056 3437 2152 3508 qui
2181 3436 2359 3491 libens
2380 3435 2590 3506 paruit.
2623 3434 2724 3490 Die
2745 3433 3062 3488 festivitatis
3092 3435 3148 3488 S.
3171 3435 3426 3490 Lauren-

1828 3527 1913 3593 tii,
1946 3544 2075 3584 cum
2107 3525 2557 3597 archiepiscopus
2598 3529 2775 3578 staret
2808 3522 2879 3576 ad
2918 3523 3096 3576 altare
3126 3521 3430 3594 infulatus,

1828 3621 1997 3688 atque
2025 3617 2236 3670 electus
2267 3614 2429 3669 Becci
2454 3618 2601 3668 esset
2619 3611 2864 3665 vestibus
2894 3611 3065 3666 sacris
3094 3611 3345 3678 indutus,
3372 3618 3430 3668 et

1827 3705 2064 3759 instaret
2105 3705 2246 3758 hora
2292 3709 2356 3758 ut
2383 3702 2453 3756 ad
2482 3700 2926 3756 benedicendum
2968 3706 3425 3770 przesentaretur,

1829 3793 2045 3848 audivit
2100 3809 2135 3845 a
2191 3790 2562 3846 referentibus
2611 3788 2759 3859 quod
2815 3787 3265 3857 archiepiscopus
3314 3799 3430 3846 non

1828 3881 2186 3937 benediceret
2234 3897 2386 3945 eum,
2437 3879 2545 3932 nisi
2595 3876 2997 3948 professionem
3041 3875 3284 3943 faceret;
3330 3877 3430 3948 sed

1828 3971 2118 4042 respondit
2145 3987 2203 4024 se
2225 3968 2550 4026 nullomodo
2578 3968 2878 4020 facturum.
2905 3964 3059 4017 Tunc
3083 3961 3235 4034 prior
3265 3962 3428 4020 Becci

1832 4059 2121 4114 Baldricus
2165 4074 2292 4112 cum
2332 4054 2637 4132 aliquantis
2682 4052 2971 4113 monachis
3016 4052 3266 4108 concitus
3297 4070 3429 4124 per.

1833 4148 1977 4203 rexit
1991 4148 2061 4202 ad
2076 4146 2337 4200 comitem
2353 4140 2779 4198 Northmanniae
2800 4139 3124 4207 Robertum,
3159 4140 3430 4196 intimans

1835 4237 1886 4292 ei
1927 4236 2075 4307 quod
2123 4233 2572 4304 archiepiscopus
2609 4229 2854 4299 exigeret
2897 4227 2966 4282 ab
3011 4228 3213 4283 abbate
3270 4232 3433 4292 Becci

1835 4325 2236 4402 professionem
2263 4338 2431 4394 quam
2463 4325 2845 4374 antecessores
2869 4316 2990 4389 ejus
3020 4335 3133 4372 non
3162 4319 3428 4375 fecerant.

1837 4411 1991 4468 Illico
2007 4412 2119 4466 dux
2137 4410 2288 4464 misit
2302 4409 2641 4464 Willelmum
2668 4408 2737 4468 de
2756 4406 3070 4469 Britolio,et
3088 4407 3328 4461 Willelm
3338 4425 3429 4462 um

1838 4502 2016 4562 ﬁlium
2039 4499 2302 4554 Richardi
2333 4499 2401 4552 de
2433 4495 2771 4563 Barduvilla,
2800 4513 2927 4551 cum
2958 4495 3186 4550 Ernulfo
3215 4498 3434 4552 cancel-

1839 4577 1977 4646 lario
2006 4607 2126 4656 suo,
2169 4589 2444 4644 mandans
2482 4593 2538 4641 et
2573 4586 2900 4658 praecipiens
2934 4584 3218 4638 Willelmo
3245 4585 3437 4639 archi-

1840 4684 2096 4758 episcopo
2123 4684 2187 4732 ut
2223 4677 2483 4739 abbatem
2518 4676 2677 4729 Becci
2713 4676 2834 4730 sine
2877 4690 3035 4727 mora
3062 4673 3436 4741 benediceret,

1841 4769 2090 4838 nihilque
2116 4767 2185 4822 ab
2219 4783 2283 4820 eo
2315 4765 2581 4834 exi-geret,
2615 4762 2722 4816 nisi
2754 4763 2902 4833 quod
2932 4767 3212 4815 constaret
3237 4779 3272 4815 a
3301 4763 3440 4816 Bec-

1841 4859 2098 4914 censibus
2123 4854 2416 4910 abbatibus
2436 4852 2642 4908 factum
2670 4867 2793 4905 esse
2819 4849 3266 4923 antecessoribus
3297 4851 3438 4920 ejus.

1841 4949 2090 5002 Audiens
2127 4947 2232 5000 hoc
2275 4941 2726 5011 archiepiscopus
2766 4945 2890 5010 44
2921 4939 3099 4992 iratus
3130 4943 3216 4991 est
3249 4939 3438 5001 valde;

153 5026 268 5080 sive
310 5025 371 5088 in
415 5027 679 5108 claustro,
724 5032 839 5087 sive
882 5041 1038 5090 extra
1076 5037 1403 5105 claustrum,
1435 5040 1494 5094 in
1521 5040 2036 5118 negotiisDtamen
2067 5034 2297 5108 perfecit
2326 5031 2780 5128 quod-inceptum
2812 5033 2951 5093 erat,
2989 5033 3046 5128 et
3068 5025 3448 5127 abbatembe-

155 5113 510 5183 monasterii,
533 5105 734 5190 quietae
763 5121 946 5180 forent
961 5123 1201 5187 abomni
1213 5129 1617 5184 consuetudine
1639 5111 1761 5200 quae
1779 5105 1826 5118 υ
1846 5127 2059 5184 nedixit
2104 5125 2224 5180 sine
2253 5121 2619 5196 professione,
2649 5118 2783 5189 quia
2811 5122 3148 5188 praeceptum
3176 5133 3446 5186 pl‘ll‘lClplS

156 5204 390 5264 telonei,
422 5204 512 5267 vel,
541 5208 832 5284 transitus,
863 5228 964 5270 seu
991 5214 1100 5277 alio
1131 5215 1358 5272 nomine
1381 5226 1758 5288 nuncupatur.

158 5291 275 5348 Hoc
304 5292 435 5348 fecit
463 5310 566 5365 pro
593 5286 783 5360 amere
813 5300 932 5360 Dei.
964 5291 1026 5364 et
1049 5291 1317 5365 Willelmi
1349 5286 1759 5368 abbatis‘Becci

162 5382 388 5453 cognati
431 5383 540 5437 sui.
584 5386 756 5449 Multa
799 5376 1020 5469 quoque
1059 5392 1169 5448 alia
1206 5394 1472 5471 beneﬁcia
1503 5396 1762 5450 Beccensi

164 5471 414 5534 coenobio
438 5475 678 5542 contulit
707 5475 840 5534 dum
862 5479 1012 5560 vixit,
1038 5498 1210 5536 causa
1238 5484 1488 5560 ejusdem
1515 5485 1756 5540 abbatis.

233 5557 442 5651 Itaqqe
473 5576 650 5652 novus
681 5565 892 5651 electus
921 5557 1146 5651 accepto
1177 5589 1212 5626 a
1235 5557 1375 5634 duce
1405 5573 1665 5640 Ruberto,
1699 5579 1762 5628 ut

167 5645 379 5706 dictum
395 5645 514 5719 est,
543 5645 971 5727 abbatizedOno,
1005 5664 1061 5715 et
1090 5676 1126 5715 a
1149 5661 1432 5717 Willelmo
1461 5664 1762 5719 Rothoma—

1844 5217 2005 5278 illum
2033 5213 2283 5284 cogebat.
2308 5213 2512 5265 Postea
2551 5207 2722 5262 abbas
2753 5207 2971 5262 locutus
3002 5210 3086 5258 est
3112 5221 3240 5257 cum
3269 5204 3448 5260 archi-

1843 5305 2122 5376 episc0po,
2165 5290 2336 5372 atque
2383 5300 2442 5352 in
2492 5303 2709 5354 tantam
2763 5293 3204 5383 gratiamqillum
3244 5293 3451 5383 praesul

1844 5393 2058 5464 accepit
2090 5398 2152 5453 ut
2175 5392 2389 5445 nullum
2413 5388 2469 5441 in
2505 5384 2918 5440 Northmannia
2947 5381 3204 5436 abbatem
3237 5381 3452 5436 Chario-

1845 5500 1984 5543 rem,
2032 5482 2117 5542 vel
2164 5478 2592 5542 familiariorem
2627 5474 2875 5528 haberet.
2903 5474 3135 5535 Postera
3165 5470 3256 5526 die
3285 5469 3454 5525 rediit

1845 5573 1916 5626 ad
1982 5569 2408 5632 monasterium.
2477 5563 2945 5636 Archiepiscopus
3002 5577 3130 5627 vero
3189 5560 3453 5633 praecepit

1844 5662 2129 5716 Willelmo
2168 5654 2536 5714 Cormeliensi
2565 5652 2757 5708 abbati
2785 5658 2850 5709 ut
2872 5649 3042 5708 simul
3070 5667 3201 5707 cum
3228 5666 3294 5708 eo
3323 5667 3454 5724 per-
