3920 6386
577 318 683 375 719
1530 312 1628 372 AD
1668 314 1908 371 OPERA
1943 312 2008 370 B.
2050 311 2467 371 LANFRANCI
2503 311 2896 368 APPENDIX.
3714 312 3800 375 7'20

576 444 756 514 geret,
782 445 841 496 et
887 440 947 495 in
985 440 1177 495 sedem
1217 439 1437 495 abbatis
1472 440 1591 496 vice
1638 457 1740 496 sua
1767 441 2167 496 introduceret.
2191 440 2480 504 Avidetur
2519 443 2585 493 ut
2637 437 2734 510 qui
2783 454 2887 493 sua
2928 437 3052 493 vult
3098 436 3382 510 custodiri.
3417 454 3450 493 a
3482 440 3803 510 sequentibus

578 531 750 586 Venit
765 537 957 586 autem
969 546 1096 584 cum
1119 530 1319 601 majori
1341 547 1452 601 qua
1469 530 1653 601 potuit
1671 529 2180 597 humilitate,nudis
2263 528 2488 583 studeat
2501 528 2581 582 eti
2587 545 2683 599 pse
2697 527 2945 599 priorum
2960 543 3189 581 suorum
3197 528 3357 598 jussa
3366 544 3580 582 servare
3604 529 3805 592 Quando

576 620 835 693 pedibus,
869 626 926 674 et
969 625 1264 690 susceptus
1309 625 1397 673 est
1437 636 1471 673 a
1511 617 1780 673 fratribus
1818 635 2023 689 magno
2051 610 2178 673 eum
2260 623 2448 671 autem
2476 617 2819 687 aliquorsum
2841 615 3116 687 proficisci
3134 616 3378 670 habebat
3397 624 3517 688 post
3535 618 3806 673 orationem

577 710 791 779 honore
837 714 894 764 et
937 709 1165 781 gaudio,
1213 714 1270 764 et
1325 708 1381 761 in
1419 707 1709 762 ecclesiam
1749 706 1968 762 ductus.
2021 709 2176 762 Tunc
2258 706 2317 760 in
2348 706 2582 760 ecclesia
2603 705 2828 769 factam,
2851 706 2921 759 ad
2949 706 3266 777 sepulcrum
3294 706 3335 760 B
3388 707 3566 760 Patris
3586 706 3806 760 Herluini

577 798 749 853 abbas
797 797 1212 864 Cormeliensis,
1247 803 1311 851 ut
1354 794 1459 850 sibi
1507 798 1731 866 jussum
1779 801 1919 860 erat,
1960 812 2088 850 eum
2116 795 2174 849 in
2258 794 2315 848 in
2346 795 2652 866 capitulum
2676 793 2964 865 pergebat,
2998 802 3057 848 et.
3078 811 3139 849 se
3166 794 3318 848 illius
3337 794 3670 849 orationibus
3689 809 3810 848 com-

574 889 765 942 sedem
796 888 973 956 misit,
1003 894 1059 941 et
1078 886 1348 957 incipiens
1383 885 1448 938 Te
1464 885 1635 938 Deum
1666 886 1984 950 laudamus,
2009 901 2171 938 oscu-
2258 883 2596 951 mendabat;
2630 883 3002 955 similiterque
3030 890 3317 938 revertens
3335 882 3585 937 faciebat.

573 975 723 1031 latus
771 983 858 1031 est
897 991 1119 1030 omnem
1171 978 1523 1028 conventum.
1570 974 1655 1027 ita
1694 973 1809 1027 Deo
1842 972 2173 1044 disponente
2328 973 2589 1026 Narravit
2610 972 2904 1026 mihiidem
2923 970 3808 1043 abbasWillelmusquodnoctium

573 1082 860 1121 successor
885 1065 1063 1118 factus
1084 1068 1171 1117 est
1194 1062 1515 1117 Willelmus
1534 1061 1865 1115 venerabilis
1893 1062 2163 1126 Anselmi,
2257 1076 2372 1115 una
2399 1062 2660 1133 apparuit
2688 1061 2740 1115 ei
2763 1067 2990 1115 sanctus
3021 1062 3187 1115 Pater
3214 1061 3534 1125 Herluinus,
3560 1066 3615 1114 et
3635 1076 3809 1130 appre-

571 1161 628 1210 et
672 1155 926 1226 regimen
966 1152 1257 1207 Beccensis
1302 1150 1542 1204 coenobii
1586 1156 1712 1221 post
1740 1166 1869 1204 eum
1899 1151 2163 1221 suscepit,
2249 1149 2499 1203 hendens
2530 1167 2658 1223 eum
2684 1149 2996 1204 deducebat
3024 1166 3123 1220 per
3144 1150 3392 1204 ofﬁcinas
3421 1149 3743 1213 monasterii,
3762 1154 3809 1203 et

569 1248 739 1315 atque
770 1258 871 1313 per
909 1242 1097 1313 plures
1125 1256 1303 1294 annos
1341 1255 1466 1293 cum
1506 1238 1719 1293 honore
1757 1238 1959 1293 tenuit.
1993 1239 2167 1309 Cujus
2247 1238 2393 1292 circa
2415 1255 2666 1310 parcum,
2699 1244 2763 1293 ut
2791 1238 2899 1292 sibi
2918 1238 3228 1303 videbatur,
3264 1243 3322 1293 et
3349 1238 3407 1292 in
3438 1237 3711 1292 ecclesiam
3751 1237 3806 1291 de

566 1329 913 1401 temporibus
942 1330 1089 1385 idem
1112 1330 1386 1382 Beccense
1409 1326 1721 1380 coenobium
1753 1326 1996 1380 exterius
2026 1328 2168 1380 mul-
2249 1328 2568 1382 Burnevilla
2593 1344 2761 1399 quam
2791 1328 2911 1398 ipse
2941 1333 3169 1381 sanctus
3199 1343 3368 1382 manu
3397 1343 3499 1381 sua
3525 1326 3802 1391 aedificavit,

566 1418 638 1473 tis
667 1424 725 1473 et
753 1419 972 1490 magnis
993 1417 1233 1489 praediis,
1254 1422 1311 1470 et
1334 1414 1608 1470 reditibus
1636 1414 1737 1468 Dei
1760 1414 2162 1482 misericordia,
2248 1424 2305 1470 et
2331 1417 2411 1470 sic
2432 1416 2597 1471 rediit
2615 1417 2686 1470 ad
2708 1416 3434 1479 monasterium,etveniens
3453 1416 3511 1469 in
3532 1415 3805 1470 claustrum

564 1513 623 1561 et
648 1508 964 1579 principum
981 1507 1335 1576 aliorumque
1347 1504 1596 1558 fidelium
1615 1503 1911 1573 largitione
1932 1503 2166 1574 amplia—
2247 1521 2358 1559 non
2383 1505 2593 1576 reperit
2616 1504 2692 1559 ibi
2718 1504 2827 1559 nisi
2854 1521 3031 1560 unum
3055 1506 3390 1560 monachum
3421 1510 3655 1570 tantum,
3680 1504 3804 1558 unde

562 1601 705 1663 tum,
739 1594 977 1650 interius
1011 1593 1302 1664 religione,
1334 1592 1614 1647 nobilibus
1642 1592 1771 1646 viris
1805 1609 1869 1646 ac
1898 1592 2163 1662 sapienti-
2245 1593 2416 1649 abbas
2436 1594 3177 1665 Willelmusaliquantulum
3209 1594 3435 1649 erubuit
3457 1593 3805 1666 sicquedispa-

561 1684 686 1746 bus,
726 1684 1072 1738 ornamentis
1126 1698 1353 1753 quoque
1394 1681 1670 1753 pretiosis,
1705 1686 1763 1735 et
1797 1680 2046 1735 aediﬁciis
2075 1687 2162 1736 est
2244 1682 2448 1738 ruit.In
2469 1689 2589 1737 tota
2607 1684 2710 1737 hac
2738 1682 2949 1738 visione
2970 1699 3192 1754 semper
3212 1689 3439 1738 sanctus
3463 1681 3802 1753 [f.,sanctum]

560 1772 907 1827 decoratum.
942 1772 1046 1836 Qui
1068 1770 1217 1825 enim
1233 1772 1404 1847 Josue
1422 1770 1641 1824 dixerat
1662 1769 1838 1841 Moysi
1867 1770 2153 1825 ministro:
2180 1756 2436 1826 Bhabuit
2479 1771 2739 1826 abbatem
2776 1771 2846 1825 ad
2886 1772 3174 1826 dexteram
3223 1787 3407 1838 suam,
3442 1772 3538 1826 sed
3568 1770 3695 1825 nihil
3734 1769 3803 1823 illi

559 1859 717 1916 Sicut
745 1862 838 1929 fui
865 1878 990 1915 cum
1020 1861 1217 1928 Moyse,
1259 1862 1341 1913 ita
1379 1874 1469 1912 ero
1500 1864 1673 1911 tecum
1693 1859 1825 1928 (Jos.
1862 1872 1901 1924 Ι,
1936 1857 2013 1926 5),
2038 1859 2156 1930 ipse
2238 1859 2548 1924 dixit.Quid
2562 1876 2690 1913 vero
2715 1859 2830 1914 haec
2858 1859 2996 1914 visio
3018 1859 3402 1930 praetendebat
3429 1858 3682 1922 nescitur,
3706 1855 3797 1910 nisi

560 1954 627 2005 ut
667 1966 810 2005 cum-
850 1964 1184 2020 pmcessore
1230 1947 1515 2009 Anselmo,
1561 1945 1641 2000 ita
1681 1963 1806 2001 cum
1837 1963 2156 2002 successore
2239 1948 2523 2020 quodipse
2546 1947 2865 2003 Willelmus
2894 1947 3066 2003 abbas
3094 1948 3234 2004 dixit
3259 1948 3513 2003 fortassis
3542 1945 3735 2018 aliquid
3754 1945 3801 1998 in

557 2038 844 2094 Willelmo
871 2036 1264 2109 perseveravit,
1300 2052 1401 2108 per
1428 2034 1596 2108 quem
1627 2035 1735 2090 fuit
1762 2035 1846 2090 vir
1873 2035 1933 2090 in
1964 2036 2156 2091 multis
2238 2037 2577 2091 monasterio
2607 2053 2728 2091 esse
2757 2038 2906 2108 quod
2938 2036 3108 2092 Pater
3126 2037 3348 2092 volebat
3368 2036 3667 2092 emendari.
3690 2034 3801 2098 Qui-

556 2142 824 2198 prospere
847 2142 1039 2197 agens.
2236 2126 2367 2180 dam
2397 2127 2721 2192 monachus,
2756 2126 2852 2196 qui
2882 2125 3173 2181 dicebatur
3196 2127 3496 2192 Robertus,
3520 2124 3729 2197 petebat
3750 2121 3801 2176 li-

630 2215 805 2270 Erant
842 2219 975 2269 tunc
1001 2213 1273 2285 temporis
1306 2212 1366 2267 in
1399 2212 1641 2267 Ecclesia
1669 2212 1833 2267 Becci
1862 2212 2023 2267 multi
2050 2229 2155 2267 no-
2235 2216 2477 2270 centiam
2512 2216 2681 2271 eundi
2723 2216 2781 2271 in
2826 2217 3087 2288 Angliam
3117 2214 3287 2272 causa
3313 2216 3533 2271 videndi
3560 2211 3799 2283 archiepi-

556 2302 697 2358 biles
728 2303 833 2357 viri
861 2310 918 2358 et
943 2302 1209 2374 religiosi,
1241 2308 1359 2356 tam
1386 2301 1622 2356 litterati
1655 2317 1821 2372 quam
1851 2301 2147 2371 illitterati,
2235 2321 2461 2375 scopum
2486 2310 2740 2360 sanctum
2758 2307 3107 2372 Anselmum,
3132 2312 3189 2361 et
3213 2305 3476 2377 loquendi
3499 2320 3620 2359 cum
3648 2318 3725 2368 eo,
3746 2304 3800 2355 ut

558 2392 653 2464 qui
681 2392 751 2447 de
790 2391 1025 2447 diversis
1053 2391 1353 2463 provinciis
1383 2391 1453 2445 ad
1488 2390 1843 2445 serviendum
1874 2390 1990 2444 Deo
2018 2390 2153 2445 illuc
2234 2392 2538 2461 asserebat,
2572 2394 2641 2449 de
2678 2395 2861 2449 salute
2900 2395 3102 2450 animae
3139 2411 3274 2450 suae.
3307 2395 3469 2459 Quod
3506 2410 3626 2448 cum
3651 2390 3797 2445 abbas

554 2487 960 2547 convenerant;
984 2496 1222 2551 quorum
1253 2479 1426 2551 aliqui
1451 2496 1485 2533 a
1509 2485 1761 2550 tempore
1788 2479 1938 2533 beati
1966 2479 2150 2534 Patris
2233 2481 2550 2537 Willelmus
2577 2484 2750 2537 nollet
2778 2484 3100 2550 concedere,
3132 2484 3191 2538 in
3219 2483 3465 2554 capitulo
3493 2497 3670 2537 coram
3693 2495 3796 2533 om-

554 2569 814 2624 Herluini
827 2570 1010 2623 adhuc
1024 2569 1323 2652 durabant,
1348 2568 1716 2622 nonnullisub
1742 2574 1934 2623 sancto
1954 2569 2149 2623 Ansel-
2231 2570 2397 2625 nibus
2428 2572 2645 2642 rogavit
2671 2579 2892 2639 eum,ut
2913 2573 3059 2643 quod
3082 2572 3441 2644 petebat,sibi
3462 2569 3792 2633 concederet;

553 2675 646 2713 mo
677 2659 834 2724 duce,
870 2657 1141 2713 mundum
1172 2658 1554 2728 relinquentes
1571 2658 1686 2712 Deo
1704 2657 1944 2712 militare
1962 2673 2146 2728 cmpe-
2229 2659 2326 2712 sed
2352 2676 2478 2713 cum
2509 2677 2691 2731 neque
2721 2661 2801 2715 sic
2830 2660 3002 2715 abbas
3047 2677 3339 2716 assensum
3371 2659 3611 2732 praebere
3634 2656 3790 2720 vellet,

549 2747 892 2815 rant;multi
921 2747 1024 2801 sub
1045 2748 1239 2801 eodem
1260 2747 1543 2801 Willelmo
1564 2746 1952 2801 renuntiantes
1980 2763 2147 2801 saecu-
2229 2746 2368 2801 dixit
2393 2747 2568 2802 frater
2593 2766 2604 2801 :
2642 2768 2665 2801 ι
2700 2749 2758 2803 Si
2788 2750 3093 2804 conceditis
3116 2749 3294 2812 ibo,et
3311 2749 3360 2804 si
3380 2765 3491 2804 non
3522 2743 3794 2803 conceditis

549 2834 624 2901 lo,
654 2836 759 2891 levi
782 2837 920 2908 jugo
941 2836 1150 2892 Christi
1178 2836 1321 2890 colla
1340 2835 1669 2889 submittere
1695 2834 2038 2906 gaudebant.
2067 2836 2145 2890 Ex
2226 2835 2370 2890 ibo.»
2402 2836 2562 2900 Quod
2576 2836 2803 2892 verbum
2830 2837 3018 2892 abbati
3038 2855 3151 2893 non
3172 2839 3406 2909 placuit;
3430 2843 3612 2892 tamen
3626 2838 3793 2906 postea

546 2923 635 2981 his
663 2931 860 2997 postea
896 2925 1134 2979 vidimus
1165 2925 1354 2996 plures
1396 2924 1765 2979 Ecclesiarum
1791 2924 2145 2980 honorabiles
2225 2924 2488 2995 dimissus
2528 2925 2803 2980 voluntati
2852 2943 2968 2981 suae
2997 2927 3259 2998 perrexit,
3307 2943 3465 2981 mare
3492 2923 3715 2986 transiit,
3746 2920 3792 2973 in

545 3019 811 3070 rectores.
837 3015 917 3069 De
945 3014 1034 3068 his
1057 3014 1165 3068 fuit
1192 3029 1316 3068 cum
1338 3013 1550 3068 honore
1575 3013 1949 3068 nominandus
1977 3015 2141 3080 Boso,
2225 3014 2484 3085 Angliam
2496 3015 2776 3079 venit,nec
2799 3015 2975 3070 multo
3001 3022 3129 3087 post
3157 3015 3569 3071 obiit.Clericus
3589 3011 3791 3084 quidam

543 3103 641 3173 qui
664 3109 918 3174 tempore
945 3102 1124 3157 sancti
1147 3101 1400 3156 Anselmi
1426 3101 1577 3156 venit
1599 3101 1670 3154 ad
1701 3102 1952 3156 ordinem
1980 3102 2135 3169 ;sed,
2160 3109 2203 3172 ρ
2222 3103 2571 3173 grandaevus,
2603 3103 2870 3158 vocabulo
2917 3104 3258 3172 Willelmus,
3306 3104 3611 3160 solitariam
3642 3100 3791 3154 vitam

541 3190 648 3246 sub
674 3191 869 3245 eodem
897 3190 1182 3244 Willelmo
1210 3189 1430 3254 abbate,
1459 3194 1587 3259 post
1606 3206 1751 3260 saepe
1772 3190 1984 3245 dictum
2007 3192 2138 3246 Bal-
2221 3207 2412 3261 agens,
2468 3193 2619 3247 venit
2665 3193 2735 3246 ad
2788 3193 3211 3259 monasterium,
3268 3195 3463 3249 volens
3514 3189 3791 3246 monachus

540 3279 759 3335 dricum
788 3279 944 3351 prior
962 3279 1235 3343 factus,et
1256 3283 1382 3349 post
1394 3278 1578 3349 ipsum
1600 3277 1944 3333 Willelmum
1965 3278 2136 3335 abbas
2219 3280 2340 3334 fieri
2375 3299 2388 3348 ;
2423 3284 2480 3334 et
2510 3281 2644 3352 quia
2693 3285 2817 3334 erat
2858 3280 3016 3335 bonae
3046 3283 3225 3348 fama},
3258 3281 3501 3337 libenter
3527 3282 3790 3350 susceptus

541 3373 630 3423 est
650 3368 1004 3432 constitutus,
1037 3367 1315 3438 sapientia
1335 3372 1392 3420 et
1420 3366 1713 3421 honestate
1735 3367 1860 3422 vita:
1878 3378 2130 3424 ornatus.
2218 3375 2321 3422 est.
2355 3370 2463 3432 Qui
2487 3386 2615 3423 cum
2643 3385 2743 3440 per
2767 3370 2956 3440 plures
2985 3385 3162 3425 annos
3192 3371 3251 3425 in
3275 3369 3699 3442 congregatione
3721 3381 3791 3420 re-

538 3455 805 3527 Ejusdem
831 3454 1335 3528 quoqueWillelmi
1360 3461 1612 3526 tempore
1636 3456 1814 3510 factus
1841 3462 1922 3510 est
1946 3474 2137 3512 mona-
2216 3456 2414 3526 ligiose
2468 3462 2827 3512 conversatus
2889 3458 3106 3525 fuisset,
3163 3475 3277 3514 una
3326 3460 3544 3517 dierum
3585 3457 3789 3512 sedente

536 3545 675 3599 chus
702 3546 927 3617 quidam
963 3544 1183 3615 juvenis
1224 3543 1382 3598 bona:
1419 3543 1624 3598 indolis
1652 3544 1914 3599 nobiliter
1942 3552 2129 3613 natus,
2215 3544 2415 3600 abbate
2458 3546 2742 3601 Willelmo
2782 3547 2842 3601 in
2890 3547 3134 3619 capitulo
3178 3564 3306 3602 cum
3342 3547 3628 3614 fratribus,
3658 3542 3790 3599 venit

537 3627 773 3689 scientia
815 3634 1133 3689 litterarum
1174 3632 1459 3705 praeditus,
1493 3633 1720 3687 nomine
1755 3634 2128 3700 Theobaldus,
2213 3640 2344 3688 ante
2365 3651 2491 3689 eum
2519 3651 2723 3706 rogans
2749 3641 2813 3689 ut
2837 3635 3148 3690 liccretsibi
3169 3637 3377 3691 reverti
3399 3636 3471 3691 ad
3500 3632 3784 3690 solitariam

535 3723 632 3794 qui
662 3723 920 3794 religiose
951 3723 1048 3777 diu
1078 3723 1137 3776 in
1163 3721 1414 3776 coenobio
1452 3728 1831 3790 conversatus,
1866 3730 1993 3795 post
2023 3725 2129 3778 Bo-
2213 3723 2403 3790 vitam,
2436 3730 2714 3795 quatenus
2740 3723 2816 3777 ibi
2845 3730 3176 3795 operaretur
3204 3725 3467 3780 manibus
3494 3724 3626 3790 suis,
3657 3721 3785 3777 unde

532 3827 729 3867 sonam
757 3813 929 3885 prior,
963 3818 1016 3866 et
1045 3812 1141 3866 illo
1171 3810 1434 3865 defuncto
1455 3811 1627 3866 abbas
1656 3817 1741 3866 est
1769 3811 2124 3884 subrogatus,
2212 3811 2445 3885 viveret,
2473 3811 2618 3866 sicut
2645 3817 2777 3865 ante
2802 3810 3221 3866 conversionem
3249 3812 3481 3877 fecerat,
3509 3811 3781 3884 siquidem,

532 3906 591 3957 et
614 3917 727 3957 non
756 3884 935 3956 multo
965 3907 1092 3973 post
1128 3901 1186 3955 in
1223 3899 1765 3971 archiepiscopatum
1811 3902 2129 3957 Cantuarire
2211 3905 2276 3953 ut
2299 3884 2534 3964 dicebat,
2568 3901 2740 3954 timor
2772 3900 2933 3954 illum
2965 3901 3210 3971 angebat
3238 3901 3374 3972 quia
3393 3900 3450 3956 in
3482 3902 3592 3957 otio
3618 3900 3783 3953 vivens

531 3991 888 4046 sublimatus.
930 3989 1169 4054 Quidam
1204 3988 1513 4042 monachus
1562 3989 1710 4043 venit
1754 3989 1825 4043 ad
1863 3989 2123 4044 abbatem
2208 3988 2448 4043 aliorum
2492 3988 2863 4060 eleemosynis
2889 3989 3164 4049 aleretur.
3209 3989 3401 4046 Abbas
3428 3992 3545 4045 haec
3574 3988 3782 4044 audiens

529 4079 880 4135 Willelmum
903 4085 1104 4150 petens
1129 4077 1270 4131 utin
1291 4076 1694 4131 monasterium
1719 4077 2119 4149 susciperetur,
2206 4077 2346 4132 dixit
2365 4076 2903 4133 circumsedentibus
2926 4095 2984 4131 τι
3013 4078 3127 4134 Iste
3154 4078 3331 4135 frater
3360 4080 3672 4145 moritur,et
3693 4091 3781 4130 an-

528 4169 722 4223 volens
769 4169 996 4222 firmare
1033 4165 1396 4220 stabilitatem
1432 4181 1595 4219 suam
1643 4164 1702 4219 in
1747 4166 1868 4220 loco
1904 4167 2121 4221 eodem.
2208 4166 2398 4235 tiquus
2427 4167 2624 4232 hostis,
2655 4166 2850 4221 videns
2874 4166 3036 4222 illum
3062 4168 3232 4222 morti
3260 4168 3596 4239 proximum,
3621 4166 3782 4221 tentat

529 4256 690 4322 Quod
708 4273 837 4311 cum
857 4254 1027 4309 abbas
1046 4254 1287 4326 primum
1320 4255 1503 4309 facere
1523 4253 1852 4318 distulisset,
1874 4271 1976 4309 nec
1997 4272 2125 4311 eum
2207 4254 2366 4309 illum
2396 4255 2465 4310 de
2494 4254 2836 4309 monasterio
2865 4254 3231 4322 abducere,ut
3256 4257 3435 4328 possit
3454 4252 3782 4328 aliquodani-

527 4346 774 4400 retinere
801 4361 906 4399 nec
931 4343 1160 4398 omnino
1187 4343 1433 4398 refutare
1451 4342 1636 4409 vellet,
1668 4358 1796 4396 cum
1819 4343 1939 4414 jam
1967 4344 2125 4400 illum
2207 4359 2312 4397 mae
2340 4342 2490 4397 illius
2512 4343 2978 4414 impedimentum
2990 4344 3402 4402 facere.nTunc
3424 4359 3709 4401 conversus
3720 4339 3780 4394 ad

525 4434 810 4506 suscipere
837 4433 1124 4504 cogitaret,
1159 4431 1298 4486 vidit
1341 4432 1400 4487 in
1447 4431 1658 4486 somnis
1689 4433 1988 4503 quemdam
2020 4435 2119 4488 de-
2142 4428 2189 4485 D
2206 4436 2332 4497 45
2353 4432 2510 4485 illum
2537 4432 2727 4497 movit,
2746 4431 3005 4488 utabhac
3024 4433 3334 4488 intentione
3362 4435 3612 4490 animum
3639 4445 3775 4486 revo-

525 4523 778 4578 functum
807 4523 1033 4578 afﬁnem
1062 4521 1168 4576 sibi
1189 4527 1246 4576 et
1265 4526 1482 4586 notum,
1502 4519 1598 4592 qui
1625 4520 1784 4575 illum
1814 4523 2123 4593 reprelien-
2203 4526 2376 4583 caret,
2408 4521 2466 4575 in
2488 4538 2623 4592 pace
2649 4537 2777 4576 cum
2806 4521 3073 4577 fratribus
3094 4523 3377 4595 reliquum
3404 4525 3532 4578 vitae
3551 4522 3776 4581 duceret,

523 4612 692 4668 debat
721 4612 868 4683 quod
900 4611 1200 4683 quemdam
1229 4610 1491 4664 insanum
1516 4609 1786 4664 fratribus
1813 4611 2121 4682 adjungere
2203 4610 2335 4681 quia
2363 4616 2484 4664 erat
2510 4611 2630 4680 jam
2649 4627 2818 4665 senex
2847 4616 2905 4665 et
2932 4611 3150 4680 debilis,
3183 4628 3286 4667 nec
3314 4618 3537 4684 poterat
3563 4607 3779 4681 amplius

522 4699 769 4768 volebat;
799 4704 857 4753 et
894 4704 1045 4753 certe
1090 4697 1386 4752 defunctus
1426 4696 1539 4761 ille,
1589 4696 1843 4753 fratrem.
1892 4699 1962 4753 de
2008 4717 2118 4771 quo
2201 4697 2477 4761 laborare,
2510 4704 2567 4752 et
2593 4716 2664 4755 ne
2700 4704 2929 4771 paveret
2969 4701 3119 4772 quod
3161 4701 3231 4756 de
3275 4700 3562 4757 beneﬁciis
3590 4699 3780 4753 viveret

521 4789 726 4860 agitur,
765 4793 830 4843 ut
874 4792 1158 4859 putamus,
1208 4801 1498 4855 nunquam
1529 4784 1761 4842 viderat.
1794 4787 1911 4842 Nec
1938 4789 2116 4843 multo
2202 4788 2470 4855 ﬁdelium,
2502 4789 2636 4859 quia
2660 4795 2718 4845 et
2745 4788 2844 4844 alii
2872 4790 3039 4845 multi
3069 4790 3332 4846 similiter
3359 4790 3630 4854 vivebant,
3664 4801 3776 4841 ora-

518 4884 647 4951 post
670 4878 845 4932 frater
872 4877 967 4931 ille
994 4881 1222 4947 accepta
1250 4873 1477 4928 licentia
1507 4873 1799 4943 discessit;
1840 4882 1898 4930 et
1922 4884 2117 4948 postea
2198 4876 2442 4932 tionibus
2478 4878 2717 4932 instaret
2747 4883 2805 4933 et
2829 4896 2931 4950 pro
2977 4879 3066 4936 his
3119 4881 3364 4935 maxime
3393 4895 3628 4953 quorum
3654 4875 3776 4929 elee-

517 4967 577 5023 in
620 4973 741 5022 tota
780 4964 1067 5038 provincia
1094 4977 1370 5035 nusquam
1404 4968 1490 5017 est
1516 4963 1686 5032 visus,
1724 4980 1827 5033 nec
1856 4966 2113 5021 auditum
2197 4967 2448 5038 mosynis
2473 4972 2889 5023 sustentaretur
2909 4968 3215 5024 Dominum
3230 4970 3648 5042 rogaret,ﬁnem
3668 4963 3777 5017 vitm

514 5072 784 5128 quorsum
831 5052 1170 5109 discesserit.
1222 5051 1728 5108 Praedecessoribus
1777 5054 1894 5108 suis
1950 5053 2112 5110 beato
2190 5055 2309 5125 jam
2348 5055 2737 5111 imminentem
2794 5064 3160 5130 exspectaret,
3197 5063 3256 5113 et
3301 5058 3473 5113 morti
3516 5055 3700 5111 vicinae
3724 5066 3776 5105 se

510 5145 769 5201 videlicet
814 5142 1087 5198 Herluino
1123 5145 1179 5194 et
1215 5147 1407 5194 sancto
1450 5143 1738 5205 Anselmo,
1771 5160 2025 5198 amorem
2056 5151 2112 5199 et
2193 5152 2552 5216 praepararet.
2583 5146 2877 5216 Acquievit
2899 5146 3074 5203 frater
3097 5146 3473 5203 admonitioni
3496 5142 3776 5208 abbatis,et

511 5234 783 5290 honorem
830 5230 1138 5288 maximum
1168 5229 1315 5283 idem
1347 5230 1518 5285 abbas
1553 5231 1867 5297 exhibebat,
1900 5240 1958 5287 et
1981 5249 2108 5290 cum
2189 5234 2380 5304 paucis
2408 5233 2604 5290 diebus
2632 5233 2980 5306 interpositis
3011 5236 3270 5290 molestia
3297 5234 3571 5309 corporali
3601 5245 3767 5287 corre-

512 5324 582 5378 de
611 5324 723 5379 illis
767 5322 825 5377 in
859 5319 1145 5377 communi
1188 5318 1556 5375 collocutione
1590 5320 1946 5393 loquebatur,
1979 5338 2107 5377 cum
2188 5330 2338 5395 ptus,
2379 5321 2526 5395 infra
2580 5323 2741 5377 breve
2768 5328 2992 5394 tempus
3017 5324 3313 5381 defunctus
3341 5331 3444 5389 est,
3479 5338 3647 5396 agens
3674 5333 3773 5392 pm-

510 5429 718 5485 magna
740 5410 1056 5468 reverentia
1075 5427 1170 5465 eos
1192 5408 1555 5476 nominabat;
1579 5416 1795 5465 statuta
1817 5426 2011 5465 eorum
2035 5411 2107 5466 ad
2189 5411 2489 5467 nitentiam
2527 5412 2678 5484 quod
2727 5412 2989 5470 recedere
3020 5413 3090 5469 de
3120 5413 3464 5477 monasterio
3502 5410 3768 5469 voluisset,

510 5502 841 5558 memoriam
882 5501 1009 5556 aliis
1036 5498 1355 5563 reducebat,
1388 5505 1447 5553 et
1473 5515 1542 5554 ea
1567 5499 1688 5572 ipse
1711 5499 1960 5554 studiose
1988 5516 2107 5555 ser-
2190 5507 2248 5555 et
2274 5499 2463 5555 abbati
2494 5506 2552 5556 et
2577 5500 2843 5556 fratribus
2869 5501 3083 5573 gratias
3122 5504 3329 5574 agebat
3360 5501 3509 5576 quod
3533 5516 3641 5563 non
3664 5511 3772 5570 per-

510 5587 696 5659 vabat,
727 5596 786 5645 et
803 5590 1013 5646 servari
1041 5588 1419 5663 praecipiebat,
1454 5588 1589 5660 quia
1610 5588 1867 5646 videlicet
1888 5589 2107 5660 justum
2188 5590 2478 5671 misissent
2511 5589 2676 5650 illum
2718 5588 2876 5651 abire
2912 5597 3044 5665 post
3072 5592 3343 5652 Satanam
3383 5589 3483 5664 qui
3500 5604 3626 5650 eum
3654 5599 3750 5656 sup
