3920 6348
138 359 235 418 ῗ21

954 362 1126 419 VITA
1162 362 1534 422 WILLELMI
1570 365 1879 424 ABBATIS
1917 364 2308 425 BECCENSIS
2344 363 2604 435 TERTII.

3304 350 3412 422 722

125 488 388 561 plantare
415 485 663 549 volebat.
692 485 808 546 Iste
838 488 923 545 vir
947 487 1148 555 bonus,
1189 490 1258 545 de
1283 508 1392 562 quo
1422 493 1726 565 loquimur,
1749 498 1792 553 Α
1817 492 2062 548 habebat
2104 493 2256 548 enim
2310 494 2417 548 hoc
2454 491 2879 548 consuetudinis
2900 494 2967 546 ut
3000 490 3050 546 si
3080 491 3305 563 quando
3331 491 3410 546 lo-

124 575 300 632 abbas
349 577 569 634 scilicet
611 578 930 637 Willelmus
961 595 1179 649 magnae
1216 581 1526 652 sapientiae,
1573 583 1733 638 bonis

124 666 380 722 moribus
426 672 681 734 ornatus,
719 684 1055 738 magnorum
1083 668 1331 724 virorum
1362 672 1729 743 prapinquus,

122 754 239 825 regi
270 760 334 810 et
359 752 707 827 primoribus
743 756 904 827 regni
932 761 1213 828 acceptus,
1241 758 1321 813 ita
1358 776 1417 813 se
1455 761 1726 828 modeste,

122 843 423 899 humiliter
449 850 508 901 et
551 851 845 901 mansuete
881 844 1126 901 habebat
1151 852 1216 901 ut
1241 847 1543 919 aliquando
1570 851 1730 921 quasi

120 934 384 988 nesciens
404 939 462 989 et
480 950 625 1006 pene
637 934 813 990 idiota
828 934 1115 990 videretur
1132 936 1467 1007 quibusdam
1485 957 1498 1006 ;
1533 956 1729 994 verum

122 1023 166 1077 si
192 1023 439 1095 propius
468 1024 783 1091 accederes,
840 1029 897 1081 et
952 1024 1112 1079 vnlut
1160 1028 1564 1096 perscrutando
1610 1030 1731 1099 ejus

121 1126 355 1165 sensum
407 1111 479 1165 de
532 1111 700 1167 rebus
759 1111 944 1168 dubiis
980 1112 1373 1183 interrogares,
1406 1115 1572 1169 aliam
1603 1132 1733 1187 pru-

121 1198 401 1264 dentiam,
431 1200 775 1271 profundum
800 1201 1117 1266 consilium,
1141 1208 1198 1256 et
1212 1203 1451 1257 maxime
1472 1204 1729 1260 honesta-

122 1286 193 1340 tis
250 1287 658 1343 documentum
690 1289 993 1344 invenires.
1027 1290 1163 1343 Erat
1189 1307 1411 1361 quoque
1460 1293 1574 1347 Deo
1630 1293 1728 1347 de-

120 1380 306 1441 votus,
366 1377 677 1447 majoribus
742 1377 1074 1444 submissus,
1142 1379 1382 1434 subditis
1430 1373 1742 1452 benignus,-

120 1470 458 1520 mansuetus
522 1466 705 1533 bonis,
763 1484 989 1523 severus
1046 1467 1497 1539 indisciplinatis,
1556 1488 1729 1542 supra

118 1570 455 1609 mensuram
493 1572 654 1610 suam
686 1546 827 1611 nihil
852 1557 1396 1628 usurpabat,divinis
1421 1559 1587 1614 rebus
1604 1576 1726 1614 om—

114 1658 245 1697 nem
301 1644 678 1700 reverentiam
732 1645 1005 1715 exigebat,
1034 1647 1213 1700 Deum
1247 1646 1498 1714 timebat,
1529 1664 1725 1719 pecca-

114 1737 257 1799 tum,
281 1733 452 1804 quasi
483 1734 719 1789 mortale
745 1735 896 1790 virus
933 1735 1059 1789 odio
1089 1734 1322 1798 habens,
1344 1736 1616 1807 fugiebat.
1667 1737 1725 1792 Si

1816 588 2084 653 queretur
2113 599 2240 637 cum
2288 583 2477 653 aliquo
2508 599 2674 654 quem
2702 581 2938 652 alicujus
2972 580 3245 635 momenti
3270 580 3413 634 asti-

1814 680 2017 739 maret,
2040 689 2100 726 se
2128 672 2280 726 illius
2309 671 2658 725 orationibus
2703 669 3142 725 commendaret.
3182 669 3319 723 Erat
3345 685 3410 723 eo

1814 765 2068 833 tempore
2097 761 2244 816 circa
2270 762 2506 815 Beccum
2559 758 2847 831 provincia
2872 758 3103 813 turbata
3148 773 3412 829 quorum-

1813 850 1943 904 dam
1973 850 2428 922 praesumptione,
2484 850 2581 920 qui
2636 853 2834 903 contra
2883 863 3074 918 regem
3104 846 3410 902 Henricum

1812 939 2240 1002 rebellaverant,
2258 944 2316 993 et
2332 939 2405 993 ad
2419 937 2853 1008 depraedandam
2882 936 3125 1007 patriam
3154 936 3407 1006 quaedam

1813 1028 2044 1082 castella
2073 1027 2433 1094 obtinebant;
2467 1027 2591 1081 ideo
2619 1043 2717 1080 rex
2747 1030 2942 1081 contra
2960 1041 3058 1078 eos
3076 1041 3223 1096 saepe
3246 1016 3412 1078 duce.

1811 1116 1911 1171 bat
1928 1118 2233 1172 exercitum
2266 1117 2337 1171 ad
2364 1115 2782 1188 reprimendum
2803 1130 2998 1169 eorum
3019 1112 3280 1167 hostilem
3296 1112 3407 1167 im-

1812 1212 2026 1277 petum,
2062 1213 2120 1261 et
2132 1205 2505 1261 contuendam
2529 1204 2789 1274 patriam.
2813 1196 3010 1274 Itaque
3030 1206 3157 1273 post
3182 1206 3407 1255 octavas

1811 1295 2037 1350 Pascha:
2061 1295 2214 1349 venit
2239 1312 2333 1350 rex
2366 1295 2628 1356 Beccum,
2643 1298 2701 1347 et
2714 1292 3031 1363 hospitatus
3051 1297 3137 1344 est
3155 1290 3213 1344 in
3232 1289 3408 1343 domi-

1811 1382 1916 1438 bus
1946 1384 2292 1439 monasterii.
2350 1384 2508 1437 Tunc
2532 1374 2797 1435 adierunt
2853 1396 3045 1449 regem
3099 1379 3405 1433 Beccenses

1811 1474 2042 1544 quidam
2069 1472 2348 1539 monachi,
2369 1477 2634 1541 rogantes
2660 1475 2725 1524 ut
2739 1469 3039 1541 quemdam
3066 1467 3404 1522 familiarem

1809 1562 1914 1617 sibi
1945 1562 2283 1617 monachum
2323 1562 2533 1615 faceret
2561 1560 2820 1614 abbatem
2849 1563 2977 1629 post
2999 1573 3127 1611 eum
3155 1557 3251 1626 qui
3279 1573 3402 1611 mo-

1808 1651 2097 1718 riebatur;
2131 1651 2280 1722 quod
2317 1634 2443 1705 cum
2477 1649 2727 1704 audisset
2755 1646 2927 1701 abbas
2954 1644 3276 1700 Willelmus
3312 1645 3403 1698 in-

1806 1740 2038 1794 terdixit
2056 1756 2126 1794 ne
2146 1740 2253 1795 sibi
2289 1740 2612 1794 succederet
2630 1739 2689 1793 in
2701 1737 2952 1808 regimen
2969 1734 3227 1789 Ecclesiae
3243 1733 3405 1788 Becci

114 1821 242 1891 quis
270 1820 725 1878 benedictionem
759 1822 828 1878 ab
879 1840 945 1878 eo
991 1831 1263 1895 posceret,
1306 1825 1487 1880 verbis
1542 1826 1783 1905 magisB
1805 1828 1853 1883 is
1877 1829 1969 1900 qui
1999 1829 2108 1900 ipsi
2138 1829 2244 1883 hoc
2270 1829 2438 1885 modo
2484 1826 2842 1900 quaerebatur
2894 1823 3208 1894 subrogari.
3239 1822 3405 1877 Alius

112 1927 283 1981 quam
337 1927 514 1966 manu
542 1911 922 1973 benedicebat.
981 1912 1169 1966 dicens
1223 1929 1336 1967 non
1383 1931 1505 1968 esse
1556 1932 1720 1969 suum
1802 1918 1980 1973 frater
1998 1918 2140 1972 dixit
2155 1906 2650 1989 aliquandoeidem
2673 1915 2858 1970 abbati
2874 1913 3117 1984 jocando
3140 1930 3151 1965 :
3178 1911 3402 1966 (Facite

110 2016 283 2055 manu
314 1998 670 2068 benedicere,
725 2001 823 2055 sed
852 2001 1260 2073 episcoporum.
1316 2003 1518 2058 Nullus
1548 2004 1719 2060 abbas
1800 2023 1890 2061 me
1920 2007 2204 2072 abbatem,
2259 2012 2314 2062 et
2353 2024 2457 2079 ego
2507 2005 2677 2072 vobis,
2730 2006 2865 2059 dum
2895 2001 3164 2066 vixeritis,
3189 1999 3399 2071 optime

110 2090 328 2144 exstitit
374 2090 473 2162 qui
517 2091 788 2161 majorem
846 2089 1278 2146 sollicitudinem
1330 2098 1557 2163 gereret
1590 2110 1720 2148 con-
1800 2097 2091 2151 serviam.»
2117 2099 2192 2151 At
2208 2096 2553 2161 illeuQuia,
2579 2094 2782 2165 inquit,
2818 2090 3148 2154 hocdixisti,
3169 2104 3283 2143 non
3301 2103 3398 2159 po-

106 2184 309 2233 rentus
330 2179 457 2247 sui;
488 2179 658 2233 talem
688 2180 848 2234 illum
873 2179 1044 2233 fuisse
1074 2179 1259 2234 sciunt
1296 2181 1392 2251 qui
1424 2181 1503 2234 illi
1549 2182 1716 2239 fami-
1799 2185 1935 2241 teris
1948 2186 2191 2257 amplius
2210 2203 2331 2240 esse
2346 2185 2517 2239 abbas
2538 2185 2709 2255 hujus
2732 2181 2857 2237 loci.
2885 2202 2910 2234 ι)
2927 2181 3138 2235 Verum
3159 2177 3395 2233 audiens

105 2268 301 2322 liarius
338 2268 722 2333 adhaeserunt,
753 2268 959 2339 quippe
1009 2285 1045 2322 a
1085 2270 1200 2323 Deo
1251 2270 1332 2324 ita
1373 2271 1715 2342 compositus
1796 2290 1892 2328 rex
1911 2275 2057 2345 quod
2073 2274 2595 2339 abbasWillelmus,
2626 2288 2796 2344 quem
2820 2270 3126 2342 plurimum
3143 2266 3390 2332 amabat,

103 2357 271 2411 homo
297 2362 367 2411 ut
384 2372 491 2410 nec
508 2356 913 2428 turpiloquium
937 2373 1033 2411 ore
1057 2357 1713 2428 proferret,scurrilitatis
1799 2363 2162 2430 moriebatur,
2200 2364 2350 2418 venit
2374 2363 2602 2417 visitare
2629 2377 2759 2415 eum
2787 2376 2916 2415 cum
2948 2357 3161 2430 paucis,
3187 2361 3247 2411 et
3261 2362 3394 2410 ante

103 2462 267 2500 omne
325 2461 511 2515 genus
556 2445 904 2511 abhorreret,
962 2446 1380 2501 immunditiam
1413 2448 1617 2502 mentis
1657 2455 1714 2503 et
1795 2452 2004 2506 lectum
2030 2453 2271 2523 jacentis
2299 2452 2466 2506 amici
2498 2452 2570 2507 ad
2618 2438 2828 2505 terram
2881 2447 3173 2503 humiliter
3224 2444 3390 2500 sedit.

101 2536 373 2606 corporis,
407 2539 472 2589 ut
507 2534 681 2605 virgo,
713 2534 782 2588 ab
811 2542 972 2589 utero
1003 2536 1198 2589 matris
1249 2536 1554 2606 ignoraret,
1588 2537 1710 2591 cibo
1792 2541 1980 2595 Abbas
2021 2541 2170 2596 inter
2188 2542 2301 2596 alia
2323 2541 2542 2611 rogavit
2567 2528 2697 2594 eum
2725 2544 2792 2593 ut
2820 2536 3074 2593 Ecclesiae
3104 2534 3264 2590 Becci
3301 2533 3393 2587 di-

97 2632 350 2695 potuque
379 2629 748 2694 temperatus,
790 2629 847 2679 et
874 2624 1106 2678 honeste
1150 2626 1496 2679 verecundus
1525 2626 1711 2681 indole
1795 2646 1971 2699 gnum
2030 2636 2213 2695 zetate,
2249 2631 2378 2696 vita,
2407 2629 2678 2694 moribus,
2713 2644 2827 2682 non
2857 2642 3071 2689 senem,
3102 2641 3215 2679 non
3234 2625 3392 2694 juve-

96 2714 368 2785 religiosa
416 2712 674 2778 decorus,
705 2712 850 2767 bono
887 2713 1113 2784 ingenio
1142 2731 1277 2768 sane
1336 2714 1702 2785 intelligebat,
1790 2735 1942 2785 nem,
1976 2720 2311 2790 quantocius
2362 2718 2678 2791 provideret
2704 2716 2985 2777 abbatem,
3016 2712 3151 2784 quia
3171 2712 3232 2767 in
3255 2711 3389 2766 tali-

97 2801 303 2857 blando
332 2818 597 2857 sermone
623 2802 900 2874 placebat,
927 2803 1181 2857 doctrina
1212 2810 1269 2857 et
1297 2804 1549 2875 exemplo
1597 2804 1704 2859 uti-
1792 2807 1893 2862 bus
1946 2809 2142 2864 dilatio
2183 2808 2343 2863 valde
2375 2813 2619 2862 noceret.
2651 2806 2736 2861 Ad
2772 2806 2889 2860 haec
2940 2819 3038 2858 rex
3082 2820 3095 2857 :
3131 2822 3155 2854 ¢
3182 2801 3386 2867 Quem,

96 2892 162 2946 lis
185 2897 334 2959 erat,
357 2897 625 2947 constans
646 2897 768 2947 erat
783 2893 840 2947 in
860 2892 1129 2949 moribus.
1154 2910 1319 2955 verax
1341 2893 1398 2947 in
1419 2910 1696 2960 sermone,
1782 2896 1986 2967 inquit,
2006 2898 2257 2966 jubetis?
2283 2917 2307 2950 ι)
2327 2896 2514 2951 Abbas
2537 2895 2881 2966 respondens
2904 2910 2919 2946 :
2952 2911 2975 2944 ι
3018 2891 3144 2946 Non
3164 2894 3252 2945 est
3277 2888 3385 2944 hoc

93 2987 294 3036 cautus
327 2981 388 3035 in
421 2980 903 3052 promissionibus,
935 2982 994 3036 in
1016 2982 1314 3036 commisso
1346 2982 1545 3048 fidelis,
1577 2989 1699 3037 stu-
1783 3001 1992 3049 meum,
2023 2986 2120 3051 ait,
2155 2986 2287 3058 quia
2314 2986 2459 3040 sacri
2492 3001 2734 3039 canones
2772 2981 3115 3036 interdicunt
3142 2996 3215 3035 ne
3254 2979 3382 3050 quis

95 3071 291 3127 diosus
310 3072 604 3136 virtutum,
622 3077 842 3126 amator
860 3088 1191 3142 pauperum,
1209 3072 1697 3143 eleemosynarum
1783 3073 1889 3128 sibi
1918 3075 2174 3129 nominet
2200 3090 2601 3129 successorem.
2628 3091 2654 3126 ι
2696 3072 2826 3127 Fuit
2860 3070 3009 3125 enim
3039 3067 3382 3123 studiosissi-

88 3159 348 3231 largitor,
385 3159 589 3214 hilaris
616 3160 902 3232 hospitum
954 3166 1264 3232 susceptor,
1314 3160 1608 3215 viduarum
1640 3166 1759 3227 etC
1783 3179 1909 3218 mus
1939 3164 2054 3218 oris
2084 3165 2173 3218 sui
2228 3169 2287 3218 et
2331 3164 2477 3231 vitae,
2525 3180 2591 3217 ac
2633 3162 2808 3216 totius
2838 3158 3128 3230 religionis
3164 3162 3373 3222 custos,

87 3250 441 3321 pupillorum
499 3255 800 3320 protector.
839 3249 997 3306 Talia
1034 3267 1259 3320 gerens,
1291 3249 1430 3304 bene
1459 3250 1690 3305 vivendo
1776 3252 1947 3307 etiam
1973 3253 2032 3307 in
2060 3253 2182 3324 ipso
2199 3253 2395 3307 mortis
2414 3252 2668 3307 articulo.
2703 3249 2915 3305 Deinde
2951 3264 3067 3317 rex.
3095 3245 3377 3317 accipiens

90 3356 323 3395 cursum
381 3338 607 3406 direxit,
657 3338 801 3395 bene
838 3339 1128 3394 moriendo
1177 3339 1517 3405 terminavit,
1565 3356 1695 3394 sen-
1779 3358 2011 3396 manum
2057 3342 2346 3397 dexteram
2396 3341 2633 3406 abbatis,
2665 3338 2912 3394 admovit
2939 3336 3114 3392 oculis
3162 3335 3280 3390 suis
3317 3338 3376 3389 et

86 3444 235 3495 sum,
268 3427 558 3500 loquelam
585 3433 645 3482 et
670 3428 849 3483 visum
878 3444 1057 3499 usque
1075 3428 1148 3483 ad
1172 3428 1429 3483 ultimam
1465 3428 1695 3501 spiritus
1778 3430 1881 3497 ori,
1916 3440 1973 3485 et
1998 3430 2237 3501 benigne
2277 3431 2561 3486 osculatus
2590 3435 2693 3497 est,
2736 3430 2928 3499 sicque
2956 3424 3211 3498 reposuit
3247 3440 3373 3479 eam

83 3517 448 3573 emissionem
478 3518 627 3572 Deus
645 3517 727 3572 illi
753 3516 1118 3572 conservavit.
1776 3520 1879 3573 sub
1900 3520 2522 3592 coopertorio,dixitque
2538 3516 3030 3574 circumstantibus
3044 3513 3334 3569 monachis
3357 3530 3369 3566 :

156 3607 291 3661 Haec
319 3607 391 3662 de
420 3606 705 3662 vitaillius
724 3606 967 3661 breviter
988 3607 1258 3675 diximus;
1279 3623 1429 3661 nunc
1449 3606 1692 3678 qualiter
1778 3628 1800 3659 ι
1837 3610 2009 3664 Orate
2033 3626 2132 3680 pro
2152 3610 2269 3676 illo,
2301 3610 2435 3680 quia
2462 3625 2730 3679 magnum
2762 3607 3031 3662 damnum
3062 3603 3282 3658 habetis
3310 3603 3370 3657 in

85 3697 154 3752 de
184 3697 393 3752 saeculo
421 3695 711 3751 transierit
745 3695 1124 3767 expediemus.
1163 3696 1327 3750 Anno
1349 3695 1524 3765 igitur
1550 3695 1690 3750 vice-
1771 3703 1953 3752 morte
1990 3698 2187 3770 ipsius.
2222 3717 2250 3752 ι
2299 3699 2475 3753 Nocte
2515 3714 2646 3752 vero
2683 3698 2956 3762 insecuta,
3005 3709 3133 3748 cum
3159 3692 3241 3746 illi
3273 3692 3370 3762 qui

86 3787 231 3840 simo
253 3802 408 3841 nono
450 3784 708 3853 abbatize,
753 3801 945 3839 mense
980 3783 1331 3856 septembris,
1378 3784 1585 3838 decidit
1629 3785 1689 3839 in
1773 3802 1903 3841 eum
1932 3787 2324 3843 custodiebant
2342 3788 2650 3842 matutinas
2676 3786 3087 3846 decantassent,
3110 3781 3273 3852 petiit
3304 3786 3370 3834 ut

85 3876 503 3946 aegritudinem,
550 3890 664 3945 qua
689 3879 748 3930 et
779 3880 1037 3929 mortuus
1071 3878 1176 3928 est.
1223 3873 1357 3938 Quae
1392 3873 1685 3944 aegritudo,

86 3966 361 4037 paulatim
391 3980 670 4032 crescens,
700 3981 801 4035 per
828 3980 1039 4018 annum
1079 3968 1138 4017 et
1187 3962 1484 4017 dimidium
1525 3964 1685 4017 illum

85 4055 306 4121 afﬂixit,
327 4054 508 4108 donec
532 4053 816 4108 tricesimo
843 4052 1027 4124 primo
1048 4068 1217 4119 anno,
1253 4068 1319 4106 ex
1341 4068 1451 4122 quo
1473 4052 1683 4106 donum

84 4144 324 4199 abbatiaa
352 4143 617 4214 suscepit,
655 4159 720 4196 ex
747 4147 865 4196 toto
884 4142 1034 4196 circa
1054 4142 1224 4195 tinem
1253 4140 1463 4195 mensis
1498 4141 1685 4195 Martii

82 4234 225 4288 lecto
255 4231 545 4288 decubuit.
574 4232 744 4286 Venit
771 4230 943 4285 abbas
971 4229 1684 4289 Pratellensis,Richardus

85 4322 332 4391 nomine,
377 4320 466 4374 vir
492 4320 787 4390 religiosus
846 4325 903 4374 et
938 4320 1252 4373 litterarum
1285 4319 1520 4373 scientia
1548 4338 1685 4391 prae-

1772 3892 1900 3930 eum
1942 3877 2228 3948 quiescere
2254 3877 2664 3948 permitterent,
2689 3881 2746 3928 et
2767 3873 2935 3944 cmpit
2958 3871 3119 3943 quasi
3160 3868 3368 3924 dormi-

1769 3969 1911 4031 tare,
1945 3966 2122 4020 donec
2147 3967 2309 4037 plene
2336 3964 2680 4020 obdormiret
2723 3962 2783 4017 in
2812 3966 3070 4015 mortem.
3098 3957 3367 4012 Videntes

1769 4054 1864 4124 qui
1891 4054 2039 4109 circa
2060 4071 2187 4108 eum
2219 4058 2382 4109 erant
2408 4053 2556 4124 quod
2586 4053 2704 4123 jam
2735 4050 3140 4123 propinquaret
3165 4048 3237 4102 ad
3267 4064 3363 4101 ex-

1766 4142 1928 4208 itum,
1955 4143 2024 4197 de
2052 4159 2275 4197 camera
2314 4143 2672 4213 pertulerunt
2699 4141 2857 4195 illum
2886 4141 2945 4194 in
2974 4139 3172 4194 cellam
3203 4138 3365 4193 infir-

1766 4247 2009 4297 morum,
2043 4231 2139 4286 ubi
2186 4232 2391 4286 fratres
2441 4230 2843 4297 moriebantur,
2876 4235 3005 4295 43
3036 4233 3095 4283 et
3120 4228 3364 4283 circum-

1768 4320 2003 4375 vallatus
2034 4326 2257 4374 caterva
2277 4321 2522 4376 ﬁliorum
2553 4327 2765 4392 septem
2784 4318 3049 4391 psalmos,
3073 4334 3200 4372 cum
3230 4317 3366 4372 leta-

85 4412 253 4477 ditus,
285 4410 514 4465 visitare
543 4425 693 4476 eum,
736 4414 793 4463 et
830 4408 939 4462 fuit
968 4408 1045 4461 ibi
1066 4425 1244 4480 usque
1280 4409 1349 4462 ad
1381 4405 1860 4463 transitumDnia
1879 4409 2317 4474 decantantium,
2348 4410 2513 4480 paulo
2539 4417 2671 4464 ante
2700 4410 2881 4464 lucem
2919 4409 3185 4463 ultimum
3220 4407 3364 4461 emi-

86 4499 236 4554 illxus
261 4518 275 4567 ;
318 4505 378 4553 et
405 4515 533 4553 cum
557 4499 675 4568 jam
699 4498 867 4551 morti
890 4497 1266 4569 prOpinquare
1283 4497 1580 4563 videretur,
1598 4498 1680 4552 vi-

87 4590 284 4644 sitatus
317 4594 407 4643 est
433 4605 468 4642 a
496 4586 763 4643 fratribus
793 4604 950 4641 more
1000 4587 1339 4651 Christiano,
1389 4591 1447 4640 et
1481 4592 1684 4641 cuncta

88 4678 458 4734 morientibus
486 4676 675 4731 debita
705 4676 853 4732 circa
882 4675 1042 4730 illum
1075 4676 1360 4747 persoluta
1388 4680 1538 4741 sunt,
1592 4681 1681 4730 at-

88 4784 190 4837 que
212 4772 445 4840 peracto
475 4765 677 4831 ofﬁcio,
709 4782 834 4820 cum
869 4765 988 4836 jam
1020 4770 1328 4819 conventus
1368 4765 1552 4818 redire
1590 4765 1682 4819 de-

89 4854 313 4924 buisset,
358 4854 693 4910 venerabilis
741 4855 883 4909 Boso
940 4854 1095 4924 prior
1141 4853 1377 4924 rogabat
1422 4870 1571 4920 eum,
1618 4859 1691 4921 ut,

85 4960 237 5000 more
290 4952 540 5016 patrum,
593 4944 709 4998 vita
762 4943 1037 4998 decedens
1068 4942 1442 5006 benediceret,
1476 4948 1533 4996 et.
1564 4943 1681 4997 Deo

87 5049 301 5090 summo
327 5033 549 5089 Pastori
578 5032 1000 5086 commendaret
1020 5032 1164 5086 ﬁlios
1186 5047 1319 5085 suos
1349 5047 1487 5102 quos
1507 5032 1678 5085 relin-

90 5124 291 5193 quebat
351 5122 561 5188 Atille,
596 5122 812 5176 elevata
859 5137 1052 5185 manu,
1086 5120 1367 5174 benedixit
1404 5120 1484 5174 eis
1515 5126 1571 5174 et
1600 5120 1681 5173 di-

88 5212 160 5266 xit
185 5231 196 5265 :
233 5233 258 5263 ιι
292 5214 498 5266 Amate
526 5210 886 5265 claustralem
907 5210 1105 5273 vitam,
1133 5210 1267 5282 quia
1295 5210 1575 5280 reparatio
1597 5216 1684 5263 est

88 5302 292 5355 ordinis
319 5300 521 5367 nostri,
548 5305 607 5354 et
636 5316 707 5353 ne
729 5300 995 5370 quaeratis
1021 5298 1228 5352 habere
1253 5298 1600 5353 obedientias
1624 5298 1682 5352 in

89 5391 300 5454 sarculo,
325 5390 463 5461 quia
491 5388 653 5443 multi
682 5388 741 5442 in
776 5388 855 5442 eis
886 5387 1129 5459 perdunt
1158 5387 1377 5440 animas
1404 5403 1554 5444 suas.
1584 5386 1683 5440 sed

89 5479 415 5547 quantocius
436 5476 699 5532 abbatem
721 5476 929 5548 eligite,
955 5477 1087 5549 quia
1110 5492 1222 5531 non
1238 5482 1324 5531 est
1344 5476 1551 5531 bonum
1571 5478 1685 5531 tale

90 5583 218 5639 opus
247 5570 494 5624 differre.
516 5586 546 5624 ι

98 5688 101 5691 ν
156 5659 391 5733 Rogavit
407 5675 544 5714 sane
574 5663 637 5714 ut
657 5674 757 5733 pro
787 5674 847 5715 se
875 5656 1179 5715 Dominum
1199 5656 1638 5731 deprecarentur
1669 5674 1684 5725 ;

1765 4497 1837 4550 sit
1878 4497 2157 4567 spiritum.
2218 4498 2434 4569 Corpus
2479 4499 2658 4552 lotum
2685 4499 2847 4567 juxta
2899 4497 3361 4552 consuetudinem

1765 4585 2159 4640 convenienter
2186 4586 2387 4657 pannis
2423 4592 2510 4641 est
2532 4588 2815 4656 indutum,
2850 4605 2915 4643 ac
2934 4588 3177 4660 desuper
3204 4587 3364 4659 quasi

1764 4676 1835 4731 ad
1900 4675 2132 4729 missam
2191 4675 2365 4729 sacris
2405 4677 2655 4731 vestibus
2693 4678 2956 4733 decenter
3013 4678 3360 4732 revestitum.

1765 4764 1898 4818 Post
1921 4764 2039 4817 haec
2066 4762 2314 4817 delatum
2334 4768 2420 4817 est
2440 4764 2500 4817 in
2524 4764 2837 4826 ecclesiam,
2870 4772 2928 4819 et
2954 4766 3013 4819 in
3042 4766 3212 4820 choro
3231 4769 3365 4818 ante

1766 4854 1951 4923 majus
1980 4852 2161 4909 altare
2191 4852 2453 4923 positum,
2488 4852 2580 4906 ubi
2616 4852 2708 4906 die
2752 4859 2809 4906 et
2836 4859 2999 4907 nocte
3037 4854 3364 4924 frequenta-

1764 4942 1936 4997 batur
1976 4942 2126 4996 tristi
2166 4941 2525 4995 maerentium
2556 4940 2821 5012 obsequio
2862 4942 3126 4995 ﬁliorum.
3176 4941 3367 4995 Mona-

1763 5032 1853 5086 chi
1878 5032 2033 5102 pium
2062 5030 2519 5086 lamentabantur
2542 5036 2781 5102 patrem,
2813 5030 3009 5084 famuli
3036 5034 3093 5083 et
3108 5029 3366 5084 homines

1763 5120 1867 5174 loci
1896 5119 2239 5191 plangebant
2255 5137 2313 5173 se
2337 5118 2544 5174 bonum
2570 5120 2825 5174 amisisse
2845 5118 3156 5186 dominum,
3180 5119 3367 5174 nullus

1766 5209 2111 5283 querebatur
2158 5209 2425 5280 injuriam
2455 5209 2562 5263 sibi
2605 5208 2676 5263 ab
2721 5226 2786 5263 eo
2823 5210 3048 5274 factam,
3086 5224 3281 5264 omnes
3308 5208 3368 5263 in

1766 5315 2064 5353 commune
2114 5297 2386 5368 lugebant
2423 5315 2689 5369 magnum
2735 5315 2796 5353 se
2844 5297 3155 5370 perdidisse
3182 5302 3370 5369 patro-

1768 5404 1926 5442 num.
1961 5388 2126 5441 Mane
2174 5388 2324 5441 venit
2372 5403 2467 5441 rex
2495 5388 2566 5441 ad
2596 5387 2909 5450 ecclesiam,
2941 5392 2999 5440 et
3032 5386 3223 5440 videns
3252 5403 3371 5441 cor-

1766 5494 1872 5548 pus
1926 5478 2045 5547 jam
2099 5477 2363 5531 decenter
2413 5476 2768 5542 adornatum,
2820 5475 3032 5545 placuit
3057 5474 3160 5541 illi,
3193 5480 3251 5529 et
3285 5475 3370 5529 fa-

1768 5573 1920 5620 ctum
1951 5564 2219 5631 laudavit,
2251 5572 2308 5619 et
2336 5564 2453 5618 ait:
2491 5586 2513 5613 ι
2539 5564 2768 5619 Utinam
2806 5564 2999 5618 anima
3045 5580 3171 5619 mea
3225 5570 3374 5620 esset

1769 5654 1865 5710 ubi
1889 5654 2079 5709 anima
2120 5656 2243 5725 ejus
2287 5654 2397 5710 est!
2445 5675 2467 5706 1
2509 5654 2758 5708 Venerat
2785 5653 3024 5708 Beccum
3066 5654 3372 5710 multitudo
