3920 6350
134 304 247 366 725
966 306 1482 366 VITA.BOSONIS
1520 304 1832 362 ABBATIS
1869 298 2264 362 BECGENSIS
2303 298 2597 370 QUARTI.
3319 280 3427 355 ist

134 432 324 488 abbati
355 432 714 497 desiderium.
738 450 903 490 suum
942 434 1271 505 pandentes,
1294 434 1409 489 Deo
1429 438 1735 497 annuente,
1754 435 1803 492 Α
1819 430 2054 486 audiens
2079 426 2379 485 anselmus
2405 430 2697 485 Urbanum
2720 429 2924 500 papam
2939 416 3267 481 convocasse
3288 424 3418 478 con-

135 521 423 605 religionis
450 521 710 585 habitum
738 521 815 577 ibi
834 522 1030 603 devote
1049 527 1432 593 susceperunt.
1459 521 1736 576 devotius-
1815 520 2006 573 cilium
2032 519 2296 589 generale
2337 520 2488 590 apud
2527 506 3017 573 Clarumiilont'e'm
3058 514 3117 567 in
3154 512 3422 567 Arvernia

136 627 246 682 que
277 601 455 693 usque
502 611 562 669 in
610 611 778 691 ﬁnem
807 601 1132 666 tenuerunt.
1173 611 1231 666 Si
1262 611 1488 681 quidem
1524 610 1737 678 primus
1818 608 2270 679 provincia,quia
2300 608 2419 679 ipse
2442 616 2551 661 nan
2584 604 2892 685 potuitire,
2924 603 3080 657 misit
3095 601 3420 677 praedictum

134 676 191 754 et
216 676 472 784 ultimus,
504 686 854 756 Gislebertus
880 700 1095 763 scilicet
1127 708 1182 754 et
1213 676 1542 777 Rainaldus,
1567 700 1733 767 longo
1818 676 2092 751 Dosonem
2124 676 2195 750 ad
2222 676 2372 750 idem
2397 676 2723 761 concilium;
2752 682 2912 763 c'ujus
2936 692 3157 746 itineris
3174 676 3422 769 longint-

136 761 478 860 tempore
501 796 696 853 sancto
709 789 993 865 proposito
1010 761 1414 843 honorabiliter
1434 761 1739 858 perdura'n-
1819 785 1949 839 dine
1979 792 2036 839 et
2064 784 2251 839 labore
2275 785 2596 838 inﬁrmatus
2625 786 2712 837 est
2735 761 2920 845 nimis,
2953 782 3034 835 ita
3061 782 3126 833 ut
3157 762 3281 849 post
3299 761 3427 832 ton;

135 883 236 944 tes,
270 878 607 957 quieverunt
621 878 679 933 in
709 864 861 949 pace.
880 878 1022 933 Boso
1040 894 1187 940 vero,
1204 878 1423 935 medius
1447 876 1641 939 frater,
1664 876 1735 929 de
1817 874 2010 927 cilium
2033 870 2158 928 cum
2188 874 2246 927 in
2267 872 2737 928 Northmanniam
2758 871 3030 947 repedare
3045 869 3230 932 vellet,
3250 869 3309 921 in
3336 864 3427 920 via

137 983 246 1038 quo
285 943 452 1045 hobis
487 958 675 1031 sermo
709 943 814 1033 est,
842 966 1047 1021 litteris
1084 966 1224 1019 bene
1250 966 1578 1032 instructus,
1608 981 1737 1020 cum
1816 979 1969 1032 aeger
2010 968 2266 1016 remanet
2294 963 2443 1032 apud
2475 962 2742 1015 Sanctum
2775 943 3133 1013 Walterium.
3168 957 3239 1011 Et
3267 960 3424 1026 post-

138 1044 322 1125 adhuc
349 1062 498 1110 esset
535 1055 595 1110 in
640 1055 893 1135 saeculari
940 1056 1071 1118 vita,
1112 1055 1280 1124 ccepit
1301 1053 1459 1108 bonis
1488 1052 1738 1107 moribus
1821 1068 1993 1122 quam
2021 1050 2323 1115 convaluit,
2356 1050 2592 1104 Beccum
2624 1048 2910 1110 remeavit,
2944 1046 3134 1123 sicque
3162 1044 3427 1114 Angliam

137 1144 368 1215 pollere,
397 1160 593 1198 amore
630 1143 730 1198 Dei
766 1130 1000 1205 fervere,
1044 1142 1304 1212 religioni
1343 1142 1596 1196 animum
1634 1159 1735 1211 ap-
1820 1141 2065 1211 repetiit.
2124 1140 2334 1193 Verum
2379 1155 2506 1193 cum
2564 1144 2791 1191 sanctus
2842 1118 3163 1198 Ansclmus,
3218 1132 3424 1207 'Angli’a

138 1233 383 1305 plicare;
438 1238 561 1287 erat
609 1239 796 1287 autem
853 1208 1177 1286 acutissimi
1216 1231 1449 1301 ingenii,
1504 1236 1561 1285 et
1590 1208 1740 1301 quod
1824 1208 2038 1301 pulsus,
2074 1228 2320 1299 primum
2351 1243 2386 1280 a
2415 1236 2548 1296 rege
2573 1226 2860 1279 Willelmo
2890 1224 2985 1295 qui
3006 1208 3134 1305 eum
3157 1220 3432 1291 archiepia

142 1298 424 1376 subtiliter
446 1321 796 1391 intelligebat
820 1321 1102 1376 luculento
1123 1298 1380 1373 sermone
1402 1298 1736 1389 proferebat.
1822 1298 2053 1389 scOpum
2098 1316 2324 1382 fecerat,
2362 1315 2563 1369 deinde
2592 1332 2626 1368 a
2648 1315 2823 1367 fratre
2851 1314 2973 1383 ejus
3005 1298 3286 1375 Heinrico,
3306 1308 3414 1391 qui

143 1410 301 1466 Unde
332 1411 609 1482 perplexae
659 1409 994 1480 quaestiones
1023 1409 1274 1462 animum
1308 1386 1457 1462 illius
1494 1408 1743 1462 involve-
1825 1386 1985 1461 illum
2017 1412 2139 1477 post
2164 1411 2398 1461 mortem
2429 1404 2618 1456 fratris
2649 1403 2718 1456 ab
2749 1403 2942 1455 exsilio
2972 1386 3343 1475 revocaverat,
3366 1398 3429 1482 in

143 1490 288 1565 rant,
331 1470 473 1570 quas
500 1516 604 1554 nec
632 1470 732 1571 per
758 1516 817 1553 se
849 1499 1112 1562 enodare,
1142 1514 1243 1552 nec
1274 1497 1403 1551 inde
1436 1515 1496 1551 se
1525 1502 1748 1567 poterat
1828 1470 2082 1567 partibus
2127 1486 2463 1563 Burgundiae
2515 1498 2574 1546 ct
2612 1491 2787 1546 Italiae
2817 1490 3256 1554 conversaietur,
3285 1470 3429 1540 Bosd

146 1587 1216 1660 expedire.QuapropterBeccumvenit,
1240 1572 1467 1641 Anselm
1479 1602 1570 1640 um
1584 1586 1740 1648 adiit,
1831 1585 2067 1639 Beccum
2094 1588 2353 1636 reversus
2375 1587 2479 1635 est.

145 1657 310 1749 quem
340 1678 401 1732 in
434 1657 644 1731 talibus
665 1657 935 1731 audierat
962 1677 1351 1739 exercitatum,
1382 1681 1552 1730 aestus
1568 1675 1803 1749 animi_
1899 1672 2155 1742 Cumque
2181 1672 2500 1733 Anselmus,
2525 1674 2654 1740 post
2677 1657 2985 1722 secundum
3017 1665 3294 1726 exsilium,
3321 1665 3434 1718 An;

144 1742 802 1838 sbiquibusmovebatur.
825 1765 1065 1836 aperuit,
1085 1771 1142 1818 et
1159 1764 1350 1819 statim
1388 1765 1457 1817 de
1484 1763 1744 1818 omnibus
1761 1742 1806 1799 Β
1825 1761 1996 1832 gliam
2030 1766 2284 1831 repetere
2312 1759 2560 1820 deberet,
2595 1758 2650 1811 in
2694 1757 2940 1827 capitqu
2969 1754 3188 1824 rogavit
3212 1751 3433 1838 Winei-6

145 1826 628 1910 sibfsatisfactum
657 1871 780 1908 esse
795 1826 1071 1923 cognovit.
1096 1840 1424 1907 Admiratus
1446 1853 1743 1922 Boso~ejus
1826 1826 1981 1896 linum
2015 1826 2273 1895 αδδειῐηιη
2306 1846 2364 1892 et
2405 1844 2740 1892 Conventum
2764 1826 2966 1901 iBeccb
3002 1841 3067 1888 Ut
3094 1833 3290 1887 “ceret
3324 1826 3435 1923 sibi

147 1943 502 2016 sapientiam,
529 1944 657 1998 vitae
687 1944 1167 1998 conversationem
1196 1948 1366 2012 atque
1390 1958 1609 1995 morum
1632 1942 1744 1996 ins-
1827 1932 2103 1985 Bosonem
2133 1929 2335 1982 ducere
2351 1926 2559 1990 seruilis
2578 1926 2710 1996 quia
2733 1924 2910 1994 magis
2936 1928 3156 1977 amaret
3183 1915 3312 1974 b11m
3336 1913 3433 1973 i110

146 2008 486 2103 titutionem,
534 2038 752 2087 mutato
806 2048 918 2087 non
979 2033 1156 2086 multo
1214 2008 1341 2102 post
1388 2030 1605 2097 habitu,
1640 2029 1745 2084 sub
1827 2021 2009 2084 vivere
2036 2019 2095 2072 in
2124 2017 2432 2071 solitudine
2461 2024 2631 2086 quam
2653 2014 2774 2068 sine
2794 2029 2859 2068 eo
2879 2013 2938 2066 in
2962 2011 3182 2082 magnis
3202 2008 3432 2063 divitiis.

148 2122 337 2177 eodem
368 2121 572 2177 abbate
594 2120 671 2175 ibi
686 2122 804 2175 leve
828 2120 1049 2175 Domini
1072 2121 1275 2190 jugum
1305 2119 1455 2183 tulit,
1489 2125 1546 2173 et
1566 2119 1747 2173 factus

151 2211 453 2265 monachus
488 2202 819 2280 religionem
847 2225 1017 2280 quam
1058 2209 1379 2278 arripuerat
1408 2214 1529 2261 tota
1559 2213 1748 2261 mente

153 2290 439 2370 diligebat,
455 2299 583 2353 etin
594 2315 665 2369 ea
687 2297 913 2352 assidue
935 2298 1204 2367 prolicere
1223 2295 1748 2365 satagebat.Videns

156 2388 323 2442 abbas
352 2404 557 2442 novum
578 2387 811 2441 militem
835 2386 1043 2440 Christi
1058 2402 1255 2439 revera
1280 2386 1458 2438 Deum
1474 2400 1744 2459 quaerere,

154 2478 452 2533 sollicitum
499 2492 623 2531 esse
657 2476 728 2530 ad
759 2492 899 2545 opus
937 2475 1055 2528 Dei.
1089 2475 1157 2528 ad
1188 2473 1565 2528 obedientiam
1595 2479 1652 2526 et
1677 2474 1750 2526 ad

153 2568 262 2621 alia
293 2566 498 2637 quibus
527 2564 771 2619 novitius
811 2564 979 2618 debet
1006 2564 1255 2617 intentus
1287 2580 1428 2625 esse,
1454 2560 1751 2615 laetabatur

154 2656 339 2719 corde,
366 2653 795 2723 instruebatqw
821 2652 1021 2707 enmin
1045 2651 1264 2706 Domini
1285 2650 1529 2715 servitio,
1539 2651 1753 2720 jugiter

153 2745 463 2799 accendens
515 2743 769 2797 animum
814 2743 937 2811 ejus
971 2742 1042 2795 ad
1073 2740 1295 2794 virtutis
1324 2756 1591 2793 amorem.
1629 2739 1748 2804 llle,

150 2835 463 2888 doctrinam
482 2831 737 2901 magistri
752 2830 940 2900 capaci
962 2829 1149 2883 animo
1168 2828 1459 2882 humiliter
1475 2828 1753 2898 accipiens

152 2924 210 2976 in
238 2920 369 2976 arca
398 2920 586 2975 cordis
600 2918 929 2973 servandam
953 2916 1308 2976 recondebat.
1323 2933 1491 2986 quam
1506 2932 1754 2985 congruo

1826 2109 2013 2164 Abbas
2061 2114 2118 2162 et
2169 2107 2389 2170 fratres,
2433 2104 2567 2175 quia
2596 2119 2707 2158 non
2739 2100 3004 2174 poterant
3045 2098 3434 2154 centradice‘ré

1830 2197 2267 2268 archiepiscopo,
2301 2196 2723 2248 concesserunt.
2757 2192 2861 2244 Hic
2890 2196 2977 2244 est
2994 2189 3096 2243 ille
3123 2182 3266 2242 Bosa
3306 2200 3437 2241 cum

1831 2304 1940 2357 quo
1961 2286 2255 2356 disputans
2275 2282 2594 2353 composuit
2611 2280 2816 2334 librum
2839 2279 2935 2350 qui
2952 2277 3158 2331 dicitur
3172 2277 3287 2330 Cur
3299 2277 3439 2329 Deus

1830 2378 2008 2430 homo.
2059 2373 2375 2428 Permansit
2422 2372 2613 2441 itaque
2655 2368 2782 2423 'cum
2815 2366 3234 2437 archiepiscopo
3263 2372 3441 2433 usque

1834 2465 1902 2518 ad
1930 2465 2098 2518 finem
2126 2463 2249 2516 vita:
2276 2461 2486 2531 ipsius;
2520 2465 2649 2530 post
2672 2457 2976 2511 transitum
3007 2453 3259 2509 Anselmi
3287 2446 3432 2507 Βοεό

1835 2554 2070 2608 Beccum
2116 2551 2311 2611 rediit,
2366 2556 2423 2604 et
2481 2547 2701 2602 vivebat
2746 2545 3122 2599 communiter
3167 2556 3296 2597 cum
3321 2541 3439 2595 fras

1833 2642 2032 2697 tribus.
2087 2639 2366 2710 Diligebat
2416 2646 2671 2701 cunctos,
2723 2642 2780 2690 et
2834 2633 3176 2704 diligebatur
3227 2648 3262 2685 a
3306 2642 3441 2686 eune

1840 2732 1967 2785 ctis.

1905 2821 2062 2879 Inter
2090 2819 2224 2875 haec.
2259 2817 2503 2870 obeunte
2524 2815 2780 2870 Baldrico
2800 2813 3007 2885 priore,
3021 2811 3256 2883 jubente
3282 2808 3437 2864 Guila

1836 2910 2003 2962 lelmo
2051 2907 2251 2961 abbate
2288 2906 2559 2960 successit
2590 2905 2641 2958 ei
2674 2905 2732 2957 in
2764 2903 3113 2974 prioratum;
3139 2905 3262 2953 erat
3291 2890 3447 2953 enim

155 3020 410 3082 tempore
446 3016 644 3081 postea
689 3009 936 3063 suaviter
983 3012 1282 3061 eructaret.
1337 2978 1520 3061 tiores
1548 2978 1822 3060 etvvltzeC
1851 2996 2193 3051 honorabilis
2236 2997 2363 3049 vitae
2418 3001 2476 3048 et
2513 2995 2702 3047 multae
2742 2992 3071 3062 prudentiae,
3123 2988 3446 3071 humilitate

157 3097 581 3155 institutionem
605 3096 726 3168 ejus
737 3096 1074 3168 sequens,ad
1091 3096 1353 3166 pietatem
1371 3092 1431 3149 se
1457 3096 1760 3165 exercebat:

1857 3085 2208 3155 conspicuus,
2263 3082 2463 3153 spiritu
2518 3081 2737 3135 consilii
2787 3079 3069 3151 providus,
3110 3082 3234 3142 49
3284 3064 3448 3129 ἢ)Γῶ

151 3189 405 3260 jejuniis,
438 3163 662 3257 vigiliis,
693 3163 1040 3240 orationibus
1063 3163 1122 3239 et
1149 3185 1275 3238 aliis
1305 3185 1466 3238 bonis
1496 3163 1768 3255 operibus,
1855 3174 2050 3228 tudine
2105 3174 2319 3238 ﬁrmuS;
2371 3168 2768 3225 consolabaml'
2818 3168 3118 3232 desOI'atOS,
3186 3163 3447 3249 omnibufs

156 3279 409 3331 intentus
440 3276 581 3341 erat,
614 3274 672 3329 in
694 3276 818 3344 lege
840 3275 1060 3329 Domini
1088 3274 1337 3327 studiose
1361 3273 1754 3337 meditabatur,

157 3374 216 3420 et
250 3365 404 3437 quod
451 3363 674 3435 legebat
724 3380 861 3417 sane
890 3364 1243 3432 intelligebat
1278 3362 1334 3416 et
1363 3362 1760 3416 convenienter

158 3455 492 3526 expenebat,
518 3454 857 3507 solutionem
879 3452 1452 3521 libenteraccipiebat.
1472 3453 1627 3505 Inter
1644 3452 1760 3505 haec

156 3544 349 3598 videns
378 3542 639 3596 diabolus
666 3541 939 3595 Bosonem
966 3540 1026 3593 in
1047 3547 1239 3594 sancto
1262 3539 1547 3609 proposito
1578 3536 1761 3609 quoti-

158 3633 248 3688 die
276 3630 626 3687 meliorando
652 3630 722 3683 de
744 3629 813 3682 νίι
828 3634 948 3682 tute
973 3628 1031 3682 in
1061 3629 1324 3682 virtutem
1351 3629 1638 3698 proﬁcere,
1662 3642 1761 3698 per

160 3723 421 3794 spiritum
450 3718 809 3790 blasphemiae
826 3718 1065 3771 immisit
1083 3718 1134 3771 ei
1159 3718 1527 3772 tentationem
1551 3717 1763 3785 gravis-

161 3813 384 3869 simam.
413 3824 541 3879 quae
569 3806 998 3861 succedentibus
1027 3806 1134 3860 sibi
1168 3805 1336 3859 variis
1359 3804 1761 3875 cogitationum

161 3898 524 3958 tumultibus,
564 3896 646 3950 ita
689 3912 821 3951 eum
874 3894 1111 3949 vexabat
1156 3901 1220 3948 ut
1267 3894 1352 3947 vix
1375 3911 1607 3964 [compos
1647 3910 1761 3947 suae

162 3989 369 4045 mentis
391 3986 678 4041 existeret.
709 3985 1081 4038 Transierunt
1116 3984 1177 4037 in
1205 3983 1311 4037 hoc
1336 3982 1511 4053 aliqui
1542 3983 1677 4046 dies,
1705 3987 1764 4036 ‘et

160 4078 403 4132 tentatio
428 4082 492 4129 se
508 4075 632 4145 ipsa
655 4084 878 4144 semper
898 4060 1314 4143 ﬁebatgravior.
1331 4073 1613 4126 Turbatus
1629 4086 1763 4141 ergo

164 4173 223 4221 et
248 4171 443 4220 mente
468 4163 739 4218 confusus
756 4162 897 4219 adiit
909 4163 1259 4227 Anselmum,
1282 4168 1348 4215 .et
1378 4162 1511 4231 quid
1541 4168 1763 4231 patere-

162 4251 256 4310 tur
281 4251 537 4326 aperuit.
575 4253 676 4305 Vir
703 4257 892 4306 autem
917 4258 1162 4314 sanctus,
1195 4267 1321 4311 cum
1347 4251 1572 4320 singula
1597 4250 1763 4303 intel-

1852 3263 2043 3318 omnia
2087 3262 2298 3320 factus;
2331 3260 2389 3314 in
2420 3266 2693 3331 quantum
2727 3254 2950 3329 poterat
2976 3248 3278 3324 unicuique
3307 3242 3440 3307 subi

1840 3352 2140 3417 veniebat,.
2168 3350 2451 3420 benignus
2505 3354 2628 3403 erat
2684 3347 2743 3400 ih
2802 3345 3178 3408 exhortando,
3248 3332 3443 3395 mode-1
3508 3408 3517 3419 ι

1840 3448 1960 3496 stus
1983 3442 2039 3496 in
2066 3441 2436 3510 corripiendo,
2465 3437 2807 3509 panperibus
2838 3427 3090 3503 dapsilis,
3123 3423 3439 3503 hospitibus
3534 3434 3535 3437 “

1840 3531 2098 3591 affabilis,
2149 3532 2260 3584 fide
2317 3531 2535 3593 ﬁrmus,
2582 3534 2680 3597 spe
2745 3526 2804 3579 in
2858 3525 2971 3578 Deo
3019 3516 3227 3585 certus,
3258 3518 3444 3574 charis

1841 3626 1958 3675 tate
2006 3621 2259 3674 diifusus.
2312 3619 2454 3672 Cum
2510 3632 2620 3670 non
2670 3614 2913 3668 habebat
2973 3612 3123 3683 quod
3172 3604 3450 3664 tribueret

1843 3709 2049 3778 egenti,
2084 3708 2350 3762 monebat
2365 3695 2520 3777 spem
2548 3706 2607 3759 in
2637 3705 2814 3758 Deum
2848 3701 3189 3773 ponendam,
3229 3712 3447 3752 asseres

1847 3798 1944 3852 bat
1978 3798 2035 3850 in
2086 3797 2340 3868 proximo
2370 3793 2794 3859 subventionem
2822 3791 2921 3845 Dei
2954 3788 3167 3844 adfore.
3194 3778 3447 3840 nondum

1844 3888 2012 3941 linem
2070 3886 2267 3940 mundi
2312 3884 2552 3938 venisse.
2598 3882 2757 3935 Talia
2789 3879 3029 3949 jocando
3079 3874 3320 3939 dicebat,
3348 3872 3449 3927 sed

1843 3977 2010 4031 Corde
2061 3976 2236 4030 Deum
2278 3972 2604 4043 sdpplicite'r
2642 3969 2916 4040 rogabat;
2954 3966 3049 4036 qui
3081 3978 3330 4035 persaepe
3360 3962 3446 4015 illi

1844 4065 2151 4118 secundum
2201 4064 2368 4117 ﬁdem
2418 4077 2580 4115 suam
2622 4057 3004 4113 subveniebat.
3076 4051 3441 4122 Sapientiam,

1844 4153 2139 4209 consilium
2178 4160 2349 4223 atque
2379 4150 2689 4204 bonitatem
2731 4144 2907 4199 animi
2938 4144 3085 4213 ejus,
3115 4157 3229 4195 non
3255 4136 3441 4194 solum

1845 4242 2081 4311 subjecti
2099 4241 2201 4295 sed
2229 4241 2399 4294 etiam
2417 4238 2696 4309 principes
2721 4241 2904 4298 terrae,
2924 4231 3169 4303 episcopi
3197 4235 3255 4284 et
3277 4227 3444 4283 abba-

164 4315 339 4408 lexit;
353 4340 463 4396 hoc
498 4340 722 4405 tantum
754 4339 847 4410 pio
894 4339 1094 4392 aﬁ‘eCtu
1131 4338 1273 4392 dixit
1307 4315 1469 4392 fratri
1503 4356 1515 4390 :
1555 4355 1581 4389 α
1618 4330 1948 4397 DeusDtes.
1983 4325 2265 4394 s'unulque
2312 4322 2556 4392 religiosi
2598 4327 2655 4375 et
2687 4318 2981 4374 saeculares
3026 4315 3193 4369 multi
3216 4329 3445 4410 compe-

166 4432 424 4488 consulat
450 4429 574 4483 tibi.
597 4449 619 4479 ι
658 4428 894 4498 Moxque
921 4427 1051 4482 eum
1081 4427 1313 4480 dimisit.
1336 4428 1463 4497 Ipse
1489 4442 1619 4480 vero
1645 4433 1763 4480 sta-

165 4520 266 4574 tim
296 4526 434 4574 ante
466 4517 751 4588 quoddam
780 4516 959 4569 altare
988 4522 1308 4587 prostratus
1334 4531 1461 4569 cum
1500 4513 1763 4585 lacrymis

163 4610 480 4664 orationem
518 4623 619 4678 pro
656 4622 723 4660 eo
766 4604 913 4659 fudit
951 4606 1022 4658 ad
1052 4605 1389 4672 Dominum;
1424 4604 1572 4658 illico
1603 4609 1765 4657 tanta

168 4699 374 4753 mentis
399 4695 783 4766 tranquillitas
801 4701 996 4749 secuta
1021 4699 1106 4748 est
1133 4701 1215 4756 ut,
1246 4694 1390 4747 sicut
1416 4693 1537 4761 ipse
1568 4698 1766 4763 postea

169 4787 409 4845 dicebat,
442 4785 594 4840 ultra
630 4798 809 4854 quam
852 4783 1005 4837 credi
1042 4789 1246 4854 potest,
1279 4782 1463 4837 subito
1494 4782 1767 4835 alteratus

169 4878 321 4931 esSet
347 4875 420 4929 ab
451 4873 519 4929 ed
545 4873 642 4943 qui
664 4871 866 4927 fuerat.
900 4873 987 4927 Ita
1016 4873 1198 4926 omnis
1224 4873 1325 4925 illa
1351 4871 1589 4925 tentatio
1614 4870 1767 4940 peni-

169 4971 260 5020 tus
288 4963 522 5020 evanuit
544 4962 695 5033 quod
727 4977 1018 5032 nunquam
1038 4961 1284 5015 ulterius
1315 4961 1376 5015 in
1405 4978 1465 5014 se
1483 4960 1620 5013 talia
1637 4976 1767 5014 sen-

172 5046 326 5101 serit.
632 5096 635 5099 .
1462 5051 1471 5057 “
1626 5092 1629 5097 ,

240 5136 379 5189 Post
404 5133 525 5188 hac
555 5148 681 5187 cum
711 5130 882 5186 abbas
910 5130 1199 5204 Beccensis
1215 5130 1515 5185 Anselmus
1538 5128 1639 5182 Dei
1662 5128 1769 5183 dis-

174 5223 470 5294 positione,
517 5226 587 5291 et
618 5220 767 5290 regis
806 5220 1116 5289 Anglorum
1169 5228 1236 5273 ac
1280 5219 1470 5290 populi
1501 5218 1771 5273 eleczione

175 5311 629 5383 archiepiscopus
671 5309 1097 5381 Gantuariensis
1137 5308 1336 5362 fuisset
1389 5315 1767 5372 consecratus,

175 5401 462 5458 mandavit
492 5415 660 5454 suum
681 5398 947 5453 dilectum
971 5398 1265 5460 Bosonem,
1286 5398 1476 5450 volens
1495 5396 1654 5451 illum
1677 5397 1772 5450 ha-

177 5490 306 5563 bere
334 5505 546 5545 secum.
571 5488 660 5542 Ita
672 5486 1226 5549 Bosotransfretavit,
1251 5493 1317 5543 et
1336 5485 1395 5539 in
1423 5485 1626 5555 Anglia
1643 5500 1770 5539 cum

178 5576 789 5649 Anselmoeliqaandiu
800 5582 1179 5633 comnioratus
1193 5576 1511 5631 est.Eodem
1521 5582 1773 5647 tempore

1844 4415 2072 4479 rientes,
2102 4412 2263 4483 quasi
2292 4412 2623 4467 thesaurum
2655 4409 2965 4479 pretiosum
3000 4422 3067 4460 ac
3103 4405 3255 4458 velut
3302 4401 3447 4456 divi-

1843 4520 1979 4558 num
2026 4502 2312 4557 oraculum
2351 4499 2798 4557 admirabantur.
2841 4498 3023 4551 Tanta
3049 4494 3102 4549 ei
3130 4495 3315 4559 inerat
3341 4489 3445 4545 Dei

1823 4578 2026 4663 'gratia
2053 4597 2111 4655 et
2141 4591 2223 4645 sic
2248 4589 2479 4660 spiritus
2510 4588 2727 4642 consilii
2754 4588 2813 4641 in
2844 4603 2909 4641 eo
2938 4584 3159 4655 vigebat
3184 4588 3247 4636 ut
3274 4581 3346 4635 ad
3386 4595 3449 4634 se

1845 4680 2194 4734 venientibus
2224 4694 2395 4733 causa
2422 4677 2641 4735 consilii
2684 4675 2968 4731 subtiliter
2999 4680 3058 4728 et
3098 4671 3445 4727 sufﬁcienter

1847 4770 1919 4823 ad
1950 4768 2219 4839 inquisita
2236 4766 2621 4837 responderet.
2928 4824 2931 4827 _
2957 4810 2963 4815 .

1921 4859 2028 4913 Per
2058 4857 2205 4911 idem
2224 4863 2447 4925 tempus
2477 4852 2765 4907 mandavit
2794 4868 2888 4905 rex
2919 4850 3195 4905 Henricus
3221 4846 3445 4901 Willel-

1850 4964 1942 5009 mo
1969 4946 2157 5001 abbati
2186 4951 2248 4999 ut
2275 4944 2518 5015 priorem
2550 4942 2712 4998 Becci
2753 4941 3025 4995 Bosoneln
3055 4939 3220 4994 daret
3250 4933 3448 4989 comiti

1849 5036 2168 5092 Theobaldo
2224 5033 2417 5105 nepoti
2463 5049 2585 5096 suo,
2632 5031 2704 5085 ad
2750 5028 3069 5084 faciendum
3099 5026 3359 5080 abbatem
3390 5024 3452 5077 in

1850 5136 2002 5182 terra
2028 5140 2163 5191 sua;
2214 5125 2365 5195 quod
2402 5129 2607 5179 utrum.
2637 5136 2849 5186 amore,
2880 5134 2956 5173 an
2981 5116 3165 5171 cerdis
3193 5119 3453 5175 rancore,

1851 5217 1966 5273 sive
1993 5216 2309 5286 aliquorum
2338 5211 2706 5277 immissione,
2731 5226 2828 5264 rex
2857 5206 3107 5278 petierit,
3128 5210 3192 5259 ut
3221 5201 3455 5275 perinde

1852 5307 1995 5361 Boso
2025 5305 2329 5376 pelleretur
2348 5303 2418 5358 de
2445 5302 2692 5372 regione,
2721 5299 2997 5353 incertum
3026 5294 3319 5349 habemus.
3343 5296 3459 5346 Au-

1852 5395 2011 5450 diens
2040 5394 2145 5448 hoc
2171 5392 2343 5447 abbas
2369 5390 2734 5446 contristatus
2765 5393 2853 5442 est
2870 5392 2984 5440 non
3013 5383 3249 5443 modice,
3266 5381 3454 5435 misit-

1854 5500 1965 5555 que
2020 5483 2091 5545 ad
2143 5498 2334 5552 regem
2382 5480 2655 5534 mandans
2689 5482 2748 5532 et
2781 5475 3023 5530 multum
3063 5473 3370 5543 deprecans
3394 5476 3460 5525 ut

1854 5572 2115 5634 Ecclesiae
2135 5578 2192 5626 et
2209 5570 2315 5626 sibi
2358 5573 2634 5642 parceret,
2682 5572 2853 5636 atque
2876 5581 2912 5620 a
2931 5563 3033 5619 tali
3057 5562 3313 5633 iussione
3339 5560 3465 5615 ani:-
