3920 6396
493 297 602 361 727
1411 307 1510 362 AD
1548 306 1787 365 OPERA
1823 307 1887 364 B.
1930 307 2350 368 LANFRANCI
2384 309 2771 371 APPENDIX.
3685 310 3841 373 728

489 444 648 485 mum
666 432 973 494 revocaret,
1007 429 1364 502 prioremque
1397 432 1502 487 sibi
1544 450 1654 489 non
1691 436 1930 494 tolleret.
1959 436 1989 490 .l
1992 453 2082 491 am
2101 435 2157 498 A
2174 457 2411 513 ergavos
2431 442 2591 496 video
2611 444 2914 497 conventus
2932 443 3214 497 affectum.
3227 469 3297 483 —
3315 440 3670 513 Nunquam,
3687 441 3827 506 ait,

492 518 645 572 enim
694 517 868 572 abbas
914 519 1071 572 senio
1109 523 1166 573 et
1191 519 1522 576 inﬁrmitate
1559 524 1839 579 confectus
1878 526 2087 580 viribus
2166 533 2449 587 hominem
2480 532 2727 587 occidi.»
2755 533 2911 587 Tunc
2929 531 3250 604 compulsus
3278 531 3609 602 estaperire
3629 530 3833 602 quod

492 607 742 677 corporis
779 606 1214 665 destituebatur.
1272 610 1531 665 Placatus
1561 628 1658 665 rex
1696 613 2086 684 deprecatione
2167 621 2413 689 latebat;
2443 627 2501 675 et
2526 621 2802 693 accipiens
2830 621 3310 692 archiepiscopum
3336 637 3465 675 cum
3501 619 3832 691 episcopo

493 693 711 749 dimisit
758 695 1024 765 priorem.
1075 697 1328 768 Cumque
1371 698 1543 753 abbas
1574 700 1892 755 Willelmus
1918 703 2089 772 longa
2169 727 2442 776 seorsum,
2475 711 2617 765 dixit
2644 727 2847 783 papam
2886 710 2991 765 sibi
3030 709 3384 765 interdixisse
3414 725 3486 764 ne
3509 723 3830 780 unquam

494 782 829 851 aegritudine
857 782 1158 847 confectus,
1185 785 1304 854 jam
1337 786 1503 841 morti
1546 787 1833 857 proximus
1867 789 2087 844 videre-
2167 799 2321 854 laica;
2350 816 2600 871 persona;
2628 800 2939 854 hominium
2967 800 3194 867 faceret,
3213 804 3271 855 et
3293 798 3418 853 ideo
3444 798 3626 855 istam
3647 797 3832 852 obe-

408 910 411 911 ν
492 886 611 934 tur.
636 871 747 925 duo
781 874 1078 926 Beccenses
1115 874 1374 928 monachi
1403 883 1761 931 accesserunt
1788 877 1859 931 ad
1898 894 2087 948 regem
2168 887 2439 943 dientiam
2469 906 2583 943 non
2619 888 2863 943 audebat
2880 889 3181 960 suscipere,
3213 905 3285 943 ne
3317 892 3654 960 cogeretur,
3691 890 3829 942 aut

496 958 820 1023 Henricum.
852 960 947 1031 qui
988 966 1121 1014 tunc
1150 962 1308 1017 Βεθροί
1336 969 1394 1017 et
1416 963 1561 1018 circa
1589 966 1826 1020 Beccum
1859 974 2088 1038 propter
2169 977 2560 1048 probibitionis
2604 978 2921 1048 apostolica)
2964 958 3350 1048 transgressor
3375 958 3652 1043 existere,
3693 981 3828 1032 aut

495 1047 845 1102 incursiones
867 1050 1260 1119 quorumdam,
1296 1052 1389 1122 qui
1415 1058 1607 1107 contra
1639 1071 1769 1109 eum
1791 1055 2088 1111 rebellave—
2174 1047 2364 1137 regem
2395 1047 2695 1121 offendere.
2727 1047 3192 1139 Archiepiscopus
3219 1083 3347 1122 cum
3369 1067 3656 1133 audisset,
3700 1082 3826 1121 sa-

495 1141 646 1202 rant,
690 1135 1035 1203 morabatur,
1077 1137 1327 1193 dicentes
1359 1141 1493 1210 quia
1522 1143 1664 1196 Boso
1692 1143 1739 1197 si
1771 1145 2093 1199 succederet
2173 1135 2394 1225 pionter
2426 1156 2576 1210 tulit.
2626 1135 2978 1210 Lexoviensis
3018 1135 3149 1211 vero
3194 1156 3485 1228 episcopus
3516 1155 3821 1226 graviter

497 1224 686 1279 abbati
714 1225 1018 1293 Willelmo,
1050 1226 1197 1282 sicut
1222 1235 1528 1284 conventus
1570 1231 1876 1302 quaerebat,
1907 1234 2091 1288 homi-
2173 1224 2406 1315 accepit,
2434 1245 2582 1314 quod
2614 1245 2768 1316 prior
2788 1245 2944 1300 Becci
2963 1224 3588 1316 dedignabatur'facere
3625 1245 3818 1316 quod

495 1313 656 1368 nium
687 1314 771 1367 vel
790 1314 1078 1370 ﬁdelitatis
1100 1324 1519 1372 sacramentum
1542 1337 1694 1374 more
1722 1322 1917 1392 patriae
1935 1324 2091 1378 nullo
2173 1333 2278 1403 ipsi
2298 1313 2355 1386 et
2367 1313 3227 1404 omnesprzelatiNorthmanniae
3245 1333 3523 1388 faciebant
3535 1313 3817 1404 antiquo

498 1402 664 1457 modo
680 1402 786 1457 sibi
813 1402 1054 1471 faceret;
1076 1404 1313 1476 ideoque
1330 1406 1503 1461 alium
1522 1425 1685 1478 quem
1700 1411 2086 1479 nominabant,
2173 1402 2329 1475 more
2358 1402 2588 1493 patriis,—
2604 1423 2879 1476 Reversus
2898 1423 2956 1476 in
2986 1423 3290 1495 capitulum
3319 1422 3817 1493 archiepiscopus

496 1488 825 1553 laudabant,
864 1508 964 1563 pro
988 1508 1054 1547 eo
1086 1492 1427 1550 substituere
1447 1496 1695 1551 deberet.
1718 1499 1835 1553 Hoc
1853 1500 2096 1570 agebant
2174 1525 2301 1563 cum
2331 1488 2590 1582 episcopo
2618 1512 2758 1566 dixit
2786 1488 3087 1583 quamdam
3127 1529 3355 1567 causam
3377 1488 3537 1566 illum
3570 1488 3817 1566 oin—on-

497 1580 634 1650 quia
659 1580 906 1650 priorem
939 1580 1205 1636 nolebant
1234 1583 1441 1638 habere
1468 1584 1746 1642 abbatem.
1765 1588 1971 1643 Verum
1994 1606 2095 1645 cur
2174 1597 2308 1652 dere
2331 1580 2563 1670 proptor
2593 1617 2783 1670 quam,
2802 1580 2922 1655 beo
2941 1603 3194 1673 juvante,
3223 1618 3335 1656 non
3363 1616 3594 1656 necesse
3629 1605 3816 1654 esset

496 1668 579 1724 illi
608 1669 810 1724 ίῐιῖθηεί
841 1674 1020 1735 erant:
1048 1670 1358 1739 neSCimusi
1386 1689 1552 1743 quam
1571 1675 1795 1744 Ψιίάθπη
1824 1676 2088 1747 in.lllriam
2113 1747 2158 1763 ἢ
2176 1668 2502 1741 electionem
2532 1668 2678 1742 hanc
2702 1691 2929 1744 cessari.
2952 1692 3085 1745 Post
3099 1692 3215 1745 hac
3234 1692 3425 1763 plures
3445 1690 3514 1745 de
3535 1706 3814 1744 conven~

499 1758 759 1813 intulisse
805 1759 971 1814 alicui
1000 1775 1193 1813 eorum
1228 1760 1570 1830 ignoramus.
1606 1764 1705 1818 His
1737 1767 1964 1832 auditis,
1994 1785 2091 1823 rex
2113 1747 2238 1829 Btu
2264 1776 2676 1849 Rotbomagum
2706 1786 3071 1850 perrexerunt
3099 1781 3166 1834 ad
3208 1797 3419 1850 regem,
3467 1779 3579 1844 Qui
3620 1778 3809 1834 domi

500 1847 740 1902 nimium
770 1848 1031 1903 efferatus
1061 1855 1147 1903 est
1191 1848 1400 1908 animo.
1440 1857 1497 1905 et
1532 1856 1666 1906 tunc
1694 1854 1917 1923 quidem
1946 1857 2091 1911 imm
2174 1847 2583 1930 remanserant,
2628 1847 2805 1922 Deum
2852 1869 3179 1940 suppliciter
3205 1869 3497 1940 rogabant,
3530 1869 3594 1922 in
3613 1869 3807 1937 cujus

500 1933 899 1993 dissimulavit.
936 1936 1026 1990 Illi
1065 1942 1253 1991 autem
1291 1938 1488 2029 callide
1515 1948 1765 2009 agentes,
1798 1943 2094 2013 ignorante
2175 1972 2347 2010 manu
2376 1957 2546 2013 corda
2566 1964 2699 2012 sunt
2728 1933 3034 2028 regum;ut
3051 1975 3239 2029 regem
3270 1933 3567 2012 ἷηοιίηωεει
3581 1957 3655 2012 ad
3681 1933 3804 2011 im-

499 2029 794 2089 conventu,
823 2029 1020 2079 contra
1047 2026 1300 2095 regulam
1332 2026 1479 2082 beati
1505 2029 1791 2085 Benedicti
1820 2039 1966 2103 (cap.
1999 2032 2047 2089 δέ

2249 2045 2565 2101 selectionis
2578 2064 2891 2113 assensum,
2916 2049 3011 2102 sed
3034 2048 3283 2102 nondum
3311 2048 3460 2103 Deus
3474 2047 3663 2101 facere
3686 2062 3797 2100 vo-

503 2108 570 2168 18
590 2118 784 2183 quast.
806 2112 886 2181 2),
916 2113 1038 2168 sine
1066 2129 1258 2169 eorum
1289 2132 1583 2184 consensu,
1617 2119 1878 2175 volebant
1898 2139 2051 2193 supel

2247 2134 2285 2187 it
2314 2135 2462 2205 quod
2503 2135 2835 2205 poscebatur
2858 2108 3035 2204 {nam
3061 2154 3158 2191 rex
3183 2137 3386 2191 fratres
3414 2137 3510 2207 qui
3540 2136 3611 2190 ad
3644 2151 3795 2189 eum

499 2216 708 2272 P0nere
735 2201 841 2255 Sibi
861 2203 1215 2272 ωεείεινυωι
1237 2221 1363 2259 cum
1385 2205 1490 2260 hoc
1518 2223 1639 2261 esse
1667 2215 1882 2264 00118th
1902 2216 2099 2266 contra
2177 2201 2448 2277 venerant
2462 2225 2680 2279 remisit
2691 2227 3192 2290 vacuos,mandans
3203 2232 3268 2281 ut
3278 2226 3452 2280 alium
3473 2225 3793 2295 eligerent,

501 2290 726 2344 decreta
755 2295 1001 2360 patrum,
1024 2292 1119 2362 qui
1139 2292 1401 2348 dixerunt
1430 2302 1494 2350 ut
1523 2312 1689 2350 nemo
1705 2298 1912 2353 invitus
1944 2300 2041 2354 ord

2250 2312 2311 2366 .ia
2342 2312 2512 2366 istum
2534 2330 2644 2367 non
2669 2315 2958 2370 haberent.
2992 2315 3455 2387 Archiepiscopus
3479 2330 3611 2368 vero
3639 2314 3798 2368 Bec-

502 2383 691 2444 netur,
711 2378 810 2431 sed
841 2386 1143 2434 conventus
1173 2381 1418 2437 ecclesiae
1447 2383 1615 2438 debet
1650 2384 1755 2439 sibi
1787 2388 2095 2442 secundum
2179 2378 2373 2455 gemes
2405 2402 2639 2471 juvabat
2667 2403 2813 2474 apud
2854 2421 3065 2474 regem,
3101 2378 3373 2476 quantum;
3412 2406 3657 2475 poterat,
3706 2402 3801 2456 ιο-

503 2467 768 2520 timorem
798 2467 899 2521 Dei
929 2474 1208 2538 pastorem
1239 2471 1465 2541 eligere.
1500 2472 1607 2527 Sed
1633 2473 1750 2528 haec
1780 2476 2096 2546 malignan-
2180 2498 2356 2551 quens
2384 2467 2482 2552 pro
2512 2482 2639 2548 illis,
2672 2467 2877 2538 etcum
2909 2467 3064 2555 ipsis,
3095 2467 3151 2539 et
3181 2485 3301 2539 sine
3329 2467 3484 2556 ipsis.
3516 2482 3795 2547 Quadam

506 2555 646 2609 tium
666 2555 962 2623 calliditas,
987 2558 1117 2613 licet
1135 2560 1485 2630 aliquantum
1513 2568 1847 2617 conventum
1876 2572 2099 2620 contur-
2179 2567 2270 2620 die
2301 2584 2426 2621 cum
2455 2569 2524 2622 de
2553 2570 2658 2623 hac
2685 2586 2747 2623 re
2774 2571 3233 2640 loquereturcum
3264 2586 3394 2640 rege
3414 2568 3555 2622 dixit
3567 2567 3619 2622 ei
3640 2584 3747 2621 rex
3775 2585 3789 2620 :

504 2642 722 2699 baverit
748 2649 938 2700 tamen
966 2647 1112 2718 quod
1148 2648 1482 2704 moliebatur
1510 2651 1731 2705 etﬁcere
1760 2668 1872 2706 non
1899 2655 2090 2709 valuit.
2182 2652 2330 2705 «Nec
2345 2651 2660 2707 mihifaciet
2678 2654 3119 2713 hominiummec
3140 2654 3294 2708 vobis
3310 2653 3787 2726 professionem.)

505 2731 777 2788 Defuncto
808 2749 1052 2806 namque
1071 2736 1274 2790 abbate
1297 2738 1585 2793 Willelmo
1614 2746 1671 2794 et
1696 2740 1961 2797 decenter
1989 2744 2096 2799 hu-
2176 2736 2261 2789 Ad
2297 2736 2412 2790 haec
2438 2737 2533 2790 illo
2566 2755 2577 2789 ε
2626 2758 2651 2790 ι
2694 2738 2950 2804 Domine,
2984 2739 3081 2803 ait.
3123 2739 3289 2792 faCite
3335 2737 3482 2809 quod
3520 2743 3789 2791 vestrum

505 2826 678 2889 mata,
709 2826 862 2877 totus
885 2830 1188 2879 conventus
1218 2826 1388 2896 elegit
1428 2828 1725 2894 Bosonem,
1747 2847 1942 2886 omnes
1978 2833 2097 2904 epi-
2179 2825 2307 2886 49
2331 2827 2417 2876 est
2440 2841 2452 2889 ἓ
2477 2822 2546 2876 de
2568 2823 2830 2895 hochOd
2848 2824 2915 2878 ad
2931 2841 3020 2878 me
3049 2824 3313 2895 Pertineto
3345 2822 3486 2877 bene
3505 2822 3657 2876 inter
3675 2838 3790 2876 n08

504 2910 658 2981 scopi
685 2916 744 2965 et
763 2910 1013 2980 abbates,
1043 2914 1224 2968 clerus
1262 2920 1321 2970 et
1350 2917 1607 2987 populus,
1640 2917 1804 2973 vicini
1834 2926 1892 2975 et
1912 2937 2098 2976 remo-
2181 2911 2489 2966 conveniet.
2522 2932 2545 2962 ι
2587 2913 2743 2967 Tunc
2796 2912 3084 2968 mandavit
3129 2912 3382 2984 quaedam
3431 2909 3789 2966 honorabilis

504 2999 698 3065 tiores,
730 2999 828 3071 qui
875 3017 1006 3056 eum
1047 3007 1337 3068 noverant,
1373 3003 1517 3059 hanc
1545 3006 1873 3063 electionem
1904 3009 2101 3064 lauda-
2126 3063 2162 3074 Α
2184 3017 2424 3074 persona
2452 3003 2748 3057 conventui
2777 3002 2935 3057 Becci
2973 3018 3044 3057 ne
3078 3001 3147 3056 ob
3172 3002 3391 3073 incepto
3415 3000 3779 3063 ἀθείεῐθΐθηευ

502 3087 659 3154 bant,
688 3105 929 3160 cumque
969 3105 1193 3146 summo
1219 3092 1432 3147 honore
1459 3094 1691 3165 dignum
1722 3097 2093 3155 afﬁrmabant.
2120 3063 2163 3124 Ο
2179 3094 2429 3147 nondum
2442 3093 2581 3147 satis
2600 3094 2779 3147 Deum
2805 3096 3157 3162 rogaverant,
3179 3090 3362 3146 adhuc
3375 3090 3591 3145 divinas
3609 3105 3784 3144 aures

502 3177 702 3249 Itaque
744 3184 1049 3234 conventus
1083 3185 1149 3234 ut
1175 3180 1257 3235 eis
1285 3183 1673 3247 assentiretur,
1702 3185 1903 3242 obnixe
1934 3204 2099 3258 roga-
2180 3181 2440 3253 precibus
2473 3183 2776 3252 pulsarent.
2809 3180 2967 3246 Quod
2994 3180 3290 3235 consilium
3320 3181 3523 3234 fratres
3539 3183 3783 3249 gratan-

502 3265 635 3334 bat;
662 3267 759 3321 ille
786 3284 903 3323 sum
929 3268 1278 3325 inﬁrmitatis
1307 3272 1512 3327 multas
1542 3275 1858 3345 opponebat
1879 3293 2097 3343 causas,
2180 3279 2268 3326 ter
2298 3270 2653 3341 accipientes,
2679 3269 2967 3325 instabant
3003 3269 3273 3324 attentius
3305 3267 3538 3339 jejuniis
3568 3272 3626 3321 et
3652 3282 3784 3321 ora-

503 3354 588 3410 illi
610 3355 666 3409 in
690 3361 902 3410 terram
924 3358 1190 3427 prostrati
1208 3359 1671 3430 deprecabantur,
1686 3364 1781 3419 ille
1801 3370 1919 3420 toto
1936 3382 2100 3420 cona-
2180 3360 2449 3421 tionibus,
2477 3360 2778 3415 Dominum
2795 3361 3007 3425 Iesum,
3029 3363 3089 3413 et
3115 3360 3238 3428 ejus
3267 3358 3418 3428 Iliam
3445 3355 3776 3427 genitricem

404 3457 417 3468 ο
504 3442 1573 3518 minereluctabaturnegando.Perlata
1586 3459 1672 3507 est
1684 3470 1773 3508 res
1788 3455 1859 3509 ad
1874 3471 2095 3525 regem;
2180 3448 2414 3504 Mariam
2460 3449 2784 3520 suppliciter
2821 3449 3202 3520 deprecantes,
3235 3452 3297 3501 ut
3328 3446 3669 3516 respicerent
3689 3461 3781 3499 ec-

507 3538 569 3588 at
595 3533 706 3599 ille,
744 3533 1067 3589 recordatus
1096 3538 1245 3608 quod
1260 3539 1329 3593 de
1356 3539 1604 3595 hominio
1624 3559 1659 3596 a
1678 3543 1897 3597 duobus
1910 3560 2101 3599 mona—
2181 3539 2409 3593 clesiam
2442 3555 2621 3602 suam,
2674 3544 2732 3592 et
2776 3539 3111 3610 perﬁcerent
3138 3537 3285 3608 quod
3315 3536 3600 3607 inceptum
3629 3540 3773 3589 erat.

507 3622 627 3677 chis
658 3622 933 3689 audierat,
960 3624 1105 3680 sicut
1131 3643 1300 3697 supra
1316 3630 1630 3697 retulimus,
1655 3637 1778 3686 erat
1798 3634 1946 3686 enim
1969 3633 2100 3688 inde
2181 3628 2338 3683 Inter
2364 3628 2481 3684 haec
2509 3628 2845 3693 Willelmos,
2892 3627 3040 3682 filius
3084 3626 3350 3691 Αεοειίηὶν
3401 3630 3460 3679 8t
3502 3623 3775 3679 ROdumls

505 3711 676 3767 nimis
705 3712 904 3777 iratus,
935 3715 1116 3769 noluit
1160 3718 1481 3772 concedere.
1526 3720 1750 3774 Interea
1778 3720 2101 3776 Gaull‘ridus
2183 3704 2680 3789 eleemos3'narius,
2707 3718 2818 3771 duo
2838 3717 3140 3772 Beccenses
3171 3714 3449 3779 monachi,
3481 3729 3579 3785 pro
3605 3728 3777 3767 causa

506 3800 974 3873 Rothomagensis
1001 3804 1466 3878 archiepiscopus,
1501 3808 1585 3861 vir
1611 3808 1876 3879 prudens,
1911 3816 1969 3865 et
1998 3811 2101 3865 ho-
2183 3807 2510 3861 monasterii
2558 3807 2668 3861 iter
2709 3811 2960 3877 agentes,
2999 3805 3361 3860 obviaverunt
3389 3801 3625 3856 Henrico
3652 3801 3772 3871 regi

506 3891 808 3958 norandus,
828 3899 884 3946 et
906 3892 1152 3948 Joannes
1190 3895 1543 3950 Lexoviensis
1572 3897 1885 3969 episcopus,
1912 3900 2007 3971 qui
2029 3900 2099 3955 ad
2185 3897 2381 3951 eadem
2412 3897 2518 3961 via,
2550 3913 2661 3968 qua
2691 3894 2998 3967 pergebant
3036 3893 3304 3949 venienti.
3345 3893 3496 3957 Quos
3525 3895 3589 3945 ut
3612 3889 3764 3956 vidit,
3836 3917 3841 3920 ι

506 3979 719 4033 curiam
760 3981 910 4052 regis
950 3989 1239 4050 venerant,
1286 3985 1383 4055 qui
1410 3991 1547 4039 tunc
1574 3985 1865 4042 obsidebat
1891 3989 2103 4044 Brionii
2185 3986 2252 4040 ad
2283 4002 2344 4040 se
2370 3986 2602 4048 voravit,
2637 3991 2693 4039 et
2723 3984 2961 4055 benigne
3007 3984 3228 4037 locutus
3256 3988 3344 4037 est
3364 3997 3491 4036 cum
3520 3979 3630 4046 eis;
3653 3979 3766 4048 jam

507 4073 775 4134 castrum,
806 4071 955 4141 quod
979 4078 1177 4127 contra
1203 4089 1332 4127 eum
1354 4073 1623 4130 tenebant
1651 4076 1906 4131 homines
1938 4079 2106 4132 comi.
2186 4071 2335 4125 enim
2367 4070 2555 4125 divino
2602 4075 2859 4141 respectu
2905 4067 3228 4122 defervebat
3273 4068 3432 4121 furor
3472 4065 3567 4119 ille
3607 4079 3766 4134 quem

504 4157 580 4212 tis
607 4158 878 4225 Mellenti,
924 4168 1195 4216 venerunt
1242 4163 1498 4230 Beccum,
1531 4169 1588 4218 et
1615 4165 1787 4219 locuti
1815 4172 1948 4221 sunt
1974 4183 2102 4221 cum
2186 4167 2519 4232 conceperat
2547 4177 2719 4215 causa
2747 4161 2936 4229 negati
2961 4158 3117 4212 sibia
3135 4157 3322 4229 priore
3341 4153 3769 4210 hominii.Cum-

506 4245 776 4301 fratribus
794 4248 1131 4320 deeligendo
1149 4250 1368 4306 abbate.
1400 4253 1556 4307 Tunc
1571 4270 1785 4320 omnes,
1809 4256 1867 4311 in
1889 4262 2101 4311 terram
2184 4265 2293 4319 que
2325 4250 2494 4304 simul
2536 4253 2853 4320 pergerent,
2898 4253 2957 4302 et
2994 4246 3510 4300 sermocinarentur
3536 4242 3602 4297 ad
3631 4240 3767 4295 invi-

507 4336 795 4406 prostrati,
823 4339 971 4404 (nam
984 4339 1044 4393 in
1062 4340 1305 4412 capitulo
1334 4342 1644 4409 sedebant,l
1662 4345 1942 4416 rogabant
1957 4334 2101 4417 prio-
2118 4384 2166 4417 η
2185 4355 2324 4403 cem,
2357 4339 2506 4393 inter
2532 4337 2875 4409 loquendum
2904 4336 3167 4391 dixerunt
3193 4333 3314 4404 regi
3334 4333 3484 4404 quod
3508 4330 3768 4385 haberent

507 4439 628 4478 rem
667 4430 728 4479 ut
760 4442 906 4497 saepe
932 4427 1095 4483 dictae
1115 4430 1372 4485 electioni
1397 4448 1690 4486 assensum
1717 4434 2012 4505 praeberet,
2047 4442 2103 4490 et
2120 4421 2166 4442 ν
2185 4427 2395 4498 aliquid
2408 4427 2731 4493 sibidicere,
2749 4426 2798 4480 si
2826 4425 3107 4496 patienter
3133 4422 3391 4488 audiret;
3425 4427 3485 4476 at
3512 4421 3603 4475 ille
3614 4421 3767 4491 jubet

507 4513 987 4586 archiepiscopum
1005 4517 1239 4571 utillum
1256 4519 1629 4591 praecipiendo
1654 4525 2103 4593 cogeret.Archi-
2186 4516 2371 4571 dicere
2416 4516 2751 4570 ﬁducialiter
2780 4514 2929 4585 quod
2957 4515 3166 4568 vellent
3196 4530 3207 4565 :
3231 4518 3368 4566 tunc
3394 4515 3676 4581 coeperunt
3698 4509 3764 4563 de

508 4601 803 4672 episcopus
814 4604 1102 4660 admirans
1129 4606 1368 4662 fratrum
1389 4611 2104 4679 unanimitatem,laudavit
2185 4605 2453 4677 praedicta
2481 4605 2749 4659 εῙθοιίοηο
2777 4619 3093 4657 sermonem
3126 4601 3419 4672 replicare.
3442 4615 3626 4669 regem
3644 4613 3761 4667 ευρ-

508 4706 703 4746 eorum
734 4693 1057 4764 religiosam
1075 4695 1647 4771 voluntatem,eterga
1670 4702 1912 4772 priorem
1936 4720 2101 4757 suum
2185 4694 2407 4766 pllClter
2447 4699 2730 4764 rogantes.
2773 4698 2836 4747 Ut
2873 4708 2998 4745 eam
3026 4707 3128 4746 suo
3157 4705 3389 4744 assensu
3420 4688 3681 4746 ﬁrmaret
3709 4693 3763 4742 et

507 4784 730 4835 tantum
760 4798 1038 4850 amorem;
1063 4784 1263 4838 deinde
1288 4803 1584 4842 conversus
1600 4790 1839 4845 adillum
1863 4792 2098 4857 monuit,
2188 4785 2292 4856 ipsi
2324 4800 2425 4856 pro
2467 4783 2643 4838 electo
2685 4798 2788 4837 suo
2834 4781 3165 4835 ﬁdelitatem
3214 4778 3481 4843 facerent,
3513 4777 3560 4831 si
3591 4777 3759 4842 vellet,

506 4871 745 4942 rogavit,
776 4871 847 4925 ad
866 4877 1212 4944 postremum
1235 4877 1499 4949 praecepit
1521 4895 1622 4949 per
1649 4878 2026 4935 obedientiam
2044 4888 2108 4936 ut
2190 4874 2559 4944 adjungentes
2587 4888 2649 4926 se
2673 4871 2742 4925 ob
2763 4872 2867 4925 hoc
2897 4870 2967 4924 ad
2996 4868 3259 4924 comitem
3287 4866 3661 4922 Theobaldum
3687 4865 3761 4921 ire

508 4961 890 5031 acquiesceret
909 4963 1182 5019 voluntati
1201 4966 1457 5021 fratrum.
1489 4968 1532 5022 E
1551 4973 1748 5023 contra
1772 4969 1868 5022 ille
1894 4986 2107 5026 assere-
2188 4962 2451 5027 VOluisse,
2483 4967 2549 5016 ut
2576 4978 2676 5032 per
2714 4961 2932 5014 litteras
2962 4975 3093 5012 suas
3124 4958 3281 5012 illum
3314 4960 3558 5027 rogaret.
3586 4954 3761 5010 Atille

504 5047 604 5103 bat
632 5049 738 5104 hoc
766 5065 828 5104 se
869 5068 980 5107 non
1014 5070 1177 5124 posse
1218 5055 1399 5111 facere
1450 5063 1678 5128 propter
1722 5074 1985 5128 magnam
2016 5060 2106 5113 sui
2189 5051 2487 5106 subridens
2520 5069 2531 5103 :
2568 5070 2591 5100 ι
2621 5050 2685 5104 In
2715 5065 2940 5113 vanum,
2962 5047 3061 5113 ait,
3094 5044 3452 5101 laborassetis
3477 5063 3536 5097 ε»
3568 5048 3619 5097 et
3642 5060 3756 5098 cum

504 5139 753 5210 corporis
799 5140 1167 5210 debilitatem,
1196 5151 1254 5199 et
1275 5146 1390 5200 alia
1416 5146 1668 5216 quaedam
1701 5146 1912 5215 gravia,
1942 5149 2104 5218 quasi
2190 5144 2542 5194 sacramento
2570 5137 2709 5193 dixit
2730 5136 2841 5190 illis
2869 5136 3023 5207 quia,
3053 5135 3101 5189 si
3138 5150 3331 5189 eorum
3381 5133 3587 5186 electus
3620 5132 3757 5203 prius

502 5236 748 5298 peccata,
775 5232 1114 5303 opponebat,
1139 5234 1343 5305 quibus
1365 5234 1434 5287 ad
1457 5236 1561 5288 hoc
1580 5234 1877 5306 indignum
1899 5253 1959 5291 se
1979 5254 2102 5291 esse
2190 5230 2532 5283 mentionem
2564 5243 2677 5281 non
2702 5226 2921 5279 fecisset
2946 5225 3014 5277 de
3044 5222 3315 5287 hominio,
3347 5222 3468 5292 ipse
3494 5236 3757 5291 nunquam

502 5318 740 5374 dicebat.
771 5320 840 5374 Et
865 5322 1318 5394 archiepiscopus
1353 5342 1365 5376 ε
1402 5342 1423 5374 ι
1460 5322 1678 5377 Estisne
1700 5325 2006 5379 monachus
2026 5326 2050 5379 7
2069 5347 2097 5378 ι»
2189 5319 2321 5372 inde
2345 5319 2567 5371 locutus
2591 5315 2805 5376 fuisset,
2830 5315 2925 5368 sed
2954 5314 3119 5366 modo
3138 5312 3574 5382 deprecarentur
3597 5310 3757 5364 Domi-

503 5407 817 5478 Respondit
848 5429 858 5463 :
888 5427 915 5461 α
945 5412 1161 5465 Vellem
1184 5428 1325 5465 esse.
1365 5431 1389 5463 ι)
1421 5412 1577 5465 Tunc
1605 5413 2054 5485 archiepiscopus
2090 5432 2102 5467 :
2193 5420 2332 5464 num
2363 5413 2427 5461 ut
2455 5407 2560 5460 sibi
2576 5411 2633 5459 et
2653 5405 2763 5458 illis
2793 5405 2862 5457 de
2891 5404 2995 5457 hac
3038 5419 3099 5456 re
3123 5400 3456 5455 conveniens
3485 5400 3635 5453 daret
3649 5416 3757 5454 con-

508 5513 535 5547 c
568 5496 801 5562 Revera,
823 5498 1026 5569 inquit,
1046 5500 1090 5554 si
1116 5500 1309 5571 viginti
1334 5501 1588 5555 homines
1607 5501 1971 5568 occidissetis,
1994 5521 2106 5559 non
2189 5497 2402 5554 silium.
2437 5494 2694 5565 Regressi
2725 5494 2951 5546 domum
2974 5493 3346 5544 narraverunt
3362 5504 3617 5559 quaecum
3642 5505 3756 5558 rege

507 5599 603 5637 vos
642 5584 1010 5655 dimitterem,
1059 5591 1285 5662 quando
1328 5591 1557 5663 quidem
1588 5597 1810 5654 tantum
1841 5607 1907 5649 ac
1935 5592 2105 5658 talem
2188 5591 2453 5666 egerant,
2476 5585 2728 5653 initoque
2743 5581 2975 5637 consilio
2990 5580 3195 5633 iterum
3219 5582 3582 5649 perrexerunt
3596 5589 3656 5630 ac
3683 5593 3754 5630 re-
