3920 6372
19 322 179 386 Γ29

905 327 1079 386 VITA
1118 323 1429 385 BOSONIS
1469 320 1776 383 ABBATIS
1814 324 2208 388 BECCENSIS
2246 326 2536 395 QUARTI.

3253 318 3362 378 730

19 473 208 527 gem
226 460 424 532 plures
440 459 509 514 de
523 462 817 525 conventu,
839 474 979 530 quos
1003 473 1101 512 rex
1124 457 1373 528 suscepit
1395 455 1671 520 hilariter,
1690 455 1743 514 A
1759 458 1993 513 recessit
2018 458 2198 513 tristis
2218 458 2245 512 ?
2287 455 2505 512 Summi
2535 452 2663 521 viri,
2705 454 2824 507 tam
2863 448 3159 505 saeculares
3191 462 3362 520 quam

19 552 90 601 et
136 548 416 604 libenter
432 548 706 604 concessit
726 548 870 619 quod
905 547 1190 618 petebant,
1229 546 1600 617 praecepitque
1622 550 1685 599 ut

19 635 163 689 add
178 642 428 691 ucerent
450 636 689 707 priorem
710 636 1000 690 Dominica
1016 639 1143 706 post
1162 634 1524 704 Rogationes;
1549 649 1681 687 nam

19 722 178 778 haec
194 724 686 796 anteRogationes
695 722 1288 795 agebantur.Cumque
1299 723 1415 777 hac
1424 721 1683 777 nuntiata

19 813 314 868 fuissent
334 814 652 877 conventui,
674 812 836 868 valde
867 813 1047 883 gavisi
1078 817 1229 877 sunt,
1249 818 1306 865 et
1326 813 1440 866 Deo
1468 811 1683 882 gratias

19 902 108 956 im
122 919 387 957 mensas
407 902 793 958 reddiderunt.
816 902 980 957 Prior
999 906 1187 955 autem
1217 901 1356 955 dixit
1381 900 1642 955 omnibus
1663 918 1676 958 :

24 1011 50 1041 ι
72 991 334 1046 Scitote
346 992 478 1063 quia
491 988 557 1046 ex
568 1007 678 1062 quo
691 991 927 1044 viditam
941 990 1267 1045 unanimem
1280 1007 1414 1061 erga
1426 1006 1516 1044 me
1529 1005 1681 1043 amo-

20 1096 173 1134 rem
199 1086 490 1146 vestrum,
517 1081 565 1135 si
593 1080 724 1133 inde
745 1079 882 1133 mihi
904 1079 1215 1133 certissime
1238 1079 1465 1133 scissem
1497 1078 1680 1132 immi-

25 1185 195 1223 nere
231 1177 509 1234 mortem,
542 1184 655 1223 non
681 1168 993 1222 omisissem
1021 1169 1156 1239 quin
1178 1169 1450 1223 voluntati
1479 1174 1677 1223 vestrae

22 1257 500 1330 promptissime
528 1257 861 1329 paruissem,
894 1256 1001 1310 nisi
1047 1256 1147 1310 illa
1178 1273 1348 1311 causa
1382 1257 1681 1312 obsisteret

28 1348 193 1418 quia
217 1348 414 1401 Deum
433 1346 716 1401 offendere
746 1345 1035 1400 timebam.
1062 1363 1089 1398 ii
1126 1345 1379 1400 Perrexit
1397 1362 1530 1416 ergo
1550 1362 1678 1400 cum

24 1436 351 1491 fratribus
395 1435 829 1504 Rothomagum,
861 1434 1128 1506 deditque
1160 1435 1211 1489 ei
1240 1450 1336 1488 rex
1367 1434 1485 1488 solo
1514 1434 1680 1488 verbo

27 1524 315 1580 abbatize
361 1524 590 1589 donum,
624 1523 876 1594 dixitque
921 1522 1004 1576 illi
1050 1528 1114 1578 ut
1158 1522 1311 1577 intus
1349 1522 1676 1594 religionem

28 1619 348 1679 servaret,
387 1619 445 1667 et
472 1613 590 1683 ipse
630 1627 731 1683 pro
769 1612 864 1665 illo
896 1612 1172 1665 exteriora
1200 1616 1455 1675 curaret;
1488 1611 1680 1682 sicque

1764 547 2032 617 religiosi,
2072 545 2310 618 proximi
2359 549 2417 599 et
2461 541 2812 604 remotiores,
2857 537 3023 593 multi
3067 536 3367 592 veniebant

1765 636 1837 691 ad
1865 653 1991 691 eum
2023 634 2427 690 consulendum
2468 632 2539 687 de
2580 629 2748 685 rebus
2777 627 3001 693 dubiis;
3033 631 3093 681 at
3121 625 3217 681 ille
3245 625 3365 680 sin-

1761 726 2025 797 gulorum
2073 721 2505 796 cogitationibus
2555 725 2610 774 et
2656 714 3117 789 inquisitionibus
3155 714 3236 769 ita
3272 729 3365 769 re-

1763 812 2075 886 spondebat
2090 818 2154 868 ut
2173 812 2476 882 unicuique
2491 810 2775 865 sufﬁceret
2796 804 2943 877 quod
2960 801 3243 859 audiebat.
3263 802 3367 857 Pa-

1763 903 1964 958 tientia
1978 902 2029 956 ei
2049 900 2396 957 admirabilis
2417 904 2609 953 contra
2626 912 2822 951 omnes
2840 892 3126 948 molestias
3144 892 3362 959 inerat;

1761 1009 1890 1046 nam
1916 991 2245 1063 patientiam
2266 996 2323 1045 et
2361 985 2852 1043 mansuetudinem
2883 982 3178 1052 cordisque
3203 996 3364 1034 mun-

1762 1082 1957 1136 ditiam
2006 1081 2228 1141 docens,
2278 1078 2543 1133 monebat
2596 1074 2916 1130 occasiones
2962 1069 3359 1124 scandalorum

1759 1170 1954 1241 fugere
2018 1169 2105 1223 vel
2149 1184 2260 1222 non
2306 1183 2504 1221 curare
2550 1181 2672 1236 quae
2719 1179 2832 1216 non
2877 1163 3114 1232 possunt
3162 1157 3218 1212 in
3256 1158 3364 1212 hoc

1762 1259 1973 1314 mundo
1995 1259 2189 1313 deesse
2231 1256 2462 1311 Dicebat
2485 1271 2547 1308 se
2569 1270 2605 1310 a
2632 1252 2813 1323 primo
2836 1246 3213 1304 conversionis
3244 1261 3362 1299 suae

1761 1353 2016 1420 tempore
2035 1346 2351 1402 occasiones
2370 1344 2760 1399 scandalorum
2783 1341 2865 1395 ita
2893 1339 3189 1393 damnasse
3209 1333 3360 1407 quod

1763 1439 1921 1492 nulla
1962 1436 2274 1498 tribulatio,
2318 1433 2681 1506 prosperitas,
2709 1430 2798 1484 vel
2841 1428 3170 1492 adversitas,
3203 1424 3362 1479 nulla

1762 1526 2011 1586 tristitia,
2039 1525 2155 1579 sive
2192 1523 2404 1587 laetitia,
2427 1538 2526 1577 seu
2555 1521 2742 1591 aliqua
2772 1517 3077 1589 corporalis
3102 1512 3363 1569 molestia

1762 1615 1982 1670 aditum
2003 1614 2186 1668 cordis
2212 1614 2332 1683 ejus
2355 1613 2670 1681 irrumpere
2686 1606 2930 1665 valebat;
2964 1604 3161 1659 eodem
3176 1603 3354 1667 vultu,

27 1703 280 1758 factum
326 1706 418 1756 est
445 1707 507 1756 ut
531 1716 697 1772 quem
726 1701 881 1771 prius
909 1700 1325 1755 contradixerat
1351 1716 1502 1754 nunc
1528 1693 1743 1753 αἱαὶ-Β
1762 1703 1959 1759 eodem
2008 1703 2198 1757 animo
2246 1699 2656 1772 perseverabat.
2703 1694 3022 1767 Aliquando
3063 1708 3192 1748 cum
3237 1692 3360 1761 ejus

30 1798 171 1846 tum
197 1791 494 1861 diligeret,
517 1796 574 1844 et
598 1790 774 1844 multa
796 1806 918 1861 quae
939 1789 1163 1860 petebat
1185 1788 1427 1843 libenter
1446 1789 1673 1854 faceret,

29 1879 437 1951 plurimaque
463 1877 707 1932 ecclesiae
735 1877 1004 1931 beneﬁcia
1023 1877 1320 1942 conferret,
1350 1881 1520 1948 atque
1548 1893 1677 1931 con-

32 1970 200 2024 siliis
235 1969 369 2038 ejus
395 1983 542 2039 saepe
570 1966 966 2038 acquiesceret.
996 1966 1235 2038 Rogavit
1262 1982 1398 2021 sane
1434 1983 1533 2036 pro
1565 1966 1676 2020 illis

34 2058 290 2112 duobus
341 2055 650 2121 monachis,
696 2072 835 2126 quos
882 2054 1142 2109 electioni
1188 2057 1310 2126 ejus
1363 2055 1675 2109 contrarios

35 2146 237 2201 fuisse
270 2145 542 2210 diximus,
577 2159 649 2198 ne
690 2143 799 2198 illis
845 2143 1085 2209 obesset,
1127 2144 1272 2215 quod
1313 2149 1509 2198 contra
1545 2160 1676 2198 eum

38 2234 414 2300 sensissent;
448 2248 560 2287 non
589 2237 712 2285 erat
743 2231 889 2303 apud
919 2231 1078 2285 illum
1103 2232 1291 2302 gravis
1319 2230 1679 2286 laborindul-

40 2339 191 2392 gere
244 2322 309 2376 in
376 2338 438 2376 se
500 2320 875 2390 delinquenti.
941 2319 1424 2391 ArchiepiscOpus,
1481 2319 1677 2374 videns

42 2428 258 2482 regem
319 2416 441 2464 tam
495 2409 668 2463 libere
730 2408 879 2479 quod
936 2407 1236 2478 petebatur
1271 2408 1485 2472 fecisse,
1530 2408 1677 2462 sicut

45 2499 433 2572 promiserat,
493 2496 897 2551 honorabiliter
941 2497 1118 2550 voluit
1173 2497 1357 2550 facere
1410 2496 1559 2568 quod
1605 2497 1677 2551 de

46 2590 162 2643 hac
197 2605 266 2642 re
291 2587 367 2641 ad
406 2603 467 2640 se
505 2585 841 2657 pertinebat.
868 2585 1037 2639 Venit
1058 2602 1190 2656 ergo
1211 2586 1282 2639 ad
1312 2586 1675 2640 festivitatem

46 2677 436 2732 Pentecostes
457 2691 580 2745 quae
602 2674 957 2740 imminebat;
983 2680 1040 2728 et
1058 2675 1148 2728 die
1172 2674 1312 2728 festo
1333 2674 1401 2728 ad
1424 2674 1670 2740 tertiam,

49 2766 299 2838 quando
330 2768 528 2818 cantor
557 2763 803 2834 incoepit,
849 2756 993 2827 Veni,
1030 2768 1245 2817 creator
1286 2764 1553 2832 Spiritus,
1585 2765 1676 2817 in-

47 2872 302 2926 gressus
332 2854 566 2908 chorum
595 2852 1066 2924 archiepiscopus,
1102 2868 1229 2907 cum
1275 2851 1488 2906 honore
1524 2852 1679 2906 misit

48 2945 231 2999 illum
261 2944 327 2999 in
356 2943 546 2997 sedem
577 2941 826 3004 abbatis;
857 2940 1059 2995 deinde
1089 2941 1147 2995 in
1176 2941 1383 2995 octavis
1412 2942 1678 2996 Penteco-

51 3039 177 3089 stes
192 3034 400 3104 jussus
420 3031 669 3103 perrexit
687 3031 757 3084 ad
779 3029 1247 3085 benedictionem.
1271 3030 1679 3085 Verumtamen

1757 1795 1917 1864 jussa
1962 1808 2074 1847 non
2122 1790 2344 1863 impleri
2389 1786 2777 1851 nuntiabatur,
2825 1783 3049 1838 dicebat
3087 1795 3099 1829 :
3136 1800 3159 1833 α
3204 1780 3361 1851 Saepe

1760 1880 2029 1936 mandata
2040 1879 2224 1945 Dei,et
2235 1877 2671 1950 praeterimus,et
2681 1870 3168 1935 sustinet.Quanto
3180 1866 3362 1938 magis

1760 1985 1863 2024 nos
1888 1969 2004 2041 pati
2032 1968 2316 2030 debemus,
2343 1966 2390 2020 si
2419 1969 2612 2019 nostra
2630 1965 3072 2017 contemnuntur
3091 1957 3295 2027 jussa?
3330 1975 3355 2008 ι

1759 2059 1825 2114 In
1855 2056 2113 2112 omnibus
2139 2061 2348 2121 autem,
2369 2054 2439 2108 ad
2459 2070 2581 2124 quae
2599 2052 2863 2129 animum
2881 2047 3217 2120 applicabat,
3235 2051 3360 2099 tan-

1761 2152 1882 2201 tum
1904 2146 2123 2200 valebat
2142 2149 2207 2199 ut
2226 2145 2340 2198 sive
2358 2142 2665 2197 secundum
2688 2140 2887 2203 Deum,
2913 2138 3028 2191 sive
3048 2134 3356 2191 secundum

1761 2236 2024 2290 saeculum
2064 2239 2212 2289 esset
2248 2231 2398 2288 unde
2440 2235 2722 2303 ageretur,
2756 2227 3018 2282 velociter
3047 2230 3104 2280 et
3134 2224 3357 2296 sapien-

1760 2325 1977 2379 tissime
2001 2321 2340 2378 dissolvebat
2369 2320 2559 2376 omnia
2577 2324 2633 2373 et
2662 2315 3050 2388 componebat.
3079 2313 3356 2368 Commis-

1761 2429 1951 2467 sarum
1981 2412 2087 2467 sibi
2117 2412 2437 2466 animarum
2459 2425 2647 2463 curam
2675 2405 2907 2478 gerebat
2938 2405 3264 2470 maximam,
3288 2417 3360 2456 ne

1761 2517 1873 2572 qua
1913 2503 2034 2572 ejus
2072 2499 2418 2571 negligentia
2462 2515 2527 2552 ex
2567 2496 2679 2550 illis
2729 2494 3030 2566 deperiret.
3070 2491 3202 2547 Vita
3238 2492 3360 2562 ejus

1762 2596 1974 2657 sancta,
2019 2589 2223 2652 sobria,
2257 2589 2494 2642 honesta
2537 2591 2594 2640 et
2635 2584 2951 2639 castissima
2980 2588 3121 2637 erat.
3163 2581 3360 2635 Sermo

1762 2680 1885 2749 ejus
1913 2694 2041 2732 raro
2070 2678 2317 2733 utilitate
2341 2674 2604 2743 carebat;
2637 2680 2693 2728 et
2720 2674 2777 2727 in
2809 2672 2944 2744 ipsis
2967 2670 3128 2742 joeis,
3158 2668 3205 2724 si
3234 2668 3359 2740 quis

1765 2767 1904 2822 bene
1923 2772 2203 2838 pensaret,
2221 2780 2627 2834 nonnunquam
2649 2761 3072 2818 aediﬁcationem
3094 2771 3360 2829 magnam

1762 2856 2100 2910 inveniebat.
2126 2855 2485 2910 Conversatio
2515 2856 2638 2924 ejus
2669 2851 2920 2905 modeste
2947 2849 3211 2918 religiosa
3235 2862 3358 2901 om-

1762 2944 1927 3000 nibus
1950 2944 2114 2998 bonis
2133 2941 2662 3016 placebat,infirmis
2679 2939 2857 3012 patris
2878 2942 3227 3003 50curam,
3250 2935 3359 3006 piae.

1761 3032 1959 3087 matris
1985 3033 2243 3086 affectum
2267 3029 2582 3085 exhibebat.
2606 3028 2741 3093 Quae
2760 3027 2829 3081 de
2852 3026 2950 3080 illo
2975 3024 3213 3079 dicimus
3232 3038 3359 3077 con-

53 3128 196 3177 ante
231 3121 470 3176 missam
500 3121 720 3175 locutus
748 3136 874 3173 cum
915 3118 1333 3190 archiepiscopo
1361 3120 1579 3189 rogavit
1606 3123 1738 3182 nec
1762 3122 2025 3187 viventes,
2042 3127 2098 3176 et
2111 3121 2277 3175 vicini
2297 3114 3175 3187 attestantur,comprovinciales,
3191 3116 3249 3167 et
3263 3112 3358 3184 qui

51 3229 116 3267 se
137 3216 379 3281 cogeret
398 3210 467 3264 ad
487 3208 909 3281 professionem,
934 3224 1103 3279 quam
1124 3208 1280 3262 nullo
1304 3209 1468 3262 modo
1493 3209 1679 3263 facere

52 3301 252 3367 vellet,
288 3299 421 3370 quia
449 3298 497 3352 si
530 3298 753 3363 faceret,
790 3313 1058 3368 magnum
1096 3296 1422 3351 scandalum
1456 3297 1513 3351 in
1549 3314 1676 3353 mo-

57 3388 323 3445 nasterio
348 3391 666 3458 generaret.
692 3386 777 3440 Ad
806 3386 925 3439 haec
946 3385 1395 3456 archiepiscopus
1418 3404 1430 3439 :
1460 3405 1484 3437 ε
1520 3386 1673 3453 Sine,

59 3480 164 3544 ait,
200 3477 351 3532 bene
380 3478 506 3530 erit.
542 3496 565 3526 ι
594 3477 848 3545 Cumque
874 3480 1097 3546 tempus
1128 3474 1309 3529 missae
1338 3474 1671 3540 advenisset,

60 3568 297 3624 oblatus
319 3571 406 3621 est
434 3566 504 3620 ad
535 3564 1011 3633 benedicendum;
1045 3568 1181 3618 tunc
1203 3563 1674 3635 archiepiscopus,

59 3663 265 3711 astans
288 3654 463 3710 sacris
484 3652 777 3717 altaribus,
798 3650 1186 3723 interrogabat
1204 3653 1363 3707 illum
1380 3654 1544 3722 juxta
1563 3670 1679 3707 mo-

60 3761 213 3811 rem,
255 3748 316 3797 et
351 3743 448 3796 ille
487 3742 556 3795 ad
595 3741 944 3811 interrogata
984 3739 1375 3812 respondebat,
1409 3746 1475 3794 ut
1510 3741 1671 3808 solet,

59 3834 247 3888 donec
269 3832 344 3886 ad
366 3830 507 3886 illud
529 3835 755 3885 ventum
778 3834 864 3883 est
883 3835 947 3884 ut
973 3829 1184 3883 diceret
1207 3847 1219 3883 :
1244 3851 1269 3878 ιι
1293 3828 1389 3883 Vis
1411 3829 1674 3886 obediens

60 3939 187 3977 esse
201 3919 599 3976 huicEcclesize
614 3924 671 3973 et
681 3918 905 3977 mihi.et
917 3918 1185 3989 legitimis
1202 3918 1632 3976 successoribus.
1643 3938 1672 3971 ι)

64 4012 141 4065 At
154 4011 250 4065 ille
264 4024 278 4059 :
298 4028 325 4061 α
344 4009 507 4063 Volo.
529 4027 556 4060 »
569 4008 725 4063 Tunc
735 4013 1025 4079 cmperunt
1037 4007 1212 4079 aliqui
1226 4007 1294 4061 de
1312 4007 1676 4063 circumstan-

1763 3228 1890 3266 eum
1910 3215 2186 3265 noverunt
2200 3209 2367 3279 longe
2379 3207 2546 3280 positi
2561 3222 2693 3261 vera
2709 3222 2832 3260 esse
2847 3207 3256 3259 contestantur.
3271 3202 3361 3258 In-

1761 3305 1851 3355 ter
1864 3300 1982 3354 hzec
1996 3298 2219 3353 assidue
2240 3297 2411 3352 tantis
2433 3296 2657 3368 pedum,
2675 3294 2893 3367 capitis,
2908 3299 2965 3348 et
2982 3293 3255 3347 viscerum
3267 3290 3363 3345 do-

1761 3389 1975 3444 loribus
1985 3387 2355 3458 torquebatur
2365 3391 2429 3441 ut
2442 3386 2526 3440 vix
2538 3402 2600 3440 se
2610 3385 2935 3440 sustineret.
2950 3379 3266 3453 Aliquando
3279 3379 3363 3434 ita

1763 3478 2033 3532 acerrime
2061 3476 2421 3532 cruciabatur
2459 3475 2628 3546 quod,
2681 3473 2827 3528 sicut
2872 3471 3184 3535 videbatur,
3218 3484 3361 3541 pene

1762 3566 2009 3621 animam
2041 3565 2351 3620 exhalaret.
2377 3564 2522 3618 Nam
2552 3578 2677 3617 cum
2702 3562 2772 3616 de
2797 3559 3031 3615 concilio
3053 3557 3364 3614 Clarimon-

1760 3655 1834 3710 tis
1875 3655 2105 3719 rediret,
2137 3654 2284 3708 sicut
2310 3669 2483 3724 supra
2525 3651 2785 3715 diximus,
2823 3649 3010 3720 gravis
3041 3663 3170 3702 eum
3202 3646 3362 3700 inﬁr-

1761 3744 1929 3799 mitas
1957 3743 2248 3814 corripuit,
2293 3759 2416 3813 quae
2445 3741 2523 3796 sic
2553 3756 2681 3795 eum
2710 3738 3022 3794 debilitavit
3049 3741 3114 3791 ut
3152 3736 3211 3790 in
3242 3739 3364 3789 tota

1759 3832 1873 3886 vita
1900 3848 2003 3886 sua
2033 3848 2144 3885 non
2174 3831 2417 3902 perfecte
2441 3835 2635 3900 postea
2662 3826 3028 3890 convaluerit,
3053 3830 3128 3892 et,
3150 3830 3217 3879 ut
3239 3840 3363 3878 ma-

1757 3921 1845 3990 gis
1874 3921 1996 3991 ejus
2022 3920 2297 3991 patientia
2322 3917 2657 3989 probaretur
2675 3921 2731 3971 et
2753 3917 2941 3987 justus
2953 3913 3161 3987 justior
3177 3914 3357 3977 ﬁeret,

1759 4009 1943 4063 adhuc
1974 4010 2197 4080 plagam
2231 4007 2496 4062 caecitatis
2532 4005 2726 4060 intulit
2770 4005 2822 4059 ei
2862 4003 3152 4059 Dominus.
3183 4002 3260 4056 At
3286 4001 3361 4056 ile

70 4100 219 4154 tibus
249 4098 471 4153 clericis
509 4113 713 4168 urgere
750 4102 816 4150 ut
859 4096 1071 4150 diceret
1101 4115 1115 4149 :
1155 4115 1179 4147 σ
1215 4096 1506 4156 Proﬁteor.
1546 4116 1569 4148 ι
1603 4100 1678 4152 At
1756 4097 2057 4168 gaudebat,
2090 4097 2305 4166 gratias
2346 4096 2461 4151 Deo
2493 4094 2711 4164 agebat,
2739 4109 2962 4165 semper
2989 4093 3174 4160 laetus,
3209 4107 3359 4146 sem-

67 4189 159 4242 ille
188 4188 402 4242 iterum
436 4185 579 4239 dixit
603 4207 615 4239 :
644 4205 669 4233 ιι
697 4184 852 4238 Volo.
878 4203 906 4236 io
940 4186 1122 4255 Atque
1150 4201 1277 4238 cum
1308 4185 1585 4239 instarent
1613 4190 1678 4239 ut

1759 4204 1860 4257 per
1874 4191 2201 4240 mansuetus
2218 4190 2358 4247 erat,
2375 4183 2587 4238 sciebat
2601 4183 2734 4255 quia
2750 4182 2931 4236 virtus
2946 4183 3011 4235 in
3026 4183 3251 4249 inﬁrmi
3254 4185 3361 4235 tate

73 4296 95 4327 ι
125 4277 403 4348 profiteor
425 4293 449 4324 ι
482 4273 865 4344 responderet,
899 4272 1040 4327 dixit
1068 4274 1272 4327 tertio:
1302 4291 1327 4325 «
1356 4275 1496 4328 Volo
1527 4281 1581 4328 et
1610 4291 1676 4329 ex
1752 4279 2044 4345 perﬁcitur
2061 4274 2150 4344 {II
2167 4275 2288 4329 Cor.
2322 4288 2420 4339 xu,
2443 4272 2525 4339 9);
2556 4277 2613 4326 et
2642 4277 2851 4343 quanto
2881 4270 3126 4325 exterius
3145 4269 3361 4341 afﬂige-

70 4365 235 4420 corde
251 4365 401 4418 volo.
426 4383 448 4413 ι
468 4362 625 4417 Tunc
637 4362 883 4417 Joannes
902 4367 1110 4416 sanctae
1129 4362 1397 4416 Romanae
1413 4361 1676 4417 Ecclesiae

1758 4364 1945 4429 batur,
2000 4368 2158 4417 tanto
2212 4361 2448 4416 interius
2502 4361 2688 4431 gratia
2747 4360 2798 4415 ei
2853 4359 3352 4431 augmentabatur.

71 4454 311 4524 legatus,
336 4451 434 4522 qui
461 4451 540 4505 ibi
562 4451 703 4505 forte
723 4450 949 4505 aderat:
973 4469 1000 4502 at
1020 4451 1145 4504 Non
1170 4451 1399 4515 auditis,
1421 4451 1522 4512 ait,
1544 4452 1673 4523 quid
1704 4438 1969 4507 DVerum
1989 4458 2181 4523 postea
2194 4451 2293 4505 Dei
2314 4452 2673 4506 miseratione
2695 4451 2935 4522 quodam
2954 4449 3360 4505 medicamento

72 4544 243 4598 dicit?
276 4541 415 4614 quid
440 4541 684 4612 amplius
712 4540 923 4593 vultis?
951 4559 971 4590 ι
998 4539 1200 4610 Sicque
1225 4540 1677 4612 archiepiscopus

72 4631 363 4687 benedixit
372 4646 523 4686 eum.
539 4630 732 4683 Altera
747 4628 839 4683 die
850 4627 1022 4682 abbas
1036 4645 1292 4682 reversus
1305 4633 1391 4683 est
1409 4629 1642 4683 Beccum
1659 4648 1674 4697 ;

76 4728 383 4776 conventus
404 4734 552 4784 vero,
567 4718 741 4772 sacris
752 4716 1001 4772 vestibus
1017 4716 1266 4781 indutus,
1280 4717 1540 4771 ordinata
1551 4735 1677 4789 pro-

77 4810 347 4875 cessione,
370 4806 542 4861 exivit
563 4806 782 4861 obviam
800 4806 1067 4860 venienti.
1090 4808 1166 4860 At
1192 4806 1286 4860 ille
1307 4807 1551 4861 occurrit
1569 4807 1677 4861 hu-

83 4898 292 4953 militer
313 4895 681 4969 processioni,
715 4894 881 4948 nudis
900 4894 1153 4965 pedibus,
1177 4894 1307 4948 licet
1333 4895 1591 4960 infirmis,
1623 4899 1680 4949 et

78 4990 372 5057 susceptus
391 4988 479 5038 est
498 4999 626 5037 cum
656 4998 860 5053 magno
879 4982 1106 5053 gaudio,
1130 4983 1275 5037 sicut
1292 4988 1417 5037 erat
1440 4999 1676 5037 consue-

78 5076 211 5129 tudo
237 5073 421 5146 ipsius
441 5072 720 5127 Ecclesiaa.
747 5072 1053 5127 Ordinatus
1074 5071 1265 5143 itaque
1286 5072 1678 5143 perseverabat

81 5162 535 5219 constantissime
552 5161 698 5232 quod
718 5160 919 5215 fuerat.
943 5161 1236 5232 Superbia,
1260 5167 1317 5215 et
1332 5161 1673 5231 arrogantia,

82 5254 294 5308 nullum
344 5250 405 5305 in
456 5266 522 5304 eo
568 5251 750 5305 locum
804 5248 1079 5316 habebat;
1124 5250 1354 5304 humilis
1398 5250 1457 5304 in
1486 5251 1673 5315 corde,

77 5342 356 5412 jucundus
386 5339 447 5393 in
476 5354 752 5404 sermone,
782 5339 977 5393 hilaris
1004 5339 1060 5392 in
1098 5339 1252 5392 vultu
1281 5355 1507 5409 semper
1533 5344 1675 5405 erat,

87 5432 369 5485 modestus
406 5428 465 5481 in
512 5416 727 5492 habitu,
773 5443 974 5498 parcus
1019 5427 1077 5480 in
1123 5427 1292 5492 victu,
1327 5427 1573 5499 prudens
1621 5426 1678 5483 in

89 5526 226 5585 actu,
245 5520 305 5573 in
325 5515 700 5587 suscipiendis
719 5515 1034 5586 hospitibus
1055 5516 1271 5583 hilaris,
1292 5515 1350 5570 in
1367 5515 1680 5570 exhibendo

91 5608 415 5680 obsequium
457 5605 722 5660 liberalis.
753 5604 890 5669 Quis
920 5604 1083 5659 illum
1111 5604 1399 5659 desolatus
1423 5605 1582 5672 adiit,
1623 5611 1683 5659 et

1761 4540 1973 4611 recepit
2023 4541 2219 4594 visum.
2252 4539 2501 4594 Tandem
2552 4539 2796 4612 paralysi
2842 4539 3167 4604 dissolutus,
3217 4539 3361 4593 lecto

1759 4628 2155 4701 prosternitur,
2188 4633 2460 4699 tantaque
2489 4628 2948 4683 incommoditate
2979 4628 3359 4683 membrorum

1761 4717 2165 4773 molestabatur
2194 4733 2293 4787 per
2321 4717 2551 4787 longum
2580 4723 2805 4788 tempus
2834 4723 2899 4772 ut
2925 4734 3028 4772 nec
3056 4718 3125 4772 de
3158 4718 3359 4773 lectulo

1760 4823 2011 4876 surgere,
2059 4822 2162 4860 nec
2213 4810 2379 4869 stare,
2431 4806 2516 4859 vel
2561 4805 2839 4873 incedere,
2891 4807 2988 4860 sed
3035 4822 3138 4861 nec
3170 4807 3359 4876 jacere

1762 4896 1992 4950 valeret.
2030 4894 2273 4950 Sedebat
2303 4899 2492 4948 autem
2523 4893 2579 4948 in
2608 4894 2769 4959 lecto,
2802 4899 2857 4948 et
2886 4894 3083 4948 dextra
3113 4895 3359 4964 laevaque

1758 4985 1973 5056 paratis
1998 4984 2068 5039 ad
2109 4985 2215 5038 hoc
2242 4983 2485 5056 pulvillis
2526 4990 2698 5054 caput
2735 4982 3063 5047 reclinabat,
3097 4990 3153 5038 et
3185 4983 3357 5037 talem

1759 5074 1930 5128 vitam
1984 5089 2263 5128 carcerem
2322 5072 2590 5140 vocabat;
2634 5078 2694 5126 et
2740 5088 2867 5126 vere
2907 5072 2988 5126 ita
3031 5077 3175 5137 erat,
3224 5088 3356 5126 nam

1760 5164 1906 5217 sicut
1929 5163 1987 5217 in
2010 5180 2230 5217 carcere
2251 5163 2458 5233 ligatus
2481 5162 2739 5233 progredi
2771 5161 2989 5232 uspiam
3016 5176 3127 5215 non
3150 5165 3353 5232 potest,

1761 5251 1842 5306 ita
1863 5252 2029 5306 homo
2054 5252 2155 5306 Dei
2185 5252 2422 5306 vinculis
2450 5251 2618 5320 hujus
2645 5249 2992 5322 aegritudinis
3009 5249 3357 5321 compeditus

1761 5341 1831 5394 de
1883 5341 2025 5394 lecto
2079 5340 2228 5394 exire
2280 5357 2393 5394 non
2447 5345 2667 5411 poterat
2727 5341 2836 5394 Cor
2888 5345 3077 5393 tamen
3133 5354 3359 5410 semper

1760 5429 1973 5483 habens
1994 5429 2062 5482 ad
2097 5429 2295 5494 Deum,
2329 5444 2555 5483 sensum
2598 5429 2881 5499 integrum
2916 5444 3043 5482 cum
3074 5443 3355 5497 sermone,

1763 5517 2096 5587 sapientiam
2129 5522 2187 5570 et
2229 5517 2575 5571 intellectum
2623 5516 2919 5581 retinebat,
2954 5516 3286 5589 patientiam
3323 5533 3359 5571 a

1761 5606 1879 5660 Deo
1899 5606 2005 5660 sibi
2025 5605 2286 5676 poscebat
2302 5605 2637 5671 conservari,
2669 5622 2738 5660 ne
2766 5614 3146 5660 murmuraret
3163 5612 3361 5662 contra
