3920 6362
541 273 642 353 73,1

1491 287 1590 345 AD
1628 289 1869 350 OPERA
1902 294 1968 350 Β.
2009 293 2425 351 LANFRANCI
2463 289 2855 348 APPENDIX.

3703 289 3826 350 732

539 400 921 501 flagellaDei.
954 405 1503 481 Quamﬂpatientiam
1540 415 1622 470 ita
1649 434 1825 489 usque
1852 420 1922 474 ad
1958 416 2510 486 ﬁneonmittebat
2538 415 2840 501 quominus
2876 415 2947 470 ad
2982 414 3254 487 capellam
3292 414 3553 485 manibus
3580 415 3829 472 ducere-

538 491 791 569 possedit
809 498 873 547 ut
894 493 1048 571 inter
1067 502 1255 571 tantas
1273 505 1328 553 et
1353 506 1468 555 tam
1500 519 1731 575 magnas
1749 522 2029 577 corporea":
2054 508 2138 564 in-

542 578 829 657 ﬁrmitatis
848 583 1137 654 angustias
1158 592 1214 641 et
1233 588 1633 645 sollicitudines
1656 594 1910 665 Ecclesiae
1931 597 2129 665 varias,

543 682 667 745 qua:
796 686 922 724 eum
947 673 1170 749 consilii
1199 692 1367 751 causa
1400 678 1803 747 referebantur,
1846 700 2133 756 nunquam

542 757 907 837 perturbatus
937 760 1029 827 sit,
1066 762 1163 816 sed
1186 770 1717 839 .menteltranquilla
1743 774 2137 843 convenienter

542 846 935 923 respondebat,
978 856 1036 904 et
1064 852 1355 923 sapienter
1380 846 1567 929 omnia
1597 858 1946 930 disponebat.
1978 866 2136 933 Saepe

542 934 670 1011 cum
700 950 736 1009 _a
756 936 1029 993 ministris
1060 940 1360 996 Ecclesiam
1387 944 1578 1015 inopia
1593 949 1819 1017 gravari
1847 951 2129 1019 audiebat,

545 1021 797 1101 dicebat:
828 1044 851 1076 ι
877 1026 1043 1101 Deus,
1064 1029 1268 1098 adjuva
1290 1047 1424 1096 nos;
1459 1033 1627 1098 Deus,
1651 1039 1877 1091 consule
1897 1039 2074 1093 nobis.
2104 1059 2127 1091 ι

542 1110 612 1164 Et
632 1127 825 1188 revera
843 1114 1118 1193 auxilium
1158 1124 1215 1172 et
1244 1121 1534 1176 consilium
1563 1123 1663 1177 Dei
1684 1125 1789 1180 sibi
1808 1143 1919 1180 non
1940 1129 2134 1183 deesse

540 1198 615 1287 in
632 1200 822 1287 multis
848 1202 1121 1272 probavit.
1146 1207 1308 1261 Multi
1330 1210 1479 1263 enim
1504 1212 1681 1266 multa
1707 1214 1858 1269 illius
1884 1222 2136 1287 tempore

538 1286 646 1357 ipsi
673 1288 796 1376 loco
820 1293 1200 1369 contulerunt,
1233 1312 1265 1348 e
1290 1298 1491 1367 quibus
1524 1301 1615 1370 υἱ,
1644 1302 1863 1374 quibus|
1890 1286 2136 1376 persaepe

538 1370 787 1459 revelata
814 1385 898 1433 est
927 1383 1164 1450 penuria
1206 1384 1467 1463 fratrum.
1516 1388 1578 1442 In
1618 1370 2139 1459 grossiorisinistri

540 1464 700 1535 pedis
724 1466 917 1545 ,digito
959 1470 1411 1543 dolor‘surgens,
1456 1492 1558 1546 per
1583 1474 1765 1532 totum
1794 1497 1994 1551 corpus
2023 1481 2132 1536 dif-

541 1551 900 1632 fundebatur,
950 1564 1019 1637 et
1047 1564 1162 1612 tam
1188 1561 1400 1637 acerbo
1429 1563 1587 1637 illum
1619 1569 1871 1641 cruciatu
1905 1569 2138 1641 vexabat

541 1646 608 1721 ut
634 1658 806 1721 prOpe
835 1644 1083 1724 animam
1115 1655 1489 1727 extorqueret.
1514 1653 1595 1709 De
1623 1655 1743 1726 ipso
1776 1658 1931 1726 pedis
1959 1659 2135 1730 digito

2217 515 2312 571 tur
2337 508 2661 572 admissam,
2703 505 2873 558 etiam
2922 504 3045 576 ipsa
3085 503 3177 557 die
3222 519 3336 574 qua
3363 504 3624 574 sequenti
3654 512 3831 575 nocte

2218 596 2374 652 obiit.
2415 578 2539 653 Jain
2586 582 2998 648 destituebatur
3043 592 3290 662 corporis
3337 591 3569 658 viribus,
3612 599 3671 646 et
3717 610 3829 648 vox

2217 686 2381 740 solito
2402 683 2720 754 languidior
2747 688 2871 736 erat
2890 689 2961 749 ut
2981 681 3068 734 vix
3098 680 3523 751 intelligeretur,
3549 686 3607 735 et
3634 681 3832 735 adhuc

2217 772 2499 843 integrum
2534 769 2814 826 retinebat
2840 786 3088 824 sensum.
3119 770 3368 839 Rogatus
3393 787 3427 823 a
3456 770 3729 823 fratribus
3758 776 3831 824 ut

2218 878 2319 933 pro
2357 862 2438 915 eis
2481 865 2727 931 rogaret,
2778 859 2918 929 dixit
2954 875 3014 911 se
3042 857 3250 929 habere
3300 860 3358 912 in
3413 859 3729 931 voluntate,
3773 859 3829 912 si

2218 951 2366 1006 Deus
2390 950 2719 1004 concederet
2744 948 2868 1002 sibi.
2884 948 3222 1002 Imminente
3236 947 3353 1016 jam
3376 954 3540 1017 nocte
3565 948 3827 1018 perlatus

2216 1038 2374 1093 estin
2387 1053 2739 1093 communem
2752 1036 2990 1090 fratrum
3010 1035 3361 1089 infirmorum
3380 1034 3821 1105 habitationem,

2215 1133 2281 1182 ut
2308 1128 2457 1181 inter
2483 1127 2609 1180 illos
2638 1131 2980 1192 moreretur;
3014 1124 3163 1195 quod
3190 1124 3400 1178 factum
3437 1124 3546 1177 sibi
3581 1124 3821 1196 placuit.

2218 1216 2381 1271 Circa
2414 1216 2656 1270 mediam
2685 1220 2925 1279 noctem,
2948 1213 3082 1281 dum
3112 1213 3401 1266 matutina;
3425 1218 3826 1287 cantarentur,

2218 1305 2406 1359 sonitu
2446 1304 2650 1359 tabulas
2690 1302 2891 1356 fratres
2936 1301 3099 1356 acciti
3139 1307 3540 1365 convenerunt,
3570 1307 3649 1366 et,
3684 1317 3829 1355 can-

2217 1393 2468 1457 tantibus
2493 1393 2604 1447 illis
2636 1398 2848 1463 septem
2877 1391 3122 1462 psalmos
3153 1406 3279 1444 cum
3302 1389 3523 1461 litania.
3552 1390 3829 1461 spiritum

2217 1481 2511 1535 exhalavit.
2539 1482 2755 1550 Corpus
2786 1472 3061 1543 ablutum,
3089 1484 3148 1533 et
3173 1477 3437 1549 vestibus,
3466 1486 3529 1533 ut
3555 1495 3678 1553 mos
3709 1484 3824 1545 est,

2217 1569 2612 1624 convenienter
2639 1568 2919 1633 indutum,
2945 1567 3003 1637 in
3034 1567 3324 1621 ecclesiam
3352 1573 3440 1621 est
3466 1567 3742 1631 delatum,
3769 1573 3834 1623 et

2217 1656 2294 1711 ibi
2321 1665 2437 1712 tota
2460 1657 2549 1712 die
2573 1674 2699 1712 cum
2732 1656 2990 1727 sequenti
3016 1662 3177 1710 nocte
3209 1672 3243 1708 a
3279 1655 3546 1727 fratribus
3568 1654 3832 1711 custodi-

540 1728 760 1783 vermes
803 1739 1080 1788 scatentes
1124 1741 1543 1817 extractisunt.
1580 1743 1687 1817 Sed
1724 1761 1835 1799 non
1874 1747 1955 1801 sic
1979 1728 2200 1803 dolorB
2221 1752 2362 1809 tum,
2418 1752 2587 1816 atque
2631 1746 2690 1799 in
2736 1743 3042 1798 crastinum
3101 1743 3159 1815 in
3207 1743 3452 1815 capitulo
3504 1742 3576 1797 ad
3622 1743 3829 1817 laevam

545 1817 773 1908 quievit.
795 1820 1023 1903 Dicebat
1040 1830 1230 1879 autem
1250 1828 1318 1903 ad
1334 1845 1394 1882 se
1411 1826 1782 1905 venientibus,
1799 1841 1856 1888 et
1876 1835 1944 1889 de
1965 1836 2141 1908 ipsius

543 1905 892 1962 inﬁrmitatis
902 1912 1205 1992 acerbitate
1215 1932 1340 1991 cum
1358 1934 1423 1972 eo
1436 1904 1943 1977 sermocinantibus
1961 1904 2008 1975 :i
2030 1904 2141 1977 hla-

543 2009 659 2065 gna
673 2002 761 2049 est
778 2013 953 2078 quam.
966 2001 1150 2077 patior
1166 2004 1456 2081 aegritudo,
1478 2013 1536 2062 et
1552 2009 1699 2063 ultra
1717 2027 1885 2083 quam
1909 2011 2017 2085 dici
2039 2027 2139 2082 po-

542 2089 657 2147 test
671 2086 926 2163 molesta,
943 2094 999 2143 et
1014 2090 1061 2165 si
1075 2091 1223 2147 Deus
1235 2095 1561 2160 vellet,satis
1577 2098 1715 2152 mihi
1727 2106 1957 2171 esset.et
1969 2101 2139 2167 vitam

543 2187 671 2255 cum
693 2175 1024 2244 aegritudine
1044 2180 1203 2235 ﬁnire
1231 2184 1570 2253 gauderem;
1599 2188 1695 2241 sed
1718 2204 1829 2243 non
1856 2188 1938 2241 illi
1957 2189 2141 2243 adhuc

545 2260 746 2349 placet.
770 2263 968 2319 Adhuc
993 2267 1144 2322 videt
1171 2269 1351 2333 inme
1380 2273 1591 2349 aliquid
1622 2276 2045 2345 ﬂagellandum,
2084 2283 2143 2330 et

545 2348 766 2427 ﬂagello
778 2354 1209 2419 emendandum,
1235 2361 1335 2413 fiat
1349 2348 1601 2417 voluntas
1614 2365 1755 2433 ejus.
1772 2366 1961 2430 Orate,
1990 2382 2142 2436 quae-

546 2455 629 2505 so,
671 2445 736 2492 ut
775 2441 912 2494 mihi
943 2452 1232 2523 conservet
1274 2449 1624 2517 patientiam,
1678 2468 1748 2505 ne
1787 2452 1919 2524 quid
1950 2460 2144 2507 contra

544 2524 967 2598 dispositionem
1001 2534 1124 2601 ejus
1161 2536 1421 2606 cogitem,
1454 2538 1538 2591 vel
1568 2539 1775 2595 dicam.
1809 2561 1830 2590 ι
1871 2542 1994 2595 Una
2024 2524 2144 2595 die-

547 2632 675 2699 rum
696 2617 869 2671 frater
884 2620 1109 2690 quidam
1130 2624 1279 2678 venit
1300 2625 1370 2678 ad
1392 2643 1540 2687 eum,
1556 2635 1619 2681 ut
1637 2628 1847 2682 videret
1861 2631 2140 2700 quomodo

651 2708 935 2789 esset.(_3ui
959 2710 1162 2765 abbas:
1191 2730 1217 2765 α
1242 2713 1306 2768 In
1338 2721 1515 2781 tanta,
1546 2716 1749 2787 inquit,
1775 2718 2142 2773 tribulatione

546 2810 692 2866 sum,
717 2802 781 2877 ut
805 2797 959 2879 nullo
990 2800 1153 2854 modo
1192 2804 1339 2872 quod
1362 2804 1546 2875 patior
1564 2822 1827 2860 enarrare
1850 2808 2085 2879 possim.
2111 2827 2139 2861 ν

545 2882 617 2938 Et
643 2884 797 2939 siluit
827 2903 1048 2957 parum,
1089 2890 1282 2962 sicque
1313 2879 1538 2971 demum
1568 2881 1867 2949 subintulit
1904 2915 1916 2950 :
1964 2914 1991 2947 α
2034 2897 2144 2952 Sed

2222 1840 2401 1891 sancti
2427 1834 2613 1889 Patris
2643 1833 2897 1888 Herluini
2941 1848 3070 1903 cum
3102 1830 3313 1886 honore
3349 1838 3408 1885 et
3442 1848 3648 1905 magno
3677 1832 3834 1886 {ilio-

2220 1939 2348 1977 rum
2403 1923 2596 1977 dolore
2654 1923 2968 1976 humatum.
3030 1920 3401 1974 Honorandus
3430 1920 3833 2001 .Pratellensis

2222 2010 2394 2065 abbas
2425 2009 2737 2065 Richardus
2768 2009 3028 2067 ultimum
3066 2008 3366 2079 sepulturae
3406 2004 3669 2062 decenter
3711 2008 3833 2085 im-

2221 2099 2393 2171 plevit
2437 2084 2795 2169 obsequium.
2850 2097 3129 2152 Nativitas
3179 2103 3303 2151 erat
3355 2097 3535 2165 sancti
3586 2084 3832 2173 Joannis

2222 2188 2487 2259 Baptistae
2515 2187 2606 2241 die
2626 2203 2739 2256 qua
2765 2185 2922 2257 obiit,
2945 2192 3002 2241 et
3031 2185 3251 2256 magnis
3270 2185 3492 2258 gaudiis
3512 2186 3829 2240 laetandum

2224 2282 2283 2332 et
2308 2277 2700 2332 exsultandum
2732 2270 2850 2329 erat
2891 2275 2949 2329 in
2974 2274 3330 2328 solemnitate
3361 2274 3528 2340 illius,
3560 2274 3619 2328 in
3657 2275 3831 2345 cujus

2225 2370 2421 2419 exortu
2469 2365 2629 2418 multi
2675 2363 2921 2435 gavisuri
2970 2363 3219 2434 praedicti
3265 2370 3398 2417 sunt
3439 2364 3581 2433 (Luc.
3622 2377 3665 2431 I,
3705 2364 3826 2430 14),

2226 2454 2322 2509 sed
2369 2470 2484 2508 non
2513 2454 2702 2507 dolere
2746 2453 2949 2507 fratres
2976 2453 3047 2506 de
3080 2452 3385 2506 amissione
3417 2453 3539 2523 ejus
3568 2468 3681 2506 non
3718 2468 3830 2524 po-

2226 2548 2415 2596 terant
2454 2530 2524 2595 de
2566 2558 2677 2612 quo
2723 2540 3085 2612 irreparabile
3128 2540 3417 2594 dammum
3454 2546 3820 2610 acceperant.

2221 2631 2377 2684 Tunc
2406 2630 2700 2703 impletum
2728 2634 2815 2682 est
2853 2628 3003 2700 quod
3032 2627 3171 2682 dixit
3198 2629 3473 2699 prepheta
3499 2645 3511 2681 :
3548 2630 3667 2682 Dies
3690 2630 3833 2697 festi

2222 2718 2400 2773 nostri
2424 2735 2500 2772 cc:
2519 2724 2709 2773 tentur
2730 2720 2793 2772 in
2817 2721 3268 2791 lamentationem
3288 2722 3339 2769 et
3361 2716 3573 2787 luctum
3596 2717 3719 2789 (Τοῦ
3761 2729 3830 2789 η,

2226 2806 2297 2867 6).
2323 2808 2456 2878 Ejus
2484 2808 2603 2861 dies
2626 2807 2808 2860 aetatis
2838 2806 2917 2860 sic
2942 2811 3377 2877 computantur:
3417 2792 3834 2885 Vigintiptrium:

2227 2910 2503 2950 annorum
2533 2902 2657 2950 erat
2684 2895 2909 2965 quando
2940 2888 3118 2948 factus
3147 2900 3233 2948 est
3267 2894 3603 2968 monachus,
3625 2891 3834 2967 viginti

545 2973 731 3043 gratia
751 2974 856 3029 Dei
886 2976 1073 3031 anima
1098 2996 1221 3034 mea
1243 2981 1297 3034 in
1318 2998 1524 3052 magna
1549 2984 1961 3055 tranquillitate
1982 2993 2087 3040 est.
2111 3005 2136 3037 ι
2228 3001 2321 3057 sex
2347 2984 2511 3038 annis
2538 2984 2645 3038 fuit
2680 2984 2800 3038 sine
2830 2983 3174 3054 praelatione,
3210 2999 3406 3037 novem
3444 2983 3607 3049 annis
3648 2984 3831 3054 prior,

548 3062 803 3145 Cumque
828 3065 952 3133 jam
989 3075 1229 3143 mortem
1276 3070 1572 3126 imminere
1617 3080 1891 3150 cerneret,
1924 3059 2204 3144 rogavitC
2226 3072 2517 3127 duodecim
2547 3072 2709 3126 annis
2730 3078 2788 3126 et
2810 3071 3005 3144 viginti
3027 3071 3245 3126 duobus
3265 3072 3462 3127 diebus
3488 3060 3835 3147 Beecensem

546 3166 608 3219 se
637 3151 852 3235 visitari
882 3171 915 3208 a
954 3153 1221 3212 fratribus
1263 3164 1320 3235 et
1362 3160 1550 3215 debita
1592 3162 1961 3217 morientibus
1996 3164 2146 3235 eirea

548 3255 611 3307 se
663 3232 949 3321 compleri.
998 3244 1218 3325 Adsunt
1266 3232 1468 3325 fratres
1521 3255 1577 3303 et
1631 3249 1920 3305 absolutus
1976 3232 2146 3323 atque

545 3327 927 3414 inunctu‘sest.
945 3337 1002 3409 et
1020 3322 1221 3414 caetera
1241 3322 1384 3391 circa
1407 3336 1562 3392 illum
1580 3340 1743 3411 juxta
1759 3322 2143 3413 Christianum

550 3433 765 3496 morem
791 3412 1090 3489 diligenter
1119 3412 1345 3494 peracta
1371 3434 1522 3479 sunt.
1553 3428 1763 3483 Deinde
1791 3429 2006 3499 rogavit
2028 3412 2143 3484 fra-

548 3511 668 3587 tres
802 3525 900 3578 pro
938 3526 997 3563 se
1036 3519 1284 3579 orarent,
1323 3521 1381 3568 et
1411 3512 1765 3571 dimitterent
1792 3517 1839 3570 si
1870 3518 1927 3571 in
1956 3519 2145 3589 aliquo

550 3611 647 3663 eos
693 3597 1055 3653 offendisset:
1095 3618 1119 3651 e
1169 3602 1349 3679 Licet,
1395 3610 1513 3667 aut,
1549 3622 1660 3659 non
1690 3607 1922 3660 memini
1962 3624 2051 3661 me
2088 3608 2147 3661 in

553 3700 893 3767 quemquam
946 3694 1196 3767 vestrum
1247 3691 1567 3763 deliquisse,
1601 3696 1910 3771 monachus
1967 3703 2149 3771 vester

549 3773 651 3843 fui.
694 3775 851 3845 prior
898 3766 1082 3858 vester
1128 3784 1186 3833 et
1229 3779 1401 3859 abbas
1441 3766 1668 3859 exstiti;
1717 3766 1858 3837 nulli
1899 3766 2150 3859 unquam

547 3862 815 3947 injuriam
837 3866 961 3929 feci,
986 3878 1044 3922 et
1058 3874 1123 3921 ut
1143 3869 1322 3949 verbis
1347 3872 1597 3942 Apostoli
1620 3880 1748 3927 utar
1766 3873 1819 3935 (Ι
1834 3876 1957 3928 6ον.
1976 3886 2052 3936 Iv,
2072 3871 2147 3951 4),

550 3958 850 4036 postquam
899 3952 970 4009 ad
1015 3956 1164 4029 hunc
1206 3959 1461 4035 ordinem
1505 3960 1652 4027 veni,
1685 3977 1797 4015 non
1840 3977 1965 4015 sum
2011 3959 2150 4014 mihi

552 4046 809 4121 conscius
848 4063 937 4125 me
982 4048 1151 4125 alicui
1200 4050 1396 4127 fecisse
1445 4053 1594 4123 quod
1643 4068 1756 4107 non
1808 4051 1949 4125 bene
2002 4053 2147 4121 exis-

550 4132 839 4188 timassem
874 4135 1075 4191 facere.
1096 4157 1119 4189 ι
1144 4139 1206 4213 In
1232 4145 1347 4213 tam
1383 4141 1541 4211 gravi
1570 4141 1819 4212 corporis
1847 4140 2149 4213 afﬂictione

550 4223 686 4304 fecit
708 4225 861 4299 duos
891 4242 1066 4280 annos
1088 4233 1146 4282 et
1171 4228 1486 4285 dimidium.
1523 4230 1752 4284 Missam
1776 4229 2027 4299 quotidie
2050 4244 2148 4281 au-

553 4304 766 4379 diebat,
800 4328 903 4368 nec
945 4323 1177 4388 propter
1205 4318 1589 4374 membrorum
1632 4318 2148 4372 incommoditatem

2228 3162 2533 3231 honorilice
2566 3148 2847 3216 abbatiam
2882 3160 3040 3214 rexit.
3064 3161 3235 3222 Cuius
3256 3161 3547 3232 regiminis
3574 3167 3838 3238 tempore

2228 3252 2465 3325 multam
2495 3267 2722 3320 gravem
2757 3249 3103 3323 paupertatis
3128 3249 3373 3322 inopiam
3405 3250 3649 3304 Ecclesia
3670 3249 3839 3305 Becci

2229 3324 2518 3394 sustinuit.
2570 3338 2720 3393 Obiit
2762 3344 2948 3392 autem
2996 3338 3411 3411 septuagesimo
3441 3338 3620 3409 primo
3647 3324 3839 3394 aetatis

2226 3446 2343 3483 sua;
2369 3444 2540 3492 anno,
2566 3434 2764 3482 octavo
2783 3427 3070 3482 Kalendas
3095 3427 3250 3493 Julii,
3273 3444 3421 3482 anno
3446 3427 3671 3481 Domini
3700 3428 3837 3497 mil-

2227 3518 2423 3591 lesimo
2473 3516 2781 3571 centesimo
2811 3516 3102 3586 trigesimo
3144 3522 3321 3570 sexto.
3353 3516 3425 3569 Hi
3454 3523 3567 3569 tres
3603 3516 3834 3591 fratres,

2229 3590 2298 3661 de
2336 3604 2541 3677 quibus
2592 3621 2770 3676 pauca
2815 3604 3075 3667 duximus,
3125 3605 3391 3673 ordinem,
3422 3604 3735 3681 nativitatis
3760 3590 3837 3681 in

2228 3701 2411 3765 morte
2447 3710 2669 3766 quoque
2706 3699 2847 3748 nutu
2894 3692 2996 3763 Dei
3043 3699 3424 3769 servaverunt.
3472 3693 3839 3769 NamGisle-

2228 3782 2421 3838 bertus
2456 3765 2552 3855 qui
2589 3784 2769 3852 major
2808 3781 2914 3836 fuit
2949 3765 3108 3857 natu,
3141 3782 3295 3857 prior
3340 3781 3509 3857 obiit;
3570 3766 3838 3857 dominus

2230 3871 2402 3945 abbas
2447 3872 2608 3935 Boso,
2642 3877 2699 3924 et
2725 3876 2855 3943 ortu
2886 3874 2943 3923 et
2970 3868 3126 3923 obitu
3167 3877 3392 3923 secutus
3433 3876 3557 3943 est;
3600 3869 3838 3945 Bainal-

2231 3943 2337 4035 dus
2387 3968 2720 4037 extremum,
2763 3964 2821 4013 et
2866 3958 3131 4033 nascendi
3160 3964 3219 4031 et
3262 3957 3537 4033 moriendi
3577 3943 3838 4013 ordinem

2230 4057 2294 4125 ὃ
2309 4057 2347 4114 ι
2375 4049 2578 4123 tenuit.
2607 4047 2820 4121 Quibus
2843 4046 3093 4119 requiem
3121 4054 3347 4122 aeterna:
3367 4047 3757 4125 beatitudinis,
3781 4054 3841 4101 et

2230 4122 2399 4192 vitam
2430 4122 2549 4192 sine
2570 4139 2680 4191 fine
2709 4152 3032 4205 mansuram
3062 4135 3313 4203 conferat
3342 4122 3618 4209 benignus
3650 4122 3838 4189 salva-

2228 4232 2320 4302 tor
2346 4233 2539 4303 noster
2582 4225 2851 4300 Dominus
2884 4225 3046 4298 Iesus
3087 4224 3365 4299 Christus,
3397 4225 3493 4297 qui
3530 4224 3681 4279 Deus
3709 4240 3835 4278 cum

2231 4316 2401 4370 Patre
2433 4323 2493 4369 et
2516 4314 2732 4386 Spiritu
2760 4319 2924 4368 santo
2952 4313 3086 4368 vivit
3110 4312 3171 4367 in
3198 4321 3492 4379 aeternum.
3524 4314 3731 4368 Amen.

1402 4444 1643 4512 Σηπίατί
1683 4440 1799 4496 Vita
1827 4436 2158 4496 venerabilis
2186 4434 2406 4495 Bosonis
2432 4430 2644 4494 abbatis
2676 4430 2962 4493 Beccensis.

2015 4562 2369 4632 animos.

550 4690 796 4745 Moribus
818 4697 1051 4746 ornatus
1075 4696 1267 4761 pastor
1287 4691 1400 4759 fuit
1422 4691 1512 4746 hic
1539 4694 1883 4746 tumulatus:

566 4834 571 4837 Α
622 4782 853 4848 Ingenio
879 4784 1089 4846 clarus,
1114 4782 1331 4835 sobrius
1358 4785 1521 4847 atque
1540 4782 1690 4848 pius.

549 4870 775 4941 Exstitit
804 4874 854 4923 et
883 4873 1056 4935 mitis,
1079 4871 1340 4936 prudens,
1364 4870 1438 4922 ad
1462 4871 1649 4923 tristia
1668 4868 1830 4936 fortis
1851 4886 1867 4933 ,-

623 4961 789 5023 lllam,
820 4960 988 5013 donec
1013 4961 1172 5023 vixit,
1205 4961 1388 5012 multa
1414 4960 1634 5027 ﬂagella
1664 4960 1814 5012 tulit.

551 5048 792 5105 Consilio
813 5048 1041 5115 pollens,
1072 5049 1267 5101 multis
1292 5048 1406 5114 fuit
1435 5050 1545 5115 ipse
1579 5050 1860 5112 levamen;

572 5188 579 5195 .
622 5137 881 5212 Solamen
909 5138 1146 5200 miseris,
1177 5137 1591 5205 subsidiumque
1612 5139 1741 5206 piis.

546 5227 723 5282 Abba:
752 5227 994 5289 bissenis,
1024 5225 1113 5278 hic
1134 5229 1387 5291 Quartus,
1417 5227 1644 5293 prefuit
1663 5227 1834 5279 annis

623 5316 868 5371 Cwnobic
896 5317 1063 5378 Becci,
1097 5314 1281 5381 forma
1305 5316 1569 5383 decusque
1596 5316 1797 5381 gregis.

551 5405 752 5461 Mundi
777 5409 1130 5472 contemptor,
1162 5418 1298 5457 vera:
1326 5406 1555 5457 virtutis
1581 5407 1801 5457 amator
1824 5420 1841 5455 :

622 5493 838 5547 Christo
857 5495 1109 5547 devotum
1134 5494 1370 5562 praebuit
1400 5494 1738 5561 obsequium.

552 5581 741 5634 Annos
769 5584 1072 5637 transierat
1102 5587 1268 5637 Pater
1294 5583 1387 5636 hic
1400 5585 1528 5650 jam
1554 5581 1920 5649 septuaginta,

2167 4694 2212 4751 D
2306 4691 2444 4745 Cum
2471 4694 2705 4743 mortem
2730 4690 2922 4753 subiit,
2940 4691 3045 4757 qui
3071 4690 3214 4743 cinis
3245 4688 3335 4743 hic
3358 4687 3515 4742 modo
3543 4689 3626 4753 ﬁt.

2236 4781 2381 4834 Dum
2404 4782 2487 4833 sol
2514 4783 2765 4833 octavum
2788 4778 2888 4831 sub
2908 4777 3120 4832 Cancro
3148 4778 3325 4831 tendit
3352 4778 3427 4830 ad
3448 4783 3660 4841 ortum,

2314 4869 2583 4922 Tristibus
2614 4867 2763 4920 hunc
2790 4867 2945 4921 nobis
2973 4868 3180 4920 ultima
3208 4880 3324 4919 sors
3354 4867 3574 4933 rapuit.

2242 4958 2407 5011 Ortus
2429 4957 2682 5023 Baptistae
2707 4957 2931 5020 colitur,
2953 4955 3089 5008 dum
3107 4955 3289 5020 deﬁcit
3312 4955 3428 5008 iste.
3516 5004 3521 5009 .

2309 5045 2454 5099 Boso
2481 5044 2595 5111 fuit
2622 5045 2820 5109 dictus,
2852 5045 2964 5108 cui,
2985 5045 3147 5099 Deus.
3175 5047 3285 5097 esto
3308 5043 3459 5111 pius.
3482 5041 3685 5098 Amen.

2251 5182 2257 5187 .
2936 5145 3133 5189 ALIUD.
3344 5198 3351 5203 _

2237 5223 2406 5290 Quem
2431 5224 2562 5289 tegit
2586 5222 2694 5276 hac
2711 5226 2888 5290 petra,
2916 5223 3069 5275 Becci
3093 5222 3222 5289 pius
3245 5221 3454 5274 exstitit
3481 5218 3671 5283 abbas,

2250 5360 2257 5367 .
2305 5313 2452 5377 Bosa,
2484 5312 2584 5365 sub
2618 5316 2802 5365 nostro
2834 5316 3069 5377 tempore
3091 5324 3333 5377 magnus
3361 5308 3539 5363 homo.

2237 5402 2436 5456 Multos
2452 5401 2756 5469 praecedens
2785 5414 3009 5453 morum
3048 5401 3342 5465 graritate,
3373 5397 3466 5450 sed
3496 5397 3670 5453 isdem

2306 5490 2475 5544 Eruit
2501 5494 2550 5543 et
2578 5492 2768 5557 ﬁrmat
2797 5504 2929 5556 quos
2959 5489 3280 5541 moniturus
3308 5492 3449 5557 erat,

2214 5580 2527 5647 ‘Doctrina,
2556 5590 2744 5644 sensu,
2763 5578 2929 5631 dictis
2959 5576 3228 5645 factisque
3248 5577 3535 5645 probatus,
