3920 6396
150 317 271 379 733

169 490 189 501 -
218 445 457 503 -Eloruit
483 452 535 504 et
568 452 1081 521 sano.peraigil.hic
1100 452 1305 507 studio.

146 531 452 589 Sustinuit
474 541 657 591 multa
695 541 1009 608 tranquilla
1046 545 1227 594 mente
1259 543 1480 610 ﬂagella

214 620 494 693 (tmperi;
516 629 536 676 t
555 626 719 689 Hunc
735 631 947 689 recreat
976 631 1128 682 ιρι)ιῶ
1155 633 1347 685 educta
1373 630 1648 697 frequens.

145 700 327 763 Hunc
352 700 576 766 nullum
599 698 851 782 sequitur
872 730 977 783 pro
1004 702 1109 769 tali
1128 708 1342 770 uerbere
1370 694 1660 781 murmur,

234 798 428 854 Grates
447 802 539 854 sed
557 802 652 855 dat
665 804 719 855 ei
742 806 841 871 qui
861 805 970 858 sibi
1006 808 1081 857 tot
1107 806 1327 859 tribuit.

146 887 382 956 Sicque,
400 905 605 967 norem
622 894 827 949 lustris
856 894 920 946 in
942 896 1210 963 religione
1232 897 1490 965 peractis,

232 977 340 1031 Dat
371 982 576 1031 metam
598 979 818 1046 studiis,
851 982 1085 1044 viribus,
1117 984 1388 1050 imperiis.

148 1060 318 1132 Quod
335 1067 389 1118 si
413 1070 538 1134 quis
559 1070 757 1136 quaerit
780 1085 886 1137 quo
912 1068 1155 1124 constitit
1178 1072 1355 1124 exitus
1384 1054 1496 1138 illi,

150 1146 326 1207 Hunc
352 1140 714 1231 przcursoris
733 1159 869 1211 sciat
901 1156 964 1211 in
992 1152 1194 1212 Natale
1223 1160 1477 1213 Joannis.

153 1240 203 1296 0
229 1245 322 1310 pie
350 1244 620 1315 Baptista,
657 1250 838 1298 noster
854 1248 982 1314 pius
1011 1244 1268 1300 Israelita

152 1330 363 1384 Tecum
377 1332 685 1400 jungatur,
717 1335 916 1388 residet
939 1351 1044 1404 quo
1072 1338 1289 1389 lumine
1312 1334 1582 1392 Christus.

956 290 1129 383 vrri
1146 323 1577 415 muscum
1611 324 1926 384 sensus
1946 324 2358 384 succensis
2395 325 2667 393 QUINTI.

3335 322 3444 397 734

1780 460 1835 517 Α
1876 500 1881 505 .
2066 498 2089 507 ..
2458 494 2465 501 .
2551 466 2742 508 suun.
2782 494 2797 499 μ

1841 541 2017 595 Abbas
2046 543 2333 607 Beccensis,
2368 544 2526 610 cujus
2553 557 2730 596 sermo
2754 542 2871 610 fuit
2898 544 3063 607 ensis,

1912 628 2193 713 ΑθΨάθηε
2212 631 2773 713 τττέψτωομαιιξν
2804 626 3067 713 βφῖέτύωέ
3344 696 3351 709 ,
3406 690 3419 705 ε

1848 702 2046 779 Bosco,
2075 702 2239 772 Pater
2282 702 2536 784 magnus,
2582 702 2816 771 tumidis
2846 702 2944 785 leo,
2981 702 3218 771 mitibus
3239 702 3440 786 agnus,

1918 807 1986 860 Et
2012 808 2191 860 dulcis
2220 808 2440 874 Populo,
2468 809 2530 873 ﬁt
2554 809 2697 861 cinis
2722 807 2821 861 hoc
2849 810 3084 860 tumulo.

1844 896 1930 949 Fit
1958 898 2102 948 cinis
2130 896 2232 949 hac
2259 896 2468 960 tumba,
2501 897 2602 965 qui
2628 911 2849 965 serpens
2877 900 3042 969 atque
3066 895 3321 950 columba

1913 974 1997 1038 Ea:
2020 970 2295 1052 probitate
2311 974 2444 1050 fuit,
2476 977 2653 1037 vivere
2676 985 2812 1046 dum
2831 972 3034 1053 potuit.

1846 1073 1989 1140 Ergo
2016 1073 2205 1127 videns
2230 1058 2433 1135 uersus,
2465 1077 2594 1126 atra
2622 1088 2688 1125 ne
2718 1074 2792 1125 sit
2815 1064 2963 1140 Stige
2990 1062 3224 1138 mersus,

1906 1164 2047 1231 [Regi
2080 1154 2253 1228 funde
2280 1177 2509 1229 precem,
2528 1176 2689 1229 quem
2714 1163 2859 1237 necis
2888 1177 2993 1221 esse
3022 1149 3224 1214 necem.

1850 1228 2135 1303 credimus
2157 1253 2205 1301 et
2225 1228 2387 1314 cretis,
2419 1228 2636 1303 scandit
2662 1228 2795 1317 quos
2820 1252 3047 1317 quisque
3072 1241 3270 1316 ﬁdelis.

1922 1340 2019 1392 Dei
2040 1340 2167 1407 pius
2196 1354 2301 1391 esse
2327 1336 2455 1402 sibi,
2476 1339 2578 1405 qui
2603 1336 2743 1391 Deus
2765 1342 2936 1392 exstat
2967 1328 3067 1390 ibi.
3098 1337 3297 1409 Amen.

600 1670 992 1780 VIT/E
1058 1656 2036 1785 translaturus
2132 1648 2977 1783 TnnonA'Lnl

459 1874 734 1993 QUINTl
776 1874 1117 1985 saeuis
1160 1870 1411 1997 Bucar,
1472 1923 1777 1989 POSTEA
1832 1913 2440 1987 ARCHIE'PISCOPI
2499 1908 3155 1983 CANTUAmENs'Is.

1329 2092 2275 2213 COMPENDIUM.

218 2435 506 2495 Defuncto
535 2408 837 2499 venerabili
868 2442 926 2493 et
950 2437 1194 2510 sapienti
1239 2438 1356 2505 viro
1395 2439 1615 2495 Bosone
1655 2437 1755 2492 ab-
1775 2406 1997 2501 Bdens,
2026 2437 2114 2491 ira
2147 2435 2295 2506 regis
2322 2440 2524 2492 contra
2550 2446 2681 2490 eum
2717 2433 2779 2487 in
2814 2434 3038 2486 tantum
3068 2425 3330 2487 efferbuit
3354 2427 3438 2488 ut,

147 2525 302 2591 hate,
333 2524 585 2595 suscepit
602 2541 794 2587 curam
824 2527 1117 2589 Beccensis
1136 2527 1460 2582 monasterii
1491 2527 1760 2582 Theobal-

148 2612 373 2679 dus,vir
391 2628 603 2683 genere
618 2614 1077 2680 clarus,moribus
1093 2615 1757 2683 ornatus,vitahonestus,

148 2701 363 2769 litteris
381 2701 529 2756 bene
547 2701 820 2756 eruditus.
851 2702 953 2757 Hic
969 2709 1222 2775 tempore
1241 2704 1462 2760 Domini
1482 2704 1754 2773 Willelmi

147 2789 374 2845 abbatis
405 2788 561 2843 venit
575 2789 645 2855 ad
661 2790 998 2857 ordinem,et
1011 2799 1267 2864 suscepto
1287 2792 1482 2859 habitu
1502 2792 1760 2864 religiose

146 2895 251 2951 per
274 2879 472 2949 plures
491 2894 669 2945 annos
683 2878 743 2933 in
760 2880 1007 2935 claustro
1027 2881 1180 2949 vixit,
1198 2888 1458 2953 acceptus
1477 2881 1755 2939 omnibus.

148 2967 372 3043 Deinde
398 2967 582 3038 ipsius
607 2968 712 3035 loci
742 2954 924 3037 iactus
954 2977 1041 3039 est
1070 2970 1222 3041 prior
1250 2971 1442 3026 decem
1467 2971 1648 3041 annis,
1679 2977 1752 3034 et,

151 3056 403 3112 obeunte
421 3056 640 3110 Bosone
659 3050 877 3125 abbate,
902 3059 1172 3129 electione
1186 3060 1359 3114 totius
1379 3060 1760 3131 congregatio-

147 3146 238 3199 nis
265 3144 444 3199 abbas
475 3152 563 3201 est
588 3145 944 3216 subrogatus.
969 3148 1095 3202 Non
1123 3149 1302 3214 multo
1330 3155 1474 3220 post,
1510 3149 1622 3203 Deo
1644 3148 1760 3202 dis-

152 3238 423 3304 ponente,
456 3238 515 3287 et
541 3220 823 3304 Stephano
853 3252 985 3306 rege
1013 3253 1139 3290 cum
1162 3236 1357 3307 regina
1378 3236 1647 3290 Mathilde
1670 3252 1760 3289 vo-

152 3328 339 3387 cante,
371 3322 635 3391 claroque
663 3324 1023 3390 assentiente,
1055 3331 1113 3379 et
1150 3325 1354 3396 populo
1392 3326 1755 3388 acclamante,

152 3410 211 3464 in
231 3410 500 3480 Angliam
531 3410 865 3474 traducitur.
882 3418 1080 3467 etcum
1102 3430 1307 3484 magno
1329 3414 1534 3485 gaudio
1555 3414 1762 3484 excipi-

156 3500 412 3554 tur.Mox
429 3500 790 3554 Cantuarizea
810 3501 1083 3556 Balduino
1101 3503 1366 3557 Romanas
1384 3503 1532 3557 sedis
1552 3504 1758 3573 legato,

156 3588 335 3642 totius
369 3587 677 3642 Britanniae
696 3589 1147 3662 archiepiscopus
1165 3597 1519 3663 consecratus
1538 3598 1638 3646 est.
1667 3579 1762 3662 ln-y

156 3683 246 3731 ter
274 3677 396 3731 haec
428 3677 673 3748 plurima
698 3678 935 3732 adversa
966 3695 1000 3732 a
1039 3680 1173 3734 viris
1220 3680 1513 3751 utriusque
1552 3680 1764 3734 ordinis

1842 2527 2057 2583 cunctis
2085 2524 2462 2587 audientibus,
2488 2524 2721 2583 diceret.
2754 2521 2904 2593 quod
2934 2519 2993 2574 in
3030 2535 3092 2573 se
3121 2524 3247 2583 επ
3290 2514 3444 2593 idem

1844 2614 2295 2685 archiepiscOpus
2334 2613 2565 2666 minime
2608 2612 2886 2666 conﬁdere
2927 2608 3157 2671 valeret,
3207 2616 3442 2659 manum

1837 2704 2118 2775 propriam
2149 2703 2206 2757 in
2228 2719 2356 2757 eum
2387 2712 2745 2772 nequaquam
2766 2700 3033 2763 mitteret,
3075 2708 3305 2755 suorum
3337 2708 3442 2769 auf-

1842 2800 1955 2846 tem
1985 2793 2034 2846 si
2065 2792 2190 2863 quis
2209 2791 2455 2861 aliquam
2485 2790 2536 2845 ei
2566 2788 2832 2860 injuriam
2897 2788 3124 2852 faceret,
3168 2784 3290 2854 ipse
3327 2796 3442 2836 non

1840 2886 2081 2936 curaret.
2106 2880 2225 2955 Quo
2244 2880 2436 2935 audito
2455 2878 2910 2949 archiepiscopus
2929 2873 3220 2931 confestim
3236 2871 3444 2925 disces-

1839 2972 1914 3025 sit
1948 2986 1981 3039 a
2009 2969 2185 3035 curia,
2217 2969 2287 3023 ad
2314 2982 2482 3039 quam
2524 2973 2661 3022 tunc
2697 2970 3059 3037 perrexerat;
3097 2972 3442 3029 ascensaque

1839 3058 1967 3113 navi
1986 3057 2265 3113 Tamesim
2295 3056 2724 3121 transibat,cum
2747 3070 2871 3109 ecce
2883 3051 3174 3111 duodecim
3192 3049 3310 3104 fere
3327 3048 3439 3102 mi-

1839 3147 1968 3203 lites
1984 3147 2161 3201 secuti
2177 3152 2311 3201 sunt
2328 3160 2457 3200 eum
2474 3161 2598 3199 cum
2615 3144 2839 3214 gladiis,
2862 3149 2925 3197 ut
2935 3156 3063 3197 eum
3078 3139 3440 3212 perimerent,

1840 3236 1927 3290 vel
1949 3234 2216 3290 membris
2241 3233 2634 3301 debilitarent;
2662 3232 2760 3288 sed
2786 3248 2917 3287 eum
2938 3231 3174 3285 illaesum
3195 3228 3291 3281 ille
3307 3234 3444 3280 con-

1841 3324 2082 3379 servavit
2109 3324 2205 3395 qui
2234 3339 2385 3384 suos,
2419 3323 2643 3394 quando
2670 3323 2810 3387 vult,
2833 3319 3115 3375 custodire
3144 3316 3302 3371 novit
3342 3316 3446 3369 Ac-

1844 3419 1905 3467 ta
1922 3419 2057 3467 sunt
2086 3414 2202 3467 haec
2227 3413 2376 3466 circa
2397 3418 2620 3466 octavas
2644 3410 2888 3465 Pascha.
2922 3409 3109 3463 Multa
3143 3406 3339 3469 etiam,
3382 3409 3448 3458 ut

1845 3504 1965 3572 ejus
1996 3503 2168 3556 vitam
2199 3519 2264 3556 ac
2286 3502 2492 3556 famam
2522 3502 2977 3557 dehonestarent,
3018 3497 3077 3551 in
3104 3496 3338 3568 populos
3375 3494 3447 3548 de

1844 3582 1957 3664 illo,
1971 3590 2270 3663 Opprobria
2293 3590 2669 3645 seminabant.
2695 3590 2810 3643 Deo
2837 3602 2966 3641 vero
2986 3586 3248 3641 universa
3266 3584 3449 3655 dispo-

1846 3686 2033 3745 nente,
2055 3680 2170 3751 qui,
2203 3680 2427 3751 quando
2457 3680 2593 3742 vult,
2616 3677 2782 3744 eripit
2810 3692 2941 3731 suos
2967 3676 3036 3730 de
3056 3674 3448 3745 angustia,an-

158 3782 463 3838 perpessus
484 3771 587 3820 est.
619 3767 684 3821 In
711 3766 911 3838 primis
940 3769 1163 3839 quando
1191 3767 1601 3839 abbaselectus
1636 3769 1760 3835 fuit,
1781 3765 1825 3826 C
1845 3769 2075 3824 nullatis
2112 3768 2372 3823 omnibus
2399 3768 2641 3839 insidiis,
2682 3767 2911 3835 tandem
2949 3765 3120 3837 ﬁnem
3157 3763 3247 3817 his
3286 3760 3448 3815 malis

160 3856 331 3926 Hugo
343 3854 814 3925 Rothomagensis
826 3856 1275 3928 archiepiscopus
1291 3859 1339 3927 ej
1348 3875 1413 3911 us
1433 3858 1763 3921 electionem

161 3959 438 4014 quassare
466 3942 662 4009 voluit,
696 3944 829 4014 quia
852 3961 918 3998 eo
967 3946 1281 4000 inconsulto
1336 3946 1485 4000 facta
1535 3947 1718 4023 fuerat
1732 3964 1769 4021 ἀ

160 4032 280 4095 sed,
329 4030 742 4086 interveniente
790 4034 1093 4087 venerabili
1134 4035 1405 4089 Audoeno
1450 4034 1767 4088 Ebroicensi

164 4119 470 4175 venerabili
509 4119 786 4197 episcopo.
832 4122 1120 4195 praedictae
1167 4124 1426 4178 electioni
1476 4140 1767 4183 assensum

161 4207 424 4280 prmbuit.
456 4209 859 4285 Verumtamen
890 4198 1331 4266 benedictionem
1370 4212 1605 4268 abbatiae
1635 4212 1770 4266 dare

165 4299 222 4354 ei
245 4296 474 4375 distulit
501 4298 925 4376 quatuordecim
957 4300 1242 4355 mensibus
1260 4318 1429 4356 causa
1470 4302 1768 4373 professio-

165 4386 274 4453 nis,
315 4402 505 4464 quam
543 4387 728 4441 facere
779 4388 1025 4455 nolebat,
1062 4389 1195 4463 quia
1236 4397 1616 4445 antecessores
1647 4392 1769 4462 ejus

167 4491 530 4551 nequaquam
552 4492 678 4529 eam
691 4475 956 4533 fecerant.
970 4478 1172 4534 Verum
1189 4478 1581 4550 deprecatione
1602 4485 1770 4548 atque

168 4558 404 4640 consilio
432 4564 585 4619 Petri
607 4564 824 4620 abbatis
849 4566 1250 4645 Cluniacensis,
1274 4568 1370 4638 qui
1390 4574 1523 4622 tunc
1551 4568 1694 4622 forte
1714 4568 1773 4641 in

170 4652 587 4727 Northmannia
610 4660 750 4725 erat,
781 4655 1229 4728 archiepiscopus
1248 4657 1370 4711 sine
1398 4658 1626 4729 scripto,
1652 4657 1770 4719 solo

170 4741 360 4807 verbo,
388 4742 635 4819 suscepit
656 4742 725 4799 ab
754 4759 820 4798 eo
850 4732 1273 4823 professionem,
1305 4748 1363 4800 et
1382 4745 1461 4800 sic
1489 4745 1772 4800 benedixit

1846 3858 2132 3929 imposuit.
2164 3857 2529 3911 Hebdomada
2557 3856 2706 3910 enim
2736 3862 2867 3908 ante
2894 3846 3252 3923 Rogationes,
3275 3851 3447 3904 ﬁnem

1847 3946 2066 4021 vivendi
2094 3951 2151 4001 et
2177 3946 2448 4017 regnandi
2474 3945 2665 4015 regina
2697 3943 2885 3997 subiit.
2910 3943 3084 3996 Porro
3112 3938 3446 3993 Eustachius

1852 4037 1972 4105 ejus
2001 4036 2172 4102 ﬁlius,
2208 4035 2510 4089 multorum
2546 4033 2844 4096 malorum,
2878 4031 2975 4084 sed
3013 4035 3073 4083 et
3111 4026 3447 4098 supradicta

1852 4124 2261 4200 pertubationis
2284 4139 2471 4181 causa,
2502 4138 2613 4179 non
2639 4121 2814 4176 multo
2837 4125 2963 4189 post
2978 4116 3261 4195 hominem
3278 4115 3445 4193 exiit.

1849 4216 2002 4291 Quos
2042 4212 2363 4283 Stephanus
2401 4227 2498 4266 rex
2553 4210 2887 4269 subsecutus
2930 4207 3236 4267 terminum
3271 4205 3449 4285 tantis

1850 4302 2100 4369 cladibus
2128 4302 2303 4365 dedit,
2341 4307 2401 4359 et
2436 4300 2677 4355 moriens
2705 4298 2910 4375 populo
2937 4312 3223 4371 regnoque
3251 4309 3449 4375 pacem

1851 4390 2096 4461 reliquit.
2132 4389 2408 4463 Henricus
2430 4389 2682 4458 demum,
2706 4390 2824 4459 jam
2840 4382 3450 4463 totiusNorthmannize

1853 4479 1982 4555 dux,
2026 4478 2286 4548 Angliam
2314 4478 2621 4548 ingressus,
2653 4477 2759 4532 sibi
2794 4479 2924 4553 jure
2964 4474 3319 4555 hereditario
3349 4474 3450 4553 de-

1853 4554 2034 4623 bitum
2061 4584 2296 4637 regnum
2331 4566 2604 4635 obtinuit;
2647 4583 2757 4638 quo
2784 4567 2844 4620 in
2874 4554 3033 4637 regni
3060 4564 3305 4625 culmine
3328 4565 3452 4642 jam

1850 4656 2201 4721 conﬁrmato,
2246 4656 2511 4711 Henricus
2530 4655 2703 4710 frater
2720 4655 2869 4726 regis
2905 4653 3198 4726 Stephani,
3226 4652 3451 4729 Winte-

1851 4745 2061 4811 niensis
2090 4732 2405 4815 episcopus.
2438 4761 2473 4798 a
2507 4760 2681 4815 regno
2710 4744 2969 4799 discessit
3015 4749 3073 4799 et
3108 4744 3255 4797 clam
3293 4756 3452 4820 mare

174 4846 341 4902 quem
369 4837 569 4907 postea
592 4832 898 4903 plurimum
921 4832 1130 4889 dilexit.
1160 4835 1225 4889 In
1271 4830 1595 4907 episcopatu
1642 4852 1769 4890 vero
1855 4834 2101 4893 transiit.
2144 4834 2344 4905 Sicque
2382 4833 2724 4904 prospiciens
2753 4850 2823 4888 ex
2872 4834 3006 4898 alto,
3043 4833 3233 4902 justus
3274 4830 3455 4909 lude);

173 4921 390 4992 positus
410 4921 590 4997 multa
612 4922 851 4995 pertulit
870 4938 1013 4993 pene
1041 4940 1215 4995 usque
1239 4924 1311 4979 ad
1328 4930 1567 4979 mortem
1590 4942 1603 4991 ;
1636 4941 1770 4979 nam
1856 4916 2337 4996 archiepiscopum
2362 4920 2745 4977 Theobaldum
2783 4921 2853 4975 de
2889 4921 3155 4993 periculis
3190 4918 3453 4997 mammis

176 5016 475 5083 postquam
505 5011 838 5085 Eustachius
867 5000 1016 5084 regis
1044 5013 1192 5069 ﬁlius
1219 5014 1413 5080 crevit,
1441 5021 1498 5067 et
1520 5014 1679 5068 miles
1700 5015 1776 5069 ef-
1795 5086 1821 5088 ῂ
1857 5013 2084 5085 eripuit,
2114 5018 2173 5067 et
2204 5014 2330 5081 ejus
2350 5027 2545 5066 omnes
2565 5010 2822 5088 inimicos
2846 5010 2916 5064 ad
2934 5009 3171 5085 nihilum
3200 5004 3451 5085 redegit_.°_

177 5099 350 5175 fectus
378 5106 484 5165 est,
509 5100 807 5155 voluerunt
824 5117 919 5155 rex
935 5108 994 5155 et
1006 5105 1223 5171 regina,
1259 5108 1429 5173 atque
1460 5103 1776 5159 Wentanus
1793 5086 1841 5144 Ῐ)
1859 5102 2158 5157 Nonnullis
2186 5109 2377 5156 autem
2409 5106 2602 5172 postea
2626 5086 2859 5153 feliciter
2881 5098 3018 5171 vixit
3045 5099 3242 5165 annis;
3278 5090 3455 5171 humi:

178 5183 471 5263 episcopus
500 5186 773 5263 Henricus
802 5191 953 5261 regis
989 5191 1182 5255 frater.
1212 5208 1277 5245 ac
1297 5192 1458 5247 multi
1484 5192 1561 5265 de
1577 5209 1776 5265 proce-
1856 5208 1985 5246 nem
2018 5209 2146 5266 vero
2164 5191 2319 5246 exuit
2340 5206 2489 5268 anno
2510 5184 2679 5243 Verbi
2698 5188 2975 5263 incarnati
3001 5188 3455 5263 millesimocen-

119 5327 136 5352 ,
180 5278 600 5349 ribus,maxime
618 5278 865 5349 gregarii
882 5278 1088 5355 milites
1103 5281 1196 5351 qui
1220 5282 1483 5352 juvenem
1509 5282 1778 5338 amabant
1856 5281 2060 5357 tesimo
2089 5279 2518 5357 quadragesimo
2546 5294 2714 5353 nono,
2749 5278 2967 5351 decimo.
2983 5285 3184 5350 quarto
3215 5270 3455 5351 Kalend;

180 5373 241 5420 ut
258 5366 709 5443 archiepiscopus
729 5383 855 5420 eum
872 5367 941 5443 in
966 5353 1154 5438 regem
1177 5376 1432 5444 ungeret.
1458 5370 1617 5434 Quod
1645 5372 1780 5441 quia
1860 5370 2013 5436 Maii,
2045 5353 2186 5424 feria
2203 5370 2369 5423 tertia
2390 5356 2631 5422 Paschae.
2659 5358 2989 5433 Beccensein
3011 5384 3146 5440 sane
3174 5367 3456 5443 abbatiain

182 5455 630 5527 archiepiscopus
648 5456 828 5533 facere
865 5456 1065 5517 noluit,
1096 5458 1527 5513 Henricusenim
1562 5460 1783 5519 Mathil-
1863 5458 2026 5535 annis
2077 5459 2380 5533 duobus‘et
2431 5455 2875 5533 dimidios-exit,
2917 5457 3459 5531 archiepiscopatum

184 5544 264 5601 dis
277 5542 905 5620 imperatricis,Henrici
918 5538 1068 5622 regis
1088 5546 1233 5623 ﬁliis,
1260 5548 1657 5621 ﬁlius,Anglize
1675 5549 1779 5604 im-
1861 5565 1991 5623 vero
2016 5549 2179 5603 annis
2208 5545 2421 5618 viginti,
2453 5543 2649 5599 diebus
2664 5540 2914 5601 totidem
2944 5563 3010 5601 ac
3039 5547 3329 5603 mensibus
3358 5546 3462 5603 tri-

186 5633 449 5705 minebat,
472 5650 716 5707 regnum
743 5650 911 5689 suum
937 5634 1356 5693 hereditarium
1385 5637 1557 5693 armis
1584 5655 1778 5711 perva-
1857 5637 1980 5694 bus.
