3920 6424
456 347 563 406 735

1419 349 1518 404 an
1557 347 1799 405 OPERA
1839 348 1908 404 Β.
1947 345 2363 405 LANFRANCI
2396 316 2787 403 iAPPENDIX.

3636 332 3742 393 736

2253 468 3738 496 θ

456 611 763 707 νΙΤλίΕ
828 613 1324 708 LI‘ZTARDI
1381 613 1708 708 SEXTI
1750 613 2231 708 ABBATIS
2281 610 2887 709 BECCENSIS
2948 577 3750 703 COMPENDIUM.

532 923 850 979 Venerabili
876 924 1195 980 Theobaldo
1232 924 1433 980 abbate
1470 925 1733 980 Beccensi
1788 924 2059 996 archiepi-
2074 926 2131 985 A
2145 925 2282 980 dum
2313 925 2461 997 quod
2482 925 2751 995 scriptum
2768 928 2871 988 est,
2894 922 3364 994 utjustusjustior
3383 923 3548 976 ﬁeret
3566 922 3755 990 (Apoc.

463 1029 630 1084 scopo
681 1013 1074 1068 Cantuariensi
1129 1014 1304 1080 facto,
1372 1014 1431 1067 in
1494 1014 1747 1084 regimen
1829 1012 2065 1067 coenobii

464 1101 735 1156 electione
797 1102 971 1156 totius
1019 1102 1475 1173 congregationis
1508 1104 1750 1156 domnus
1792 1102 2068 1156 Letardus

464 1188 746 1243 successit.
791 1189 911 1253 Hic,
954 1206 1021 1242 ex
1048 1190 1245 1243 eodem
1286 1191 1406 1245 loco
1433 1195 1694 1262 parentes
1724 1189 1936 1243 incolas
1973 1189 2070 1243 ha-

463 1275 620 1338 bens.
649 1276 901 1348 ejusdem
936 1278 1039 1331 loci
1065 1278 1330 1349 indigena
1349 1281 1589 1345 exstitit;
1616 1285 1673 1331 et
1687 1279 1778 1332 ubi
1816 1278 2070 1349 progeni-

464 1369 558 1419 tus
589 1365 696 1419 fuit
733 1382 1002 1436 magnum
1040 1368 1362 1421 conscendit
1401 1369 1689 1433 honorem,
1731 1367 1863 1437 quia
1900 1383 2069 1421 vene—

465 1454 643 1510 rando
669 1454 870 1509 abbate
898 1456 1182 1511 Willelmo
1200 1456 1484 1527 religionis
1515 1456 1768 1510 habitum
1801 1455 2066 1526 suscepit,

469 1549 527 1598 et
547 1560 581 1597 a
601 1544 796 1615 primis
825 1545 1007 1611 annis,
1039 1544 1188 1599 inter
1224 1562 1412 1599 sacras
1451 1545 1703 1616 ejusdem
1744 1545 2070 1599 monasterii

465 1631 806 1704 disciplinas,
841 1633 898 1687 in
921 1634 1019 1687 Dei
1040 1650 1263 1706 semper
1278 1651 1468 1688 amore
1490 1640 1547 1688 et
1565 1634 1850 1704 religionis
1872 1634 2073 1688 ardore

468 1719 539 1774 de
569 1721 659 1775 die
684 1721 741 1775 in
766 1722 914 1775 diem
946 1724 1208 1786 excrevit,
1240 1724 1525 1794 vitamque
1554 1740 1715 1777 suam
1755 1723 1912 1776 omni
1946 1739 2070 1776 mo-

468 1823 597 1863 rum
633 1810 910 1880 probitate
937 1817 994 1866 et
1014 1812 1246 1867 honesta
1268 1812 1688 1866 conversatione
1707 1812 1767 1865 in
1790 1812 1995 1865 mentis
2015 1818 2071 1864 et

470 1898 718 1967 corporis
742 1898 986 1968 puritate
1014 1900 1329 1965 custodivit,
1355 1900 1607 1970 jejuniis,
1640 1898 1842 1969 vigiliis
1865 1899 2070 1953 oratio-

470 1984 746 2056 nibusque
773 1988 1084 2043 indefessus
1111 1990 1335 2043 interno
1380 1989 1683 2059 inspectori
1721 2004 1822 2058 per
1871 1988 2061 2041 omnia

468 2074 688 2145 placere
713 2076 978 2145 gestiens.
1005 2078 1217 2132 Cautus
1237 2083 1295 2132 et
1318 2077 1589 2132 sollicitus
1617 2077 1675 2130 in
1692 2077 1780 2130 his
1801 2076 1897 2147 qui
1919 2077 1987 2130 ad
2005 2094 2067 2130 se

469 2163 829 2233 pertinebant
838 2182 925 2219 om
934 2165 1066 2220 nino
1079 2166 1751 2237 existens,pra2ceptorum
1769 2166 1991 2235 regulae,
2007 2171 2065 2220 et

2147 1030 2278 1078 xxn,
2316 1014 2328 1070 l
2352 1015 2418 1080 l),
2449 1014 2705 1086 permisit
2731 1030 2858 1067 eum
2890 1014 3039 1067 Deus
3067 1011 3440 1082 corporalium
3458 1010 3755 1064 oculorum

2149 1105 2454 1160 caecitatem
2510 1104 2815 1167 incurrere,
2871 1108 2936 1156 ut
2990 1101 3272 1173 patientiae
3343 1116 3408 1154 ac
3473 1099 3759 1153 virtutum

2151 1195 2270 1265 ejus
2295 1193 2497 1247 merita
2525 1193 2853 1255 declararet,
2886 1195 2941 1245 et
2970 1191 3267 1245 interiores
3306 1189 3496 1243 oculos
3547 1187 3620 1241 ad
3674 1188 3764 1241 in-

2150 1284 2420 1338 tuendum
2448 1299 2639 1336 verum
2671 1282 2861 1336 lumen
2893 1277 3766 1350 retorqueret.Qui,taliincom—

2152 1372 2318 1426 modo
2348 1388 2664 1443 percussus,
2697 1385 2985 1440 nunquam
3017 1384 3117 1438 pro
3136 1368 3241 1421 hoc
3269 1365 3449 1420 tristis
3463 1365 3641 1419 videri
3663 1381 3768 1436 po-

2152 1461 2281 1520 tuit,
2313 1477 2414 1515 nec
2433 1459 2909 1514 conversationem
2942 1456 3182 1511 fratrum
3219 1454 3487 1519 deseruit,
3522 1458 3765 1524 excepto

2154 1550 2301 1620 quod
2333 1566 2458 1603 cum
2498 1549 2578 1603 eis
2603 1548 2833 1602 minime
2856 1546 2915 1600 in
2942 1544 3269 1600 dormitorio
3292 1543 3536 1612 jacebat,
3571 1558 3679 1596 nec
3704 1542 3768 1595 in

2153 1640 2396 1694 claustro
2426 1637 2671 1693 sedebat.
2704 1637 2768 1691 In
2790 1637 2958 1690 choro
2979 1638 3189 1698 autem,
3222 1633 3281 1686 in
3308 1631 3573 1704 capitulo,
3596 1631 3659 1684 in
3678 1647 3769 1684 re-

2153 1728 2405 1793 fectorio,
2435 1733 2500 1781 ut
2529 1726 2763 1797 quilibet
2792 1725 2956 1791 alius,
2988 1739 3210 1794 semper
3244 1737 3423 1792 usque
3460 1720 3530 1773 ad
3572 1724 3769 1773 extre-

2152 1832 2306 1871 mum
2336 1815 2642 1869 terminum
2672 1814 2798 1868 vitae
2829 1816 3189 1866 conversatus
3219 1815 3323 1863 est.
3359 1808 3769 1863 Inﬁrmitatem

2154 1922 2281 1960 vero
2300 1905 2616 1967 incurrens,
2638 1919 2702 1961 ex
2735 1918 2847 1973 qua
2867 1900 3146 1971 migravit,
3173 1904 3466 1970 postquam
3498 1896 3652 1951 visus
3675 1902 3769 1951 est

2151 2010 2349 2048 cursus
2378 1993 2466 2047 sui
2495 1997 2676 2046 metas
2707 1989 3177 2061 apprOpinquare,
3210 1987 3268 2040 in
3288 1986 3644 2039 inﬁrmorum
3669 1984 3775 2038 do-

2150 2100 2326 2150 mum,
2350 2098 2461 2152 qua
2484 2081 2688 2135 fratres
2716 2079 3116 2148 defunguntur,
3157 2076 3397 2139 delatus,
3445 2073 3522 2127 ibi
3549 2073 3774 2127 coadu-

2150 2173 2296 2227 natis
2324 2170 2592 2226 fratribus
2614 2175 2670 2223 et
2698 2185 2799 2240 pro
2832 2185 2897 2222 eo
2921 2167 3171 2238 psalmos
3204 2158 3533 2218 canentibus
3577 2162 3783 2217 emisit

471 2252 750 2321 majorum
778 2269 1007 2308 suorum
1030 2255 1314 2309 studiosus
1345 2260 1718 2316 conservator.
1753 2239 2435 2334 tranSgPeS-Bspiritum.
2479 2258 2831 2314 Venerabilis
2869 2262 3059 2311 autem
3101 2255 3374 2308 Rotrocus
3413 2251 3778 2306 Ebroicensis

470 2355 626 2394 sores
651 2342 922 2396 acerrime
976 2360 1304 2413 coarguens,
1357 2342 1567 2413 ingenii
1606 2342 1802 2413 optimi
1836 2341 1958 2395 fuit.
2007 2343 2072 2396 In

472 2429 933 2485 collocutionibus
964 2432 1142 2486 dulcis
1157 2438 1214 2485 et
1250 2431 1544 2485 familiaris
1572 2437 1713 2495 erat,
1747 2429 1987 2483 maxime
2025 2428 2073 2481 si

473 2518 600 2589 quis
629 2535 755 2572 cum
787 2536 853 2574 eo
886 2522 956 2575 de
993 2521 1176 2575 salute
1227 2522 1429 2574 animae
1486 2537 1600 2573 sua}
1640 2520 2069 2589 colloqueretur,

471 2607 681 2662 amicos
710 2625 914 2679 magno
933 2609 1248 2664 dilectionis
1267 2612 1468 2663 affectu
1490 2607 1726 2672 colebat,
1751 2608 1853 2661 hos
1863 2606 2075 2661 scilicet

472 2712 612 2767 quos
647 2697 770 2752 vitae
798 2699 1062 2752 honestas
1092 2697 1559 2765 commendabat;
1584 2712 1775 2751 verum
1806 2697 1852 2749 si
1883 2696 2074 2766 aliqua

471 2800 595 2855 quae
622 2785 905 2841 honestati
934 2803 1046 2841 non
1075 2786 1430 2849 conveniunt,
1462 2787 1532 2840 de
1570 2786 1681 2840 illis
1717 2784 2071 2838 animadver-

471 2873 646 2943 tebat,
680 2881 737 2929 et
764 2892 960 2929 eorum
1006 2875 1269 2946 deinceps
1308 2875 1746 2929 familiaritatem
1783 2873 2075 2944 parvipen-

473 2961 659 3018 debat.
706 2964 859 3018 Talis
888 2965 947 3018 in
978 2964 1180 3035 seipso,
1213 2963 1343 3019 talis
1371 2965 1429 3018 in
1461 2964 1604 3031 aliis,
1629 2969 1686 3017 et
1712 2969 1844 3018 ante
1873 2969 1930 3017 et
1949 2967 2075 3034 post

473 3049 776 3118 abbatiam,
809 3053 1038 3107 exstitit.
1070 3053 1233 3123 Apud
1262 3052 1614 3107 Pontisaram
1646 3052 1828 3123 primo
1876 3051 2074 3105 multis

472 3140 638 3194 annis
665 3140 819 3211 prior
847 3141 971 3204 fuit,
1004 3157 1069 3194 ac
1095 3142 1321 3195 demum
1354 3141 1501 3213 apud
1528 3142 1782 3202 Pratum,
1815 3140 1965 3194 unde
2001 3140 2073 3194 ad

471 3227 757 3283 abbatiam
786 3237 1126 3302 assumptus,
1147 3229 1318 3284 abbas
1347 3230 1624 3302 siquidem
1649 3230 1850 3296 factus,
1881 3245 2073 3283 secuno

2154 2351 2446 2423 episcopus
2488 2365 2614 2403 cum
2646 2345 2981 2418 quibusdam
3010 2342 3305 2398 abbatibus
3342 2356 3543 2412 corpus
3581 2340 3775 2411 ipsius

2156 2441 2456 2511 diligenter
2477 2444 2534 2493 et
2562 2436 2865 2492 honoriﬁce
2892 2433 3214 2493 tumulavit,
3245 2448 3311 2485 ac
3338 2430 3603 2484 ultimum
3635 2429 3768 2483 ofﬁ-

2156 2530 2300 2584 cium
2316 2531 2478 2599 juxta
2515 2542 2729 2581 morem
2752 2524 2986 2597 peregit.
3009 2520 3259 2577 Transiit
3296 2535 3425 2573 vero
3456 2518 3767 2572 millesimo

2154 2619 2462 2673 centesimo
2492 2615 2839 2684 sexagesimo
2873 2612 3052 2682 primo
3080 2608 3356 2664 incarnati
3377 2607 3546 2661 Verbi
3583 2622 3757 2672 anno,

2153 2715 2307 2764 sexto
2325 2709 2514 2762 Nonas
2533 2704 2685 2771 Julii,
2709 2701 3114 2758 Sabbatointra
3131 2704 3355 2753 octavas
3369 2696 3757 2768 apostolorum

2154 2798 2307 2852 Petri
2341 2801 2399 2851 et
2458 2794 2639 2857 Pauli,
2700 2791 2848 2847 circa
2896 2790 3168 2845 decimam
3205 2788 3403 2841 horam
3427 2785 3560 2849 diei,
3606 2801 3757 2838 anno

2155 2886 2334 2941 aetatis
2360 2902 2474 2940 suae
2494 2883 2717 2938 circiter
2751 2879 3096 2949 sexagesimo
3135 2877 3350 2948 quinto,
3383 2873 3760 2928 monachatus

2156 2993 2284 3031 vero
2296 2972 2779 3046 quinquagesimo.
2803 2972 2851 3025 Α
2871 2969 3034 3024 beato
3055 2966 3327 3023 Herluino
3341 2969 3531 3019 autem
3570 2963 3761 3034 primo

2153 3065 2354 3120 abbate
2385 3070 2443 3118 et
2466 3062 2624 3117 Becci
2654 3060 2951 3114 fundatore
2989 3062 3177 3112 sextus
3218 3053 3455 3121 exstitit,
3494 3057 3554 3106 et
3582 3051 3765 3107 abba-

2153 3155 2291 3209 tiam
2318 3153 2461 3211 rexit
2485 3151 2649 3208 annis
2677 3151 2888 3215 decem,
2912 3146 3108 3202 diebus
3140 3143 3336 3215 viginti
3360 3142 3544 3197 tribus

1695 3557 2519 3656 MIRACULUM

714 3772 839 3847 Quo
869 3773 946 3836 B.
985 3774 1184 3836 Μανία
1216 3772 1489 3835 subvenit
1517 3772 1835 3837 Gw'llelmo
1872 3771 2153 3850 Crispino
2192 3769 2473 3907 genteri;
2496 3804 2576 3817 -
2603 3768 2713 3829 ubi
2737 3767 2809 3829 de
2862 3767 3058 3829 nobili
3099 3767 3512 3847 Crispinorum

1871 3869 2081 3907 uenere
2115 3868 2216 3907 aaz
2246 3869 2342 3907 ur.

1868 3869 2081 3932 genere
2115 3868 2342 3929 agetur.

541 4142 717 4196 Beata
737 4138 963 4194 Domini
988 4139 1169 4193 Mater
1213 4144 1271 4193 et
1317 4143 1591 4210 perpetua
1642 4138 1814 4208 Virgo
1870 4138 2069 4204 Maria,
2093 4137 2227 4202 Cde.
2260 4137 2491 4191 instanti
2531 4135 2777 4208 periculo
2822 4132 3038 4199 mortis,
3070 4131 3165 4186 sed
3220 4128 3546 4201 priusquam
3585 4126 3763 4196 hujus

471 4229 758 4300 singulare
781 4228 1102 4299 praesidium
1118 4227 1589 4289 Christianorum,
1612 4244 1712 4299 per
1731 4243 1899 4297 quam
1919 4228 2070 4282 salus

470 4318 667 4373 mundi
700 4317 979 4388 apparuit,
1012 4334 1121 4387 quo
1154 4318 1422 4380 maiorem
1455 4317 1603 4388 apud
1628 4317 1813 4370 Deum
1838 4333 1949 4386 pra:
1975 4333 2074 4370 cae-

473 4407 611 4461 teris
640 4406 883 4476 gratiam
921 4405 1197 4460 invenisse
1233 4406 1598 4476 dignoscitur,
1627 4422 1692 4459 eo
1727 4405 2076 4475 frequentius

471 4496 545 4551 ab
566 4494 908 4563 hominibus,
941 4500 999 4549 et
1020 4495 1334 4549 ﬁducialius
1353 4501 1523 4565 atque
1543 4494 1874 4547 familiarius
1896 4494 1953 4547 in
1973 4510 2071 4548 ne-

474 4582 825 4639 cessitatibus
854 4584 1141 4638 invocatur
1174 4602 1185 4614 ·
1221 4590 1343 4649 53
1371 4588 1429 4637 et
1451 4584 1572 4654 ipsa
1595 4583 1742 4636 celer
1766 4583 2075 4638 clementiae

476 4690 592 4728 suae
621 4673 812 4727 multis
851 4672 1175 4744 impendere
1199 4673 1341 4725 solet
1367 4671 1697 4725 beneficium
1752 4672 1912 4727 Unde
1940 4688 2078 4726 non-

477 4763 636 4817 nulla
660 4762 808 4817 illius
838 4762 1220 4817 subventionis
1249 4762 1501 4831 exempla
1524 4761 1887 4816 inveniuntur
1909 4762 2080 4832 scrip-

476 4858 557 4916 ta,
578 4852 824 4923 plurima
840 4850 1048 4922 passim
1065 4850 1186 4920 jugi
1206 4850 1530 4903 sentiuntur
1550 4851 1747 4905 effectu
1772 4870 1784 4916 ;
1812 4867 1934 4921 qua:
1957 4867 2082 4921 pro-

476 4946 603 5012 pter
628 4940 1046 4995 multitudinem
1071 4955 1182 4992 non
1207 4944 1341 4991 sunt
1359 4939 1750 4993 commendata
1772 4938 2076 4993 memoriae.

473 5031 516 5085 E
545 5028 750 5100 quibus
779 5044 954 5082 unum
984 5026 1194 5080 referre
1217 5027 1488 5093 volumus,
1524 5028 1671 5099 quod
1703 5028 1935 5098 dignum
1968 5043 2080 5080 me-

477 5118 656 5173 moria
687 5116 923 5181 videtur,
973 5116 1233 5186 quodque
1264 5132 1363 5187 pro
1403 5117 1489 5170 sui
1542 5117 1931 5188 magnitudine
1969 5131 2081 5169 non

474 5207 660 5280 potuit
685 5208 859 5260 latere
888 5205 1040 5259 illius
1069 5204 1410 5258 hominibus.
1442 5207 1503 5260 In
1530 5222 1638 5277 quo
1663 5206 1808 5259 facto
1837 5204 2084 5259 ostendit

474 5295 800 5352 beatissima
827 5293 931 5350 Dei
959 5310 1164 5364 parens
1194 5310 1359 5365 quam
1394 5293 1698 5366 benignum
1748 5298 1913 5363 gerat
1950 5309 2084 5361 erga

473 5387 710 5441 miseros
740 5386 809 5439 ad
844 5401 904 5438 se
931 5383 1316 5454 confugientes
1347 5384 1628 5438 affectum.
1664 5384 1807 5436 Nam
1860 5381 2080 5435 cuidam

2154 4225 2410 4280 miraculi
2459 4225 2712 4279 ordinem
2751 4223 3084 4294 pandamus,
3120 4219 3354 4289 dignum
3382 4217 3608 4270 videtur
3627 4230 3768 4285 pau-

2155 4314 2233 4368 cis
2261 4314 2510 4368 indicare
2543 4314 2667 4384 quis
2695 4312 2867 4366 fuerit
2891 4312 2984 4365 ille
3003 4310 3334 4371 Willelmus,
3362 4311 3419 4359 et
3448 4304 3599 4358 unde
3630 4318 3765 4373 cog-

2157 4419 2360 4457 nomen
2393 4401 2629 4472 Crispini
2658 4401 2760 4454 sibi
2788 4407 2845 4454 et
2876 4416 2977 4454 suo
3001 4398 3194 4469 generi
3223 4393 3542 4464 contigerit.

2230 4496 2544 4562 Antequam
2569 4489 2942 4545 Northmanni
2972 4489 3113 4542 duce
3160 4479 3447 4540 Willelmo
3499 4480 3763 4550 Angliam

2157 4580 2521 4645 debellarent,
2538 4580 2646 4633 fuit
2664 4580 2721 4633 in
2743 4578 3025 4643 Neustria,
3051 4593 3172 4647 quae
3186 4589 3335 4628 nunc
3349 4568 3763 4626 Northmannia

2157 4681 2405 4733 vocatur,
2437 4669 2520 4723 vir
2548 4668 2826 4739 egregius,
2881 4667 3108 4720 nomine
3147 4661 3510 4719 Gislebertus,
3554 4673 3763 4729 genere

2160 4765 2217 4814 et
2246 4758 2540 4813 nobilitate
2571 4757 2891 4829 praeclarus,
2936 4755 3027 4826 qui
3058 4754 3128 4807 ab
3158 4750 3486 4806 habitudine
3531 4746 3760 4818 capillo-

2162 4865 2310 4915 rum,
2344 4847 2559 4918 primus
2583 4845 2823 4916 Crispini
2856 4843 3187 4914 cognomine
3217 4835 3764 4906 diciturinsignitus;

2162 4953 2291 4990 nam
2325 4937 2381 4990 in
2409 4953 2511 4990 sua
2542 4935 2805 5007 primaeva
2833 4939 2998 4987 aetate
3027 4929 3270 4985 habebat
3294 4927 3522 4998 capillos
3554 4924 3766 4995 crispos

2164 5029 2224 5078 et
2249 5024 2477 5094 rigidos,
2510 5029 2681 5093 atque
2711 5037 2933 5075 sursum
2966 5024 3197 5083 erectos,
3232 5025 3305 5081 et,
3340 5022 3405 5070 ut
3440 5016 3521 5068 ita
3558 5013 3763 5071 dicam,

2166 5112 2429 5167 rebursos
2463 5112 2533 5166 ad
2587 5111 2816 5164 modum
2872 5108 2987 5180 pini
3029 5122 3336 5167 ramorum,
3395 5103 3489 5175 qui
3546 5117 3769 5173 semper

2164 5201 2408 5254 tendunt
2427 5217 2672 5263 sursum,
2708 5214 2882 5270 quare
2912 5196 3341 5267 cognominatus
3357 5200 3444 5247 est
3457 5190 3765 5261 Crispinus,

2165 5290 2325 5360 quas,
2358 5294 2573 5358 crispus
2592 5294 2763 5357 pinus
2779 5304 2801 5355 ;
2835 5303 3000 5357 quam
3025 5285 3352 5355 capillorum
3384 5280 3769 5335 rebursionem

2164 5378 2348 5433 adhuc
2390 5377 2633 5431 videmus
2659 5376 2714 5430 in
2739 5376 2808 5429 iis
2831 5375 2926 5446 qui
2956 5375 3024 5428 de
3054 5373 3227 5445 ipsius
3249 5369 3549 5426 Gisleberti
3566 5384 3770 5438 genere

476 5474 652 5528 nobili
673 5475 787 5529 viro
818 5479 875 5528 et
901 5472 1007 5527 sibi
1037 5472 1253 5538 devoto,
1289 5474 1512 5526 nomine
1540 5472 1845 5536 Willelmo,
1880 5481 2143 5539 rogno-D
2164 5467 2526 5522 descendunt.
2554 5466 2712 5520 Unde
2734 5463 2910 5535 etipsi
2926 5463 3121 5517 eodem
3149 5460 3480 5530 cognomine
3506 5456 3767 5511 acaeteris

477 5566 670 5615 mento
699 5562 973 5633 Crispino,
1017 5563 1137 5632 ejus
1176 5561 1617 5615 misericordiam
1658 5559 1980 5631 deprecanti
2019 5557 2075 5612 in

479 5665 683 5718 magna
694 5651 972 5705 anxietate
988 5650 1185 5717 adfuit,
1207 5656 1262 5704 et
1283 5649 1679 5704 miserabiliter
1698 5648 1856 5703 illum
1875 5647 2083 5719 eripuit

2161 5557 2681 5611 Northmannorum
2713 5553 2939 5607 familiis
2967 5551 3328 5605 dirimuntur.
3354 5550 3465 5603 Iste
3483 5545 3764 5600 Gisleber-

2163 5652 2256 5700 tus
2285 5645 2402 5716 qui,
2431 5650 2497 5702 ut
2519 5643 2781 5710 diximus,
2815 5641 3061 5714 Crispini
3090 5653 3400 5708 cognomen
3431 5635 3647 5709 primus
3682 5643 3763 5689 est
