3920 6378
132 317 213 378 737

1099 310 1196 366 DE
1230 309 1479 366 NOBILI
1520 310 1809 366 GENERE
1847 310 2365 367 CRISPINORUM.

3238 312 3346 373 738

125 444 343 514 adeptus,
363 436 573 510 accepit
600 451 828 492 uxorem
844 435 1091 491 Senioris
1120 436 1379 491 Fulconis
1404 438 1472 491 de
1496 439 1674 492 Alnov
1691 441 1741 498 Α
1761 437 1832 491 ad
1855 436 2067 492 Christi
2103 439 2498 508 paupertatem
2525 440 2648 492 tota
2670 437 2964 493 devotione
3001 454 3062 493 se
3087 440 3345 507 contulit,

123 544 427 605 germanam,
469 526 691 581 nomine
741 525 1081 590 Gonnorem,
1135 525 1204 579 de
1236 543 1346 597 qua
1375 532 1491 581 tres
1524 527 1670 581 filios
1751 532 1817 581 ut
1858 526 1917 580 in
1947 524 2275 580 monachica
2298 526 2717 580 conversatione
2741 526 2843 580 soli
2856 527 2971 582 Deo
2994 526 3226 583 liberius
3251 545 3350 582 va-

123 620 301 691 genuit,
349 615 715 671 Gislebertum
763 613 1105 684 Crispinum,
1144 631 1247 685 pro
1277 630 1388 684 quo
1427 614 1672 669 scribere
1753 619 1924 669 caret.
1951 615 2054 669 Hic
2084 614 2276 685 itaque
2309 614 2641 669 renuntians
2678 617 2881 671 saeculo
2910 616 3017 671 sibi
3059 616 3132 671 ad
3160 622 3352 673 votum

124 708 188 762 ita
210 704 547 774 suscepimus,
567 708 624 757 et
636 702 963 765 Robertum,
980 701 1233 772 duasque
1253 702 1397 756 ﬁlias
1415 702 1671 757 Emmam

121 795 244 850 Petri
269 794 330 847 de
346 792 586 848 Condeto
615 790 1152 861 genitricem,atque
1175 790 1403 845 Esiliam
1435 796 1675 844 matrem

122 881 349 936 Willelmi
391 882 575 945 Malet,
615 878 711 950 qui
758 878 917 932 miles
943 883 1239 943 strenuus,
1294 878 1352 932 in
1389 884 1676 934 senectute

121 973 269 1026 factus
318 975 399 1025 est
450 969 757 1023 monachus
786 967 970 1035 Becci,
1020 974 1075 1022 et
1119 968 1418 1022 transactis
1461 968 1677 1038 aliquot

121 1059 254 1114 annis
270 1057 561 1112 honorifice
578 1057 635 1111 in
671 1055 966 1110 coenobiali
996 1054 1402 1122 observatione,
1426 1056 1672 1111 uttalem

121 1149 268 1203 virum
294 1147 538 1210 decebat,
561 1145 706 1200 bono
732 1146 843 1199 fine
871 1144 1101 1215 quievit.
1139 1144 1416 1199 Robertus
1460 1145 1675 1216 Crispi-

120 1254 204 1290 nus
238 1237 408 1290 minor
430 1236 623 1301 frater,
650 1233 1065 1289 Northmannia
1092 1251 1369 1304 egressus,
1399 1234 1673 1304 plurimas

118 1324 396 1396 peragravit
421 1324 702 1394 regiones,
733 1323 909 1377 donec
938 1322 1488 1394 Constantinopolim
1518 1322 1674 1377 veni-

122 1418 223 1480 ret;
252 1419 300 1467 et
327 1412 393 1466 ab
428 1413 771 1484 imperatore
800 1428 924 1465 cum
949 1411 1167 1465 honore
1190 1417 1500 1483 susceptus,
1545 1428 1677 1465 ma-

119 1502 296 1573 gnique
321 1501 563 1556 nominis
592 1501 739 1572 apud
768 1517 962 1554 omnes
992 1500 1241 1565 effectus,
1261 1499 1358 1564 ibi,
1381 1505 1445 1555 ut
1473 1501 1669 1567 fertur,

119 1588 291 1643 invidia
314 1590 630 1644 Graecorum
654 1604 864 1642 veneno
885 1587 1068 1658 periit.
1090 1587 1433 1641 Gislebertus
1464 1587 1674 1657 Crispi-

119 1695 202 1733 nus
226 1680 395 1750 major
422 1679 622 1732 horum
650 1677 821 1731 trium
840 1676 1100 1740 fratrum,
1124 1692 1160 1729 a
1177 1676 1316 1730 duce
1333 1675 1678 1730 Northman-

1757 700 2051 765 arridenti,
2078 700 2135 753 in
2155 700 2327 754 fundo
2360 701 2446 755 sui
2472 702 2638 771 juris,
2663 702 2758 773 qui
2783 703 3100 757 Burnevilla
3126 704 3351 772 dicitur,

1758 790 1949 843 volens
1978 788 2293 843 coenobium
2339 796 2686 853 construere,
2715 792 3006 846 ecclesiam
3038 793 3351 862 aedificavit,

1757 876 1815 931 in
1841 878 2055 931 honore
2083 883 2289 931 sanctae
2318 877 2539 944 Mariae;
2566 878 2755 951 ibique
2782 880 3072 952 religionis
3101 882 3356 937 habitum

1759 965 2159 1036 suscepit,cum
2180 972 2330 1020 esset
2348 983 2624 1021 annorum
2647 969 3041 1040 quadraginta,
3061 987 3164 1026 nec
3180 972 3357 1027 multo

1758 1060 1883 1126 post
1909 1053 2203 1126 presbyter
2230 1054 2540 1120 ordinatus,
2596 1061 2654 1109 et
2681 1056 2854 1113 abbas
2876 1059 3357 1117 constitutus'est.

1758 1142 1901 1207 Quia
1936 1142 2265 1213 campestris
2279 1144 2653 1214 etinaquosus
2673 1151 2759 1200 est
2783 1145 3069 1218 locus,per
3099 1165 3357 1219 soporem

1758 1232 2005 1287 monitus
2034 1248 2069 1286 a
2099 1231 2267 1287 beata
2297 1231 2520 1287 Domini
2541 1234 2721 1289 Matre
2752 1234 2955 1304 Maria,
2984 1235 3044 1290 in
3063 1236 3264 1291 vallem
3287 1237 3359 1292 ad

1757 1320 1938 1375 rivum
1974 1320 2070 1392 qui
2120 1323 2349 1376 vocatur
2393 1322 2599 1377 Beccus
2655 1324 2912 1391 secessit;
2945 1323 3135 1395 ibique
3162 1325 3352 1382 nobile

1759 1409 2036 1464 aedificare
2065 1409 2235 1481 coepit
2261 1409 2319 1463 in
2351 1410 2622 1465 honorem
2645 1412 2898 1482 ejusdem
2925 1420 3130 1469 sancta:
3163 1414 3352 1470 Mariae

1758 1498 1953 1554 Matris
1981 1498 2201 1553 Domini
2233 1498 2654 1565 monasterium,
2679 1501 2829 1572 quod
2858 1501 3008 1557 Deus
3028 1501 3259 1574 perfecit
3284 1486 3357 1560 ad

1760 1588 1846 1644 sui
1867 1587 2111 1643 nominis
2139 1588 2401 1659 gloriam,
2430 1595 2489 1643 et
2517 1588 2828 1643 multorum
2872 1589 3165 1644 hominum
3207 1591 3355 1645 salu-

1761 1683 1876 1732 tem
1909 1684 1965 1732 et
1993 1677 2391 1732 solatium.Cui
2416 1677 2564 1733 Deus
2585 1678 2653 1731 ad
2678 1677 2946 1733 auxilium
2977 1684 3035 1733 et
3062 1679 3359 1735 consilium

117 1783 307 1834 norum,
351 1773 597 1821 castrum
643 1765 971 1837 Tegularias
1013 1765 1073 1819 in
1122 1764 1451 1819 haereditate
1487 1751 1996 1821 custo-Badduxit
2026 1767 2186 1836 juxta
2226 1765 2567 1821 desiderium
2605 1766 2789 1820 cordis
2821 1767 2911 1821 sui
2958 1767 3359 1838 Lanfrancum,

118 1855 344 1910 diendqu
370 1855 607 1927 accepit,
643 1856 791 1927 quod
819 1853 1069 1908 haeredes
1099 1853 1219 1923 ejus
1258 1858 1457 1907 tenent
1502 1869 1678 1922 usque

119 1946 171 1997 ad
190 1961 413 2016 praesens
433 1951 659 2016 tempus
673 1990 685 2002 .
726 1944 1033 1998 Praedictus
1049 1942 1369 1996 Willelmus
1388 1941 1678 2012 Crispinus

119 2033 301 2088 medius
319 2032 745 2104 frater,generis
767 2032 1146 2095 nobilitate,et
1163 2047 1382 2085 morum
1400 2030 1677 2101 probitate

118 2128 259 2193 atque
285 2122 480 2177 militia
511 2122 940 2186 famosissimus,
974 2121 1123 2175 inter
1152 2120 1677 2175 Northmannorum

120 2211 298 2280 primos
329 2211 662 2276 habebatur,
690 2211 807 2282 qui,
841 2216 907 2264 ut
930 2209 1192 2275 diximus,
1214 2209 1283 2263 de
1314 2208 1497 2279 primo
1527 2207 1679 2262 Cris-

119 2300 339 2370 pinorum
376 2306 541 2372 patre
569 2299 882 2354 Gisleberto
912 2297 1155 2369 optimus
1195 2297 1363 2363 ﬁlius,
1396 2296 1467 2349 ad
1506 2294 1679 2349 totius

117 2389 306 2457 generis
343 2389 429 2444 sui
467 2388 734 2461 gloriam,
766 2387 1021 2441 felicibus
1047 2385 1310 2456 auspiciis
1353 2384 1581 2456 prodiit,
1622 2388 1680 2437 et

120 2477 238 2531 sicut
286 2478 431 2533 inter
476 2479 764 2532 Romanos
793 2476 925 2531 olim
968 2475 1144 2541 Fabii,
1182 2474 1267 2528 vel
1313 2473 1516 2542 Anicii,
1563 2471 1679 2526 sive

122 2566 303 2632 Manlii,
363 2567 616 2637 insignes
657 2564 1026 2624 habebantur,
1081 2563 1162 2617 ita
1226 2562 1468 2633 Crispini
1531 2561 1680 2615 inter

119 2653 501 2710 Northmannos
518 2662 578 2709 et
591 2655 830 2708 Francos
844 2652 1231 2707 honoratiores
1247 2650 1677 2722 reputabantur.

120 2744 204 2797 Sed
251 2744 349 2798 iste
377 2745 700 2798 Willelmus
752 2743 902 2796 inter
945 2758 1140 2795 omnes
1199 2739 1681 2794 nominatissimus

119 2831 262 2887 fuisse
283 2833 474 2900 fertur,
510 2832 608 2904 qui
639 2849 740 2886 suo
767 2836 1040 2901 tempore,
1076 2829 1288 2883 militia:
1318 2828 1517 2893 titulis,
1550 2827 1682 2882 insi-

118 2937 230 2990 gnes
256 2939 390 2993 pene
418 2938 592 2993 super
635 2936 830 2975 omnes
855 2919 1106 2989 ejusdem
1153 2917 1506 2990 tempestatis
1533 2916 1681 2971 viros

119 3009 468 3065 enituit.Unde
484 3010 753 3081 praeclara
772 3009 895 3079 ejus
922 3007 1170 3079 probitas
1199 3006 1386 3078 plures
1413 3005 1517 3060 sibi
1549 3006 1683 3059 effe-

119 3100 670 3169 ceratinvidos,atque
694 3098 883 3152 hostes
928 3095 1253 3150 reddiderat
1279 3094 1679 3149 atrocissimos.

119 3186 183 3241 Ea
205 3194 528 3261 tempestate
557 3185 777 3253 Franci,
810 3190 1039 3240 auctore
1063 3184 1335 3240 Walterio
1367 3184 1567 3238 Vetulo
1597 3200 1684 3237 co-

119 3277 229 3331 mite
257 3279 323 3332 de
349 3276 749 3342 Ponte-Ysare,
776 3275 870 3346 qui
899 3280 1077 3329 totam
1099 3280 1308 3328 terram
1324 3273 1475 3326 intra
1491 3273 1681 3339 Ittam,

118 3371 164 3418 et
205 3368 486 3431 Andelam,
536 3371 707 3437 atque
750 3364 1068 3435 Sequanam
1099 3379 1257 3417 suam
1307 3361 1509 3416 debere
1561 3377 1682 3415 esse

119 3453 326 3523 dicebat,
360 3456 592 3511 crebras
618 3453 956 3525 irruptiones
978 3452 1127 3506 ultra
1156 3450 1384 3506 fluvium
1408 3452 1578 3505 Ittam
1599 3449 1683 3503 fa-

118 3543 327 3611 ciebant,
374 3551 431 3600 et
476 3546 696 3616 praedas
740 3543 809 3596 de
846 3541 1129 3595 Vilcasino
1160 3539 1439 3611 agebant;
1474 3544 1530 3593 et
1557 3539 1683 3593 ideo

119 3631 210 3685 dux
236 3633 751 3688 Northmannorum
769 3630 1104 3696 Willelmus,
1126 3629 1222 3700 qui
1249 3634 1444 3698 postea
1464 3645 1556 3682 rex
1581 3631 1686 3682 Au-

119 3721 308 3788 glorum
338 3723 459 3787 fuit,
477 3720 807 3792 praedictum
820 3718 1170 3774 Willelmum
1192 3717 1532 3788 Crispinum,
1555 3716 1688 3787 quia

120 3815 221 3864 erat
244 3810 670 3882 probatissimus
698 3809 753 3862 in
782 3825 841 3861 re
867 3807 1122 3869 militari,
1159 3806 1449 3860 collocavit
1478 3804 1533 3859 in
1564 3822 1686 3860 cas-

120 3902 192 3952 tro
216 3901 411 3970 Melﬁa,
440 3905 638 3955 contra
665 3897 1005 3952 Francorum
1034 3896 1312 3962 incursus,
1332 3896 1403 3949 ad
1432 3911 1689 3949 coercen-

121 3985 203 4042 das
223 4006 409 4045 eorum
438 3987 923 4062 praesumptiones,
957 3985 1172 4040 donans
1210 3985 1292 4038 illi
1324 3991 1568 4039 castrum
1601 3983 1688 4055 ip-

121 4092 223 4130 sum
276 4084 332 4134 et
381 4077 653 4133 Vilcasini
695 4075 1144 4130 vicecomitatum
1167 4073 1297 4143 jure
1334 4072 1688 4128 haereditario

120 4168 537 4234 custodiendum,
566 4172 624 4221 et
654 4165 806 4219 filius
845 4166 967 4235 ejus
997 4169 1122 4235 post
1156 4179 1305 4227 eum,
1339 4163 1483 4216 sicut
1510 4179 1689 4233 usque

121 4252 262 4311 hodie
287 4257 560 4312 videmus.
591 4256 667 4310 At
693 4255 786 4308 ille
814 4252 890 4307 ibi
917 4250 1262 4307 mansionem
1317 4251 1424 4305 sibi
1479 4250 1688 4305 consti-

1697 3066 1740 3124 C

1759 1855 1940 1910 virum
1968 1856 2024 1909 in
2064 1854 2391 1909 liberalibus
2421 1854 2637 1908 artibus
2676 1855 3050 1927 undecunque
3078 1855 3359 1927 peritissi-

1761 1961 1914 1998 mum
1940 1963 1952 2012 ;
1986 1960 2152 2015 quem
2183 1960 2309 1997 cum
2337 1960 2546 2013 magno
2595 1944 2908 2016 suscipiens
2936 1945 3164 2015 gaudio,
3204 1944 3361 2000 dedit

1760 2032 1812 2087 ei
1841 2031 2098 2086 habitum
2149 2031 2458 2102 religionis.
2511 2032 2666 2087 Tunc
2703 2031 3058 2088 confluebant
3096 2033 3163 2088 ad
3223 2050 3362 2105 prae-

1760 2120 1970 2175 dictum
2019 2121 2203 2175 locum
2255 2119 2511 2174 certatim
2567 2120 2729 2177 multi
2777 2121 3071 2176 saeculares
3121 2119 3359 2177 litterati

1762 2216 1820 2264 et
1844 2210 1937 2264 alii
1966 2210 2207 2263 cervices
2236 2226 2367 2263 suas
2401 2208 2508 2262 levi
2537 2210 2676 2279 jugo
2717 2207 2963 2273 Domini,
2997 2216 3055 2264 et
3080 2210 3350 2282 obsequio

1761 2299 2036 2371 regularis
2064 2299 2190 2353 vita:
2217 2298 2507 2353 humiliter
2536 2298 2826 2354 inclinare.
2860 2299 2972 2353 Alii
2991 2299 3199 2355 liberos
3225 2316 3357 2355 suos

1761 2406 1796 2443 a
1822 2389 2134 2442 Lanfranco
2165 2386 2502 2441 erudiendos
2532 2385 2590 2440 in
2621 2385 2939 2442 liberalium
2983 2388 3193 2443 artium
3231 2394 3360 2455 54

1761 2475 2132 2548 philosophia,
2170 2480 2226 2529 et
2266 2474 2646 2529 informandos
2675 2492 2775 2546 per
2798 2475 3138 2531 Herluinum
3176 2476 3237 2531 in
3268 2492 3360 2531 re-

1759 2564 1944 2636 gulari
1990 2562 2289 2634 disciplina
2335 2562 2579 2628 tradere,
2635 2564 2892 2618 nonnulli
2936 2563 3121 2637 ipsum
3175 2565 3361 2620 locum

1763 2653 1933 2707 rebus
1960 2652 2078 2707 suis
2104 2651 2407 2708 studebant
2435 2652 2779 2723 amplissime
2808 2652 3010 2707 ditare.
3036 2654 3191 2708 Inter
3219 2671 3360 2726 quos

1764 2741 2023 2812 egregius
2049 2741 2130 2794 vir
2159 2740 2456 2812 praedictus
2488 2740 2800 2794 Willelmus
2828 2741 3138 2812 Crispinus,
3180 2743 3362 2797 ﬁlium

1762 2847 1926 2884 suum
1950 2830 2008 2884 in
2032 2835 2226 2884 tenera
2246 2834 2410 2883 aetate
2431 2828 2659 2883 nomine
2681 2828 3058 2885 Gislebertum
3084 2830 3361 2902 praedictis

1765 2917 2027 2972 Patribus
2073 2918 2188 2972 Deo
2214 2916 2582 2970 nutriendum
2619 2916 2723 2970 sub
2772 2917 3023 2987 regulari
3065 2918 3362 2990 disciplina

1765 3006 1985 3074 obtulit,
2010 3012 2067 3061 et
2085 3007 2264 3061 multa
2285 3005 2354 3058 de
2384 3003 2550 3059 rebus
2577 3005 2695 3060 suis
2720 3007 3049 3077 temporalis
3077 3006 3203 3062 vitae
3225 3007 3361 3063 sub-

1765 3095 1905 3150 sidia
1926 3113 2051 3150 cum
2102 3111 2276 3167 puero
2307 3093 2665 3147 ministravit.
2719 3094 2970 3158 Quorum
3024 3095 3362 3154 informatus

1765 3184 2021 3239 doctrina
2047 3189 2102 3238 et
2132 3188 2338 3237 sanctae
2357 3182 2797 3238 conversationis
2827 3184 3114 3256 exemplis,
3136 3186 3218 3241 sic
3234 3203 3364 3241 cum

1767 3273 1956 3328 divino
1984 3272 2225 3344 profecit
2254 3271 2463 3326 auxilio
2501 3271 2562 3326 in
2610 3271 2814 3326 divinis
2870 3277 2927 3327 et
2967 3273 3368 3346 philosophicis

1763 3361 2038 3417 institutis
2067 3367 2131 3416 ut
2176 3377 2372 3415 omnes
2399 3365 2571 3425 artes,
2598 3376 2738 3431 quas
2760 3360 3019 3416 liberales
3043 3369 3262 3431 vocant,
3293 3364 3367 3420 ad

1765 3467 2014 3523 unguem
2035 3449 2367 3516 addisceret,
2402 3455 2460 3504 et
2486 3465 2682 3503 earum
2715 3449 2924 3504 rivulos
2953 3450 3209 3522 pluribus
3246 3453 3367 3525 ipse

1766 3540 2046 3612 perfectus
2075 3539 2135 3594 in
2162 3538 2435 3609 religione
2483 3538 2828 3610 propinaret.
2862 3539 3037 3609 Cujus
3067 3546 3225 3596 tanta
3259 3542 3370 3598 fuit

1766 3629 1825 3683 in
1856 3628 2035 3682 activa
2065 3634 2123 3682 et
2150 3627 2494 3698 speculativa
2522 3627 2637 3680 vita
2667 3627 2933 3698 perfectio
2961 3633 3025 3683 ut
3059 3646 3187 3684 cum
3218 3630 3369 3686 Deus

1768 3717 2144 3772 Lanfrancum
2171 3715 2564 3770 Cantuariensi
2597 3715 2849 3771 Ecclesiae
2887 3715 2945 3770 in
2973 3734 3194 3772 summo
3224 3736 3367 3790 pon-

1778 3806 1992 3860 tificatu
2047 3805 2375 3877 praeficeret,
2434 3820 2563 3858 eum
2612 3803 2958 3860 Lanfrancus
3005 3805 3074 3859 ad
3117 3806 3371 3875 regimen

1769 3891 2305 3955 West-Monasterii,
2321 3893 2436 3946 Deo
2458 3897 2706 3956 vocante,
2724 3892 3041 3962 provideret
3060 3912 3072 3961 ;
3100 3898 3370 3966 tantaque

1771 3981 2084 4037 sanctitatis
2135 3981 2339 4051 gratia,
2385 3987 2449 4034 ut
2475 3980 2776 4046 credimus,
2811 3981 2926 4035 Deo
2958 3986 3016 4035 et
3046 3981 3369 4040 hominibus

1772 4071 1981 4143 placuit
2028 4076 2092 4124 ut
2139 4069 2516 4124 humilitatem
2573 4086 2684 4138 prae
2730 4068 2944 4124 cunctis
2982 4069 3067 4125 sui
3099 4072 3367 4143 temporis

1772 4158 2020 4230 praelatis
2065 4166 2123 4211 et
2170 4157 2489 4228 specialiter
2534 4155 2928 4227 praetenderet,
2970 4164 3027 4213 et
3069 4157 3369 4216 sublimius

1771 4247 2125 4320 praedicaret.
2175 4246 2276 4299 Hic
2317 4245 2551 4315 triginta
2578 4244 2796 4298 duobus
2827 4245 2989 4300 annis
3018 4247 3140 4301 loco
3189 4249 3370 4320 magis

120 4342 226 4410 tuit,
254 4346 525 4401 familiam
569 4351 627 4400 et
671 4343 880 4398 milites
907 4341 964 4396 in
1008 4341 1129 4395 loco
1169 4340 1358 4412 posuit
1385 4347 1580 4395 contra
1607 4340 1687 4394 ir—
1707 4343 1753 4401 D
1772 4336 1983 4407 profuit
2010 4352 2179 4406 quam
2207 4333 2448 4405 praefuit,
2481 4334 2615 4388 etin
2643 4338 2930 4390 senectute
2977 4334 3143 4403 bona,
3172 4337 3373 4409 plenus

120 4433 379 4503 luptiones
398 4436 777 4497 Francorum;
807 4448 919 4502 qua
945 4430 1014 4485 de
1045 4447 1105 4484 re
1134 4429 1354 4494 Franci,
1387 4430 1685 4483 vehemen-

122 4522 191 4573 ter
217 4521 359 4589 irati,
387 4522 447 4577 in
472 4527 696 4576 tantum
719 4518 907 4573 odium
939 4523 1134 4572 contra
1161 4517 1323 4572 illum
1362 4522 1695 4572 exarserunt

122 4614 175 4663 ut
198 4616 424 4667 mortem
453 4611 575 4680 ejus
598 4613 719 4663 tota
737 4606 1002 4662 aviditate
1027 4611 1379 4678 appeterent.

181 4697 270 4751 llis
298 4698 367 4752 de
387 4705 514 4753 ortu
544 4695 788 4767 Crispini
818 4693 1166 4765 cognominis
1189 4692 1511 4765 praelibatis,
1544 4709 1694 4748 nunc

120 4782 221 4851 jam
247 4787 313 4841 ad
349 4804 469 4841 rem
500 4785 810 4849 veniamus,
845 4799 1035 4854 quam,
1069 4787 1133 4836 ut
1162 4799 1194 4836 a
1223 4782 1511 4836 veracibus
1558 4782 1696 4836 rela-

124 4873 318 4929 toribus
346 4874 687 4946 accepimus,
720 4872 1053 4944 simpliciter
1098 4871 1308 4925 referre
1350 4868 1692 4925 curabimus.

125 4959 184 5014 Et
208 4977 286 5018 est
312 4981 401 5018 res
421 4962 706 5018 memoriae
731 4960 921 5032 digna,
955 4965 1013 5015 et
1057 4959 1234 5014 beatae
1259 4958 1482 5014 Domini
1534 4957 1700 5013 Matri

127 5064 368 5121 congrua,
386 5070 510 5125 qua:
540 5052 788 5106 humano
814 5048 1010 5122 generi
1041 5054 1168 5120 post
1194 5048 1371 5102 Deum
1399 5046 1700 5118 singulari-

128 5142 203 5192 ter
226 5147 306 5196 est
330 5141 591 5196 amabilis
618 5145 674 5195 et
700 5158 800 5211 per
829 5139 1032 5194 saecula
1060 5142 1267 5192 cuncta
1297 5135 1613 5191 laudabilis.

188 5228 494 5301 Inspirante
520 5229 759 5284 Domino
790 5229 905 5282 Deo
933 5232 1126 5282 nostro
1148 5227 1280 5281 Jesu
1310 5225 1553 5290 Christo,
1577 5240 1700 5279 om-

131 5313 269 5371 nium
298 5317 570 5373 bonorum
597 5324 844 5381 auctore,
871 5316 1098 5388 quidam
1130 5314 1309 5380 miles,
1342 5319 1607 5368 strenuus
1645 5318 1703 5367 et

130 5403 268 5460 dives
286 5407 609 5475 Herluinus,
634 5406 944 5478 postposita
964 5403 1257 5460 nobilitate
1286 5401 1699 5473 terrena,abje-

133 5498 211 5548 cta
228 5496 406 5552 saeculi
436 5513 657 5569 pompa;
681 5512 791 5568 qua
816 5500 947 5550 ante
970 5494 1132 5565 juxta
1153 5492 1379 5547 modum
1402 5498 1569 5547 suum
1591 5508 1704 5546 non

1773 4424 2014 4490 dierum,
2036 4428 2092 4476 et
2118 4423 2435 4484 sanctitate,
2454 4422 2710 4494 patribus
2735 4423 2852 4477 suis
2883 4425 3370 4497 appositus,hujus

1774 4514 1899 4568 vitae
1949 4511 2259 4566 terminum
2305 4511 2527 4568 clausit.
2579 4511 2644 4566 In
2683 4512 2850 4582 hujus
2888 4512 3072 4568 Patris
3116 4514 3372 4585 genitore

1776 4599 2303 4667 Willelmo,scilicct
2313 4600 2589 4671 Crispino,
2608 4601 2731 4671 jam
2750 4601 3008 4671 superius
3029 4619 3175 4675 saepe
3189 4603 3372 4659 nomi-

1776 4696 1928 4753 nato,
1957 4706 2047 4743 res
2064 4694 2226 4760 gesta
2255 4694 2359 4756 est,
2402 4689 2732 4744 excellentia
2759 4690 3016 4761 insignis,
3047 4691 3229 4747 relatu
3272 4692 3374 4747 mi-

1776 4781 1988 4846 rabilis,
2022 4789 2080 4835 et
2108 4797 2230 4852 qum
2260 4780 2455 4835 deceat
2504 4779 2729 4836 Domini
2761 4781 3002 4837 Matrem
3032 4783 3093 4837 B.
3136 4784 3369 4839 Mariam

1779 4887 2002 4942 semper
2030 4869 2343 4939 Virginem,
2369 4885 2536 4941 quam
2574 4886 2674 4939 pro
2705 4870 2821 4924 suis
2846 4870 3064 4941 magnis
3093 4878 3151 4925 et
3178 4872 3373 4927 multis

1781 4959 2085 5022 beneﬁciis,
2117 4957 2502 5012 indesinenter
2529 4957 2724 5013 laudat
2757 4958 3051 5014 universus
3088 4965 3373 5017 terrarum

1782 5048 1951 5103 orbis.
1985 5047 2087 5101 llic
2114 5048 2260 5101 enim
2292 5045 2497 5101 nobilis
2524 5045 2622 5111 vir,
2658 5052 2724 5100 ut
2742 5047 2863 5118 jam
2889 5047 3151 5114 diximus,
3173 5065 3208 5103 a
3235 5048 3376 5106 duce

1783 5137 2305 5192 Northmannorum
2350 5134 2637 5190 Willelmo
2667 5134 2726 5190 in
2765 5140 2949 5190 castro
2998 5138 3186 5192 Mellia
3230 5155 3380 5194 mar-

1789 5225 1978 5280 chisus
2007 5226 2189 5280 fuerat
2220 5223 2558 5279 constitutus
2582 5231 2779 5278 contra
2798 5224 3061 5291 Francos,
3078 5226 3174 5296 qui
3191 5232 3378 5282 trans-

1783 5319 1980 5368 euntes
2024 5313 2192 5368 Ittam
2242 5310 2730 5377 ﬂuvium,,subitis
2776 5311 2992 5383 rapinis
3029 5313 3375 5371 Vilcasinum

1783 5401 2185 5461 devastabant;
2226 5399 2416 5472 ibique
2460 5406 2726 5472 posuerat
2783 5417 2967 5456 suam.
2992 5401 3267 5458 familiam
3306 5403 3377 5460 ad

1787 5489 1999 5546 castelli
2029 5489 2363 5545 custodiam.
2396 5490 2798 5545 Verumtamen
2827 5495 3040 5545 terram
3069 5507 3238 5564 quam
3276 5492 3381 5548 ha-

135 5598 316 5653 parum
336 5585 699 5653 deﬂoruerat,
715 5582 967 5658 deposito
996 5598 1220 5655 quoque
1247 5581 1464 5637 militiae
1481 5580 1708 5652 cingulo
1788 5578 1957 5634 bebat
1982 5578 2043 5637 in
2065 5578 2497 5647 Northmannia,
2542 5579 2602 5634 in
2653 5577 2978 5673 Lexovigasi
3005 5596 3169 5653 pago,
3210 5580 3381 5639 certis
