3920 6354
546 341 654 399 ’139

1501 334 1600 389 ΑΒ
1639 332 1878 389 OPERA
1914 332 1978 387 B.
2019 325 2439 386 LANFRANCI
2476 327 2864 385 APPENDIX.

3717 327 3837 417 74.0

543 429 896 539 temporibus
938 461 1237 526 revisebat,
1281 465 1339 529 et
1373 456 1660 535 dispositis
1690 454 1858 509 rebus
1891 426 2497 533 reverte-Aeﬂ‘ugere;
2533 458 2591 507 et
2610 453 2668 535 in
2686 452 2809 527 ipso
2836 450 3033 539 mortis
3055 449 3251 511 limine
3282 428 3838 524 interceptus,cogor

545 550 715 625 batur
740 541 983 619 Melﬁam
1007 572 1018 619 ;
1052 552 1110 607 in
1132 551 1315 605 eundo
1354 554 1564 607 autem,
1590 545 1674 599 vel
1703 541 1989 601 redeundo
2018 541 2145 626 Bec-

547 624 677 700 cum
714 659 825 715 non
851 640 1147 713 transibat,
1175 638 1311 715 quin
1342 635 1712 691 venerabilem
1748 634 1974 686 Patrem
2006 624 2143 685 Her-

544 732 769 803 luinum
797 710 1028 801 videret,
1050 710 1107 782 et
1136 710 1260 781 cum
1290 744 1353 781 eo
1372 721 2138 796 loqueretur.Acciditautem

546 825 611 875 ut
667 821 891 876 rediens
928 820 1090 889 juxta
1135 832 1348 887 morem
1397 814 1467 885 de
1517 810 1668 884 terra
1723 826 1844 869 sua,
1900 806 2139 883 Domino

547 908 899 987 disponente,
930 906 1168 992 quadam
1193 904 1282 957 die
1311 901 1619 973 Dominica,
1652 898 1737 992 vi}r
1763 895 1856 985 ille
1885 896 2137 963 devotus,

545 972 887 1065 Beccensem'
925 972 1192 1055 ib‘viSeret
1245 989 1555 1050 ecclesiam,
1630 972 1713 1040 etl
1749 978 1877 1041 cum
1944 984 2143 1057 abbate

544 1085 804 1159 licentius
828 1084 899 1159 de
932 1076 1170 1159 negotiis
1201 1079 1317 1132 suis
1359 1083 1572 1148 ageret.
1614 1074 1720 1140 Qui
1751 1089 1876 1155 cum
1906 1074 2054 1126 inter
2079 1088 2139 1125 se

542 1150 894 1247 familiariter
923 1150 1293 1247 coiitulissent
1334 1167 1403 1237 de
1442 1167 1512 1219 iis
1540 1182 1662 1237 quae
1692 1180 1781 1217 res
1823 1152 2141 1243 postulabat

544 1260 884 1334 necessaria,
914 1258 1203 1334 licentiam
1245 1254 1489 1309 abeundi
1546 1250 1867 1325 postulavit,
1913 1255 1971 1303 et
2013 1266 2140 1319 cum

542 1329 727 1427 gratia
746 1349 982 1404 festinus
1002 1328 1285 1419 dichssit;
1310 1359 1549 1412 cumque
1578 1339 1989 1410 aliquantulum
2012 1342 2144 1427 pro-

544 1426 822 1511 cessisset,
841 1435 1112 1515 substitit,
1137 1439 1194 1487 et
1212 1432 1467 1513 protinus
1497 1430 1566 1483 ad
1606 1428 1862 1515 abbatem
1908 1426 2141 1515 reverti-

542 1531 656 1585 tur.
682 1528 761 1599 De
787 1512 953 1597 cujus.
974 1512 1160 1599 reditu
1190 1520 1504 1575 admiratus
1526 1518 1691 1593 homo
1715 1514 1836 1579 Dei,
1866 1514 2141 1571 resaluta-

542 1621 637 1670 tus
664 1598 845 1683 abillo
865 1629 965 1666 cur
983 1611 1243 1683 rediissct
1256 1605 1691 1679 inquisivit.«Ad
1705 1605 1808 1660 hoc
1825 1603 2145 1677 redii.Cris-

545 1686 712 1776 pinus
731 1682 985 1777 ait,alme
999 1682 1259 1777 Patenut
1274 1688 1364 1775 me
1375 1695 1898 1767 benedicas,meque
1913 1691 2146 1751 tuisfra-

2226 541 2294 595 de
2326 528 2441 596 vita
2472 528 2788 622 desperare.
2815 528 2963 606 Quid
2994 540 3159 594 faciet
3187 540 3295 593 iste
3323 546 3457 595 tuus
3486 540 3767 602 servulus,
3802 557 3837 593 o

2224 630 2431 683 intacta
2462 631 2671 687 Parens
2700 630 2822 694 Dei,
2854 628 3161 683 sacrarium
3193 628 3434 698 Spiritus
3463 628 3662 686 sancti.
3690 629 3839 700 quid

2222 717 2386 772 faciet
2410 736 2575 790 quem
2615 718 2834 772 hostilis
2886 734 3100 771 cuneus
3144 716 3353 771 lanceis
3405 717 3731 789 insequitur
3778 724 3841 772 et

2220 806 2449 879 gladiis.
2513 804 2789 883 Succurre
2815 804 3024 879 itaque,
3085 807 3321 869 Domina
3388 807 3662 878 piissima,
3730 824 3841 883 per

2224 896 2700 966 potestatem'qua
2722 912 2781 950 es
2812 892 2962 969 apud
2990 884 3242 953 caelestes
3258 892 3521 967 gloriosa,
3546 896 3695 971 apud
3720 902 3842 950 ter—

2226 982 2450 1054 rigenas
2480 983 2801 1061 imperiosa,
2845 970 2993 1063 apud
3023 983 3231 1063 inferos
3261 983 3558 1051 terribilis;
3613 983 3838 1055 ubique

2227 1071 2492 1147 propitia,
2540 1070 2748 1143 ubique
2806 1072 3123 1141 magniﬁca,
3178 1068 3383 1151 ubique
3453 1073 3839 1151 praeminens

2225 1150 2559 1217 auctoritate
2587 1167 2644 1214 et
2673 1162 2965 1235 majestate
2992 1161 3165 1237 regia,
3199 1167 3256 1214 et
3282 1160 3485 1231 innova
3510 1160 3569 1214 in
3600 1179 3695 1215 me
3726 1179 3839 1215 an-

2222 1249 2392 1327 tiquae
2447 1249 2830 1307 subventionis
2886 1255 2996 1305 tuae
3040 1248 3327 1313 beneficia,
3354 1248 3619 1331 quianon
3669 1256 3841 1322 patet

2226 1337 2525 1411 effugiendi
2564 1338 2669 1391 via.
2715 1338 2896 1392 Mater
2942 1338 3360 1413 misericordiae,
3390 1340 3512 1409 per
3541 1338 3838 1395 orationes

2224 1417 2510 1485 servorum
2542 1432 2769 1481 tuorum
2799 1427 2978 1491 Becci,
3012 1424 3287 1490 Herluini,
3320 1431 3379 1480 et
3403 1426 3643 1499 fratrum
3673 1422 3839 1498 ejus;

2227 1514 2356 1569 dem
2385 1515 2510 1587 loci,
2543 1532 2783 1597 quorum
2814 1510 3162 1571 orationibus
3206 1512 3297 1568 me
3332 1500 3497 1570 mane
3538 1533 3841 1575 commen-

2226 1602 2371 1668 davi,
2393 1604 2573 1658 libera
2595 1622 2685 1658 me
2713 1603 2783 1679 ab
2803 1604 2907 1658 hac
2935 1604 3194 1675 praesenti
3226 1606 3344 1674 jam
3380 1603 3628 1675 imagine
3675 1600 3838 1659 mor;

2227 1691 2318 1746 tis.
2354 1712 2377 1742 ι)
2407 1693 2744 1763 Hujusmodi
2772 1693 3026 1747 oratione
3065 1693 3123 1746 in
3152 1699 3449 1763 conspectu
3481 1693 3734 1759 Domini,
3780 1700 3841 1748 et

544 1796 811 1865 trumque
830 1782 1056 1843 tuorum
1077 1786 1426 1842 orationibus
1450 1782 2145 1859 commendem,quatenus
2161 1804 2208 1863 Β
2227 1783 2349 1854 ejus
2376 1783 2635 1861 gloriosae
2660 1783 2850 1853 Matris
2880 1782 3075 1837 Mariae
3099 1799 3226 1836 cum
3269 1787 3389 1836 tota
3425 1782 3633 1836 mentis
3667 1780 3839 1837 devo-

546 1898 648 1947 nos
676 1880 791 1937 Deo
821 1884 878 1932 et
906 1879 1028 1957 ejus
1068 1876 1174 1965 piae
1228 1873 1499 1951 Genitrici
1531 1889 1618 1925 me
1648 1871 1975 1942 suppliciter
1994 1886 2148 1923 com-

547 1946 818 2039 mendare
832 1946 1127 2035 studeatfs.
1153 1964 1307 2019 »Μοκ
1332 1946 1415 2021 vir
1429 1961 1652 2016 Domini
1675 1959 1999 2037 Herluinus,
2028 1959 2149 2030 pie-

544 2041 680 2113 tatis
706 2040 1005 2121 visceribus
1047 2055 1105 2108 in
1145 2055 1455 2108 ferventem
1485 2049 1587 2102 viri
1626 2047 1976 2105 devotionem
2005 2047 2147 2101 miro

547 2130 837 2205 charitatis
850 2126 1054 2199 'alfectu
1074 2140 1512 2215 praecordialiter
1535 2140 1718 2191 motus
1735 2154 1783 2190 ;¢
1798 2135 2143 2213 Deo.inqui‘t,

545 2240 604 2290 te
626 2240 681 2289 et
701 2214 1066 2291 sanctissima:
1078 2214 1246 2286 Matri
1268 2229 1387 2299 ejus
1401 2226 1878 2291 commendamus;
1906 2241 2145 2297 quorum

546 2306 604 2380 te
629 2323 795 2378 tuitio
826 2302 1100 2397 protegat,
1134 2302 1191 2396 et
1218 2336 1252 2373 a
1268 2316 1482 2374 cunctis
1503 2304 1933 2368 adversitatibus
1954 2300 2146 2384 poten-

545 2418 637 2467 ter
650 2411 968 2470 defendat.»
985 2411 1047 2462 1n
1070 2409 1175 2462 hac
1196 2404 1581 2460 benedictione
1601 2404 1862 2463 conﬁsus,
1881 2399 2145 2461 osculatis

550 2500 754 2563 abbate
784 2507 841 2553 et
866 2480 1151 2554 fratribus.
1180 2513 1304 2549 cum
1349 2494 1513 2548 sociis
1539 2493 1608 2547 ad
1639 2494 1818 2546 locum
1858 2494 2141 2562 prOperat,

553 2606 663 2671 quo
694 2568 775 2642 ire
804 2568 1066 2658 cceperat,
1098 2586 1165 2639 ad
1194 2590 1460 2648 castrum,
1494 2598 1610 2643 suae
1641 2579 1852 2634 scilicet
1880 2577 2144 2632 custodite

549 2666 903 2759 deputatum.
932 2678 1005 2732 At
1041 2690 1170 2727 vero
1192 2671 1415 2735 Franci,
1447 2670 1541 2741 qui
1574 2686 1604 2724 e
1630 2667 1859 2759 regione
1872 2666 2039 2759 Aultra
2067 2667 2145 2719 It-

546 2755 666 2831 tam
688 2763 1137 2835 commanebant,
1154 2762 1346 2816 audito
1369 2758 1836 2831 quodWillelmus
1858 2755 2147 2826 Crispinus

2230 1871 2403 1934 tione,
2455 1868 2512 1925 et
2557 1887 2760 1947 magno
2791 1870 3019 1925 contriti
3064 1870 3250 1925 cordis
3288 1868 3500 1936 dolore,
3536 1871 3662 1925 sine
3692 1888 3839 1926 sono

2230 1961 2379 2035 vocis
2419 1960 2645 2026 emissa,
2700 1960 2957 2033 anxiatus
2992 1963 3079 2017 est
3119 1958 3320 2035 spiritu
3350 1976 3493 2031 pene
3533 1977 3717 2035 usque
3762 1959 3838 2015 ad

2232 2034 2493 2103 Sudorem
2518 2048 2736 2112 mortis,
2762 2065 2889 2102 cum
2928 2047 3110 2102 subito
3132 2034 3169 2101 a'
3196 2047 3439 2103 sinistris
3468 2034 3733 2104 astititei
3762 2049 3836 2104 ad

2229 2138 2354 2195 vitae
2382 2134 2642 2191 solatium
2665 2136 2919 2213 quaedam
2941 2136 3131 2206 virago
3146 2122 3439 2209 praeclara,
3462 2135 3617 2194 vultu
3625 2139 3841 2209 jucun-

2229 2226 2322 2293 da,
2344 2233 2547 2289 ornatu
2568 2226 2721 2297 regio
2744 2226 3011 2301 speciosa,
3033 2225 3295 2279 subtiliet
3314 2226 3554 2282 candida
3591 2226 3838 2283 sindone

2226 2315 2451 2381 amicta,
2481 2331 2606 2385 quae
2636 2314 2910 2368 manicam
2941 2331 3101 2368 suam
3128 2314 3414 2370 dexteram
3436 2315 3709 2387 expandit
3734 2333 3835 2370 su-

2228 2400 2327 2476 per
2347 2421 2496 2467 eum,
2517 2411 2575 2463 et
2596 2404 2700 2461 hoc
2724 2390 2999 2457 velamine
3021 2404 3142 2473 ejus
3171 2403 3287 2458 fere
3309 2420 3509 2475 corpus
3535 2405 3838 2475 cooperuit

2228 2478 2431 2557 totum,
2458 2509 2589 2546 nam
2621 2492 2689 2553 ad
2717 2491 2885 2545 tibias
2916 2509 3097 2567 usque
3123 2492 3337 2546 medias
3357 2502 3459 2547 hoc
3472 2497 3703 2563 tegmen
3732 2493 3835 2549 de-

2229 2580 2546 2644 scendebat,
2581 2586 2637 2633 et
2666 2580 2815 2633 ultra
2841 2580 3161 2651 pertingere
3192 2596 3307 2634 non
3326 2578 3838 2636 valebat.Hab.ebat

2230 2676 2356 2743 εὖ
2378 2672 2570 2731 autem
2599 2667 2801 2722 rubeas
2829 2668 3036 2743 caligas
3060 2676 3116 2722 et
3146 2668 3270 2722 ideo
3300 2666 3665 2725 contrahebat
3683 2687 3746 2726 se
3780 2675 3840 2727 et

2228 2758 2559 2828 stringebat,
2594 2764 2651 2828 et
2688 2760 2841 2811 totus
2872 2757 2930 2810 in
2978 2757 3160 2828 seipso
3204 2758 3486 2821 curvatus,
3534 2756 3841 2813 laborabat

547 2842 830 2911 transiens
844 2854 1161 2925 Sequanam
1180 2850 1233 2903 in
1252 2847 1723 2903 Northmanniam
1744 2843 2143 2908 descendisset,
2230 2852 2507 2929 quatenus
2539 2846 2707 2900 tibias
2735 2851 2793 2905 et
2830 2846 3001 2919 pedes
3036 2844 3140 2900 sub
3180 2846 3400 2900 manica
3428 2845 3595 2917 regia:
3623 2848 3836 2921 puella:

547 2943 862 3019 conglobati
898 2943 956 3011 in
982 2956 1179 3019 unum,
1212 2937 1447 2994 sollicite
1473 2934 1842 2991 observabant
1864 2934 1986 3003 ejus
2017 2931 2145 2985 red-
2230 2935 2612 3019 absconderet,
2629 2953 2731 2995 nec
2759 2940 2998 3013 poterat.
3029 2936 3319 2995 Accedunt
3343 2936 3551 3001 hostes,
3568 2941 3626 2996 et
3643 2936 3837 2991 virum

546 3014 713 3091 itum.
733 3014 1031 3094 cumforte.
1050 3014 1171 3100 ipsa
1189 3027 1280 3081 die
1309 3042 1420 3098 qua
1450 3022 1854 3085 revertebatur.
1887 3021 1945 3074 in
1966 3019 2148 3079 vicina
2167 3080 2209 3107 Π
2228 3014 2513 3103 inquirere
2557 3024 2766 3079 lanceis
2804 3030 2861 3083 et
2907 3041 3237 3101 mucronum
3267 3024 3589 3107 cuspidibus
3619 3027 3839 3080 accele-

549 3080 1291 3185 silva‘inwinsidiis'occultati
1311 3080 1730 3187 dperiebantur,
1750 3114 1815 3163 ut
1831 3108 2143 3167 venientem
2166 3080 2210 3140 θ
2228 3080 2375 3181 rarit,
2408 3120 2466 3169 et
2495 3114 2794 3186 pungendo
2820 3113 2924 3169 sub
2952 3096 3248 3170 frontibus.
3275 3119 3332 3168 et
3358 3080 3620 3179 sirbustis,
3656 3119 3838 3189 atque

550 3215 653 3270 aut
685 3192 969 3283 caperent,
1008 3213 1107 3259 aut
1138 3189 1505 3275 trucidarent.
1540 3199 1832 3269 Crispinus
1861 3197 1930 3251 ad
1961 3197 2144 3250 locum
2226 3192 2444 3267 fruetis,
2479 3198 2656 3274 usque
2686 3202 2757 3257 ad
2788 3203 2910 3275 ejus
2942 3202 3112 3279 pedes
3146 3200 3231 3257 vel
3260 3203 3329 3257 ad
3352 3219 3554 3279 corpus
3574 3203 3839 3277 undique

548 3281 875 3373 properans,
901 3312 1027 3353 cum
1052 3295 1167 3365 jam
1192 3308 1304 3345 non
1325 3292 1487 3361 longe
1510 3305 1544 3342 τι
1564 3289 1760 3343 Castro
1781 3292 1949 3354 esset,
1966 3291 2147 3339 trans-
2227 3289 2514 3369 infestant,
2540 3290 2637 3345 sed
2660 3289 2983 3344 nullomodo
3003 3291 3187 3367 ipsum
3209 3290 3536 3361 tangebam.
3551 3288 3678 3363 Ipse
3696 3309 3837 3346 vero

545 3386 649 3442 ivit
671 3388 835 3456 juxta
862 3383 1078 3459 silvam,
1122 3381 1179 3436 in
1213 3397 1323 3455 qua
1350 3378 1549 3451 Franci
1576 3375 1875 3433 latitabant
1910 3374 1980 3428 ad
2016 3389 2145 3427 eum
2228 3397 2329 3450 per
2356 3379 2727 3441 munitionem
2758 3377 2931 3432 beatze
2959 3378 3060 3433 Dei
3090 3379 3410 3444 Genitricis,
3437 3379 3680 3435 inimicis
3709 3382 3838 3436 suis

546 3471 986 3537 interimendum
1044 3469 1270 3543 parati:
1325 3467 1423 3547 qui
1468 3484 1593 3549 mox
1644 3470 1936 3520 cernentes
1976 3479 2142 3534 quem

549 3561 893 3643 quaerebant.
940 3566 1233 3643 surgentes
1291 3557 1360 3633 de
1411 3555 1630 3611 insidiis
1678 3554 1945 3609 audacter
1982 3553 2142 3607 illum

545 3634 852 3708 invadunt?
883 3634 1017 3704 tunc
1045 3647 1177 3703 socii
1208 3647 1398 3701 relicto
1419 3663 1483 3699 eo
1503 3661 1696 3697 omnes
1713 3643 1977 3714 fugerunt
2005 3660 2017 3697 :
2048 3642 2141 3697 ille

542 3720 866 3827 prasidium
922 3738 1066 3815 fugae
1116 3741 1398 3793 attentare
1438 3734 1644 3795 volens,
1675 3732 1953 3787 densitate
1992 3732 2142 3803 silvae

542 3818 992 3911 praepediebatur
1016 3846 1027 3894 ;
1062 3826 1254 3896 sicque
1285 3820 1789 3894 interceptus,quia
1806 3837 1907 3873 nec
1924 3820 2137 3891 fugere,

541 3908 647 3975 nec
676 3918 934 3974 resistere
958 3915 1195 3978 valebat.
1228 3913 1297 3983 de
1319 3929 1461 3989 equo
1486 3910 1690 3977 exiliit;
1723 3916 1778 3963 et
1809 3908 2142 3963 necessitate

540 4007 862 4092 compulsus
891 4021 1061 4079 super
1081 4003 1327 4085 radicem
1369 4001 1561 4055 excisae
1582 3998 1814 4061 arboris.
1837 4015 1959 4068 quae
1982 3999 2144 4068 juxta

541 4086 691 4163 erat,
734 4095 968 4160 insedit;
1022 4092 1291 4159 habenas,
1325 4088 1529 4162 quibus
1560 4105 1767 4159 equum
1798 4086 2047 4157 regebat,
2081 4091 2143 4140 ut

542 4187 769 4260 quidam
791 4185 1004 4243 dicunt,
1024 4182 1215 4235 vicinae
1238 4179 1453 4260 arboris
1478 4177 1650 4233 ramis
1669 4175 1961 4248 appendit;
1992 4179 2049 4231 et
2081 4179 2144 4260 υἷι

2226 3468 2405 3527 factus
2436 3474 2522 3522 est
2549 3467 2862 3543 invisibilis,
2892 3473 2945 3522 et
2975 3467 3318 3527 admirantes
3345 3468 3633 3523 dicebant:
3656 3488 3684 3521 α
3704 3470 3837 3543 Quo

2227 3556 2401 3611 abiit?
2433 3555 2575 3628 Quid
2606 3555 2863 3610 devenit?
2892 3555 3156 3629 Nunquid
3184 3574 3310 3611 eum
3343 3556 3620 3612 viventem
3670 3563 3837 3615 terra

2223 3644 2513 3700 absorbuit
2531 3645 2554 3697 Τ
2571 3645 2693 3700 Huc
2714 3646 2883 3709 venit,
2903 3645 2994 3699 hic
3017 3644 3143 3703 fuit.
3159 3646 3280 3713 Quo
3300 3646 3443 3718 fugit
3460 3653 3517 3701 et
3531 3648 3836 3707 abscessit?

2227 3734 2362 3789 Ecce
2386 3752 2563 3806 equus
2586 3734 2736 3789 illius
2756 3734 3224 3806 dependet,quem
3248 3732 3597 3805 insequimur
3621 3753 3632 3788 :
3652 3736 3832 3800 hunc,

2225 3841 2289 3878 eo
2315 3840 2428 3878 non
2458 3824 2702 3883 invento,
2733 3823 2801 3877 ad
2826 3823 3228 3877 detrimentum
3252 3822 3404 3877 illius
3423 3822 3704 3894 subripiat
3730 3825 3834 3897 qui

2222 3913 2358 3966 vult.
2396 3900 2417 3963 ἰ
2452 3912 2525 3966 At
2552 3911 2634 3965 illi
2657 3911 2860 3987 quibus
2883 3917 3006 3971 erat
3022 3911 3213 3965 sanior
3232 3928 3390 3965 mens
3414 3912 3833 3985 responderunt

2224 4016 2337 4054 non
2365 4017 2425 4057 se
2455 4000 2669 4057 venisse
2695 4016 2903 4070 equum
2935 4017 3153 4071 rapere,
3202 3999 3300 4054 sed
3341 4000 3580 4065 hostem,
3616 4000 3664 4054 si
3703 4019 3834 4075 pos-

2225 4095 2369 4155 sent,
2402 4088 2667 4143 infestum
2695 4089 2987 4160 jugulare.
3028 4089 3282 4160 Cumque
3312 4088 3410 4142 diu
3438 4087 3829 4165 investigando

2224 4176 2383 4248 illum
2414 4177 2762 4233 laborassent
2784 4177 2844 4231 in
2867 4178 3685 4248 vacuum,vesperascentejam
3710 4178 3824 4241 die.

541 4242 636 4329 alii
662 4274 874 4337 volunt,
903 4270 971 4329 ad
995 4258 1843 4347 augmentummiraculi,manu
1875 4242 2133 4321 retinuitf.
2225 4246 2439 4319 confusi
2468 4264 2536 4318 ad
2560 4264 2788 4347 propria
2816 4263 3120 4318 redieruut.
3138 4252 3301 4323 Tunc
3326 4264 3425 4318 illa
3448 4264 3701 4339 piissima
3731 4266 3827 4320 do-

542 4362 650 4418 His
681 4366 929 4437 arctatus
955 4357 1252 4429 angustiis,
1289 4340 1921 4424 Willelmus‘Crispinus
1951 4370 2045 4407 cor
2072 4353 2141 4417 ad
2163 4357 2208 4414 D
2227 4352 2381 4406 mina
2416 4373 2426 4407 :
2461 4374 2482 4404 ι
2519 4340 2731 4413 scisne,
2762 4352 2970 4424 inquit,
3000 4353 3188 4417 homo,
3222 4353 3279 4407 in
3303 4351 3501 4409 mortis
3536 4354 3825 4433 angustia,

540 4434 721 4507 Deum
755 4436 918 4515 levat,
951 4448 1303 4521 Matremque
1334 4442 1729 4503 misericordiae
1752 4458 1956 4521 magna
1985 4441 2146 4496 devo—
2225 4434 2373 4501 unde
2401 4440 2501 4496 tibi
2529 4448 2906 4517 provenerunt
2943 4442 3066 4496 vitae
3096 4440 3387 4499 subsidia?
3425 4441 3591 4497 Nosti
3620 4459 3825 4497 nomen

538 4539 695 4595 tione
723 4538 927 4592 mentis
950 4537 1222 4611 reclamat
1248 4551 1260 4585 :
1294 4551 1319 4583 «
1344 4531 1580 4585 Domine
1610 4532 1743 4587 Jesu
1768 4529 2008 4591 Christe,
2042 4528 2140 4595 ait,
2228 4548 2566 4601 meum,quae
2591 4530 2694 4585 tibi
2727 4530 3038 4585 ministravi
3071 4530 3126 4584 in
3150 4530 3346 4583 mortis
3372 4531 3632 4611 angustia
3650 4531 3823 4602 respi-

541 4628 812 4685 miserere
862 4617 989 4687 mei.
1033 4629 1089 4679 et
1146 4639 1248 4695 per
1306 4620 1510 4677 merita
1557 4618 1741 4672 Patris
1802 4618 2056 4693 Herluini
2086 4625 2144 4672 et

539 4716 778 4777 fratrum
808 4712 1160 4788 ejus,quibus
1194 4727 1282 4767 me
1303 4708 1634 4779 suppliciter
1660 4706 1827 4761 hodie
1855 4696 2141 4781 commen-

539 4804 683 4875 davi,
729 4790 907 4860 libera
937 4820 1026 4857 me
1054 4798 1123 4855 de
1170 4800 1277 4853 hoc
1305 4796 1623 4875 imminenti
1651 4796 1895 4873 periculo
1920 4795 2137 4850 mortis.

540 4896 587 4952 Ο
626 4910 901 4975 generosa
927 4891 1119 4966 Virgo,
1152 4888 1368 4949 intacta
1409 4874 1635 4940 Domini
1677 4884 1875 4975 Mater,
1923 4885 2142 4956 suscipe

537 4970 802 5057 indignas
857 4981 942 5036 tui
991 4977 1300 5053 peccatoris
1466 4971 1800 5055 precatoris]
1842 4991 2054 5045 preces,
2088 4979 2143 5028 et

538 5071 909 5131 contribulati
934 5067 1128 5122 cordis
1154 5063 1492 5126 sacriﬁcium
1535 5068 1665 5116 ante
1696 5064 1896 5125 Deum,
1927 5068 1985 5116 et
2011 5067 2142 5125 ante

536 5168 595 5218 te
628 5160 896 5216 ascendat
920 5158 978 5211 in
1009 5154 1239 5209 odorem
1272 5148 1583 5207 suavitatis.
1627 5150 1798 5222 Virgo
1836 5150 2137 5220 virginum,

536 5251 784 5307 Domina
805 5246 1155 5318 angelorum,
1190 5241 1237 5299 si
1271 5258 1381 5314 qua
1409 5240 1509 5294 tibi
1532 5256 1668 5294 cura
1694 5244 1777 5292 est
1793 5238 1862 5293 de
1880 5245 1979 5293 tuo
2007 5239 2146 5293 Bec-

538 5340 692 5405 censi
746 5336 1037 5401 Herluino,
1092 5331 1423 5417 suppliciter
1461 5329 1694 5407 obsecro,
1720 5333 1791 5417 ut
1821 5344 1854 5380 a
1882 5329 2143 5417 praesenti

538 5446 631 5483 me
658 5427 906 5483 liberare
934 5410 1186 5501 digneris
1212 5408 1401 5501 exitio.
1420 5420 1643 5497 Instant
1663 5408 1911 5501 undique
1930 5408 2137 5485 hostes,

532 5516 654 5587 jam
684 5516 754 5587 de
780 5532 905 5587 mea
935 5496 1139 5587 morte,"
1167 5498 1261 5575 vel
1306 5496 1567 5587 cautione
1595 5496 1916 5585 insultando
1946 5505 2145 5572 trium-

539 5584 817 5678 phantes;
846 5584 1110 5658 immitl‘et
1134 5584 1375 5655 hostilis
1402 5584 1628 5663 manus,
1659 5588 1829 5669 quam
1870 5611 1985 5651 non
2013 5586 2146 5652 licet

2224 4620 2386 4697 randi
2413 4620 2675 4674 solatium
2705 4619 2729 4673 ?
2774 4618 2895 4695 Ego
2933 4637 3059 4673 sum
3096 4618 3245 4697 bona
3279 4618 3380 4674 Dei
3417 4618 3615 4685 Mater,
3643 4619 3737 4675 cui
3765 4626 3821 4675 te

2222 4696 2395 4773 abbas
2426 4708 2728 4762 Herluinus
2775 4714 2894 4762 toto
2929 4696 3099 4762 corde.
3122 4708 3552 4773 commendavit,
3596 4710 3822 4781 quando

2222 4790 2327 4851 hoc
2357 4804 2455 4852 tua
2484 4795 2722 4873 intentio
2744 4797 2945 4873 devote
2961 4786 3276 4868 postulavit.
3292 4797 3422 4851 illis
3437 4796 3821 4872 dictis,Virgo,

2223 4886 2498 4949 discessit.
2531 4872 2622 4941 Sic
2650 4887 2869 4967 spargit
2899 4886 3114 4965 Regina
3142 4885 3264 4941 caeli
3293 4885 3648 4957 sperantibus
3672 4889 3733 4941 in
3762 4904 3821 4943 se

2224 4975 2453 5051 odorem
2483 4975 2628 5041 vitae,
2672 4974 2752 5033 sic
2796 4976 3033 5029 attrahit
3073 4974 3145 5029 ad
3182 4992 3241 5029 se
3270 4974 3709 5030 innumerabiles
3738 4994 3817 5030 eo.

2223 5054 2380 5135 piosa
2426 5065 2723 5135 charitate,
2761 5071 2819 5118 et
2868 5063 3152 5143 neminem
3194 5063 3461 5149 relinquit
3494 5064 3817 5147 inglorium,

2224 5151 2319 5223 qui
2333 5152 2529 5207 devote
2554 5155 2678 5233 ejus
2708 5154 2973 5231 implorat
2995 5150 3538 5215 auxilium.Comites
3554 5150 3816 5227 Crispini,

2226 5241 2323 5322 qui
2368 5241 2569 5296 timore
2609 5243 2855 5296 hostium
2885 5241 2955 5295 ab
3006 5260 3071 5296 eo
3116 5242 3498 5314 profugerant,
3535 5242 3819 5299 venientes

2226 5329 2453 5413 domum
2498 5331 2651 5393 tristi
2699 5348 2924 5395 rumore
2954 5332 3307 5413 repleverant
3345 5332 3634 5408 oppidum,
3671 5329 3819 5404 quod

2225 5435 2418 5493 eorum
2436 5416 2695 5485 dominus
2717 5426 2816 5474 aut
2828 5418 3024 5491 captus
3043 5422 3208 5493 esset,
3226 5426 3324 5493 aut
3343 5424 3616 5481 mortuus.
3650 5419 3820 5473 Dolor

2225 5494 2423 5590 ingens
2448 5510 2725 5577 omnium,
2753 5510 2934 5590 luctus
2975 5492 3426 5590 incomparabilis
3468 5514 3591 5577 erat
3618 5526 3721 5581 per
3740 5514 3817 5564 to-

2376 5592 2691 5668 castellum,
2717 5582 2848 5655 cum
2882 5582 3068 5653 subito
3088 5584 3435 5671 prospiciunt
3465 5588 3815 5654 Willelmum
