3920 6358
115 334 220 392 ⁸741

1135 337 1234 394 DE
1273 341 1525 399 NOBILI
1563 339 1853 398 GENERE
1890 338 2408 398 CRISPINORUM.

3287 359 3392 419 742

113 460 436 534 Crispinum
470 478 640 532 super
664 477 870 532 equum
894 462 1234 525 venientem,
1259 470 1316 518 et
1353 483 1478 520 cum
1510 483 1715 536 magno
1732 465 1782 524 A
1803 464 2085 534 amplecti,
2113 481 2316 536 magna
2339 468 2631 526 devotione
2649 476 2920 533 venerari.
2948 479 3145 536 Vestes
3167 489 3222 537 et
3237 503 3388 557 quie-

109 549 318 618 gaudio
347 557 709 604 occurrentes
739 550 1049 620 suscipiunt
1081 552 1238 605 illum
1300 554 1577 609 lmtantes.
1613 557 1716 610 Hic

110 638 296 698 heros,
323 655 449 691 cum
478 645 642 709 antea
669 639 970 708 plurimum
998 641 1325 694 Beccensem
1360 652 1577 696 amaret
1614 646 1716 697 Ec-

111 726 361 784 clesium,
393 727 661 798 deinceps
695 729 794 780 hac
819 728 887 779 de
903 745 1068 780 causa
1098 746 1473 798 superomnes
1504 734 1712 791 dilexit,

111 823 168 868 et
201 816 270 868 de
302 815 473 869 rebus
514 817 631 869 suis
661 817 834 869 multa
870 818 926 869 in
957 834 1022 869 ea
1040 818 1155 870 Deo
1189 820 1556 874 servientibus
1583 839 1718 874 con-

107 904 258 957 tulit.
298 905 480 968 Quam
517 905 869 958 dilectionem
899 905 1136 975 posteris
1165 907 1301 964 suis,
1335 909 1493 977 quasi
1544 910 1718 962 haere-

111 993 380 1046 ditariam
416 993 664 1063 reliquit,
693 993 766 1045 ita
801 1000 863 1046 ut
885 994 1139 1047 videatur
1162 996 1308 1064 quod
1347 996 1606 1059 infantes,
1651 999 1719 1050 de

109 1082 230 1149 ejus
271 1082 541 1150 progenie
563 1082 866 1143 venientes,
889 1083 1218 1135 Beccensem
1245 1083 1720 1153 diligantnatura-

108 1171 239 1223 liter
276 1170 616 1235 Ecclesiam;
653 1187 716 1222 ac
741 1171 788 1226 si
818 1187 944 1238 cum
977 1171 1119 1240 lacte
1146 1173 1329 1230 carnis
1360 1173 1602 1250 biberint
1630 1175 1717 1244 ip-

107 1259 227 1311 sius
259 1259 612 1312 dulcedinem
646 1259 886 1324 amoris;
923 1259 1102 1328 ipsam
1118 1277 1339 1330 quoque
1370 1262 1587 1319 Domini
1608 1264 1718 1316 Ge-

107 1346 393 1405 nitricem,
419 1363 541 1416 quae
571 1364 671 1416 per
696 1352 875 1399 totum
901 1348 1169 1400 mundum
1196 1349 1524 1402 venerabilis
1555 1351 1718 1404 habe-

105 1443 222 1498 tur,
259 1435 423 1505 quasi
453 1435 635 1489 solum
683 1435 841 1489 Becci
898 1437 1132 1498 colatur,
1164 1442 1415 1490 sanctam
1481 1440 1713 1494 Mariam

107 1525 269 1578 Becci
321 1524 602 1582 invocant.
631 1530 687 1576 et
729 1524 1120 1594 deprecantur,
1155 1531 1211 1578 et
1262 1527 1549 1580 multoties
1595 1530 1716 1597 ejus

105 1614 380 1667 auxilium
401 1613 618 1682 eXperti
648 1618 779 1666 sunt
806 1613 861 1665 in
889 1614 1318 1667 necessitatibus
1349 1615 1569 1669 suis.De
1592 1616 1715 1686 qui-

104 1704 211 1758 bus
240 1705 451 1758 dicitur
480 1705 612 1775 quia
637 1706 965 1758 Beccensem
1003 1707 1322 1771 Ecclesium,
1350 1725 1475 1762 mox
1508 1710 1563 1762 in
1594 1709 1714 1780 ipso

107 1801 258 1857 ortu,
285 1795 448 1863 quasi
505 1794 564 1847 in
624 1794 782 1847 cunis
830 1811 1010 1864 nuper
1041 1803 1227 1849 natam
1261 1805 1615 1867 exceperunt,
1658 1805 1714 1853 et

107 1883 513 1944 educaverunt,
542 1890 710 1952 atque
747 1883 816 1934 ad
849 1884 1147 1952 perfectam
1179 1891 1397 1938 {etatem
1445 1888 1714 1964 perduxe-

107 1978 280 2037 runt;
315 1971 746 2040 sumptibusque.
779 1972 894 2024 suis
922 1990 1020 2041 pro
1057 1991 1219 2042 posse
1249 1976 1584 2044 extulerunt.
1611 1977 1714 2038 Hic

108 2060 372 2129 egregius
396 2061 499 2124 vir,
520 2077 664 2129 saepe
696 2061 844 2112 fatus
867 2061 1185 2114 VVillelmus
1208 2063 1514 2132 Crispinus,
1536 2065 1604 2116 ad
1627 2082 1715 2117 ex-

109 2159 355 2202 tremum
382 2148 629 2210 veniens,
667 2149 834 2207 misit,
865 2155 921 2202 et
947 2150 1162 2218 rogavit
1201 2157 1456 2207 sanctum
1488 2152 1713 2206 Patrem

108 2238 446 2292 Herluinnm
483 2237 670 2292 venire
693 2237 762 2290 ad
781 2254 858 2300 se,
894 2243 953 2291 ut
983 2238 1144 2291 daret
1167 2239 1269 2292 sibi
1303 2240 1586 2308 religionis
1609 2242 1712 2297 ha-

108 2324 323 2384 bitum;
358 2325 619 2380 tardante
660 2333 845 2378 autem
896 2325 1112 2389 abbate,
1149 2327 1286 2381 vidit
1332 2328 1613 2384 diemones
1643 2330 1711 2382 ad

109 2432 169 2466 se
198 2414 442 2473 venisse.
477 2420 534 2467 et
571 2414 712 2478 duas
735 2415 1004 2468 macerias
1035 2416 1269 2470 nimium
1302 2418 1546 2470 excelsas
1567 2418 1713 2472 circa

108 2519 167 2555 se
202 2503 482 2556 aediﬁcare
536 2501 850 2566 Quibusita
879 2504 1294 2570 arctabaturut
1323 2522 1432 2558 non
1463 2524 1523 2560 se
1557 2514 1712 2575 puta-

111 2597 199 2644 ret
225 2589 361 2644 inde
392 2607 556 2660 posse
588 2591 840 2654 evadere,
873 2608 996 2644 cum
1029 2579 1154 2645 ecce
1192 2593 1496 2662 aspiciebat
1547 2612 1710 2648 sanc-

1797 569 2016 622 cunque
2039 553 2092 606 in
2117 559 2462 612 ornamentis
2493 561 2737 630 pretiosa
2766 563 3024 627 habebat,
3057 569 3112 623 in
3136 553 3271 638 usus
3301 594 3391 638 ec-

1799 641 1982 694 clesite
2011 647 2066 694 et
2089 643 2326 697 fratrum
2363 649 2657 717 expendit;
2692 651 2984 725 ipsamque
3017 659 3239 716 Domini
3274 637 3392 720 Ma-

1802 734 2030 792 trem,et
2049 731 2166 799 ejus
2187 734 2512 789 Beccensem
2533 740 2971 798 ecelesiam.toto
2997 748 3163 813 corde
3178 751 3388 810 dilexit.

1801 818 2071 872 Defuncto
2094 819 2208 872 viro
2242 823 2360 890 ejus
2385 825 2668 880 VVillclmo
2708 835 2878 884 totam
2908 850 2967 900 se
2993 835 3061 888 ad
3087 837 3184 890 Dei
3217 843 3393 896 servi-

1801 907 1940 959 tium
1973 913 2100 971 εἶθ
2129 911 2415 970 convertit,
2446 913 2633 968 vivens
2666 917 2724 970 in
2754 927 2947 975 sancta
2980 923 3268 995 viduitate,
3312 933 3396 1000 je-

1797 994 1991 1062 juniis,
2016 996 2238 1064 vigiliis,
2261 1004 2317 1052 et
2337 1001 2682 1056 orationibus
2697 1005 3211 1080 intenta,quantum
3229 994 3392 1074 sex-us

1807 1082 1885 1132 vel
1919 1088 2052 1136 aetas
2087 1085 2424 1153 patiebatur,
2459 1107 2702 1155 carnem,
2754 1101 2810 1148 et
2852 1101 3179 1168 sanguinem
3214 1123 3391 1178 usque.

1801 1169 1868 1220 ad
1902 1170 2066 1223 ﬁnem
2090 1172 2212 1238 vitae
2238 1191 2345 1228 non
2372 1182 2629 1245 gustaris,
2652 1182 3036 1254 eleemosynas
3065 1193 3270 1247 multas
3297 1169 3392 1250 in-

1801 1257 2123 1328 digentibus
2157 1261 2362 1318 faciens
2390 1284 2402 1329 ;
2432 1273 2552 1334 post
2584 1253 2798 1339 aliquot
2829 1253 3006 1329 annos
3043 1295 3074 1330 a
3104 1281 3388 1338 VVillelmo

1801 1343 2244 1417 Rothomagensi
2276 1353 2694 1426 archiepiscopo
2724 1361 2921 1427 velata,
2959 1365 3015 1418 in
3047 1368 3389 1437 subjectione

1802 1434 2090 1495 Beccensis
2110 1439 2342 1497 coenobii
2371 1446 2682 1511 permansit
2709 1464 2886 1518 usque
2915 1453 2986 1506 ad
3033 1434 3290 1528 mortem,
3331 1467 3390 1518 et

1797 1523 2061 1600 defuncta
2089 1528 2307 1596 sepulta
2335 1537 2419 1583 est
2441 1533 2601 1598 juxta
2626 1535 2804 1590 virum
2826 1556 3011 1595 suum.

1870 1612 2078 1666 Horum
2103 1631 2276 1684 nepos
2304 1617 2372 1670 de
2404 1620 2518 1672 ﬁlio
2548 1623 2832 1695 Willelmio
2859 1631 3058 1685 tertius
3073 1635 3390 1694 Willelmus

1799 1699 2112 1769 Crispinus,
2132 1704 2461 1773 originalem
2485 1726 2731 1766 amorem
2755 1717 2985 1771 trahens
3008 1738 3139 1790 erga
3157 1724 3392 1780 Beccen-

1733 1776 1775 1834 B
1795 1805 1911 1840 sem
1946 1791 2235 1845 ecclesiam
2268 1795 2408 1848 miro
2439 1813 2562 1851 eam
2594 1801 2766 1855 coluit
2785 1806 3004 1861 alfectu.
3038 1776 3148 1864 Iste
3178 1814 3393 1869 Willel—

1796 1893 1920 1929 mus
1949 1879 2238 1948 sanguinis
2269 1885 3038 1961 propinquitatejungebatur
3061 1901 3251 1955 comiti
3273 1905 3390 1957 An-

1795 1960 2162 2040 degavorum;
2198 1970 2434 2048 ideoque
2463 1974 2755 2033 familiaris
2800 1960 2880 2035 illi
2919 1992 3068 2052 erat;
3111 1989 3180 2041 ad
3221 2008 3389 2060 quem

1795 2069 1918 2105 cum
1947 2073 2005 2106 se
2035 2057 2337 2126 aliquando
2359 2065 2701 2129 contulisset,
2740 2075 2802 2121 ut
2821 2072 2889 2123 ad
2921 2075 3182 2140 amicum,
3207 2057 3264 2132 et
3293 2097 3388 2134 co-

1795 2159 1912 2195 mes
1939 2151 2132 2198 contra
2159 2149 2429 2216 quosdam
2483 2169 2613 2206 suos
2661 2155 2868 2222 bellum
2917 2171 3158 2230 gereret,
3194 2168 3288 2236 qui
3328 2169 3387 2222 in

1794 2238 1946 2320 terra
1975 2250 2077 2286 sua
2106 2240 2300 2290 contra
2323 2237 2483 2311 illum
2536 2241 2902 2316 rebellabant,
2933 2254 3219 2320 pugnabat
3245 2257 3389 2318 W11-

1795 2319 1995 2416 lelmus
2035 2339 2134 2391 pro
2156 2341 2241 2416 eo,
2271 2335 2544 2398 quantum
2571 2339 2808 2401 poterat.
2833 2319 3085 2404 Quadam
3121 2343 3212 2398 die
3235 2361 3390 2416 repe-

1795 2410 1941 2461 riens
1973 2410 2180 2474 hostes,
2213 2412 2378 2476 irruit
2431 2417 2698 2473 audacter
2753 2421 2810 2476 in
2851 2441 2976 2490 eos;
3019 2435 3079 2482 at
3115 2430 3197 2483 illi
3230 2410 3390 2504 terga

1797 2503 2102 2553 verterunt.
2123 2501 2236 2554 sive
2253 2503 2474 2560 timore.
2502 2507 2848 2577 uttugerent,
2871 2531 2969 2568 seu
3003 2516 3298 2584 industria,
3325 2501 3392 2584 ut

1794 2602 1923 2638 cum
1979 2588 2199 2657 longius
2246 2591 2544 2648 abductum
2593 2613 2790 2667 capere
2832 2611 3076 2672 possent.
3109 2583 3390 2676 Quosille

109 2687 227 2731 tum
265 2679 653 2744 Benedictum,
686 2679 907 2748 signum
965 2681 1266 2734 Dominicae
1320 2684 1498 2736 crucis
1530 2685 1711 2738 mani-
1795 2674 2082 2730 Ῐηδθυυίυδ
2099 2679 2474 2748 aliquantum»
2499 2685 2664 2759 ειδιιίδ
2687 2687 2998 2764 disiunctus
3029 2702 3116 2760 est
3140 2674 3389 2762 ;'inimi'¢i

113 2769 215 2821 bus
235 2768 537 2832 ferentem,
563 2768 632 2820 ad
673 2786 730 2821 se
778 2769 1040 2822 accedere
1066 2788 1076 2834 ;
1126 2771 1190 2822 ad
1221 2771 1377 2838 cujus
1408 2773 1710 2828 adventum

1797 2763 2043 2817 videntes
2064 2767 2222 2820 illum
2244 2786 2304 2820 se
2335 2780 2759 2842 persequentem
2791 2763 2990 2844 solum,
3021 2799 3166 2848 unus
3193 2777 3388 2842 eorum

112 2857 208 2909 illa
236 2857 552 2910 daemonica
584 2857 877 2925 phantasia
906 2864 1024 2919 tota
1050 2859 1428 2914 evanescebat.
1457 2862 1572 2918 Nec
1604 2881 1716 2917 mo-
1797 2868 2095 2907 conversus
2125 2872 2353 2925 C‘luum,
2398 2860 2486 2920 cui
2508 2860 2802 2923 ίηδίάθῦὶὶῐς
2851 2865 3144 2936 Percussit.
3179 2880 3235 2928 et
3287 2893 3389 2945 per

112 2962 192 3007 ra,
228 2946 529 3000 nuntiatur
563 2947 759 3000 adesse
815 2948 1105 3001 Beccensis
1152 2948 1325 3002 abbas
1379 2952 1712 3008 venerabilis

1797 2940 1971 2994 latera
2003 2944 2383 3008 transforavit.
2424 2948 2542 3011 Ille,
2575 2950 2754 3004 sciens
2784 2972 2988 3025 equum
3047 2960 3116 3014 ad
3146 2940 3384 3028 mortem

115 3035 444 3099 Herluinus,
476 3041 534 3088 et
582 3052 705 3090 cum
760 3052 824 3089 eo
874 3036 1098 3104 quidam
1134 3039 1456 3102 monachus,
1487 3042 1711 3098 nomine
1734 3012 2168 3093 Ονυίιῖθνέηωης
2213 3050 2337 3087 mox
2366 3039 2535 3091 Vertit
2579 3041 2843 3107 habenas,
2878 3051 2934 3102 et
2957 3064 3257 3112 conversus
3295 3070 3385 3108 1‘6-

112 3123 453 3184 Willelmus,
505 3123 599 3192 qui
630 3130 820 3193 postea
854 3124 959 3178 fuit
1004 3124 1174 3178 abbas
1225 3127 1638 3192 Cormeliensis,
1681 3146 1714 3184 a
1795 3122 2058 3196 ῒνονειιιᾙι
2093 3121 2400 3178 calcaribus
2430 3143 2636 3196 υνεθηδ
2667 3131 3044 3202 cornipedem.
3070 3139 3391 3210 celerifugd

114 3229 220 3281 quo
255 3212 376 3267 haec
406 3213 600 3268 audita
630 3213 909 3266 dicuntur.
936 3215 1195 3268 Narravit
1237 3232 1368 3285 ergo
1421 3218 1710 3287 Crispinus
1794 3206 1864 3258 ad
1897 3224 2026 3261 SUOS
2059 3211 2260 3264 Γενθνίί
2292 3214 2618 3270 οοηίῖδᾶὶυΐο
2647 3219 2874 3284 Beatam
2899 3224 3120 3296 Domini
3152 3206 3386 3296 Matrem

113 3300 300 3358 abbati
332 3301 743 3364 ludiﬁcationes
774 3302 1111 3362 dzemonum,
1138 3311 1193 3358 et
1228 3305 1325 3356 Dei
1366 3305 1707 3374 adjutorium

114 3406 211 3458 per
233 3396 492 3442 sanctum
531 3390 889 3442 Benedictum
922 3390 1024 3442 sibi
1049 3391 1383 3460 impensum.
1416 3379 1571 3456 Tunc
1596 3395 1709 3448 fac-

114 3484 201 3530 tus
233 3486 319 3530 est
345 3478 653 3530 monachus
685 3485 741 3531 et
767 3486 892 3548 post
921 3496 1125 3548 paucos
1155 3481 1272 3532 dies
1305 3481 1419 3533 vita
1439 3482 1707 3548 discessit,

115 3573 166 3617 et
189 3565 459 3618 humatus
485 3566 647 3633 juxta
678 3566 960 3618 ecclesiam
993 3567 1087 3619 ubi
1109 3568 1414 3621 claustrum
1438 3570 1711 3622 (adiﬁcan-

115 3653 241 3705 dum
275 3660 421 3715 erat,
455 3654 740 3706 conﬁdens
797 3671 854 3706 se
908 3672 1007 3724 per
1056 3662 1302 3708 sanctam
1337 3657 1557 3709 Domini
1592 3659 1709 3712 Ma-

115 3750 250 3795 trem
277 3742 523 3794 Mariam
549 3759 706 3794 suam
739 3742 1132 3807 liberatricem,
1158 3751 1213 3797 et
1241 3762 1338 3814 per
1360 3744 1581 3798 beatum
1611 3747 1710 3799 Be-

115 3832 398 3884 nedictum
422 3832 666 3900 gratiam
691 3832 915 3897 Christi,
950 3839 1006 3886 et
1044 3833 1483 3887 misericordiam
1513 3851 1708 3888 conse-

114 3926 394 3974 cuturum.

307 4023 638 4075 EPITAPHIUM
667 4024 939 4062 WILLELMI
978 4026 1198 4065 CRISPle
1233 4024 1500 4066 SENIORIS.

178 4101 456 4153 Nobititer
487 4102 654 4150 natus
678 4101 833 4150 mites
859 4100 972 4164 fuit
1001 4101 1089 4151 hic
1127 4104 1457 4163 tumulatus,

259 4189 564 4248 Prorz’dus,
597 4191 644 4240 et
674 4190 856 4253 fortis,
883 4192 1128 4240 moribus
1152 4194 1314 4256 atque
1338 4192 1558 4257 probus.

184 4280 292 4343 Qui
315 4293 384 4329 ne
406 4277 651 4328 mundus
680 4292 805 4328 eum
827 4282 994 4344 posset
1017 4280 1361 4345 subnwrgerc
1379 4296 1579 4345 secum,

253 4367 376 4420 Huc
392 4370 618 4432 portum
640 4367 827 4427 subiit,
859 4367 1160 4418 monachus
1187 4368 1275 4419 lue
1304 4369 1454 4421 obiit.

181 4457 319 4508 Jam’
342 4459 465 4522 post
490 4454 692 4518 Nonas,
723 4469 789 4506 ac
819 4459 923 4506 tres
951 4460 997 4506 et
1029 4461 1272 4522 quatuor
1294 4456 1476 4519 horas,

256 4544 396 4596 Cum
410 4546 537 4609 jam.
568 4543 892 4609 complesset,
925 4546 1226 4611 quintoque
1241 4547 1365 4611 jam
1389 4548 1556 4610 fieret.

183 4634 400 4686 Par-rus
420 4635 537 4683 erat
563 4633 765 4694 Bercus,
803 4648 926 4684 cum
950 4648 1188 4699 partum
1220 4636 1442 4686 nomine
1459 4637 1634 4700 rebus,

253 4721 579 4786 Sumptibus
605 4735 710 4772 esse
737 4723 872 4779 suis.
906 4722 1105 4773 extulit
1137 4727 1196 4772 ut
1217 4725 1413 4788 potuit.

184 4809 318 4862 Noto
349 4809 642 4875 Crispinus
672 4810 857 4873 fuerat
877 4811 1194 4874 cognomine
1214 4811 1413 4868 dictus,

255 4897 491 4950 Nomine
532 4897 858 4958 Willet-mus,
882 4898 992 4961 cui,
1030 4899 1184 4961 Deus,
1219 4903 1323 4950 esto
1350 4901 1497 4965 pius.

186 4986 299 5039 Iste
328 4983 651 5038 \Villelmus
678 4984 968 5053 Crispinus
1003 4985 1198 5039 habuit
1219 5003 1466 5052 uxorem,
1484 4987 1710 5042 nomine

122 5074 306 5134 Evam,
333 5089 544 5142 genere
565 5079 620 5125 et
642 5073 887 5126 moribus
907 5073 1012 5126 sibi
1039 5081 1467 5144 competentem,
1501 5076 1570 5129 de
1601 5094 1712 5146 qua

119 5163 310 5230 genuit
322 5161 720 5224 Gislebertum,
748 5162 1072 5232 praedictum
1090 5164 1250 5218 West
1265 5165 1588 5222 Monasterii
1619 5166 1712 5219 ab-

124 5251 323 5314 batem,
350 5258 405 5304 et
436 5250 576 5303 alios
605 5250 812 5320 plures.
848 5251 979 5306 Haec
1019 5253 1128 5305 Eva
1158 5252 1228 5306 de
1271 5259 1439 5321 gente
1468 5254 1710 5310 Franco-

123 5339 448 5405 rum,claris
467 5339 748 5394 natalibus
781 5357 831 5410 pi
846 5340 1089 5410 ogenita,
1124 5347 1421 5411 postquam
1454 5343 1713 5412 prmdicto

126 5430 306 5500 nupsit
354 5429 660 5493 Willelmo,
714 5431 834 5498 ejus
887 5447 946 5482 se
1012 5437 1209 5499 aptans
1269 5432 1517 5484 moribus
1550 5431 1715 5501 coepit

127 5517 449 5572 Beccensem
483 5517 770 5570 ecclesiam
793 5535 902 5588 prm
916 5519 1174 5572 omnibus
1211 5537 1424 5587 amare,
1455 5519 1714 5596 abbatem

128 5615 181 5661 et
231 5607 559 5673 monachos,
592 5607 753 5678 quasi
793 5624 857 5661 ex
895 5624 955 5662 se
989 5609 1211 5678 genitos
1237 5609 1373 5671 totis
1411 5609 1714 5673 visceribus

1794 3293 2170 3372 inciamitans.
2219 3317 2351 3353 voce
2395 3319 2637 3374 magna:
2679 3328 2700 3362 α
2737 3310 2942 3364 Sancta
2989 3294 3168 3374 Maria
3204 3293 3383 3384 Becci,

1794 3384 1997 3454 adjuva
2045 3403 2154 3449 me,
2203 3396 2390 3443 sancta
2425 3393 2600 3448 Maria
2631 3396 2808 3462 Becci,
2840 3401 3042 3472 adjuva
3075 3421 3182 3459 me.
3230 3426 3252 3458 »
3295 3408 3388 3474 Sic

1794 3473 2145 3540 vociferando
2197 3481 2449 3555 pervenit
2498 3485 2566 3536 ad
2617 3488 2894 3555 quoddam
2949 3492 3241 3562 fossatum,
3278 3515 3388 3568 quo

1794 3565 2008 3632 perpeti
2041 3566 2184 3618 saltu
2216 3571 2565 3634 transmisso,
2598 3576 2752 3643 quasi
2780 3578 2894 3645 jam
2923 3583 3221 3638 securitate
3251 3565 3391 3656 poti-

1793 3659 1884 3703 tus
1914 3652 2111 3734 cecidit
2139 3663 2415 3732 mortuus.
2438 3659 2552 3713 Hoc
2581 3662 2728 3715 idem
2757 3666 3074 3723 \Villelmus
3099 3652 3388 3744 Crispinus

1793 3757 1893 3809 pro
1917 3757 2120 3810 magno
2135 3743 2422 3802 miraculo.
2441 3749 2509 3801 ad
2536 3751 2800 3805 honorem
2825 3756 2920 3808 Dei
2947 3764 3002 3810 et
3029 3759 3150 3828 ejus
3180 3743 3387 3820 sanctae

1793 3829 2110 3890 Genitricis,
2147 3848 2378 3887 narrare
2425 3837 2622 3891 solitus
2679 3847 2818 3904 erat,
2853 3845 2998 3912 quod
3031 3863 3206 3916 equus
3245 3868 3388 3920 pene

1791 3924 2067 3983 mortuus,
2093 3923 2403 3988 profluente
2445 3925 2574 3978 hinc
2607 3927 2734 3981 inde
2773 3930 3013 3986 ubertim
3045 3938 3319 4006 sanguine
3353 3957 3390 3996 a

1787 4005 2077 4069 lateribus,
2112 4025 2211 4076 per
2241 4009 2350 4064 duo
2379 4011 2494 4064 fere
2519 4014 3034 4088 milliariaportavit
3051 4005 3178 4076 eum
3209 4027 3279 4080 ad
3302 4033 3391 4082 tu—

1788 4099 1908 4148 tum
1943 4096 2144 4150 locum.
2181 4098 2450 4166 Equidem
2483 4118 2658 4170 equus
2689 4105 2827 4174 ipse,
2861 4114 2926 4162 ut
2969 4110 3174 4174 aiebat,
3212 4115 3390 4172 nimia

1794 4184 2086 4247 velocitate
2115 4185 2354 4254 vigebat,
2378 4189 2475 4242 sed
2508 4196 2619 4242 tam
2652 4193 2892 4248 velocem
2940 4213 3228 4269 nunquam
3259 4222 3390 4262 eum

1791 4271 2096 4326 invenerat.
2132 4274 2284 4328 Idem
2308 4276 2640 4340 Willelmus,
2679 4289 2874 4350 postea
2908 4293 3125 4356 captus,
3175 4309 3302 4350 cum
3328 4294 3390 4352 in

1725 4368 2012 4426 Dearcere
2040 4362 2134 4416 diu
2165 4368 2456 4424 teneretur
2505 4367 2650 4422 ferro
2707 4374 3062 4441 constrictus,
3099 4378 3303 4440 timore
3332 4391 3390 4440 et

1798 4465 2005 4518 angore
2030 4459 2272 4516 coactus,
2297 4459 2461 4519 vovit,
2510 4456 2553 4509 si
2586 4458 2737 4522 Deus.
2756 4478 2885 4516 eum
2909 4463 2978 4517 de
3018 4465 3123 4524 hac
3149 4470 3389 4530 tribulae

1795 4538 1948 4592 tione
1967 4539 2247 4618 liberaret,
2275 4544 2421 4611 quod
2451 4545 2561 4598 iret
2586 4548 2900 4612 Jerusalem
2940 4553 3054 4616 Nec
3078 4559 3253 4616 multo
3266 4569 3392 4632 post

1795 4645 2070 4697 egressus,
2095 4629 2236 4682 liber
2264 4631 2332 4684 de
2361 4649 2602 4700 carcere,
2637 4639 2850 4709 accepit
2895 4659 3136 4712 crucem,
3166 4629 3390 4719 signum

1792 4717 2048 4774 videlicet
2062 4719 2232 4773 eundi
2254 4721 2582 4782 Jerusalem.
2607 4726 2728 4780 Mox
2749 4728 2828 4796 ita
2850 4719 3100 4791 mutatus
3121 4743 3205 4794 est
3218 4715 3392 4796 verbo

1794 4814 1851 4860 et
1879 4822 2048 4875 opere
2074 4814 2138 4859 ut
2163 4813 2316 4868 totus
2348 4809 2532 4863 subito
2557 4813 2840 4870 videretur
2853 4820 3148 4891 alteratus,
3177 4829 3392 4884 cunctis

1796 4894 1890 4964 qui
1914 4895 2018 4960 hoc
2033 4895 2296 4950 videbant
2308 4897 3060 4966 mirantibus.Proticiscendi
3082 4915 3389 4972 terminum

1793 4984 1981 5052 posuit
1998 4984 2066 5036 ad
2087 4985 2325 5054 primam
2347 4987 2702 5046 festivitatem
2731 4995 2908 5048 sancti
2930 4997 3233 5067 Michaelis;
3255 5021 3390 5063 sane

1793 5072 2028 5142 rogabat
2047 5073 2222 5127 Deum
2256 5080 2311 5138 et
2342 5082 2592 5136 sanctam
2630 5079 2865 5135 Matrem
2917 5085 3055 5153 ejus,
3091 5096 3388 5163 quatenus,

1795 5163 1840 5215 si
1871 5162 1930 5215 in
1963 5163 2051 5215 via
2095 5163 2401 5218 moriturus
2437 5172 2576 5228 erat,
2611 5176 2912 5240 antequam
2947 5177 3220 5242 proﬁcisci
3250 5162 3390 5238 inci;

1795 5255 1974 5320 peret,
2010 5258 2340 5316 moreretur.
2370 5269 2480 5323 quo
2504 5255 2735 5321 Beccum
2778 5258 3018 5326 delatus,
3052 5263 3204 5320 inter
3225 5277 3392 5326 ante...

1798 5360 2045 5398 cessores
2076 5361 2207 5399 suos
2253 5346 2468 5414 jaceret
2513 5347 2796 5412 humatus.
2831 5352 2992 5415 Quod
3047 5357 3195 5422 Deus
3227 5362 3392 5430 juxta

1795 5431 2104 5486 bonitatem
2128 5450 2308 5495 suam,
2335 5433 2475 5487 sicut
2522 5437 2762 5510 petebat,
2798 5439 2877 5494 illi
2919 5447 3208 5504 concessit.
3232 5429 3390 5510 Nam

1796 5521 2125 5574 inﬁrmitate
2139 5530 2445 5594 correptus,
2467 5524 2749 5580 hominem
2769 5530 2921 5598 exuit
2940 5531 2995 5611 in
3012 5534 3198 5604 vigilia
3212 5546 3392 5608 sancti

1795 5609 2084 5666 Michaelis
2109 5617 2310 5682 quarto
2340 5612 2577 5680 Kalend.
2605 5605 2881 5686 OotQhriS.
2912 5605 2972 5685 et
2996 5607 3150 5686 sicut
3167 5605 3393 5696 desidia;
