3920 6390
482 306 591 370 ⁸127
1400 314 1498 370 AD
1537 312 1777 372 OPERA
1814 314 1878 372 B.
1920 313 2339 374 LANFRANCI
2373 316 2760 376 APPENDIX.
3691 314 3804 376 728

479 428 962 502 mum'revocaret,
996 437 1354 510 prioremque
1386 439 1492 495 sibi
1533 458 1644 497 non
1682 443 1919 501 tolleret.
1949 443 2073 498 Jam
2091 441 2149 504 A
2164 463 2401 520 ergavos
2420 448 2581 502 video
2601 450 2905 503 conventus
2922 447 3292 503 aifectum.—-
3313 445 3683 516 Nunquam,
3696 445 3800 510 ait,

482 526 635 581 enim
683 525 857 580 abbas
902 527 1060 580 senio
1099 531 1156 581 et
1181 527 1511 583 inﬁrmitate
1549 531 1829 587 confectus
1868 533 2077 587 viribus
2156 539 2439 594 hominem
2470 538 2716 593 occidi.»
2744 539 2901 593 Tunc
2920 536 3238 609 compulsus
3269 540 3370 589 est
3385 534 3632 606 aperire
3649 533 3803 606 quod

483 615 731 686 corporis
768 614 1205 673 destituebatur.
1261 617 1521 672 Placatus
1551 636 1648 673 rex
1686 621 2077 691 deprecatione
2158 627 2404 694 latebat;
2433 632 2492 681 et
2517 627 2792 699 accipiens
2820 625 3307 697 archiepiscopum
3337 640 3485 679 cum
3526 623 3804 694 episcopo

483 703 701 758 dimisit
747 703 1014 774 priorem-
1065 705 1319 775 Cumque
1361 705 1533 761 abbas
1564 708 1882 762 Willelmus
1909 710 2080 778 longe
2159 733 2433 782 seorsum,
2465 716 2608 770 dixit
2634 733 2838 788 papam
2876 715 2982 770 sibi
3020 714 3394 769 interdixisse
3429 728 3510 767 ne
3536 726 3804 784 unquam

484 790 819 861 aegritudine
846 790 1149 856 confectus,
1177 794 1294 862 jam
1328 794 1493 849 morti
1536 795 1824 865 proximus
1858 797 2078 850 videre-
2158 805 2311 861 laicze
2340 822 2591 877 persona;
2618 805 2930 859 hominium
2958 805 3184 871 faceret,
3203 809 3262 859 et
3286 803 3433 857 ideo
3463 801 3646 857 istam
3663 800 3805 856 obe-

482 895 600 943 tul'.
626 880 737 933 duo
771 883 1068 935 Beccenses
1107 882 1365 936 monuehi
1394 890 1752 938 accesserunt
1778 884 1850 939 ad
1889 901 2077 955 regem
2160 894 2429 948 dientiam
2459 911 2573 948 non
2610 894 2853 948 audebat
2872 894 3172 965 suscipere,
3202 910 3279 948 ne
3315 896 3669 963 cogeretur,
3700 894 3803 946 aut

487 968 809 1030 Henricum.
841 969 936 1039 qui
978 974 1112 1023 tunc
1141 970 1300 1025 Becci
1327 976 1384 1026 et
1407 970 1551 1026 circa
1581 973 1817 1027 Beccum
1850 980 2080 1045 propter
2160 982 2550 1054 pl‘obibitionis
2595 983 2912 1053 apostolica:
2957 988 3354 1053 transgressor
3383 981 3667 1046 existere,
3701 986 3803 1036 aut

485 1056 835 1111 incursiones
858 1059 1252 1128 quorumdam,
1286 1060 1381 1130 qui
1406 1066 1598 1115 contra
1630 1078 1759 1116 eum
1782 1061 2079 1118 rebellave-
2164 1088 2355 1142 regem
2387 1072 2686 1126 olfendere.
2719 1072 3183 1143 Archiepiscopus
3210 1088 3349 1126 cum
3376 1071 3672 1136 audisset,
3707 1086 3804 1125 sa-

486 1150 636 1211 rant,
681 1144 1026 1211 morabatur,
1068 1146 1318 1201 dicentes
1351 1149 1484 1217 quia
1513 1150 1656 1204 Boso
1683 1151 1731 1203 si
1762 1152 2085 1206 succederet
2164 1161 2385 1232 pienter
2419 1162 2568 1215 tulit.
2617 1160 2970 1215 Lexoviensis
3010 1177 3141 1215 vero
3185 1160 3507 1232 episcopus
3540 1159 3801 1229 graviter

487 1233 677 1288 abbati
705 1234 1009 1301 Willelmo,
1041 1235 1189 1290 sicut
1214 1242 1519 1291 conventus
1561 1238 1868 1309 qumrebat,
1898 1241 2083 1294 homi-
2164 1251 2398 1321 accepit,
2425 1251 2573 1320 quod
2606 1251 2760 1321 prior
2779 1250 2936 1305 Becci
2953 1249 3381 1320 dedignabatur
3411 1249 3613 1303 facere
3645 1248 3801 1319 quod

486 1322 647 1377 nium
678 1323 762 1376 vel
781 1323 1069 1379 ﬁdelitatis
1092 1333 1509 1380 sacramentum
1533 1344 1686 1382 more
1713 1329 1908 1399 patriae
1927 1330 2083 1385 nullo
2164 1339 2270 1409 ipsi
2289 1338 3219 1409 etomnespraelatiNorthmanniae
3237 1337 3546 1391 faciebant
3558 1337 3798 1407 antiquo

489 1411 657 1465 m0d0
672 1411 778 1465 Sibi
805 1411 1046 1479 faceret;
1066 1413 1305 1484 ideoque
1321 1414 1494 1468 alium
1513 1432 1678 1486 quem
1693 1417 2079 1485 nominabant.
2164 1444 2320 1482 more
2350 1428 2563 1498 patriae.
2595 1428 2870 1482 Reversus
2890 1428 2947 1481 in
2978 1427 3285 1498 capitulum
3318 1425 3801 1496 archiepiscopus

488 1677 572 1732 illi
598 1677 803 1732 infensi
833 1682 1012 1744 erant,
1040 1678 1350 1747 nescimus;
1378 1696 1546 1750 quam
1564 1682 1788 1751 quidem
1817 1684 2036 1754 injuria]

2255 1693 2495 1747 ctionem
2524 1693 2670 1748 hanc
2695 1695 2921 1749 cessari.
2944 1696 3077 1749 Post
3092 1696 3207 1749 haec
3227 1695 3438 1766 plures
3461 1694 3536 1749 de
3558 1709 3799 1748 conven-

492 1766 752 1821 intulisse
797 1767 963 1821 alicui
993 1783 1186 1821 eorum
1220 1767 1562 1838 ignoramus.
1598 1771 1698 1825 His
1730 1774 1957 1838 auditis,
1987 1791 2084 1829 rex
2104 1754 2230 1835 Btu
2255 1782 2668 1854 Rothomagum
2698 1790 3064 1855 perrexerunt
3092 1785 3158 1837 ad
3201 1754 3431 1855 regem.
3484 1783 3601 1849 Qui
3641 1782 3798 1837 domi

492 1855 1024 1944 nimiumicﬁ'eratus
1053 1862 1139 1911 est
1184 1856 1392 1918 animo.
1432 1863 1490 1912 et
1526 1864 1658 1913 tunc
1688 1861 1910 1930 quidem
1940 1863 2085 1917 iram
2167 1878 2575 1935 remanserant,
2621 1874 2798 1927 Deum
2845 1873 3172 1944 suppliciter
3198 1873 3517 1944 rogabant,
3552 1872 3615 1928 in
3635 1873 3797 1943 cujus

492 1942 892 2001 dissimulavit.
928 1943 1019 1998 Illi
1057 1949 1245 1999 autem
1283 1946 1481 2034 callide
1509 1955 1758 2017 agentes,
1790 1949 2086 2019 ignorante
2168 1977 2339 2015 manu
2369 1962 2539 2015 corda
2558 1968 2692 2016 sunt
2720 1942 2937 2033 regum;
2957 1942 3026 2017 ω
3044 1979 3232 2034 regem
3264 1942 3589 2017 inclinaret
3603 1961 3675 2016 ad
3695 1942 3794 2015 hu-

492 2037 787 2098 conventu,
816 2037 1014 2087 contra
1040 2034 1292 2103 regulam
1324 2033 1472 2089 beati
1498 2036 1784 2091 Benedicti
1812 2045 1959 2109 (cap.
1992 2037 2040 2095 64

2240 2049 2558 2105 selectionis
2570 2068 2884 2117 assensum,
2909 2053 3004 2107 sed
3027 2053 3277 2107 nondum
3310 2053 3476 2107 Deus
3491 2052 3682 2106 facere
3703 2066 3788 2104 vo-

496 2117 562 2177 18
582 2121 879 2212 quaestu),
908 2121 1031 2212 Siue
1058 2138 1251 2177 eorum
1282 2139 1576 2191 consensu.
1609 2125 1871 2181 νοιθδειηῐ
1890 2145 2089 2199 ευρεειτ-
2168 2117 2278 2193 luit
2307 2140 2454 2211 quod
2495 2140 2863 2211 poscebatur;
2899 2158 3029 2195 nam
3055 2158 3152 2196 rex
3177 2142 3393 2196 fratres
3424 2142 3529 2212 qui
3560 2141 3632 2194 ad
3661 2155 3789 2194 eum

491 2225 701 2300 uouere
728 2209 834 2264 Sibi
855 2211 1208 2280 magistrum.
1229 2229 1356 2266 cum
1379 2213 1484 2267 hoc
1511 2231 1632 2268 esse
1660 2222 1875 2271 ceuStet
1895 2223 2092 2272 contra
2170 2209 2441 2282 venerant
2454 2230 2673 2283 remisit
2684 2232 3185 2297 vacuos,mandans
3196 2237 3263 2286 ut
3273 2231 3466 2285 alium
3490 2230 3786 2300 eligerent,

494 2298 719 2353 decreta
748 2304 995 2369 patrum,
1017 2300 1113 2370 qui
1133 2300 1396 2356 dixerunt
1424 2308 1488 2356 ut
1516 2320 1682 2357 nemo
1697 2304 1905 2360 invitus
1937 2307 2089 2360 ordi-
2173 2319 2305 2388 quia
2334 2317 2505 2372 istum
2527 2335 2638 2373 non
2662 2320 2952 2375 haberent.
2985 2319 3468 2391 Archiepiscopus
3494 2298 3630 2373 νειῖο
3656 2318 3792 2372 Bac-

494 2392 684 2480 netur,
704 2386 805 2440 sed
834 2394 1137 2480 conventus
1167 2389 1413 2444 ecclesiae
1441 2390 1608 2480 debet
1643 2391 1749 2445 sibi
1780 2395 2088 2448 secundum
2173 2386 2366 2461 c—enses
2398 2407 2633 2477 juvabat
2660 2409 2807 2480 apud
2849 2426 3059 2479 regem,
3095 2386 3380 2480 quantum;
3422 2410 3673 2479 poterat,
3716 2405 3796 2459 lo-

495 2475 761 2529 timorem
792 2475 893 2529 Dei
921 2482 1203 2546 pastorem
1233 2478 1460 2548 eligere.
1494 2479 1602 2534 Sed
1628 2480 1744 2535 haec
1774 2483 2090 2553 malignan-
2173 2504 2349 2558 quens
2377 2475 2475 2558 pro
2506 2489 2633 2554 illis,
2666 2475 2870 2543 etcum
2902 2475 3059 2560 i'psis,
3089 2475 3146 2543 ἐι
3175 2488 3299 2543 sine
3330 2475 3499 2560 ipsis.
3532 2485 3791 2552 Quadam

499 2563 639 2617 tium
660 2563 956 2630 calliditas,
982 2565 1112 2619 licet
1130 2567 1480 2637 aliquantum
1506 2576 1841 2625 conventum
1870 2579 2093 2626 contur-
2173 2572 2263 2627 die
2295 2591 2420 2627 cum
2448 2575 2518 2628 de
2546 2576 2651 2629 hac
2679 2592 2740 2628 re
2768 2576 3227 2645 loquereturcum
3259 2591 3403 2645 rege
3424 2571 3638 2627 dixitei
3657 2586 3787 2624 rex:

496 2651 716 2708 baverit
742 2656 933 2706 tamen
960 2653 1107 2725 quod
1143 2655 1476 2711 moliebatur
1504 2658 1725 2712 efﬁcere
1754 2676 1866 2714 non
1892 2662 2085 2716 valuit.
2177 2658 2324 2711 «Nec
2339 2658 2654 2713 mihifaciet
2673 2659 3113 2718 hominiummec
3134 2658 3291 2713 vobis
3309 2657 3784 2730 professionem»

497 2740 772 2795 Defuncto
803 2757 1047 2813 namque
1066 2742 1268 2798 abbate
1292 2745 1578 2801 Willelmo
1607 2754 1665 2801 et
1690 2749 1955 2805 decenter
1983 2751 2089 2804 hu-
2170 2742 2255 2795 Ad
2290 2742 2406 2796 haec
2432 2742 2527 2796 ille
2560 2761 2572 2795 :
2620 2763 2644 2795 ι
2688 2744 2945 2809 Domine,
2978 2743 3075 2808 ait,
3117 2743 3285 2797 facite
3335 2742 3494 2813 quod
3536 2747 3788 2795 vestrum

498 2834 673 2895 mato,
704 2834 857 2884 totus
879 2838 1182 2886 conventus
1212 2833 1382 2904 elegit
1421 2835 1719 2901 Bosonem,
1741 2855 1936 2893 omnes
1972 2840 2090 2911 epi-
2172 2831 2301 2892 49
2325 2833 2411 2881 est
2435 2846 2447 2895 ξ
2471 2828 2540 2882 de
2562 2828 2824 2900 hocquod
2842 2828 2910 2883 ad
2925 2845 3015 2882 me
3043 2828 3312 2899 pertinet,
3348 2827 3499 2882 bene
3519 2827 3672 2880 inter
3687 2839 3789 2878 ηοε

498 2918 652 2989 scopi
680 2924 738 2973 et
756 2917 1009 2988 abbates,
1037 2921 1218 2976 clerus
1256 2928 1315 2978 et
1343 2924 1601 2995 populus,
1635 2925 1799 2981 vicini
1828 2933 1886 2982 et
1906 2944 2092 2983 remo-
2175 2917 2483 2972 οοηνθηίθῒο
2516 2936 2538 2968 ⁸
2582 2918 2738 2973 Tunc
2790 2916 3078 2972 mandaVit
3123 2917 3387 2988 quaedam
3440 2912 3788 2970 honorabilis

497 3007 693 3073 tiores,
724 3006 822 3079 qui
870 3025 1000 3063 eum
1041 3016 1330 3077 noverant,
1366 3012 1511 3067 hanc
1539 3014 1867 3070 electionem
1898 3017 2095 3071 lauda-
2121 3069 2156 3080 Α
2178 3023 2418 3080 persona
2446 3008 2742 3062 conventui
2771 3007 2929 3062 Becci
2968 3023 3039 3061 ne
3072 3006 3142 3061 ab
3167 3007 3398 3078 incepto
3423 3004 3780 3064 desisterent,

496 3094 653 3161 bant,
683 3113 923 3168 cumque
963 3114 1186 3154 summo
1213 3101 1425 3155 honore
1453 3102 1687 3173 dignum
1717 3103 2088 3161 affirmabant.
2115 3069 2157 3130 Ο
2174 3100 2423 3154 nondum
2437 3098 2576 3153 satis
2595 3099 2774 3152 Deum
2799 3101 3152 3167 rogaverunt,
3174 3095 3365 3150 adhuc
3379 3094 3605 3149 divinas
3623 3105 3785 3146 aures

497 3185 697 3256 Itaque
738 3192 1043 3242 conventus
1077 3194 1143 3243 ut
1169 3189 1251 3243 eis
1279 3191 1668 3253 assentiretur,
1697 3192 1898 3248 obnixe
1928 3210 2093 3264 roga-
2175 3187 2434 3259 precibus
2467 3188 2771 3258 pulsarent.
2804 3185 2963 3251 Quod
2989 3184 3285 3239 consilium
3318 3185 3536 3238 fratres
3552 3184 3785 3252 gratan-

497 3272 630 3342 bat;
656 3275 753 3328 ille
781 3291 898 3331 suae
923 3275 1272 3333 inﬁrmitatis
1300 3281 1507 3334 multas
1536 3281 1855 3352 apponebat
1875 3299 2092 3348 causas,
2175 3285 2263 3332 ter
2293 3276 2648 3347 accipientes,
2674 3274 2962 3330 instabant
2998 3273 3269 3328 attentius
3303 3270 3550 3343 jejuniis
3580 3273 3640 3324 et
3666 3282 3785 3321 ora-

498 3361 583 3417 illi
604 3362 661 3416 in
685 3368 897 3417 terram
919 3366 1185 3434 prostrati
1203 3366 1667 3437 deprecabantur,
1682 3370 1778 3424 ille
1798 3375 1916 3425 toto
1931 3387 2095 3426 cona-
2176 3365 2444 3427 tionibus,
2472 3365 2773 3420 Dominum
2790 3366 3003 3430 Iesum,
3025 3368 3084 3418 et
3111 3364 3234 3432 ejus
3263 3363 3423 3432 Pium
3452 3356 3781 3431 genitricem

400 3465 413 3476 '
499 3450 1770 3525 minereluctabaturnegando.Perlataestres
1784 3460 1855 3514 ad
1870 3477 2091 3530 regem;
2176 3453 2409 3509 Mariam
2455 3454 2780 3525 suppliciter
2816 3454 3197 3524 deprecantes,
3231 3456 3294 3505 ut
3328 3449 3682 3521 respicerent
3700 3459 3783 3498 ec-

503 3545 564 3597 at
590 3540 702 3606 ille,
739 3540 1064 3596 recordatus
1093 3544 1243 3614 quod
1257 3545 1326 3599 de
1353 3545 1601 3601 hominio
1621 3548 1893 3602 aduobus
1906 3566 2098 3605 mona-
2177 3544 2405 3599 clesiam
2438 3559 2616 3608 suam,
2669 3549 2727 3597 et
2771 3544 3107 3615 perﬁcerent
3133 3541 3280 3612 quod
3315 3540 3612 3611 inceptum
3642 3537 3780 3589 erat-

501 3630 623 3685 chis
653 3630 930 3696 audierat,
957 3630 1103 3686 sicut
1128 3649 1299 3702 supra
1313 3635 1627 3703 retulimus,
1652 3642 1774 3691 erat
1795 3639 1942 3692 enim
1965 3638 2096 3695 inde
2177 3634 2333 3689 Inter
2358 3634 2477 3689 haec
2505 3633 2841 3714 Willelmus,
2888 3630 3036 3686 ﬁlius
3081 3629 3351 3697 Ascelini,
3405 3634 3466 3683 et
3513 3622 3780 3682 Rodulfus

500 3719 671 3774 nimis
701 3719 900 3783 iratus,
931 3721 1114 3775 noluit
1158 3723 1478 3778 concedere.
1524 3725 1747 3780 Interea
1775 3726 2097 3782 Gaulfridus
2179 3724 2676 3794 eleemosynarius,
2702 3722 2812 3777 duo
2834 3723 3135 3777 Beccenses
3167 3718 3455 3784 monachi,
3487 3732 3589 3788 pro
3616 3724 3783 3767 causa

502 3808 971 3880 Rothomagensis
998 3809 1464 3884 archiepiscopus,
1498 3814 1582 3867 vir
1607 3815 1872 3885 prudens,
1907 3822 1965 3872 et
1994 3818 2097 3871 ho-
2179 3812 2504 3867 monasterii
2554 3812 2663 3866 iter
2705 3815 2956 3882 agentes,
2995 3809 3363 3864 obviaverunt
3391 3804 3634 3861 Henrico
3662 3797 3778 3868 regi

501 3898 805 3964 norandus,
825 3905 880 3952 et
903 3899 1149 3955 Joannes
1187 3901 1539 3957 Lexoviensis
1568 3904 1882 3976 episcopus,
1908 3906 2004 3977 qui
2026 3906 2095 3961 ad
2181 3903 2377 3957 eadem
2408 3903 2513 3966 via,
2546 3918 2657 3972 qua
2687 3899 2994 3971 pergebant
3031 3896 3301 3953 venienti.
3345 3897 3502 3960 Quos
3531 3897 3598 3947 ut
3621 3886 3772 3951 vidit,
3834 3908 3839 3912 '

501 3987 715 4042 curiam
757 3988 906 4058 regis
946 3996 1236 4058 venerant,
1284 3992 1380 4062 qui
1407 3997 1543 4047 tunc
1570 3992 1861 4048 obsidebat
1887 3995 2099 4050 Brionii
2182 3992 2248 4045 ad
2279 4008 2340 4045 se
2366 3991 2599 4052 vocavit,
2633 3995 2689 4043 et
2718 3989 2957 4059 benigne
3003 3988 3224 4040 locutus
3253 3992 3345 4040 est
3366 4001 3496 4039 cum
3526 3981 3638 4046 eis;
3662 3977 3772 4047 jam

503 4080 772 4141 castrum,
802 4078 951 4149 quod
975 4086 1173 4134 contra
1200 4097 1329 4134 eum
1351 4081 1619 4137 tenebant
1647 4083 1903 4137 homines
1935 4085 2103 4138 comi-
2183 4077 2330 4130 enim
2363 4075 2551 4130 diViuo
2599 4079 2854 4146 τθερθαω
2902 4070 3225 4127 “fervebat
3268 4071 3436 4125 furor
3476 4067 3574 4122 me
3614 4075 3774 4134 quem

501 4165 575 4220 tis
604 4166 875 4234 Mellenti,
920 4176 1192 4224 venerunt
1240 4171 1495 4237 Beccum,
1527 4176 1584 4226 et
1611 4171 1782 4226 locuti
1812 4179 1945 4226 sunt
1971 4188 2098 4227 cum
2183 4171 2515 4236 conceperat
2542 4181 2716 4219 causa
2744 4165 2933 4233 negati
2958 4162 3114 4216 sibia
3133 4161 3321 4233 priore
3341 4153 3776 4251 hominii:C.uu.l'

502 4253 773 4308 fratribus
790 4256 1127 4327 deeligendo
1146 4258 1367 4313 abbate.
1397 4260 1553 4314 Tunc
1567 4276 1782 4326 omnes,
1806 4262 1865 4315 in
1886 4267 2097 4315 terram
2181 4270 2290 4324 que
2322 4254 2490 4308 Simul
2532 4258 2850 4325 pergerent,
2896 4257 2954 4306 εἴ
2991 4249 3514 4304 δθΐωοοίηετθηων
3541 4242 3609 4299 ad
3638 4242 3774 4293 imi"

503 4344 792 4413 prostrati,
820 4346 1041 4411 (namin
1059 4347 1303 4419 capitulo
1332 4349 1641 4416 sedebant,l
1658 4350 1939 4422 rogabant
1953 4339 2097 4423 prio-
2115 4389 2163 4431 ῃ
2181 4360 2320 4408 cem,
2353 4344 2502 4397 inter
2529 4341 2871 4431 loquendum
2901 4341 3164 4431 dixerunt
3190 4338 3311 4431 regi
3333 4337 3487 4431 quod
3512 4330 3774 4431 ξξξλδῗνξωξ

504 4447 625 4485 rem
664 4438 725 4486 ut
757 4449 903 4504 saepe
930 4434 1092 4490 dictae
1112 4416 1370 4492 electioni
1395 4454 1687 4494 assensum
1714 4416 2009 4512 praeberet,
2043 4446 2100 4495 et
2117 4416 2163 4447 υ
2183 4432 2392 4502 aliquid
2405 4431 2727 4497 δὼίάίοθνθν
2746 4430 2795 4483 3i
2824 4428 3104 4500 Patientel‘
3130 4426 3356 4481 andiret
3379 4445 3392 4494 Ξ
3426 4430 3488 4479 at
3514 4422 3609 4477 me
3620 4416 3773 4512 ἱιιδξδί

505 4503 984 4593 archiepiscopum
1002 4524 1236 4579 utillum
1254 4526 1626 4598 praecipiendo
1651 4503 2099 4600 cogeret.Archi-
2183 4521 2367 4576 dicere
2412 4520 2748 4575 ﬁducialiter
2778 4518 2927 4589 quod
2954 4519 3164 4572 vellent
3193 4534 3204 4568 :
3229 4521 3368 4570 tunc
3395 4512 3683 4584 coeperunt
3707 4503 3771 4555 de

506 4608 800 4680 episcopus
811 4611 1100 4667 admirans
1127 4614 1366 4669 fratrum
1387 4617 1834 4685 unanimitatem,
1851 4619 2102 4674 laudavit
2182 4610 2449 4683 praedicta
2477 4609 2746 4663 electione
2775 4623 3091 4661 sermonem
3124 4605 3420 4676 replicare.
3442 4613 3631 4671 ι’θεθω
3650 4607 3768 4685 sur

505 4713 701 4753 eorum
732 4701 1055 4771 religiosam
1073 4703 1645 4777 voluntatem,eterga
1668 4708 1909 4778 priorem
1933 4725 2098 4763 suum
2182 4699 2403 4772 PliCitel‘
2444 4704 2728 4769 τοεειηῐθε,
2771 4701 2834 4750 ιη
2871 4711 2996 4749 eam
3025 4711 3126 4750 suo
3155 4710 3389 4748 assensu
3420 4689 3689 4778 ῦνωξινθίξτ
3719 4683 3770 4778 ᾳ

505 4792 729 4842 tantum
759 4805 1036 4857 amorem;
1061 4791 1262 4845 deinde
1286 4771 1837 4850 conversusvadillum
1860 4798 2095 4863 monuit,
2185 4771 2289 4861 ἰρεὶ
2321 4806 2422 4860 ΡιὈ
2465 4789 2640 4843 81θοῐο
2683 4802 2785 4841 δυο
2833 4785 3164 4839 ﬁdelitatem
3213 4782 3481 4844 facerent”
3513 4777 3567 4869 {si
3592 4771 3764 4869 ven?“

504 4878 743 4949 rogavit,
774 4879 845 4933 ad
865 4886 1211 4950 postremum
1234 4882 1497 4954 praecepit
1521 4900 1621 4954 per
1648 4883 2052 4941 obedientiam!

2219 4880 2557 4949 djungentes
2585 4893 2645 4931 se
2671 4875 2740 4930 ob
2761 4876 2866 4929 hoc
2895 4874 2966 4928 ad
2995 4871 3258 4928 comitem
3286 4866 3666 4957 Theobalduln
3683 4866 3767 4957 ire

506 4945 888 5038 acquiesceret
907 4970 1180 5026 voluntati
1199 4945 1457 5028 fratrum.
1551 4979 1747 5028 contra
1771 4974 1864 5029 ille
1892 4992 2104 5032 assere-
2186 4945 2449 5032 VOiUisisea
2481 4973 2546 5021 ut
2574 4983 2674 5037 Ρθτ
2712 4966 2931 5019 litteras
2961 4979 3092 5016 suas
3123 4961 3281 5015 illum
3313 4960 3556 5030 rogaret
3585 4952 3657 5006 At
3680 4945 3765 5000 me

504 5054 603 5110 bat
631 5056 737 5112 hoc
765 5072 826 5112 se
869 5075 979 5113 non
1012 5077 1175 5131 posse
1217 5061 1398 5116 facere
1449 5068 1676 5133 propter
1720 5080 1983 5134 magnam
2014 5082 2052 5119 SI

2216 5056 2484 5111 ubridens
2518 5074 2529 5108 :
2566 5074 2589 5105 ι
2618 5056 2683 5109 In
2713 5069 2938 5118 vanum,
2960 5051 3059 5116 ait,
3092 5046 3453 5104 laborassetis
3477 5063 3489 5097 :
3509 5063 3534 5096 ν
3566 5044 3762 5133 etcum

503 5146 752 5216 corporis
798 5147 1166 5216 debilitatem,
1194 5157 1253 5205 et
1275 5151 1390 5205 alia
1415 5152 1666 5222 quaedam
1698 5152 1910 5222 gravia,
1940 5154 2103 5224 quasi
2187 5149 2539 5200 sacramento
2568 5142 2706 5198 dixit
2728 5141 2839 5194 illis
2867 5140 3022 5211 quia,
3052 5138 3100 5192 si
3136 5153 3331 5192 eorum
3380 5135 3584 5188 electus
3621 5134 3760 5224 im“?

500 5242 748 5306 peccata,
775 5238 1113 5310 opponebat,
1138 5240 1342 5311 quibus
1364 5240 1433 5293 ad
1456 5242 1560 5295 hoc
1579 5241 1874 5312 indignum
1897 5222 2101 5297 se'esse
2189 5236 2530 5288 mentionem
2562 5248 2674 5286 non
2700 5230 2919 5285 leCiSSBt
2944 5228 3012 5281 de
3043 5225 3314 5289 hominio»
3346 5224 3466 5294 ipse
3492 5222 3763 5312 “"3"”?

501 5304 741 5381 dicebat.
771 5304 1316 5400 Et—archiepiscopus
1352 5348 1365 5383 :
1400 5349 1422 5380 ι
1458 5330 1676 5384 Estisne
1697 5304 2005 5385 monachus
2025 5332 2049 5385 ?
2067 5352 2095 5384 ιο
2188 5325 2319 5378 inde
2344 5324 2565 5377 locutus
2590 5321 2803 5381 fuisset,
2829 5318 2923 5372 sed
2952 5317 3118 5371 modo
3137 5315 3570 5400 deprecarentur
3595 5304 3761 5400 Dom“

502 5414 816 5486 Respondit
848 5436 858 5469 :
887 5434 914 5469 α
945 5395 1159 5472 Vellem
1183 5395 1324 5472 esse.
1364 5438 1387 5470 ι)
1420 5419 1576 5473 Tunc
1603 5420 2053 5491 archiepisc0pus
2089 5438 2101 5472 :
2191 5430 2329 5471 num
2360 5419 2425 5467 ut
2452 5412 2557 5466 sibi
2574 5417 2631 5464 et
2650 5410 2761 5463 illis
2791 5409 2859 5462 de
2889 5408 2994 5461 hac
3037 5423 3099 5461 re
3122 5403 3454 5459 conveniens
3482 5395 3634 5450 daret
3650 5400 3761 5491 con:

506 5520 533 5555 α
568 5504 801 5569 Revera,
824 5506 1025 5576 inquit,
1044 5506 1089 5561 si
1114 5507 1309 5578 viginti
1332 5508 1586 5562 homines
1605 5508 1969 5573 occidissetis,
1994 5527 2105 5565 non
2187 5503 2401 5561 silium.
2434 5499 2692 5571 Regressi
2723 5498 2950 5551 domum
2973 5498 3345 5549 narraverunt
3362 5504 3482 5560 quae
3495 5497 3613 5578 cum
3640 5486 3760 5578 rege

505 5606 602 5644 vos
642 5575 1008 5661 dimitterem,
1059 5575 1285 5670 quando
1327 5598 1554 5669 quidem
1587 5602 1808 5661 tantum
1840 5613 1905 5656 ac
1934 5598 2104 5664 talem
2188 5598 2451 5671 egerant,
2474 5590 2726 5659 initoque
2741 5586 2974 5641 consilio
2990 5585 3194 5638 iterum
3218 5576 3576 5654 perrexerunt
3590 5576 3657 5622 ad
3684 5575 3758 5614 re°
