3920 6372
84 326 203 389 729
921 327 1095 387 VITA
1134 323 1445 386 BOSONIS
1484 322 1791 385 ABBATIS
1828 325 2223 390 BECCENSIS
2261 328 2551 398 QUARTI.
3268 322 3377 383 730

84 475 224 531 gem
243 461 437 532 plures
453 458 525 514 de
539 462 833 525 conventu,
855 474 995 530 quos
1019 474 1116 513 rex
1139 458 1388 530 suscepit
1412 457 1686 521 hilariter,
1705 456 1759 516 A
1775 459 2008 514 recessit
2032 461 2213 515 tristis
2233 461 2260 515 ?
2302 457 2520 515 Summi
2550 454 2678 524 viri,
2721 457 2839 510 tam
2878 451 3175 508 saeculares
3206 467 3378 524 quam

88 555 153 604 et
182 549 430 603 libenter
446 548 721 603 concessit
741 548 886 619 quod
921 546 1205 618 petebant,
1244 547 1615 618 prtecepitque
1637 552 1700 601 ut
1780 548 2047 620 religiosi,
2087 548 2324 620 proximi
2374 551 2431 602 et
2476 544 2826 606 remotiores,
2871 541 3037 596 multi
3081 540 3382 596 veniebant

86 638 444 691 adducerent
466 636 705 707 priorem
725 636 1015 690 Dominica
1032 640 1158 707 post
1177 635 1540 705 Rogationes;
1564 650 1696 689 nam
1780 639 1852 693 ad
1879 655 2006 693 eum
2037 637 2441 692 consulendum
2482 634 2553 690 de
2594 632 2763 687 rebus
2790 630 2978 686 dubiis
3001 648 3015 697 ;
3048 635 3108 685 at
3135 629 3231 685 ille
3259 629 3380 684 sin-

87 726 212 780 hzec
222 722 1303 796 anteRogationesagebantur.Cumque
1314 724 1430 778 haec
1439 723 1699 779 nuntiata

86 815 334 869 fuissent
352 814 667 876 conventui,
691 812 851 868 valde
883 814 1062 884 gavisi
1093 819 1243 878 sunt,
1264 819 1321 867 et
1340 814 1456 867 Deo
1483 812 1697 883 gratias

85 904 403 958 immensas
422 902 807 958 reddiderunt.
832 902 995 957 Prior
1014 906 1202 956 autem
1232 902 1371 957 dixit
1396 902 1691 960 omnibus:

91 1011 115 1043 ι
134 992 353 1047 Scitote
363 992 492 1062 quia
506 988 571 1046 ex
582 1007 692 1062 quo
705 991 813 1044 vidi
826 996 942 1045 tam
957 991 1281 1045 unanimem
1295 1007 1428 1062 erga
1441 1007 1531 1045 me
1543 1007 1696 1045 amo-

84 1097 210 1135 rem
232 1085 504 1146 vestrum,
531 1081 579 1134 si
607 1080 738 1134 inde
760 1079 897 1133 mihi
920 1079 1230 1134 certissime
1252 1080 1480 1134 scissem
1511 1080 1694 1134 immi-

87 1185 230 1223 nere
260 1177 522 1233 mortem,
557 1185 669 1223 non
695 1168 1007 1223 amisissem
1036 1170 1171 1240 quin
1192 1170 1464 1224 voluntati
1493 1175 1692 1224 vestrae

88 1257 514 1329 promptissime
542 1257 875 1329 paruissem,
909 1256 1016 1311 nisi
1062 1257 1161 1311 illa
1192 1275 1362 1312 causa
1397 1258 1695 1313 obsisteret

88 1347 229 1419 quia
249 1348 429 1401 Deum
447 1346 730 1400 offendere
761 1345 1049 1400 timebam.
1077 1364 1102 1398 υ
1141 1347 1393 1401 Perrexit
1411 1364 1544 1417 ergo
1564 1364 1693 1402 cum

84 1435 366 1490 fratribus
409 1435 843 1504 Rothomagum,
875 1435 1142 1506 deditque
1174 1436 1225 1489 ei
1255 1451 1349 1489 rex
1381 1436 1499 1489 solo
1528 1435 1694 1489 verbo

83 1523 334 1579 abbatis:
375 1524 605 1589 donum,
638 1523 890 1594 dixitque
936 1522 1018 1577 illi
1064 1529 1129 1578 ut
1173 1523 1325 1577 intus
1363 1524 1690 1595 religionem

82 1618 363 1679 servaret,
402 1618 458 1667 et
485 1612 604 1683 ipse
643 1627 744 1683 pro
782 1612 879 1665 illo
910 1612 1186 1666 exteriora
1214 1617 1469 1676 curaret;
1502 1612 1693 1683 sicque

1775 729 2039 798 gulorum
2088 724 2520 798 cogitationibus
2569 728 2625 777 et
2672 717 3132 792 inquisitionibus
3170 718 3251 773 ita
3286 732 3379 772 re-

1778 814 2089 888 spondebat
2104 820 2168 870 ut
2187 814 2491 885 unicuique
2505 811 2790 867 sufficeret
2810 808 2957 880 quod
2975 805 3257 863 audiebat.
3275 806 3381 861 Pa-

1776 905 1979 960 tientia
1993 905 2043 959 ci
2063 903 2411 959 admirabilis
2432 907 2624 956 contra
2640 916 2837 953 omnes
2854 897 3140 952 molestias
3159 896 3376 963 inerat;

1775 1010 1904 1049 nam
1930 994 2259 1065 patientiam
2280 998 2337 1047 et
2375 988 2867 1045 mansuetudinem
2897 986 3193 1056 cordisque
3217 1000 3378 1038 mun-

1775 1083 1971 1138 ditiam
2021 1083 2243 1144 docens,
2292 1080 2556 1135 monebat
2610 1076 2931 1132 occasiones
2977 1073 3372 1128 scandalorum

1773 1172 1968 1242 fugere
2032 1172 2118 1226 vel
2162 1187 2274 1225 non
2320 1185 2518 1223 curare
2564 1184 2686 1239 quae
2733 1181 2847 1219 non
2892 1166 3129 1235 possunt
3176 1161 3233 1216 in
3271 1162 3378 1216 hoc

1776 1261 1987 1316 mundo
2008 1260 2203 1315 deesse
2246 1258 2475 1313 Dicebat
2500 1274 2560 1311 se
2583 1273 2619 1313 a
2647 1255 2828 1326 primo
2850 1249 3227 1307 conversionis
3258 1265 3375 1303 suae

1775 1355 2029 1422 tempore
2049 1349 2364 1404 occasiones
2384 1346 2775 1401 scandalorum
2796 1344 2879 1398 ita
2907 1342 3203 1396 damnasse
3224 1337 3373 1410 quod

1778 1440 1934 1493 nulla
1976 1438 2287 1500 tribulatio,
2331 1435 2694 1508 prosperitas,
2723 1433 2811 1487 vel
2855 1431 3184 1496 adversitas,
3216 1428 3376 1483 nulla

1775 1528 2024 1588 tristitia.
2053 1527 2168 1581 sive
2205 1525 2417 1589 laetitia,
2441 1541 2539 1579 seu
2569 1524 2755 1594 aliqua
2786 1519 3090 1592 corporalis
3115 1517 3376 1573 molestia

1777 1616 1995 1671 aditum
2017 1616 2199 1671 cordis
2225 1616 2344 1685 ejus
2370 1615 2683 1683 irrumpere
2699 1609 2943 1668 valebat:
2977 1608 3174 1662 eodem
3189 1607 3368 1671 vultu,

79 1702 303 1757 factum
343 1706 430 1755 est
457 1706 520 1755 ut
544 1717 709 1772 quem
740 1701 894 1772 prius
923 1701 1339 1755 contradixerat
1366 1717 1515 1755 nunc
1542 1694 1756 1754 mul-B
1776 1705 1973 1760 eodem
2022 1705 2212 1759 animo
2259 1701 2668 1774 perseverabat.
2716 1697 3034 1770 Aliquando
3076 1712 3204 1751 cum
3250 1697 3373 1764 ejus

80 1796 207 1845 tum
229 1790 508 1861 diligeret,
530 1796 587 1843 et
612 1790 788 1844 multa
809 1806 931 1860 quae
952 1789 1178 1861 petebat
1201 1790 1441 1844 libenter
1460 1790 1686 1855 faceret,

82 1878 448 1950 plurimaque
475 1877 721 1932 ecclesiae
748 1876 1018 1931 beneficia
1037 1877 1334 1943 conferret,
1364 1882 1533 1949 atque
1561 1894 1690 1933 con-

84 1968 229 2023 siliis
260 1968 382 2037 ejus
408 1983 556 2038 saepe
583 1966 980 2038 acquiesceret.
1010 1966 1248 2038 Rogavit
1277 1983 1410 2021 sane
1448 1984 1546 2037 pro
1577 1967 1689 2021 illis

84 2056 310 2111 duobus
355 2055 663 2121 monachis,
709 2072 848 2126 quos
896 2054 1154 2109 electioni
1202 2057 1323 2126 ejus
1377 2056 1687 2110 contrarios

83 2145 261 2200 fuisse
292 2143 556 2210 diximus,
590 2159 661 2198 ne
703 2143 812 2198 illis
858 2142 1098 2209 obesset,
1139 2144 1286 2215 quod
1325 2149 1521 2199 contra
1558 2161 1689 2199 eum

85 2232 426 2299 sensissent;
460 2248 572 2286 non
602 2237 725 2285 erat
756 2231 902 2303 apud
933 2232 1091 2285 illum
1116 2232 1304 2302 gravis
1332 2231 1491 2286 labor
1507 2233 1691 2287 indul-

83 2337 220 2391 gere
266 2321 326 2374 in
389 2337 450 2375 se
512 2320 888 2390 delinquenti.
954 2320 1437 2391 Archiepiscopus,
1493 2321 1689 2375 videns

84 2426 280 2480 regem
334 2415 453 2463 tam
507 2408 680 2462 libere
742 2408 892 2479 quod
950 2408 1249 2478 petebatur
1284 2409 1498 2473 fecisse,
1542 2409 1689 2463 sicut

86 2498 445 2570 promiserat,
505 2496 910 2551 honorabiliter
955 2498 1131 2551 voluit
1185 2498 1370 2551 facere
1422 2497 1571 2569 quod
1618 2499 1689 2552 de

86 2588 194 2641 hac
224 2604 287 2641 re
310 2587 380 2641 ad
418 2602 479 2641 se.
518 2585 852 2657 pertinebat.
881 2586 1050 2639 Venit
1070 2603 1203 2656 ergo
1224 2587 1294 2640 ad
1324 2587 1687 2641 festivitatem

87 2676 448 2731 Pentecostes
470 2691 592 2745 quae
613 2674 969 2740 imminebat;
995 2680 1053 2729 et
1070 2675 1160 2729 die
1185 2675 1323 2729 festo
1345 2675 1413 2729 ad
1435 2675 1682 2741 tertiam,

87 2765 314 2837 quando
342 2768 541 2818 cantor
568 2763 815 2834 incoepit,
862 2758 1005 2828 Veni,
1042 2768 1257 2818 creator
1297 2764 1564 2833 Spiritus,
1597 2767 1688 2819 in-

85 2870 317 2925 gressus
344 2854 578 2908 chorum
607 2852 1078 2924 archiepiscopus,
1114 2868 1241 2907 cum
1288 2852 1500 2907 honore
1535 2853 1691 2908 misit

87 2943 250 2997 illum
279 2942 339 2997 in
368 2942 557 2997 sedem
588 2941 837 3005 abbatis;
869 2941 1071 2995 deinde
1102 2941 1159 2995 in
1188 2942 1395 2996 octavis
1424 2943 1690 2997 Penteco-

88 3037 203 3087 stes
216 3032 412 3102 jussus
432 3031 680 3103 perrexit
698 3031 769 3085 ad
791 3029 1259 3084 benedictionem.
1283 3031 1690 3087 Verumtamen

1770 1796 1930 1865 jussa
1975 1810 2087 1848 non
2135 1792 2357 1864 impleri
2402 1789 2789 1854 nuntiabatur,
2838 1785 3061 1841 dicebat
3099 1799 3112 1832 :
3149 1804 3171 1835 σ
3217 1785 3374 1855 Saepe

1773 1882 2042 1938 mandata
2052 1881 2237 1946 Dei,et
2249 1879 2684 1953 prmterimus,et
2693 1875 2830 1931 susti
2839 1874 3182 1938 net.Quanto
3193 1871 3375 1942 magis

1774 1986 1876 2025 nos
1900 1970 2017 2043 pati
2044 1970 2330 2032 debemus,
2357 1969 2403 2022 si
2433 1972 2625 2022 nostra
2643 1969 3084 2020 contemnuntur
3103 1961 3308 2030 jussa?
3343 1980 3367 2013 ι

1772 2060 1838 2115 In
1867 2058 2127 2114 omnibus
2152 2063 2362 2123 autem,
2382 2057 2452 2111 ad
2472 2072 2594 2127 quae
2612 2055 2863 2109 animum
2894 2051 3230 2123 applicabat,
3248 2054 3373 2103 tan-

1773 2153 1894 2203 tum
1916 2148 2137 2202 valebat
2155 2153 2221 2202 ut
2240 2148 2353 2201 sive
2372 2145 2678 2200 secundum
2701 2144 2900 2207 Deum,
2926 2141 3041 2195 sive
3060 2139 3369 2195 secundum

1774 2237 2037 2291 saeculum
2077 2241 2225 2291 esset
2262 2234 2411 2290 unde
2454 2239 2735 2306 ageretur,
2769 2231 3031 2286 velociter
3060 2234 3118 2284 et
3146 2228 3370 2300 sapien-

1772 2326 1990 2380 tissime
2014 2324 2353 2380 dissolvebat
2381 2324 2571 2379 omnia
2590 2328 2646 2376 et
2675 2319 3063 2392 componebat.
3091 2316 3369 2373 Commis-

1773 2431 1963 2469 sarum
1994 2414 2099 2469 sibi
2129 2415 2449 2468 animarum
2472 2428 2660 2466 curam
2688 2409 2919 2481 gerebat
2951 2408 3277 2474 maximam,
3299 2422 3373 2461 ne

1774 2519 1885 2573 qua
1924 2504 2046 2573 ejus
2084 2502 2430 2573 negligentia
2474 2517 2539 2555 ex
2580 2500 2691 2554 illis
2741 2498 3043 2569 deperiret.
3082 2496 3215 2551 Vita
3250 2497 3373 2566 ejus

1774 2599 1986 2657 sancta,
2031 2591 2235 2653 sobria,
2269 2592 2506 2645 honesta
2548 2595 2605 2643 et
2647 2588 2963 2643 castissima
2991 2593 3133 2641 erat.
3175 2586 3371 2640 Sermo

1774 2682 1897 2751 ejus
1924 2697 2052 2734 raro
2082 2680 2328 2735 utilitate
2353 2677 2615 2745 carebat;
2648 2683 2704 2731 et
2731 2677 2788 2731 in
2821 2676 2955 2747 ipsis
2978 2673 3140 2745 joeis,
3170 2673 3217 2727 si
3245 2672 3371 2744 quis

1776 2769 1916 2824 bene
1934 2775 2214 2840 pensaret,
2233 2783 2638 2837 nonnunquam
2660 2764 3083 2821 aediﬁcationem
3106 2776 3371 2833 magnam

1773 2858 2111 2912 inveniebat.
2137 2857 2497 2912 Conversatio
2527 2859 2649 2927 ejus
2680 2854 2931 2909 modeste
2959 2852 3223 2923 religiosa
3247 2866 3370 2905 om-

1773 2946 1939 3001 nibus
1962 2946 2124 3001 bonis
2144 2944 2674 3018 placebat,infirmis
2690 2943 2869 3015 patris
2889 2946 3238 3007 ﬁocuram,
3262 2940 3371 3010 piae

1772 3035 1970 3089 matris
1997 3035 2254 3088 affectum
2279 3032 2592 3088 exhibebat.
2618 3031 2752 3096 Quae
2771 3031 2840 3084 de
2864 3030 2960 3084 illo
2986 3028 3224 3083 dicimus
3243 3043 3371 3081 con-

89 3125 218 3176 ante
249 3120 482 3174 missam
512 3120 732 3175 locutus
759 3135 886 3173 cum
927 3118 1345 3192 archiepiscopo
1373 3121 1589 3191 rogavit
1617 3125 1750 3184 neC
1773 3124 2036 3190 viventes,
2054 3130 2109 3178 et
2123 3124 2287 3177 vicini
2308 3118 3186 3191 attestantur,comprovinciales,
3202 3121 3260 3171 et
3274 3117 3369 3189 qui

88 3226 147 3265 se
167 3214 392 3281 cogeret
409 3209 479 3263 ad
497 3208 920 3281 professionem,
945 3225 1115 3279 quam
1137 3209 1292 3263 nullo
1315 3210 1479 3263 modo
1504 3210 1689 3265 facere

88 3299 269 3366 vellet,
301 3299 433 3370 quia
461 3299 507 3352 si
541 3297 763 3364 faceret,
801 3314 1069 3368 magnum
1107 3297 1434 3351 scandalum
1467 3298 1524 3352 in
1561 3314 1687 3354 mo-

90 3386 333 3443 nasterio
359 3391 676 3458 generaret.
703 3386 788 3440 Ad
817 3386 936 3440 haec
957 3384 1406 3457 archiepiscopus
1429 3405 1441 3440 :
1470 3406 1495 3438 ε
1531 3387 1684 3454 Sine,

91 3477 185 3543 ait,
217 3476 362 3530 bene
391 3478 518 3530 erit.
553 3495 575 3526 ι
605 3476 859 3546 Cumque
885 3480 1108 3547 tempus
1139 3475 1320 3530 missae
1349 3475 1683 3542 advenisset,

91 3565 309 3621 oblatus
329 3570 416 3621 est
445 3566 515 3619 ad
545 3564 1021 3633 benedicendum;
1056 3569 1191 3619 tunc
1214 3564 1684 3635 archiepiscopus,

88 3661 277 3709 astans
299 3655 474 3709 sacris
494 3653 787 3718 altaribus,
809 3651 1196 3723 interrogabat
1215 3654 1373 3707 illum
1391 3655 1555 3723 juxta
1573 3671 1690 3708 mo-

87 3758 226 3810 rem,
267 3747 326 3796 et
362 3742 459 3795 ille
497 3742 567 3795 ad
605 3741 955 3811 interrogata
994 3740 1386 3812 respondebat,
1420 3747 1485 3795 ut
1520 3743 1682 3809 solet,

84 3831 259 3886 donec
281 3831 354 3885 ad
376 3830 517 3884 illud
538 3835 765 3885 ventum
788 3835 874 3883 est
893 3836 957 3885 ut
982 3829 1194 3884 diceret
1217 3848 1229 3882 :
1254 3851 1280 3879 ι
1303 3829 1400 3884 Vis
1420 3830 1684 3887 obediens

83 3937 201 3975 esse
215 3919 609 3975 huicEcclesiae
624 3924 681 3973 et
691 3918 914 3977 mihi.et
925 3919 1195 3989 legitimis
1212 3919 1642 3977 successoribus.
1653 3940 1682 3973 ιο

84 4011 153 4064 At
168 4010 290 4064 ille:
309 4027 335 4061 α
355 4008 516 4063 Volo.
540 4027 565 4060 »
579 4008 734 4062 Tunc
744 4013 1035 4079 coeperunt
1048 4008 1221 4079 aliqui
1235 4008 1304 4062 de
1322 4008 1686 4064 circumstan-

1774 3230 1901 3267 eum
1922 3218 2197 3267 noverunt
2211 3212 2378 3281 longe
2391 3211 2557 3283 positi
2572 3226 2704 3265 vera
2721 3225 2843 3263 esse
2857 3211 3266 3263 contestantur.
3282 3206 3373 3262 In-

1772 3307 1862 3356 ter
1876 3302 1993 3356 haec
2007 3300 2230 3355 assidue
2251 3300 2422 3354 tantis
2443 3299 2668 3371 pedum,
2686 3297 2904 3370 capitis,
2919 3302 2976 3352 et
2992 3298 3266 3350 viscerum
3277 3294 3374 3349 do-

1771 3391 1986 3445 loribus
1995 3389 2365 3460 torquebatur
2375 3394 2441 3443 ut
2453 3388 2537 3442 vix
2550 3405 2610 3443 se
2621 3388 2946 3443 sustineret.
2961 3384 3277 3457 Aliquando
3290 3383 3374 3439 ita

1773 3479 2044 3534 acerrime
2073 3478 2433 3534 cruciabatur
2470 3478 2639 3549 quod,
2691 3476 2837 3531 sicut
2883 3474 3195 3539 videbatur,
3228 3488 3372 3545 pene

1773 3568 2019 3622 animam
2051 3568 2362 3621 exhalaret.
2387 3567 2533 3620 Nam
2563 3582 2687 3620 cum
2713 3566 2782 3619 de
2808 3563 3041 3618 concilio
3064 3561 3374 3618 Clarimon-

1770 3656 1845 3711 tis
1885 3657 2115 3721 rediret,
2148 3656 2294 3710 sicut
2320 3672 2493 3727 supra
2536 3654 2795 3719 diximus,
2833 3653 3020 3723 gravis
3052 3667 3181 3706 eum
3212 3651 3373 3704 infir-

1771 3746 1939 3800 mitas
1968 3745 2259 3816 corripuit,
2303 3762 2426 3816 quae
2456 3745 2534 3799 sic
2563 3758 2691 3798 eum
2721 3742 3033 3797 debilitavit
3059 3745 3125 3794 ut
3162 3740 3223 3795 in
3252 3744 3374 3793 tota

1769 3833 1884 3887 vita
1909 3850 2013 3887 sua
2043 3850 2155 3887 non
2184 3833 2428 3904 perfecte
2451 3838 2646 3903 postea
2673 3830 3038 3894 convaluerit,
3063 3834 3139 3895 et,
3161 3836 3227 3883 ut
3249 3844 3373 3882 ma-

1767 3922 1855 3992 gis
1883 3923 2007 3992 ejus
2032 3921 2306 3992 patientia
2332 3920 2667 3992 probaretur
2685 3924 2741 3974 et
2763 3921 2951 3990 justus
2963 3917 3172 3990 justior
3188 3918 3367 3981 fieret,

1768 4010 1952 4065 adhuc
1984 4012 2207 4082 plagam
2240 4010 2506 4065 caecitatis
2543 4008 2735 4063 intulit
2780 4008 2832 4062 ei
2873 4007 3163 4062 Dominus.
3194 4007 3271 4061 At
3297 4005 3371 4060 ile

84 4098 230 4153 tibus
261 4097 481 4151 clericis
518 4113 723 4167 urgere
760 4102 825 4150 ut
869 4096 1081 4150 diceret
1111 4114 1124 4150 :
1165 4116 1189 4147 c
1224 4097 1516 4156 Proﬁteor.
1556 4117 1579 4149 ι
1612 4101 1687 4153 At
1765 4100 2067 4170 gaudebat,
2100 4099 2315 4169 gratias
2356 4099 2471 4154 Deo
2502 4096 2721 4167 agebat,
2749 4112 2973 4168 semper
2999 4096 3185 4164 laetus,
3219 4110 3369 4150 sem-

84 4187 173 4240 ille
201 4186 412 4241 iterum
446 4184 588 4238 dixit
612 4207 624 4238 :
654 4205 678 4233 ιι
706 4184 862 4239 Volo.
887 4203 915 4235 ι)
949 4186 1131 4256 Atque
1160 4201 1286 4239 cum
1317 4186 1595 4241 instarent
1623 4191 1688 4241 ut
1768 4206 1869 4259 per
1884 4194 2211 4242 mansuetus
2228 4193 2367 4249 erat,
2384 4186 2596 4240 sciebat
2610 4186 2743 4257 quia
2760 4188 2941 4240 virtus
2956 4187 3021 4239 in
3037 4188 3371 4253 inﬁrmitate

90 4294 112 4325 ι
139 4276 413 4347 proﬁteor
435 4293 458 4324 ι
493 4273 874 4344 responderet,
908 4273 1049 4327 dixit
1078 4275 1246 4328 tertio
1270 4293 1281 4328 :
1311 4292 1336 4325 «
1366 4275 1505 4329 Volo
1535 4282 1591 4329 et
1620 4293 1685 4330 ex
1762 4280 2054 4347 perﬁcitur
2071 4277 2159 4346 {Il
2177 4278 2298 4331 Cor.
2330 4289 2429 4340 x11,
2452 4274 2535 4341 9):
2564 4279 2623 4329 et
2651 4280 2861 4346 quanto
2891 4274 3136 4329 exterius
3155 4273 3371 4345 afﬂige-

86 4364 248 4418 corde
262 4363 411 4416 volo.
435 4382 458 4412 ι
476 4362 634 4416 Tunc
646 4363 891 4417 Joannes
911 4367 1118 4416 sanctae
1138 4362 1406 4417 Romanae
1423 4362 1685 4419 Ecclesiae
1767 4366 1953 4431 batur,
2008 4370 2168 4419 tanto
2222 4363 2457 4418 interius
2511 4363 2698 4434 gratia
2756 4364 2807 4418 ei
2863 4363 3362 4434 augmentabatur.

86 4452 321 4522 legatus,
347 4450 443 4521 qui
470 4450 549 4504 ibi
571 4451 712 4504 forte
732 4450 957 4505 aderat:
982 4470 1009 4502 α
1030 4452 1154 4505 Νοη
1179 4452 1408 4518 auditis,
1430 4452 1531 4513 ait,
1553 4453 1682 4524 quid
1713 4440 1978 4508 DVerum
1998 4460 2190 4525 postea
2203 4453 2303 4508 Dei
2323 4454 2682 4508 miseratione
2703 4454 2944 4525 quodam
2963 4453 3370 4509 medicamento

87 4542 254 4596 dicit?
287 4541 424 4612 quid
449 4541 692 4611 amplius
722 4540 932 4593 vultis?
960 4559 980 4591 ι
1008 4540 1209 4611 Sicque
1234 4541 1686 4613 archiepiscopus
1771 4543 1982 4613 recepit
2032 4543 2228 4596 visum.
2260 4542 2510 4597 Tandem
2560 4542 2806 4615 paralysi
2851 4543 3176 4608 dissolutus,
3226 4543 3370 4597 lecto

86 4629 374 4685 benedixit
382 4645 532 4686 eum.
547 4630 740 4683 Altera
756 4628 848 4683 die
858 4627 1031 4683 abbas
1045 4645 1300 4683 reversus
1314 4635 1400 4684 est
1419 4631 1652 4685 Beccum
1668 4649 1683 4698 ;

88 4727 393 4774 conventus
412 4733 560 4784 vero,
576 4717 750 4771 sacris
763 4716 1010 4772 vestibus
1026 4717 1274 4783 indutus,
1288 4718 1548 4773 ordinata
1561 4736 1686 4791 pro-

89 4808 356 4873 sessione,
379 4806 550 4861 exivit
572 4805 790 4861 obviam
809 4806 1076 4860 venienti.
1098 4809 1174 4860 At
1200 4806 1294 4861 ille
1315 4808 1559 4862 occurrit
1577 4809 1685 4862 hu-

95 4897 302 4950 militer
324 4894 689 4967 processioni,
723 4894 889 4948 nudis
908 4894 1161 4965 pedibus,
1186 4895 1315 4949 licet
1342 4895 1598 4962 infirmis,
1631 4901 1688 4951 et

91 4990 381 5056 susceptus
399 4988 487 5037 est
506 4999 634 5037 cum
664 4998 868 5053 magno
886 4982 1114 5053 gaudio,
1138 4983 1283 5037 sicut
1300 4989 1425 5038 erat
1447 5000 1685 5038 consue-

91 5075 220 5127 tudo
249 5072 430 5144 ipsius
448 5071 728 5126 Ecclesise.
755 5072 1060 5127 Ordinatus
1082 5071 1273 5143 itaque
1294 5073 1686 5143 perseverabat

93 5160 543 5217 constantissime
559 5161 706 5232 quod
726 5160 927 5215 fuerat.
951 5160 1244 5232 Superbia,
1268 5168 1325 5216 et
1340 5163 1681 5233 arrogantia,

93 5252 303 5306 nullum
352 5249 413 5304 in
463 5266 530 5304 eo
574 5251 757 5304 locum
810 5248 1087 5317 habebat;
1132 5250 1362 5305 humilis
1405 5251 1465 5306 in
1494 5252 1681 5317 corde,

88 5339 364 5408 jucundus
393 5339 454 5392 in
483 5354 760 5403 sermone,
790 5338 984 5393 hilaris
1013 5339 1068 5393 in
1106 5340 1260 5393 vultu
1289 5356 1515 5411 semper
1540 5347 1683 5407 erat,

95 5429 377 5483 modestus
413 5427 472 5481 in
518 5416 734 5491 habitu,
780 5443 982 5498 parcus
1027 5427 1084 5481 in
1131 5427 1299 5494 victu,
1335 5428 1581 5500 prudens
1628 5428 1685 5484 in

96 5523 235 5582 actu,
256 5518 313 5571 in
332 5515 707 5586 suscipiendis
726 5515 1042 5586 hospitibus
1062 5516 1278 5583 hilaris,
1300 5516 1357 5571 in
1375 5516 1688 5572 exhibendo

99 5605 423 5679 obsequium
465 5604 728 5661 liberalis.
760 5604 898 5669 Quis
928 5605 1090 5659 illum
1117 5604 1406 5660 desolatus
1430 5606 1589 5674 adiit,
1630 5613 1690 5662 et

1767 4630 2163 4703 prosternitur,
2196 4636 2469 4701 tantaque
2499 4631 2957 4687 incommoditate
2988 4631 3368 4687 membrorum

1770 4719 2173 4774 molestabatur
2202 4735 2302 4790 per
2331 4719 2560 4791 longum
2590 4726 2813 4791 tempus
2842 4726 2907 4775 ut
2934 4737 3036 4775 nec
3064 4721 3133 4775 de
3167 4721 3368 4777 lectulo

1769 4825 2018 4878 surgere,
2067 4825 2170 4862 nec
2221 4814 2387 4873 stare,
2439 4809 2525 4863 vel
2570 4808 2848 4875 incedere,
2899 4810 2996 4863 sed
3044 4826 3147 4864 nec
3179 4811 3369 4879 jacere

1771 4898 2000 4951 valeret.
2038 4897 2281 4953 Sedebat
2312 4903 2501 4952 autem
2532 4897 2587 4951 in
2616 4898 2778 4962 lecto,
2810 4902 2865 4952 et
2894 4898 3091 4952 dextra
3122 4899 3368 4969 laevaque

1764 4987 1981 5058 paratis
2006 4987 2076 5041 ad
2118 4988 2223 5041 hoc
2250 4988 2493 5058 pulvillis
2535 4994 2706 5059 caput
2743 4986 3072 5051 reclinabat,
3106 4994 3162 5041 et
3193 4987 3366 5042 talem

1767 5076 1938 5130 vitam
1992 5092 2272 5130 carcerem
2330 5076 2599 5144 vocabat;
2642 5082 2702 5131 et
2748 5093 2875 5131 vere
2915 5076 2996 5131 ita
3040 5082 3183 5142 erat,
3232 5092 3364 5131 nam

1768 5165 1914 5219 sicut
1938 5165 1996 5218 in
2017 5182 2238 5219 carcere
2259 5166 2466 5236 ligatus
2488 5166 2747 5237 progredi
2779 5166 2997 5237 uspiam
3024 5181 3135 5220 non
3157 5170 3362 5236 potest,

1768 5253 1849 5307 ita
1871 5254 2037 5308 homo
2062 5255 2163 5308 Dei
2193 5255 2430 5309 vinculis
2457 5255 2626 5324 hujus
2652 5254 3000 5325 aegritudinis
3016 5254 3365 5325 compeditus

1768 5343 1839 5395 de
1891 5344 2033 5396 lecto
2087 5343 2236 5397 exire
2288 5359 2400 5397 non
2453 5349 2675 5414 poterat
2735 5345 2844 5397 Cor
2896 5349 3085 5397 tamen
3141 5358 3367 5414 semper

1767 5430 1980 5485 habens
2002 5432 2071 5485 ad
2104 5431 2303 5497 Deum,
2336 5448 2563 5487 sensum
2606 5432 2889 5502 integrum
2923 5448 3050 5486 cum
3082 5447 3364 5501 sermone,

1770 5519 2104 5590 sapientiam
2136 5525 2194 5573 et
2236 5520 2582 5574 intellectum
2630 5520 2927 5586 retinebat,
2962 5521 3293 5593 patientiam
3331 5537 3367 5575 a

1768 5608 1886 5662 Deo
1906 5608 2013 5662 sibi
2033 5607 2293 5679 poscebat
2310 5609 2645 5675 conservari,
2676 5626 2745 5664 ne
2773 5619 3153 5665 murmuraret
3171 5616 3368 5667 contra
