3920 6354
555 266 657 347 731

1505 282 1605 339 AD
1642 285 1883 345 OPBRA
1920 290 1983 346 Β.
2024 290 2441 348 LANFRANCI
2478 289 2870 347 APPENDIX.

3716 291 3826 351 782

553 393 795 501 ﬂagella;
812 397 936 501 Dei:
964 398 1516 501 ‘Quamﬂpatientiam
1553 410 1637 479 ita
1663 428 1840 485 usque
1867 417 1937 470 ad
1972 400 2145 483 ﬁnem
2163 415 2525 484 Aomittebat
2553 415 2854 501 quominus
2890 415 2963 469 ad
2996 414 3268 488 capellam
3306 415 3568 487 manibus
3595 417 3829 487 dueere-

552 484 808 574 possedit
823 490 886 540 ut
908 486 1061 563 inter
1080 495 1268 565 tantas
1287 499 1342 547 et
1366 500 1482 549 tam
1514 513 1745 569 magnas
1758 484 2043 574 corporeae
2068 505 2152 573 in-

555 571 842 650 ﬁrmitatis
861 576 1150 657 angustias
1172 585 1227 634 et
1247 582 1646 641 sollicitudines
1669 571 1924 661 Ecclesiae
1946 571 2144 661 varias,

555 674 680 737 quae
708 662 779 739 ad
809 679 935 735 eum
959 666 1183 741 consilii
1212 685 1381 744 causa
1412 673 1817 744 referebantur,
1860 697 2147 753 nunquam

553 749 919 829 perturbatus
950 753 1042 831 sit,
1078 756 1176 809 sed
1199 766 1731 835 mentetranquilla
1757 749 2151 839 convenienter

554 838 955 931 respondebat,
980 849 1050 915 et
1078 846 1369 917 sapienter
1394 840 1581 923 omnia
1611 854 1959 927 disponebat.
1992 838 2150 931 Saepe

711 943 747 1003 a
769 928 1043 1003 ministris
1072 933 1373 991 Ecclesiam
1400 938 1592 1010 inopia
1606 945 1833 1013 gravari
1861 928 2143 1017 audiebat,

556 1013 810 1094 dicebat:
841 1038 864 1070 ι
890 1019 1056 1095 Deus,
1078 1023 1282 1092 adjuva
1303 1041 1406 1080 nos
1416 1046 1438 1099 ,-
1472 1028 1640 1101 Deus,
1664 1035 1890 1088 consule
1911 1035 2087 1090 nobis.

555 1102 625 1157 Et
645 1120 839 1181 revera
857 1108 1132 1186 auxilium
1171 1118 1230 1166 et
1256 1115 1547 1171 Consilium
1576 1118 1676 1173 Dei
1697 1121 1801 1176 sibi
1821 1139 1932 1177 non
1954 1125 2147 1180 deesse

554 1191 612 1284 in
644 1194 836 1284 multis
860 1196 1134 1267 probavit.
1160 1187 1322 1255 Multi
1343 1204 1492 1258 enim
1516 1208 1694 1262 multa
1719 1210 1870 1265 illius
1896 1196 2149 1284 tempore

551 1279 660 1351 ipsi
685 1282 809 1374 loco
833 1286 1213 1363 contulerunt,
1232 1306 1278 1365 γε
1302 1292 1503 1363 quibus
1536 1296 1627 1365 Ui,
1656 1298 1876 1371 quibus|
1902 1279 2149 1374 persaepe

551 1365 800 1455 revelata
827 1379 911 1427 est
940 1376 1176 1444 penuria
1219 1378 1478 1457 fratrum.
1527 1384 1589 1438 In
1629 1365 2151 1456 grossiori-sinistri

554 1458 930 1549 pedisjdigito
972 1463 1422 1539 dolorpsurgens,
1467 1489 1569 1545 per
1594 1472 1776 1529 totum
1805 1494 2006 1549 corpus
2035 1479 2143 1533 dif-

553 1545 913 1625 fundebatur,
962 1558 1031 1631 et.
1058 1558 1173 1608 tam
1198 1556 1411 1633 ’acerbo
1440 1560 1597 1635 illum
1630 1566 1880 1637 cruciatu
1902 1545 2149 1637 vexabat

553 1640 620 1715 ut
645 1652 817 1725 prope
846 1638 1093 1717 animam
1126 1651 1500 1725 extorqueret.
1524 1634 1606 1719 De
1634 1652 1753 1731 ipso
1785 1634 1942 1725 pedis
1970 1634 2146 1726 digito

2231 511 2327 569 tur
2352 506 2675 573 admissam,
2718 504 2888 573 etiam
2937 499 3059 575 ipsa
3100 503 3192 558 die
3234 520 3351 575 qua
3378 506 3637 577 sequenti
3666 512 3830 573 nocte

2232 594 2388 649 obiit.
2428 576 2552 651 Jain
2601 582 3012 659 destituebatur
3040 592 3305 663 corporis
3352 576 3583 661 viribus,
3624 600 3683 649 et
3727 612 3829 650 vox

2231 683 2394 737 solito
2417 682 2734 753 languidior
2761 686 2885 735 erat
2902 688 2974 750 ut
2995 681 3081 734 vix
3111 681 3537 753 intelligeretur,
3563 688 3620 736 et
3647 683 3831 737 adhuc

2230 766 2513 841 integrum
2548 768 2827 825 retinebat
2853 786 3101 824 sensum.
3133 770 3382 840 Rogatus
3408 788 3441 824 a
3470 771 3739 843 fratribus
3768 780 3831 826 ut

2231 875 2332 930 pro
2370 860 2459 927 eis
2494 864 2740 930 rogaret,
2791 858 2931 929 dixit
2967 875 3027 911 se
3054 857 3262 929 habere
3313 860 3370 913 in
3428 860 3738 932 voluntate,
3781 861 3828 914 si

2231 949 2379 1004 Deus
2402 948 2732 1002 concederet
2757 947 2881 1015 sibi.
2896 947 3234 1001 Imminente
3249 948 3366 1017 jam
3389 955 3553 1019 nocte
3577 950 3828 1019 perlatus

2228 1043 2316 1103 est
2329 1036 2387 1090 in
2400 1028 2751 1091 communem
2764 1035 3003 1089 fratrum
3022 1035 3373 1089 infirmorum
3393 1035 3823 1107 habitationem,

2227 1131 2293 1180 ut
2320 1126 2470 1179 inter
2495 1125 2620 1179 illos
2649 1130 2992 1193 moreretur;
3027 1124 3175 1195 quod
3203 1124 3413 1179 factum
3450 1125 3557 1179 sibi
3593 1126 3824 1198 placuit.

2230 1214 2393 1269 Circa
2426 1215 2668 1281 mediam
2697 1220 2937 1279 noctem,
2960 1213 3094 1283 dum
3124 1214 3414 1281 matutinas
3438 1219 3826 1288 cantarentur,

2230 1304 2418 1358 sonitu
2458 1303 2662 1357 tabulae
2701 1302 2903 1355 fratres
2947 1301 3111 1355 acciti
3151 1308 3550 1367 convenerunt,
3582 1309 3659 1368 et,
3682 1319 3829 1373 can-

2229 1391 2480 1455 tantibus
2504 1392 2615 1446 illis
2648 1397 2859 1462 septem
2888 1391 3134 1461 psalmos
3164 1407 3290 1445 cum
3314 1391 3535 1459 litania.
3564 1391 3829 1462 spiritum

2229 1479 2522 1534 exhalavit.
2550 1481 2766 1550 Corpus
2797 1471 3072 1543 ablutum,
3101 1484 3159 1533 et
3185 1478 3449 1547 vestibus,
3478 1486 3540 1535 ut
3566 1496 3687 1553 mos
3718 1486 3825 1547 est,

2228 1568 2623 1622 convenienter
2649 1568 2930 1632 indutum,
2956 1568 3014 1637 in
3045 1568 3336 1621 ecclesiam
3363 1574 3452 1622 est
3477 1568 3750 1633 delatum,
3772 1575 3834 1642 pet

2228 1655 2305 1709 ibi
2332 1663 2449 1710 tota
2471 1656 2560 1710 die
2584 1673 2710 1711 cum
2742 1657 2999 1727 sequenti
3026 1662 3189 1725 nocte
3220 1673 3254 1709 a
3289 1656 3556 1711 fratribus
3576 1656 3832 1731 {custodi-

553 1722 770 1819 vermes
810 1733 1090 1819 scatentes
1133 1722 1554 1813 extractisunt.
1590 1722 1697 1809 Sed
1735 1722 1847 1796 non
1885 1745 1965 1798 sic
1989 1722 2383 1811 dolorBtum,
2429 1751 2598 1814 atque
2641 1745 2700 1798 in
2746 1722 3053 1813 crastinum
3112 1722 3170 1815 in
3218 1744 3462 1817 capitulo
3515 1727 3586 1798 ad
3633 1728 3832 1819 laivtam

556 1811 783 1905 quievit.
805 1814 1034 1905 Dicebat
1050 1826 1239 1897 autem
1260 1824 1330 1900 ad
1345 1841 1404 1878 se
1420 1824 1792 1894 venientibus,
1808 1839 1867 1903 et
1886 1833 1955 1886 de
1976 1833 2152 1905 ipsius

554 1899 902 1979 infirmitatis
912 1907 1215 1988 acerbitate
1225 1927 1349 1987 cum
1367 1929 1433 1967 eo
1446 1899 1953 1973 sermocinantibus
1971 1899 2019 1973 εᾶ
2040 1901 2152 1974 hla-

553 2003 669 2069 gna
683 1996 965 2081 estquam
976 1997 1159 2073 patior
1175 2000 1466 2076 aegritudo,
1487 2009 1546 2058 et
1562 1988 1708 2059 ultra
1727 2024 1895 2079 quam
1919 2008 2027 2081 dici
2050 2025 2149 2080 po-

553 2082 667 2143 test
681 2080 936 2161 molesta,
952 2080 1008 2137 et
1024 2085 1070 2163 si
1083 2086 1233 2142 Deus
1244 2090 1571 2156 vellet,satis
1587 2094 1725 2148 mihi
1736 2080 1966 2153 esset.et
1979 2098 2149 2165 vitam

553 2180 680 2248 cum
703 2169 1034 2238 aegritudine
1053 2175 1212 2230 ﬁnire
1240 2166 1580 2249 gauderem;
1608 2184 1705 2237 sed
1728 2165 1838 2238 non
1867 2185 1946 2239 illi
1967 2186 2151 2241 adhuc

554 2254 756 2345 placet.
779 2258 977 2314 Adhuc
1003 2262 1153 2316 videt
1181 2264 1360 2327 inme
1389 2268 1600 2345 aliquid
1631 2256 2054 2341 flagellandum,
2094 2280 2152 2328 et

554 2343 775 2421 ﬂagello
787 2349 1217 2415 emendandum,
1244 2356 1343 2408 fiat
1358 2357 1610 2433 voluntas
1623 2360 1764 2429 ejus.
1781 2362 1970 2427 Orate,
1999 2379 2151 2433 quae-

555 2449 638 2521 so,
680 2440 744 2487 ut
782 2436 920 2489 mihi
951 2447 1240 2519 conservet
1282 2445 1633 2521 patientiam,
1686 2464 1757 2501 ne
1796 2449 1929 2521 quid
1959 2436 2153 2504 contra

553 2518 976 2603 dispositionem
1009 2529 1132 2597 ejus
1169 2518 1429 2601 cogitem,
1463 2535 1545 2587 vel
1577 2535 1783 2592 dicam.
1812 2518 1838 2587 λ
1880 2538 2003 2592 Una
2033 2540 2153 2593 die-

555 2626 683 2693 rum
704 2612 877 2666 frater
892 2615 1118 2684 quidam
1138 2620 1287 2673 venit
1308 2621 1379 2674 ad
1400 2639 1549 2684 eum,
1565 2632 1628 2677 ut
1644 2625 1856 2679 videret
1870 2629 2148 2697 quomodo

553 2697 943 2785 Iesset..Cui
966 2705 1171 2760 abbas:
1199 2726 1225 2787 ᾳ
1250 2709 1314 2763 In
1342 2716 1523 2777 tanta,
1554 2712 1757 2783 inquit,
1784 2698 2150 2771 tribulatione

555 2804 700 2859 sum,
725 2796 790 2871 ut
813 2792 971 2875 nullo.
998 2796 1162 2849 modo
1200 2798 1348 2867 quod
1366 2788 1554 2877 patior
1572 2786 1835 2857 enarrare
1856 2805 2092 2877 possim.
2120 2824 2146 2859 »

552 2876 625 2932 Et
652 2878 806 2961 siluit
836 2898 1056 2951 parum,
1098 2884 1290 2956 sicque
1322 2874 1546 2967 demum
1568 2874 1881 2959 ‘subintulitﬁ
1911 2912 1923 2947 :
1972 2911 1998 2945 α
2042 2895 2151 2950 Sed

2232 1838 2411 1890 sancti
2439 1833 2623 1887 Patris
2653 1833 2909 1901 Herluini
2928 1898 2932 1902 Α
2951 1848 3079 1903 cum
3112 1831 3323 1886 honore
3361 1839 3418 1886 et
3453 1849 3658 1905 magno
3686 1834 3835 1888 ﬁlio-

2230 1938 2359 1975 rum
2415 1921 2607 1976 dolore
2664 1922 2978 1975 humatum.
3039 1921 3411 1976 Honorandus
3442 1922 3833 1989 ,Pratellensis

2231 2008 2404 2063 abbas
2434 2008 2746 2087 Richardus
2778 2009 3037 2064 ultimum
3075 2009 3376 2079 sepulturae
3416 1992 3678 2064 decenter
3720 2009 3833 2087 im-

2231 2098 2404 2168 plevit
2447 2084 2805 2168 obsequium.
2861 2097 3138 2163 Nativitas
3189 2104 3313 2153 erat
3365 2099 3544 2167 sancti
3596 2084 3833 2175 Joannis

2232 2186 2497 2259 Baptistae
2524 2187 2616 2257 die
2636 2202 2748 2256 qua
2774 2184 2932 2261 obiit,
2954 2191 3011 2240 et
3040 2186 3260 2257 magnis
3279 2186 3501 2258 gaudiis
3521 2187 3831 2243 laetandum

2233 2280 2292 2330 et
2317 2275 2709 2330 exsultandum
2741 2270 2858 2353 erat
2900 2275 2958 2329 in
2984 2274 3339 2349 solemnitate
3371 2276 3537 2343 illius,
3569 2276 3629 2330 in
3666 2277 3832 2349 cujus

2234 2368 2429 2418 exortu
2477 2363 2639 2417 multi
2684 2363 2930 2434 gavisuri
2979 2363 3228 2434 praedicti
3272 2371 3407 2418 sunt
3447 2366 3590 2435 (Luc.
3632 2379 3674 2436 I,
3714 2366 3829 2432 14),

2235 2453 2332 2507 sed
2378 2468 2493 2507 non
2522 2453 2711 2506 dolere
2755 2452 2958 2506 fratres
2985 2453 3055 2506 de
3088 2452 3393 2507 amissione
3425 2454 3547 2523 ejus
3577 2470 3690 2508 non
3726 2469 3831 2525 po-

2234 2547 2424 2595 terant
2463 2526 2533 2593 de
2575 2557 2686 2611 quo
2731 2540 3094 2612 irreparabile
3136 2541 3425 2595 dammam
3462 2548 3823 2612 acceperant.

2229 2629 2385 2682 Tunc
2414 2628 2709 2703 impletum
2736 2634 2823 2682 est
2861 2628 3011 2700 quod
3040 2628 3179 2681 dixit
3206 2629 3481 2700 propheta
3506 2647 3519 2683 :
3556 2631 3675 2684 [lies
3699 2631 3834 2698 festi

2231 2717 2408 2771 nostri
2431 2733 2508 2770 υει
2527 2722 2717 2772 tentur
2738 2720 2801 2771 in
2825 2721 3276 2793 lamentationem
3296 2724 3347 2770 et
3369 2710 3581 2789 luctum
3604 2719 3726 2792 {Tob
3762 2730 3833 2793 _n,

2234 2804 2304 2865 6).
2330 2806 2463 2876 Ejus
2492 2807 2611 2859 dies
2633 2806 2816 2860 aetatis
2845 2806 2925 2859 sic
2949 2790 3349 2878 computantur
3372 2825 3384 2860 :
3424 2790 3836 2886 Vigintitriuni

2235 2908 2510 2953 annorum
2541 2903 2665 2949 erat
2693 2894 2916 2965 quando
2947 2890 3126 2948 factus
3154 2900 3241 2949 est
3275 2895 3604 2964 monachus,
3632 2890 3837 2967 viginti

553 2968 739 3037 gratia
760 2968 865 3023 Dei
894 2971 1083 3051 anima
1106 2991 1229 3028 mea
1250 2976 1307 3057 in
1327 2993 1531 3048 magna
1557 2978 1969 3052 tranquillitate
1990 2992 2094 3057 est.
2114 3003 2143 3035 ι
2235 2999 2328 3056 sex
2355 2983 2518 3036 annis
2546 2982 2652 3037 fuit
2687 2982 2807 3037 sine
2838 2983 3181 3054 praelatione,
3217 3000 3413 3037 novem
3451 2984 3613 3047 annis
3655 2986 3833 3060 prior,

556 3055 811 3140 Cumque
838 3060 960 3128 jam
998 3069 1238 3137 mortem
1284 3055 1579 3122 imminere
1624 3076 1898 3132 cerneret,
1932 3055 2211 3142 rogavitC
2232 3071 2525 3125 duodecim
2554 3071 2717 3125 annis
2737 3077 2794 3125 et
2817 3071 3013 3143 viginti
3035 3072 3251 3126 duobus
3272 3072 3470 3127 diebus
3496 3056 3837 3147 Beccensem

554 3160 617 3213 se
644 3145 860 3229 visitari
890 3165 923 3201 a
962 3148 1229 3206 fratribus
1270 3159 1328 3229 et
1369 3155 1557 3211 debita
1599 3158 1968 3213 morientibus
2005 3161 2153 3215 circa

557 3249 618 3301 se
671 3228 1225 3320 eo;mpleri._Adsunt
1272 3228 1474 3320 fratres
1526 3252 1583 3299 et
1636 3246 1926 3301 absolutus
1983 3256 2152 3320 atque

553 3321 1009 3411 inunctusefst.let
1027 3318 1226 3411 caetera
1246 3318 1389 3397 circa
1412 3332 1567 3388 illum
1586 3320 1749 3411 justa
1765 3318 2149 3411 Christianum

557 3427 771 3489 morem
798 3404 1096 3493 diligenter
1123 3404 1350 3490 peracta
1376 3431 1527 3477 sunt.
1557 3404 1768 3480 Deinde
1798 3425 2013 3495 rogavit
2034 3404 2148 3481 fra-

556 3504 675 3581 tres
712 3507 777 3579 ut
808 3520 906 3573 pro
943 3521 1003 3558 se
1040 3516 1287 3575 orarent,
1328 3517 1386 3565 et
1417 3510 1770 3567 dimitterent
1798 3513 1932 3587 siin
1962 3516 2151 3586 aliquo

557 3605 654 3657 eos
700 3591 1059 3648 offendisset:
1099 3615 1124 3647 (
1171 3598 1353 3677 Licet,
1401 3607 1519 3663 aut,
1556 3617 1666 3655 non
1697 3603 1927 3677 memini
1968 3621 2057 3658 me
2093 3605 2152 3677 in

559 3695 917 3763 quemquam,
951 3690 1201 3765 vestrum
1252 3674 1573 3759 deliquisse,
1608 3674 1915 3765 monachus
1972 3674 2154 3765 vestem

556 3767 657 3857 fui.
700 3770 856 3849 prior
902 3762 1191 3853 vester‘et
1234 3775 1408 3853 abbas
1447 3762 1674 3856 exstiti,
1723 3762 1863 3851 nulli
1904 3762 2155 3857 unquam

554 3856 821 3941 injuriam
843 3861 966 3925 feci,
992 3873 1049 3917 et
1064 3869 1129 3916 ut
1149 3864 1329 3944 verbis
1353 3868 1603 3936 Apostoli
1624 3875 1753 3923 utar
1771 3869 1824 3943 (Ι
1839 3873 1962 3925 Uor.
1980 3884 2056 3934 Iv,
2077 3856 2151 3944 4),

556 3952 855 4027 postquam
905 3947 977 4004 ad
1022 3948 1170 4030 hunc
1211 3942 1466 4029 ordinem
1512 3957 1657 4024 veni,
1691 3974 1801 4012 non
1845 3974 1969 4027 sum
2015 3942 2154 4011 mihi

558 4039 815 4105 conscius
854 4057 944 4119 me
980 4041 1164 4119 alicui
1206 4045 1401 4121 fecisse
1450 4048 1599 4118 quod
1648 4065 1759 4102 non
1814 4040 1952 4122 bene
2004 4050 2151 4119 exis-

555 4126 846 4181 timassem
880 4129 1081 4185 facere.
1102 4150 1125 4183 ι
1150 4132 1212 4208 In
1238 4140 1352 4207 tam
1387 4136 1546 4205 gravi
1575 4124 1823 4208 corporis
1851 4137 2152 4211 afﬂictione

556 4217 691 4297 fecit
725 4214 866 4296 duos
897 4236 1072 4274 annos
1093 4226 1151 4275 et
1175 4222 1490 4280 dimidium.
1528 4225 1755 4279 Missam
1780 4226 2030 4295 quotidie
2054 4242 2152 4279 au-

558 4300 772 4372 diebat,
805 4321 908 4362 nec
950 4318 1181 4382 propter
1209 4310 1593 4369 membrorum
1635 4313 2151 4369 incommoditatem

2235 3160 2540 3229 honoriﬁce
2572 3148 2853 3214 abbatiam
2888 3160 3047 3214 rexit.
3071 3162 3242 3222 Cuius
3263 3162 3554 3232 regiminis
3578 3168 3840 3239 tempore

2235 3250 2472 3323 multam
2501 3265 2729 3319 gravem
2763 3249 3109 3321 paupertatis
3134 3249 3379 3322 inOpiam
3410 3251 3655 3325 Ecclesia
3674 3251 3842 3327 Becci

2235 3337 2524 3391 sustinuit.
2576 3336 2726 3392 Obiit
2768 3344 2955 3391 autem
3002 3339 3421 3413 septuagesimo,
3447 3338 3626 3413 primo
3653 3326 3841 3394 aetatis

2232 3444 2349 3493 suae
2376 3442 2545 3491 anno,
2572 3433 2770 3480 octavo
2790 3427 3077 3480 Kalendas
3101 3427 3256 3493 Julii,
3278 3444 3427 3482 anno
3452 3428 3677 3482 Domini
3706 3430 3839 3497 mil-

2233 3516 2453 3589 lesimo,
2479 3516 2786 3569 centesimo
2817 3516 3108 3586 trigesimo
3149 3504 3326 3570 sexto.
3359 3516 3431 3570 Hi
3459 3524 3572 3593 tres
3608 3517 3837 3593 fratres,

2235 3604 2304 3659 de
2342 3602 2547 3675 quibus
2597 3620 2776 3675 pauca
2820 3603 3080 3668 diximus,
3130 3606 3397 3679 ordinem.
3428 3591 3741 3681 nativitatis
3766 3607 3839 3684 in

2233 3699 2416 3767 morte
2453 3709 2674 3764 quoque
2711 3698 2852 3747 nutu
2882 3684 3001 3761 .Dei
3048 3678 3429 3767 servaverunt.
3477 3678 3841 3767 Naquisle-

2233 3764 2426 3857 bertus
2462 3783 2557 3853 qui
2595 3782 2774 3851 major
2813 3778 2919 3836 fuit
2954 3764 3112 3857 natu,
3146 3764 3299 3859 prior
3345 3782 3515 3859 obiit;
3575 3764 3840 3859 dominus

2234 3869 2407 3947 abbas
2452 3870 2613 3945 Boso,
2647 3876 2705 3924 et
2730 3875 2861 3944 ortu
2891 3875 2948 3923 et
2975 3869 3131 3943 obitu
3172 3876 3397 3945 secutus
3438 3877 3560 3945 est;
3604 3870 3840 3947 Bainal-

2235 3941 2341 4033 dus
2391 3942 2724 4036 estre‘mu‘m,
2768 3941 2826 4012 et
2871 3941 3135 4035 nascendi
3165 3965 3225 4031 et
3268 3942 3541 4036 moriendi
3583 3944 3839 4037 ordinem

2234 4055 2298 4117 ὅ
2313 4055 2352 4111 ι
2379 4048 2582 4121 tenuit.
2612 4047 2825 4121 Quibus
2847 4046 3097 4119 requiem
3121 4054 3351 4123 aeternae
3372 4048 3759 4127 beatitudinis,
3783 4055 3844 4102 et

2235 4136 2403 4190 vitam
2434 4136 2553 4211 sine
2574 4137 2684 4207 ﬁne
2712 4151 3036 4205 mansuram
3066 4122 3318 4205 conferat
3346 4122 3623 4212 benignus
3655 4122 3841 4211 Salva-

2232 4230 2325 4301 tor
2348 4232 2544 4300 noster
2586 4224 2856 4299 Dominus
2888 4225 3051 4299 Iesus
3091 4224 3369 4301 Christus,
3401 4226 3498 4299 qui
3534 4226 3686 4301 Deus
3713 4240 3837 4279 cum

2234 4314 2404 4368 Patre
2437 4321 2498 4368 et
2520 4313 2736 4386 Spiritu
2763 4318 2928 4368 santo
2955 4313 3090 4368 vivit
3114 4313 3175 4368 in
3202 4320 3496 4381 aeternum.
3528 4315 3733 4370 Amen.

1404 4439 1647 4508 Ewplioit
1687 4434 1803 4493 Vita
1831 4432 2160 4493 venerabilis
2188 4432 2409 4493 Bosonis
2436 4428 2648 4492 abbatis
2679 4441 2966 4493 Beccensis.

2018 4559 2372 4653 seminatust.

555 4683 800 4738 Moribus
822 4691 1054 4740 ornatus
1078 4691 1270 4755 pastor
1289 4687 1404 4753 fuit
1425 4687 1515 4741 hic
1542 4690 1887 4743 tumulatus:

588 4818 591 4827 ι
625 4775 856 4842 Ingenio
884 4778 1092 4840 clarus,
1117 4777 1333 4830 sobrius
1361 4781 1524 4843 atque
1542 4778 1694 4844 pius.

552 4862 779 4935 Eastitit
808 4868 858 4917 et
886 4866 1059 4930 mitis,
1082 4866 1342 4932 prudens,
1367 4866 1441 4918 ad
1465 4867 1653 4919 tristia
1670 4865 1833 4932 fortis
1853 4883 1870 4930 ;

626 4955 792 5018 Nam,
823 4954 991 5007 donec
1016 4956 1175 5019 vixit,
1207 4957 1390 5021 multa
1416 4956 1637 5023 ﬂagella
1666 4956 1817 5027 tulit.

554 5041 794 5098 Consilio
816 5042 1044 5109 pollens,
1074 5044 1270 5096 multis
1294 5043 1409 5109 fuit
1438 5046 1548 5111 ipse
1582 5046 1862 5109 levamen;

574 5182 581 5189 .
625 5131 884 5205 Solamen
911 5132 1149 5203 miseris,
1179 5132 1593 5200 subsidiumque
1612 5134 1743 5203 piis.

549 5220 725 5276 Abbas
754 5221 997 5283 bissenis,
1026 5219 1115 5272 hic
1136 5224 1389 5286 Quartus,
1419 5222 1647 5288 prefuit
1665 5222 1836 5275 annis

625 5309 869 5365 Gamabio
898 5311 1065 5373 Beeci,
1099 5308 1283 5375 [arma
1307 5311 1571 5378 decusque
1598 5312 1798 5376 gregis.

553 5398 754 5457 Mundi
779 5403 1132 5466 contemptor,
1164 5413 1301 5452 veras
1329 5401 1557 5452 virtutis
1582 5402 1802 5452 amator
1826 5416 1843 5451 :

576 5534 581 5539 .
625 5486 839 5541 Christo
859 5489 1111 5542 devotum
1134 5489 1372 5556 praebuit
1402 5489 1740 5556 obsequium.

554 5574 743 5628 Annos
770 5579 1073 5631 transierat
1103 5582 1270 5631 Pater
1295 5577 1388 5630 hic
1401 5580 1529 5645 jam
1555 5578 1921 5644 septuaginta,

2170 4692 2214 4750 D
2308 4689 2447 4744 Cum
2474 4693 2707 4742 mortem
2733 4691 3048 4757 subiit,.qui
3074 4690 3217 4743 cinis
3247 4689 3337 4744 hic
3360 4689 3519 4743 modo
3547 4690 3629 4755 fit.

2238 4779 2384 4833 Dum
2404 4781 2490 4832 sol
2517 4782 2768 4832 octavum
2791 4778 2890 4831 sub
2910 4777 3123 4832 Cancro
3150 4779 3328 4832 tendit
3355 4778 3430 4831 ad
3451 4785 3662 4842 ortum,

2316 4868 2586 4921 Tristibus
2617 4867 2766 4919 hunc
2793 4867 2947 4921 nobis
2975 4868 3182 4920 ultima
3210 4881 3326 4920 sors
3355 4869 3576 4934 rapuit.

2244 4956 2409 5009 Ortus
2432 4956 2684 5022 Baptista:
2709 4957 2933 5020 colitur,
2955 4955 3090 5008 dum
3109 4955 3292 5021 deﬁcit
3313 4956 3431 5010 iste.

2311 5043 2456 5097 Boso
2482 5043 2597 5109 fuit
2624 5044 2822 5109 dictus,
2853 5045 2966 5109 cui,
2987 5045 3149 5099 Deus;
3177 5047 3287 5097 esto
3308 5045 3461 5112 pius.
3485 5042 3684 5101 Amen.

2252 5178 2259 5185 .
2938 5145 3134 5188 ALIUD.
3344 5198 3353 5204 δ

2238 5221 2407 5288 Quem
2433 5224 2564 5289 tegit
2586 5221 2695 5274 hac
2713 5225 2889 5289 petra,
2918 5223 3071 5275 Becci
3094 5222 3223 5289 pius
3246 5222 3455 5274 exstitit
3483 5219 3669 5285 abbas,

2252 5358 2259 5365 .
2306 5311 2453 5375 Bosa,
2486 5311 2586 5364 sub
2617 5315 2803 5364 nostro
2835 5315 3070 5377 tempore
3092 5325 3334 5377 magnus
3363 5309 3541 5365 homo.

2237 5400 2436 5454 Multos
2453 5400 2758 5467 praecedens
2786 5414 3010 5452 morum
3048 5401 3343 5465 gravitate,
3375 5398 3468 5451 sed
3496 5398 3667 5453 isdem

2306 5488 2477 5541 Eruit
2502 5491 2552 5541 et
2579 5490 2769 5555 ﬁrmat
2797 5494 2930 5555 quos
2960 5489 3281 5557 moniturus
3309 5492 3449 5557 erat.

2214 5578 2527 5645 “Doctrina,
2557 5588 2744 5643 sensu,
2764 5578 2929 5631 dictis
2959 5576 3228 5645 factisque
3249 5577 3535 5653 probatus,
