3920 6410
165 328 268 408 733

177 502 190 510 .
217 456 453 513 .Floruit
481 464 532 514 et
565 463 1078 531 senaperuigithic
1099 464 1303 518 studio.

161 542 449 600 Sustinuit
473 552 655 601 multa
693 553 1006 618 tranquilla
1044 557 1224 604 mente
1258 555 1477 621 ﬂagella

235 631 492 714 (largioris
514 640 533 686 l
554 637 716 690 Hunc
733 643 944 694 recreat
973 642 1125 692 lectio
1153 645 1345 694 sancta
1371 642 1645 714 frequens.

160 717 326 773 Hunc
350 709 573 776 nullum
595 715 848 792 sequitur
871 742 974 794 pro
1001 715 1106 780 tali
1125 729 1339 781 verbere
1368 715 1656 793 murmur,

234 810 425 864 Grates
444 813 536 865 sed
555 814 649 866 dat
663 816 714 866 ei
739 817 838 882 qui
859 817 967 868 sibi
1004 820 1078 868 tot
1105 818 1323 870 tribuit.

159 898 379 966 Sicque,
417 916 602 954 norem
620 905 824 974 lustris
854 905 916 956 in
940 907 1208 973 religione
1230 909 1487 975 peractis,

231 989 338 1040 Dat
369 994 573 1042 metam
595 991 814 1056 studiis,
849 995 1082 1054 viribus,
1115 995 1384 1061 imperiis.

159 1071 316 1142 Quod
335 1079 386 1128 si
412 1081 535 1144 quis
556 1081 753 1146 quaerit
779 1097 883 1147 quo
909 1084 1152 1134 constitit
1176 1084 1352 1135 exitus
1381 1067 1492 1149 illi,

161 1157 326 1217 Hunc
350 1159 711 1242 praecursoﬁs
730 1171 865 1221 sciat
898 1171 960 1226 in
989 1163 1190 1223 Natale
1220 1172 1474 1224 Joannis.

162 1251 206 1306 0
229 1256 320 1320 pie
349 1255 617 1327 Baptista,
654 1261 834 1332 noster
850 1260 978 1324 pius
1009 1259 1265 1312 Israelita

161 1341 360 1394 Tecum
376 1343 681 1410 jungatur,
714 1338 912 1398 residet
936 1363 1040 1414 quo
1071 1349 1285 1400 lumine
1310 1345 1578 1403 Christus.

954 305 1127 394 ἮΤᾸ
1149 335 1574 422 renonum
1611 337 1924 394 ABBATIS
1953 337 2355 396 BECCENSIS
2393 339 2664 404 QUINTI.

3333 336 3442 410 734

1779 473 1832 528 Α
2065 512 2088 516 ..
2455 509 2458 513 .
2548 479 2738 520 ALIUD.
2789 508 2792 510 .

1839 553 2015 607 Abbas
2045 555 2330 619 Beccensis,
2365 557 2523 622 cujus
2551 571 2727 607 sermo
2752 556 2866 622 fuit
2895 558 3059 619 ensis,

1910 640 2569 724 AWdWWimwuo
2595 640 2770 720 datur
2801 641 3060 724 etiam
3287 714 3290 718 -
3343 711 3346 714 -
3407 709 3416 717 -

1846 719 2044 792 Βοεὸοζ
2073 719 2237 784 Pater
2281 719 2532 795 magnus,
2580 719 2812 784 tumidis
2843 719 2941 796 leo,
2978 719 3214 784 mitibus
3236 719 3437 799 agnus,

1916 820 1984 872 Et
2010 821 2188 873 dulcis
2218 821 2437 887 Populo,
2466 822 2528 886 ﬁt
2551 822 2694 872 cinis
2720 821 2817 873 hoc
2846 824 3080 872 tumulo.

1842 909 1927 961 Fit
1957 911 2099 961 cinis
2128 909 2229 961 hac
2257 910 2464 972 tumba,
2499 910 2599 976 qui
2625 924 2844 976 serpens
2875 915 3038 980 atque
3064 909 3317 963 columba

1912 988 1994 1050 Ea:
2017 981 2292 1064 probitate?
2309 997 2441 1063 fuit,
2474 991 2650 1049 vivere
2673 997 2808 1058 dum
2829 985 3030 1065 potuit.

1845 1085 1986 1152 Ergo
2015 1086 2202 1139 videns
2228 1101 2430 1148 versus,
2463 1091 2590 1138 atra
2619 1101 2685 1138 ne
2715 1087 2789 1138 sit
2812 1077 2960 1153 Stige
2987 1077 3220 1151 mersus,

1915 1176 2043 1240 Regi
2078 1173 2250 1240 funde
2278 1190 2506 1240 precem,
2527 1191 2685 1242 quem
2712 1176 2855 1252 necis
2886 1191 2990 1234 esse
3019 1162 3221 1227 necem.

1848 1247 2132 1314 Credimus
2154 1266 2201 1313 et
2223 1263 2384 1327 cwlis,
2417 1263 2633 1314 scandit
2660 1247 2791 1329 quos
2817 1265 3044 1330 quisque
3070 1255 3266 1328 ﬁdelis.

1921 1353 2016 1404 Dei
2037 1353 2164 1418 pius
2194 1367 2298 1403 esse
2325 1351 2451 1413 sibi,
2474 1353 2575 1417 qui
2601 1350 2740 1404 Deus
2763 1345 2933 1404 exstat
2964 1343 3062 1403 ibi.
3094 1349 3294 1416 Amen.

599 1683 988 1790 vna:
1055 1668 2031 1796 manassias
2129 1661 2972 1795 Iunonum

457 1885 730 2003 QUINTl
777 1933 1113 1996 ABBATIS
1156 1934 1407 2009 BECCI,
1471 1936 1774 2000 POSTEA
1830 1926 2435 1999 AllGHIEPlSCOPI
2494 1922 3151 1995 CANTUARIENSIS.

1327 2105 2270 2226 COMPENDIUM.

221 2446 502 2506 Defuncto
532 2447 832 2502 venerabili
864 2454 922 2503 et
948 2449 1190 2520 sapienti
1235 2450 1352 2516 viro
1392 2451 1610 2504 Bosone
1652 2449 1750 2503 ab-
1772 2450 1993 2513 Bdens,
2022 2449 2110 2502 ira
2144 2448 2291 2518 regis
2319 2453 2519 2504 contra
2546 2461 2676 2502 eum
2713 2446 2774 2499 in
2811 2448 3031 2498 tantum
3065 2439 3324 2496 efferbuit
3350 2441 3434 2501 ut,

151 2535 304 2600 hate,
333 2536 581 2606 suscepit
598 2552 790 2592 curam
821 2538 1112 2598 Beccensis
1133 2539 1456 2593 monasterii
1488 2538 1755 2594 Theobal-

151 2624 276 2688 dus,
287 2623 371 2676 vir
391 2639 599 2692 genere
615 2625 1072 2691 clarus,morihus
1089 2627 1752 2693 ornatus,vitahonestus,

151 2711 362 2779 litteris
380 2712 524 2765 bene
544 2712 815 2766 eruditus.
847 2715 948 2768 llic
965 2721 1218 2786 tempore
1237 2716 1458 2770 Domini
1479 2717 1749 2770 Willelmi

150 2800 372 2854 abbatis
404 2800 556 2854 venit
572 2800 640 2854 ad
657 2802 993 2868 ordinem,et
1007 2811 1262 2874 suscepto
1282 2804 1477 2869 habitu
1498 2804 1755 2874 religiose

149 2905 252 2960 per
275 2889 468 2959 plures
488 2905 664 2955 annos
679 2889 737 2943 in
759 2891 1002 2946 claustro
1023 2893 1175 2959 vixit,
1194 2901 1453 2964 acceptus
1473 2893 1750 2948 omnibus.

151 2978 370 3032 Deinde
402 2977 577 3048 ipsius
602 2979 707 3032 loci
737 2965 919 3034 factus
949 2987 1035 3035 est
1065 2983 1217 3052 prior
1246 2983 1437 3036 decem
1462 2983 1643 3053 annis,
1675 2989 1746 3046 et,

153 3066 400 3121 oheunte
418 3067 634 3121 Bosone
655 3061 872 3136 abbate,
898 3070 1168 3124 electione
1182 3072 1354 3125 totius
1375 3067 1754 3143 congregatio-

149 3156 238 3208 nis
266 3155 441 3209 abbas
471 3163 558 3211 est
584 3156 939 3226 subrogatus.
966 3160 1090 3213 Non
1119 3161 1296 3214 multo
1327 3168 1469 3231 post,
1504 3162 1617 3214 Deo
1640 3161 1755 3213 dis-

152 3250 419 3313 ponente,
453 3249 510 3296 et
536 3232 818 3314 Stephano
849 3263 980 3316 rege
1009 3264 1134 3301 cum
1158 3249 1351 3318 regina
1374 3249 1642 3302 Mathilde
1666 3264 1754 3300 vo-

153 3339 337 3396 cante,
370 3333 629 3402 cleroque
658 3335 1018 3400 assentiente,
1051 3343 1108 3390 et
1145 3337 1349 3407 populo
1387 3338 1749 3399 acclamante,

153 3420 212 3474 in
233 3421 495 3490 Angliam
526 3421 858 3484 traducitur,
877 3430 1075 3478 etcum
1098 3442 1302 3494 magno
1324 3427 1529 3495 gaudio
1551 3427 1756 3497 excipi-

155 3510 408 3563 tur.Mox
425 3510 784 3564 Cantuariaea
804 3513 1078 3566 Balduino
1097 3515 1361 3568 Romamn
1380 3515 1526 3568 sedis
1547 3516 1752 3585 legato,

156 3598 334 3651 totius
367 3598 672 3653 Britanniae
692 3601 1142 3672 archiepiscopus
1161 3609 1514 3674 consecratus
1534 3611 1633 3657 est.
1663 3592 1756 3658 ln-

157 3695 246 3740 ter
274 3687 392 3740 haec
424 3688 667 3758 plurima
693 3689 930 3743 adversa
961 3707 994 3743 a
1035 3691 1167 3745 viris
1217 3691 1508 3762 utriusque
1547 3693 1759 3746 ordinis

1839 2539 2052 2594 cunctis
2081 2536 2457 2598 audientibus,
2484 2537 2715 2597 diceret.
2750 2535 2898 2606 quod
2929 2533 2988 2587 in
3027 2549 3086 2586 se
3117 2538 3242 2596 ὗε
3285 2529 3439 2606 idem

1840 2627 2290 2697 archiepiscopus
2331 2625 2559 2678 minime
2603 2625 2881 2678 conﬁdere
2922 2621 3152 2684 valeret,
3203 2631 3437 2672 manum

1833 2716 2112 2786 propriam
2145 2715 2202 2768 in
2223 2731 2351 2768 eum
2383 2726 2738 2784 nequaquam
2763 2713 3028 2776 mitteret,
3071 2723 3300 2764 suorum
3333 2723 3437 2783 au-

1838 2812 1949 2857 tem
1982 2804 2029 2857 si
2061 2804 2184 2874 quis
2205 2804 2449 2873 aliquam
2480 2803 2530 2857 ei
2561 2801 2827 2872 injuriam
2893 2803 3119 2864 faceret,
3164 2798 3284 2868 ipse
3322 2810 3436 2849 non

1835 2899 2076 2947 curaret.
2101 2893 2220 2966 Quo
2239 2893 2430 2947 audito
2451 2892 2904 2961 archiepiscopus
2924 2887 3214 2944 confestim
3233 2886 3440 2938 disces‘

1835 2984 1909 3036 sit
1944 2998 1976 3035 a
2005 2981 2180 3046 curia,
2213 2982 2282 3034 ad
2309 2997 2477 3051 quam
2519 2986 2655 3034 tunc
2693 2983 3054 3050 perrexerat;
3092 2988 3436 3043 ascensaque

1835 3070 1962 3124 navi
1981 3069 2259 3124 Tamesim
2291 3069 2718 3133 transibat,cum
2743 3084 2866 3121 ecce
2878 3065 3169 3123 duodecim
3188 3063 3304 3117 fere
3323 3062 3433 3114 mi-

1835 3160 1964 3214 lites
1981 3159 2155 3213 secuti
2173 3165 2306 3214 sunt
2323 3175 2452 3214 eum
2469 3175 2593 3212 cum
2610 3157 2834 3226 gladiis,
2858 3163 3057 3210 uteum
3073 3153 3434 3225 perimerent,

1835 3248 1922 3302 vel
1945 3247 2211 3302 membris
2237 3247 2628 3313 debilitarent;
2657 3246 2755 3300 sed
2781 3261 2911 3299 eum
2933 3244 3168 3297 illaesum
3191 3241 3285 3294 ille
3304 3248 3438 3293 con-

1836 3338 2076 3391 servavit
2105 3337 2200 3408 qui
2229 3353 2380 3396 suos,
2415 3337 2637 3406 quando
2666 3336 2804 3398 vult,
2828 3333 3109 3388 custodire
3139 3329 3296 3384 novit
3337 3330 3440 3382 Ac-

1839 3431 1900 3478 ta
1917 3432 2051 3480 sunt
2081 3427 2196 3480 haec
2222 3426 2371 3479 circa
2393 3433 2614 3478 octavas
2640 3424 2882 3477 Paschae.
2926 3423 3103 3476 Multa
3138 3420 3333 3482 etiam,
3378 3422 3443 3472 ut

1841 3517 1960 3584 ejus
1991 3516 2163 3568 vitam
2194 3533 2258 3569 ac
2282 3516 2486 3568 famam
2517 3515 2971 3570 dehonestarent,
3013 3511 3070 3564 in
3099 3509 3332 3581 populos
3370 3508 3441 3562 de

1839 3602 1935 3660 illo
1967 3603 2264 3675 approbria
2288 3603 2663 3657 seminahant.
2690 3603 2804 3655 Deo
2833 3616 2960 3654 vero
2981 3600 3242 3653 universa
3261 3598 3443 3668 dispo-

1840 3699 2028 3757 nente,
2050 3693 2164 3764 qui,
2198 3693 2421 3764 quando
2451 3693 2586 3754 vult,
2611 3691 2776 3756 eripit
2804 3706 2935 3744 suos
2962 3690 3031 3743 de
3051 3688 3443 3759 angustia,an-

159 3792 458 3848 perpessus
479 3781 581 3830 est.
615 3778 678 3830 In
707 3777 906 3849 primis
935 3780 1158 3849 quando
1186 3779 1596 3848 abhaselectus
1631 3782 1755 3846 fuit,
1777 3778 1819 3838 C
1840 3782 2069 3836 nullatis
2107 3781 2366 3836 omnibus
2394 3781 2634 3852 insidiis,
2677 3781 2904 3849 tandem
2943 3779 3114 3850 ﬁnem
3153 3777 3241 3830 his
3281 3775 3442 3828 malis

159 3865 328 3934 Hugo
340 3865 808 3935 Rothomagensis
821 3867 1270 3938 archiepiscopus
1286 3871 1333 3939 ej
1343 3887 1407 3922 us
1429 3870 1758 3923 electionem

161 3969 432 4023 quassare
462 3953 657 4018 voluit,
690 3955 822 4024 quia
847 3972 913 4008 eo
962 3957 1275 4011 inconsulto
1332 3959 1480 4012 facta
1529 3958 1712 4034 fuerat
1727 3976 1763 4033 ἀ,

159 4042 278 4104 sed,
326 4041 736 4096 interveniente
785 4045 1088 4098 venerabili
1129 4046 1398 4100 Audoeno
1445 4046 1761 4100 Ebroicensi

164 4129 464 4184 venerabili
505 4131 780 4202 episcopo,
828 4133 1114 4202 praedictae
1162 4135 1420 4188 electioni
1472 4152 1762 4190 assensum

160 4218 419 4288 praebuit.
452 4219 853 4273 Verumtamen
885 4209 1325 4276 benedictionem
1365 4223 1600 4278 abhatize
1629 4225 1764 4277 dare

163 4308 219 4362 ei
243 4307 468 4361 distulit
496 4295 918 4378 quatuordecim
953 4311 1236 4366 mensibus
1254 4329 1423 4366 causa
1465 4313 1763 4383 professio-

163 4397 270 4461 nis,
312 4413 484 4474 quam
539 4398 722 4466 facere
774 4399 1018 4465 nolebat,
1056 4401 1189 4471 quia
1230 4408 1610 4456 antecessores
1641 4404 1763 4473 ejus

164 4501 523 4557 nequaquam
546 4503 671 4563 eam
686 4486 950 4542 fecerant.
965 4489 1166 4544 Verum
1183 4490 1575 4560 deprecatione
1597 4498 1764 4560 atque

164 4569 399 4650 consilio
427 4575 578 4628 Petri
601 4575 818 4630 abbatis
844 4577 1244 4654 Cluniacensis,
1268 4580 1364 4650 qui
1384 4585 1517 4633 tunc
1546 4581 1688 4633 forte
1709 4580 1767 4634 in

166 4663 580 4738 Northmannia
605 4671 744 4736 erat,
776 4665 1222 4738 archiepiscopus
1242 4669 1364 4722 sine
1393 4670 1620 4740 scripto,
1646 4670 1764 4724 solo

166 4750 354 4827 verbo,
384 4753 629 4828 suscepit
650 4753 718 4806 ab
748 4771 813 4808 eo
845 4743 1266 4824 professionem,
1299 4761 1356 4811 et
1376 4757 1454 4811 sic
1483 4757 1765 4811 benedixit

168 4857 335 4912 quem
366 4848 562 4914 postea
587 4843 892 4913 plurimum
915 4843 1124 4900 dilexit.
1155 4847 1219 4899 In
1265 4843 1588 4918 episcopatu
1635 4865 1763 4902 vero

168 4931 383 5001 positus
403 4932 583 5006 multa
609 4933 843 5004 pertulit
865 4950 1006 5003 pene
1035 4951 1209 5005 usque
1233 4936 1304 4989 ad
1322 4943 1560 4990 mortem
1584 4955 1596 5001 ;
1630 4954 1763 4991 nam

1841 3871 2126 3940 imposuit.
2159 3870 2523 3923 Hebdomada
2551 3869 2700 3923 enim
2730 3875 2861 3921 ante
2889 3861 3246 3936 Rogationes,
3270 3865 3442 3917 finem

1842 3959 2060 4032 vivendi
2089 3965 2144 4013 et
2171 3959 2442 4029 regnandi
2468 3959 2659 4028 regina
2691 3957 2879 4010 subiit.
2905 3957 3078 4010 Porro
3107 3952 3441 4007 Eustachius

1847 4049 1966 4118 ejus
1997 4048 2166 4113 filius,
2202 4049 2504 4101 multorum
2540 4047 2837 4109 malorum,
2873 4045 2968 4098 sed
3008 4050 3066 4096 et
3105 4041 3442 4112 supradictae

1847 4137 2255 4210 pertuhationis
2279 4153 2465 4195 causa.
2497 4153 2606 4190 non
2633 4135 2808 4188 multo
2826 4140 2956 4211 post
2973 4131 3255 4210 hominem
3282 4129 3439 4184 exiit.

1844 4228 1996 4290 Quos
2037 4226 2357 4296 Stephanus
2396 4242 2492 4279 rex
2549 4224 2881 4297 subsecutus
2925 4221 3230 4275 terminum
3266 4219 3442 4284 tantis

1845 4297 2094 4369 cladibus
2123 4315 2297 4378 dedit,
2336 4320 2395 4368 et
2430 4314 2671 4368 moriens
2700 4313 2903 4384 populo
2931 4327 3216 4381 regnoque
3246 4324 3442 4388 pacem

1846 4403 2090 4473 reliquit.
2127 4402 2402 4476 Henricus
2425 4403 2675 4470 demum,
2701 4404 2818 4472 jam
2834 4397 3442 4476 totiusNorthmanniae

1848 4492 1977 4555 dux,
2020 4490 2278 4561 Angliam
2309 4491 2614 4560 ingressus,
2647 4491 2752 4544 sibi
2787 4492 2917 4562 jure
2958 4489 3311 4544 hereditario
3343 4488 3443 4542 de-

1849 4580 2028 4634 bitum
2055 4596 2289 4649 regnum
2325 4579 2597 4647 obtinuit;
2641 4597 2750 4650 quo
2779 4580 2836 4633 in
2867 4567 3026 4650 regni
3053 4578 3296 4632 culmine
3322 4579 3444 4655 jam

1845 4669 2194 4733 conﬁrmato,
2240 4668 2504 4722 Henricus
2523 4668 2695 4721 frater
2714 4669 2862 4738 regis
2898 4667 3191 4738 Stephani,
3219 4666 3443 4720 Winto-

1846 4758 2054 4812 niensis
2084 4745 2398 4828 episcOpus.
2431 4774 2466 4809 a
2501 4773 2673 4827 regno
2703 4757 2962 4810 discessit
3009 4762 3066 4812 et
3101 4758 3247 4810 clam
3286 4771 3444 4833 mare

1850 4847 2093 4904 transiit.
2139 4847 2336 4916 Sicque
2375 4845 2716 4916 prospiciens
2747 4862 2815 4898 ex
2865 4846 2997 4910 alto,
3037 4847 3225 4919 justus
3268 4844 3447 4922 Judeit

1851 4931 2328 5006 archiepiscopum
2355 4933 2737 4989 Theobaldum
2776 4934 2846 4986 de
2883 4934 3147 5006 periculis
3184 4932 3445 5009 maximis

171 5027 468 5092 postquam
499 5022 831 5096 Eustachius
861 5024 1009 5093 regis
1038 5025 1186 5101 ﬁlius
1213 5026 1406 5091 crevit,
1435 5033 1491 5080 et
1514 5027 1672 5080 miles
1694 5028 1769 5081 ef-
1788 5099 1810 5101 ξ
1851 5026 2076 5097 eripuit,
2108 5030 2165 5078 et
2201 5026 2322 5094 ejus
2343 5039 2537 5101 omnes
2558 5021 2814 5099 inimicos
2839 5023 2908 5076 ad
2926 5022 3163 5095 nihilum
3193 5018 3441 5099 redegit.

171 5109 344 5185 fectus
373 5116 477 5176 est,
503 5111 800 5165 voluerunt
818 5128 913 5166 rex
929 5119 987 5166 et
1001 5099 1218 5182 regina,
1253 5120 1422 5184 atque
1454 5116 1769 5178 Wentanus
1787 5099 1834 5156 D
1852 5114 2151 5169 Nonnullis
2179 5120 2369 5167 autem
2402 5099 2594 5183 pestea
2619 5111 2851 5165 feliciter
2873 5111 3010 5164 vixit
3037 5112 3233 5177 annis;
3270 5107 3447 5166 homi-

172 5197 464 5272 episcopus
494 5185 766 5254 Henricus
796 5202 946 5271 regis
984 5202 1176 5264 frater.
1206 5220 1270 5256 ac
1292 5205 1451 5258 multi
1477 5205 1545 5259 de
1571 5222 1768 5276 proce-
1850 5221 1977 5273 nem
2011 5221 2139 5276 vero
2156 5203 2312 5258 exuit
2333 5219 2481 5278 anno
2503 5196 2671 5254 Verbi
2690 5201 2966 5274 incarnati
2994 5201 3293 5256 millesimo
3313 5217 3446 5273 cen-

111 5337 126 5361 ,
172 5288 594 5360 ribus,maxime
612 5290 857 5363 gregarii
876 5289 1081 5344 milites
1097 5292 1189 5362 qui
1214 5293 1475 5362 juvenem
1503 5295 1770 5350 amabant
1850 5293 2051 5368 tesimo
2082 5291 2510 5369 quadragesimo
2539 5307 2706 5360 nono,
2742 5291 2958 5360 decimo
2975 5298 3175 5361 quarto
3207 5284 3445 5362 Kalend;

170 5383 234 5430 ut
251 5377 702 5451 archiepiscopus
723 5394 847 5430 eum
866 5378 933 5455 in
959 5394 1147 5448 regem
1171 5388 1424 5450 ungeret.
1451 5382 1609 5444 Quod
1639 5384 1772 5453 quia
1853 5383 2004 5447 Maii,
2038 5383 2178 5436 feria
2197 5383 2361 5435 tertia
2382 5381 2623 5435 Paschee.
2652 5380 2981 5433 Beccensem
3003 5396 3137 5451 sane
3166 5379 3446 5453 abbatiam

173 5466 623 5536 archiepiscopus
642 5466 820 5543 facere
859 5467 1058 5528 noluit,
1089 5469 1520 5523 .Henricusenim
1555 5473 1774 5526 Mathil-
1856 5471 2018 5525 annis
2070 5471 2286 5526 duobus
2315 5477 2372 5546 et
2424 5468 2866 5545 dirmdiolrex'it,
2909 5469 3449 5540 archiepiscopatum

175 5555 256 5629 dis
270 5555 898 5631 im_peratric_is,Henrici
913 5557 1061 5633 regis
1082 5558 1226 5633 filiae,
1254 5559 1650 5631 ﬁlius,Angliae
1670 5562 1772 5615 im-
1854 5578 1984 5634 vero
2010 5562 2172 5615 annis
2200 5559 2413 5630 viginti,
2445 5554 2906 5612 diebustotidem
2936 5576 3001 5613 ac
3031 5560 3318 5614 mensibus
3349 5559 3452 5614 tri-

170 5644 442 5715 minehat,
464 5661 709 5715 regnum
737 5661 903 5699 suum
931 5645 1350 5703 haereditarium
1378 5649 1550 5704 armis
1578 5668 1770 5722 perva-
1851 5649 1973 5705 bus.
