3920 6420
456 349 564 408 735

1419 353 1517 407 AD
1557 351 1798 409 OPERA
1838 351 1907 408 B.
1946 348 2362 408 LANFRANGI
2394 320 2786 406 VAPPENDIX.

3633 335 3739 396 736

2252 471 3735 499 ﬂ

456 613 763 709 VleE
828 616 1323 711 LETARDI
1381 617 1707 711 SEXTI
1749 616 2230 711 ABBATIS
2280 613 2886 711 BECCENSIS
2947 580 3747 705 COMPENDIUM.

531 925 850 982 Venerabili
876 927 1194 982 Theobaldo
1231 927 1432 982 abbate
1469 927 1732 983 Beccensi
1787 927 2058 999 archiepi-
2072 928 2130 988 A
2144 928 2281 983 dum
2311 928 2460 1000 quod
2481 928 2750 999 scriptum
2767 931 2870 991 est,
2893 925 3362 996 utjustusjustior
3383 925 3546 980 fieret
3565 925 3752 995 (Apoc.

463 1031 631 1086 scopo
682 1016 1073 1070 Cantuariensi
1129 1016 1304 1083 facto,
1371 1017 1429 1070 in
1494 1017 1746 1087 regimen
1828 1015 2064 1071 coenobii

464 1103 735 1158 electione
797 1104 970 1158 totius
1018 1105 1474 1175 congregationis
1508 1107 1748 1159 domnus
1791 1106 2066 1160 Letardus

464 1190 747 1245 successit.
791 1191 911 1256 Hic,
954 1208 1020 1245 ex
1047 1192 1245 1246 eodem
1286 1193 1406 1247 loco
1431 1198 1694 1264 parentes
1723 1192 1934 1247 incolas
1973 1193 2069 1246 ha-

462 1277 620 1339 bens.
649 1279 901 1350 ejusdem
935 1280 1038 1333 loci
1064 1280 1329 1351 indigena
1349 1283 1589 1348 exstitit;
1615 1288 1673 1335 et
1686 1282 1778 1335 ubi
1815 1281 2069 1353 progeni-

464 1370 557 1421 tus
590 1367 696 1420 fuit
732 1384 1001 1438 magnum
1038 1371 1361 1424 conscendit
1400 1372 1689 1437 honorem,
1731 1370 1863 1441 quia
1899 1386 2068 1424 vene-

464 1456 642 1511 rando
668 1456 869 1511 abbate
896 1458 1181 1514 Willelmo
1199 1460 1483 1530 religionis
1515 1459 1768 1513 habitum
1800 1459 2065 1530 suscepit,

469 1550 580 1599 eta
600 1546 794 1616 primis
822 1547 1005 1613 annis,
1037 1547 1186 1602 inter
1222 1565 1411 1603 sacras
1451 1549 1702 1619 ejusdem
1743 1548 2068 1602 monasterii

465 1633 803 1705 disciplinas,
838 1635 895 1689 in
918 1636 1017 1690 Dei
1037 1653 1262 1709 semper
1276 1654 1468 1692 amore
1489 1643 1547 1691 et
1563 1637 1849 1707 religionis
1870 1638 2071 1692 ardore

467 1722 539 1776 de
568 1723 658 1777 die
683 1724 739 1778 in
762 1724 912 1778 diem
943 1726 1206 1789 excrevit,
1238 1727 1524 1797 vitamque
1554 1743 1715 1780 suam
1755 1726 1912 1780 omni
1945 1742 2068 1780 mo-

467 1826 596 1865 rum
631 1812 907 1883 probitate
934 1819 991 1867 et
1011 1814 1244 1869 honesta
1266 1815 1687 1869 conversatione
1707 1815 1766 1868 in
1790 1815 1994 1869 mentis
2014 1820 2071 1867 et

469 1900 716 1970 corporis
740 1901 984 1970 puritate
1013 1903 1329 1967 custodivit,
1354 1902 1607 1973 jejuniis,
1640 1901 1841 1972 vigiliis
1864 1902 2069 1957 oratio-

2146 1033 2276 1082 xxu,
2315 1018 2327 1073 Ι
2352 1018 2417 1083 l),
2447 1017 2705 1089 permisit
2730 1033 2858 1070 eum
2889 1017 3038 1070 Deus
3066 1014 3439 1085 corporalium
3457 1013 3752 1068 oculorum

2148 1108 2454 1163 caecitatem
2509 1108 2814 1171 incurrere,
2871 1111 2936 1160 ut
2989 1103 3272 1176 patientiae
3343 1119 3408 1156 ac
3472 1102 3756 1157 virtutum

2149 1199 2269 1268 ejus
2294 1196 2496 1251 merita
2524 1197 2852 1259 declararet,
2885 1199 2940 1248 et
2969 1194 3267 1247 interiores
3306 1192 3495 1246 oculos
3546 1190 3619 1244 ad
3671 1190 3760 1243 in-

2148 1288 2419 1340 tuendum
2446 1302 2638 1340 verum
2670 1285 2860 1338 lumen
2890 1280 3513 1353 retorqueret.Qui,tali
3532 1279 3764 1333 incom-

2151 1376 2317 1430 modo
2347 1391 2663 1447 percussus,
2697 1389 2984 1444 nunquam
3017 1388 3116 1442 pro
3136 1371 3241 1424 hoc
3268 1369 3449 1423 tristis
3461 1368 3638 1422 videri
3661 1384 3764 1438 po-

2151 1465 2280 1523 tuit.
2312 1481 2413 1519 nec
2432 1462 2909 1518 conversationem
2941 1461 3181 1514 fratrum
3219 1458 3486 1522 deseruit,
3521 1461 3762 1527 excepto

2152 1554 2299 1623 quod
2331 1570 2456 1607 cum
2497 1552 2577 1605 eis
2601 1552 2831 1605 minime
2855 1550 2915 1603 in
2941 1548 3269 1603 dormitorio
3292 1546 3534 1615 jacebat,
3570 1561 3676 1599 nec
3700 1545 3764 1599 in

2152 1643 2396 1697 claustro
2425 1640 2670 1696 sedebat.
2703 1641 2767 1695 In
2789 1641 2958 1694 choro
2978 1642 3188 1703 autem,
3222 1637 3279 1690 in
3307 1634 3572 1707 capitulo,
3595 1634 3656 1687 in
3676 1650 3767 1687 re-

2151 1732 2403 1796 fectorio,
2434 1737 2499 1784 ut
2528 1730 2763 1801 quilibet
2791 1729 2955 1794 alius,
2987 1742 3210 1797 semper
3243 1740 3423 1796 usque
3459 1723 3531 1776 ad
3570 1727 3766 1776 extre-

2151 1836 2305 1874 mum
2336 1818 2641 1872 terminum
2672 1817 2797 1871 vitae
2828 1820 3188 1869 conversatus
3218 1818 3323 1867 est.
3359 1811 3766 1866 Inﬁrmitatem

2153 1924 2280 1963 vero
2299 1909 2614 1971 incurrens,
2638 1923 2702 1966 ex
2734 1923 2846 1977 qua
2866 1903 3145 1975 migravit,
3172 1908 3466 1974 postquam
3498 1899 3650 1954 visus
3672 1906 3764 1953 est

468 1987 744 2059 nibusque
770 1990 1082 2045 indefessus
1110 1992 1334 2046 interno
1378 1991 1682 2062 inspectori
1720 2007 1820 2061 per
1870 1991 2060 2045 omnia
2150 2013 2348 2051 cursus
2377 1997 2464 2050 sui
2494 2001 2675 2049 metas
2706 1992 3176 2065 appropinquare,
3209 1990 3267 2043 in
3288 1989 3642 2043 inﬁrmorum
3666 1986 3770 2041 do-

467 2076 687 2148 placere
711 2079 978 2148 gestiens.
1004 2082 1216 2135 Cautus
1236 2086 1294 2134 et
1318 2080 1588 2135 sollicitus
1616 2080 1674 2134 in
1691 2080 1780 2134 his
1798 2079 1896 2150 qui
1917 2080 1987 2133 ad
2005 2097 2066 2133 se
2149 2103 2326 2153 mum,
2348 2101 2460 2156 qua
2483 2085 2687 2138 fratres
2714 2082 3115 2151 defunguntul',
3157 2079 3397 2143 delatus,
3445 2077 3521 2131 ibi
3548 2076 3769 2131 coadu-

468 2165 827 2236 pertinebant
837 2184 924 2222 om
933 2168 1066 2223 nino
1078 2169 1750 2240 existens,praeceptorum
1767 2170 1990 2239 regulae,
2007 2173 2063 2224 et

2160 2176 2295 2230 natis
2323 2174 2590 2229 fratribus
2612 2178 2669 2226 et
2697 2189 2798 2243 pro
2832 2188 2896 2225 eo
2920 2171 3171 2242 psalmos
3204 2162 3533 2222 canentibus
3576 2165 3777 2220 emisit

470 2255 748 2324 maiorum
777 2272 1006 2311 suorum
1030 2258 1313 2312 studiosus
1344 2263 1717 2320 conservator.
1751 2242 2132 2327 transgres-B
2152 2265 2434 2337 spiritum.
2477 2261 2831 2318 Venerabilis
2868 2266 3059 2314 autem
3099 2259 3374 2311 Rotrocus
3413 2254 3773 2310 Ebroicensis

469 2358 625 2397 sores
650 2345 921 2398 acerrime
976 2362 1304 2416 coarguens,
1356 2346 1566 2416 ingenii
1605 2345 1802 2416 optimi
1833 2345 1957 2399 fuit.
2006 2346 2071 2399 In

472 2432 933 2487 collocutionibus
963 2435 1142 2489 dulcis
1157 2441 1214 2488 et
1249 2434 1544 2488 familiaris
1572 2440 1712 2498 erat,
1746 2433 1986 2486 maxime
2023 2431 2072 2485 si

472 2521 599 2592 quis
627 2538 754 2576 cum
786 2540 852 2577 eo
884 2524 955 2577 de
993 2524 1176 2579 salute
1227 2524 1429 2577 animae
1485 2540 1599 2577 sua:
1640 2523 2068 2593 colloqueretur,

470 2609 681 2664 amicos
709 2628 913 2682 magno
932 2612 1248 2667 dilectionis
1267 2614 1469 2666 affectu
1490 2610 1725 2675 colebat,
1751 2612 1852 2664 hos
1862 2610 2074 2664 scilicet

471 2715 611 2770 quos
646 2701 769 2755 vitae
798 2702 1062 2755 honestas
1091 2700 1558 2767 commendabat;
1583 2716 1775 2754 verum
1805 2700 1851 2753 si
1881 2699 2073 2769 aliqua

471 2803 594 2858 quae
622 2789 905 2844 honestati
932 2806 1045 2844 non
1074 2789 1429 2853 conveniunt,
1462 2789 1531 2843 de
1569 2789 1680 2843 illis
1716 2787 2071 2842 animadver-

471 2875 646 2947 tebat,
681 2883 737 2932 et
763 2895 959 2932 eorum
1006 2878 1268 2949 deinceps
1307 2877 1745 2932 familiaritatem
1782 2876 2074 2948 parvipen-

473 2964 659 3021 debat.
706 2967 859 3021 Talis
888 2967 946 3021 in
978 2967 1180 3038 seipso,
1212 2967 1342 3022 talis
1370 2967 1428 3021 in
1460 2967 1604 3034 aliis,
1628 2972 1686 3021 et
1711 2972 1844 3021 ante
1872 2971 1929 3020 et
1947 2970 2075 3037 post

472 3052 776 3121 abbatiam,
809 3055 1037 3109 exstitit.
1069 3057 1231 3126 Apud
1261 3056 1614 3110 Pontisaram
1645 3054 1827 3126 primo
1874 3055 2073 3108 multis

472 3143 637 3196 annis
665 3143 819 3213 prior
847 3143 971 3208 fuit,
1003 3160 1068 3197 ac
1095 3144 1321 3198 demum
1352 3145 1501 3215 apud
1527 3146 1781 3206 Pratum,
1814 3144 1964 3197 unde
2000 3143 2071 3197 ad

471 3230 756 3285 abbatiam
786 3240 1124 3304 assumptus,
1146 3233 1317 3287 abbas
1346 3234 1622 3305 siquidem
1648 3233 1849 3299 factus,
1880 3248 2072 3287 secun-

2153 2354 2445 2426 episcopus
2487 2369 2614 2406 cum
2645 2349 2980 2421 quibusdam
3010 2345 3304 2402 abbatibus
3342 2360 3543 2415 corpus
3580 2343 3771 2414 ipsius

2154 2444 2454 2514 diligenter
2476 2448 2533 2496 et
2560 2439 2865 2494 honoriﬁce
2891 2436 3213 2497 tumulavit,
3245 2451 3310 2488 ac
3337 2433 3600 2487 ultimum
3633 2432 3765 2486 ofﬁ-

2154 2533 2299 2587 cium
2316 2534 2477 2602 juxta
2514 2546 2728 2584 morem
2751 2527 2985 2600 peregit.
3009 2524 3259 2581 Transiit
3295 2539 3425 2577 vero
3456 2521 3765 2575 millesimo

2153 2622 2461 2677 centesimo
2490 2618 2838 2688 sexagesimo
2872 2616 3052 2686 primo
3080 2611 3355 2667 incarnati
3375 2610 3545 2665 Verbi
3582 2625 3758 2675 anno,

2152 2718 2307 2767 sexto
2325 2713 2512 2765 Nonas
2532 2708 2684 2774 Julii,
2708 2705 2952 2761 Sabbato
2964 2705 3113 2758 intra
3131 2709 3355 2757 octavas
3369 2699 3759 2771 apostolorum

2154 2801 2307 2856 Petri
2340 2804 2397 2854 et
2457 2798 2637 2861 Pauli,
2699 2794 2847 2850 circa
2895 2794 3168 2848 decimam
3205 2792 3402 2845 horam
3425 2788 3559 2852 diei,
3603 2803 3759 2841 anno

2154 2890 2333 2945 aetatis
2359 2905 2472 2944 suae
2492 2886 2714 2942 circiter
2750 2883 3095 2953 sexagesimo
3134 2879 3350 2950 quinto,
3382 2876 3762 2932 monachatus

2155 2996 2283 3034 vero
2295 2976 2778 3049 quinquagesimo.
2802 2976 2849 3028 Α
2870 2973 3034 3027 beato
3055 2969 3326 3026 Herluino
3340 2972 3530 3022 autem
3568 2966 3760 3036 primo

2153 3068 2353 3123 abbate
2384 3073 2442 3121 et
2465 3067 2623 3120 Becci
2652 3064 2950 3117 fundatore
2988 3065 3176 3115 sextus
3218 3056 3453 3124 exstitit,
3493 3060 3553 3109 et
3580 3053 3762 3109 abba-

2152 3158 2289 3212 tiam
2317 3157 2460 3213 rexit
2484 3155 2648 3211 annis
2676 3154 2887 3219 decem,
2911 3150 3108 3205 diebus
3139 3147 3335 3219 viginti
3359 3145 3543 3200 tribus

2384 3416 3768 3442 Μ

1694 3561 2519 3659 MIRACULUM

713 3775 838 3850 Quo
868 3776 945 3839 Β.
985 3776 1182 3838 Maria
1215 3775 1489 3837 subvenit
1517 3775 1834 3839 Guz'llelmo
1871 3774 2152 3854 Crispino
2191 3773 2472 3910 genteri;
2495 3807 2575 3820 —
2602 3772 2712 3832 ubi
2736 3771 2808 3833 de
2861 3771 3056 3832 nobili
3098 3770 3510 3850 Crz'spz'norum

1870 3872 2080 3910 genere
2113 3872 2215 3910 σοι
2245 3872 2341 3910 ur.

1867 3872 2080 3936 genere
2113 3872 2341 3932 agetur.

540 4145 717 4199 Beata
736 4141 961 4196 Domini
987 4142 1168 4195 Mater
1213 4147 1270 4195 et
1316 4146 1589 4212 perpetua
1641 4141 1813 4212 Virgo
1870 4142 2068 4208 Maria,
2093 4140 2226 4205 Cde
2258 4140 2490 4195 instanti
2529 4138 2776 4211 periculo
2820 4136 3036 4202 mortis,
3069 4133 3164 4189 sed
3218 4133 3543 4204 priusquam
3582 4128 3759 4198 hujus

470 4233 757 4303 singulare
780 4231 1102 4301 praesidium
1119 4230 1588 4293 Christianorum.
1611 4248 1710 4303 per
1730 4248 1898 4301 quam
1917 4232 2069 4285 salus
2152 4229 2409 4283 miraculi
2458 4229 2710 4282 ordinem
2750 4226 3083 4297 pandamus,
3119 4223 3353 4292 dignum
3380 4219 3607 4272 videtur
3626 4232 3764 4288 pau-

470 4320 666 4375 mundi
700 4320 979 4391 apparuit,
1012 4336 1121 4389 quo
1155 4320 1421 4382 maiorem
1454 4320 1601 4391 apud
1636 4321 1812 4374 Deum
1836 4337 1948 4391 pra)
1973 4337 2073 4374 (ιω-
2154 4317 2232 4371 cis
2260 4318 2508 4371 indicare
2542 4317 2666 4387 quis
2694 4315 2866 4369 fuerit
2889 4315 2983 4368 ille
3001 4312 3334 4374 Willelmus,
3361 4314 3418 4363 et
3446 4306 3597 4361 unde
3629 4321 3762 4375 cog-

472 4410 611 4463 teris
639 4408 882 4479 gratiam
921 4408 1197 4462 invenisse
1234 4409 1596 4479 dignoscitur,
1626 4426 1691 4463 eo
1727 4409 2074 4479 frequentius

471 4498 544 4553 ab
566 4496 908 4565 hominibus,
941 4503 998 4551 et
1020 4497 1334 4552 ﬁducialius
1352 4505 1521 4568 atque
1542 4498 1873 4551 familiarius
1895 4497 1952 4550 in
1972 4514 2070 4551 ne-

2156 4423 2359 4460 nomen
2392 4405 2628 4475 Crispini
2656 4405 2759 4457 sibi
2787 4411 2844 4457 et
2875 4419 2976 4456 suo
2999 4401 3193 4472 generi
3222 4396 3541 4468 contigerit.

2228 4498 2543 4566 Antequam
2568 4491 2940 4548 Northmanni
2970 4493 3112 4545 duce
3159 4482 3446 4543 Willelmo
3497 4482 3760 4553 Angliam

473 4585 824 4641 cessitatibus
853 4586 1141 4640 invocatur
1174 4606 1184 4617 ·
1220 4593 1342 4651 53
1370 4592 1428 4640 et
1449 4588 1571 4658 ipsa
1594 4586 1742 4640 celcr
1765 4586 2073 4640 clementiae
2155 4583 2519 4647 debellarent,
2536 4583 2644 4637 fuit
2663 4584 2720 4636 in
2742 4581 3024 4647 Neustria,
3050 4596 3171 4650 quae
3184 4593 3334 4631 nunc
3349 4570 3761 4629 Northmannia

476 4691 591 4730 suae
621 4675 813 4729 multis
851 4674 1173 4746 impendere
1198 4676 1341 4729 solet
1366 4674 1696 4729 beneficium
1751 4675 1911 4730 Unde
1939 4691 2076 4728 non-

477 4765 635 4819 nulla
660 4764 808 4818 illius
838 4764 1218 4819 subventionis
1248 4765 1500 4835 exempla
1524 4764 1887 4818 inveniuntur
1907 4765 2079 4835 scrip-

475 4860 556 4917 ta,
578 4852 824 4925 plurima
839 4853 1047 4924 passim
1064 4853 1184 4923 jugi
1205 4853 1530 4906 sentiuntur
1549 4853 1746 4907 effectu
1771 4871 1784 4916 ;
1812 4869 1933 4923 qua;
1956 4869 2081 4924 pro-

476 4948 602 5014 pter
629 4941 1045 4997 multitudinem
1070 4959 1181 4995 non
1206 4949 1340 4994 sunt
1358 4941 1750 4995 commendata
1772 4941 2075 4995 memoriae.

472 5032 516 5086 E
544 5031 750 5102 quibus
778 5047 953 5085 unum
983 5029 1193 5083 referre
1217 5030 1488 5095 volumus,
1524 5030 1671 5101 quod
1703 5030 1934 5099 dignum
1967 5046 2079 5083 me-

477 5121 656 5175 moria
687 5118 922 5183 videtur,
972 5118 1233 5189 quodque
1263 5134 1362 5188 pro
1402 5119 1489 5171 sui
1542 5118 1931 5189 magnitudine
1968 5134 2079 5172 non

474 5209 659 5281 potuit
684 5210 859 5262 latere
888 5208 1039 5261 illius
1068 5206 1410 5260 hominibus.
1442 5208 1503 5261 In
1530 5223 1638 5277 quo
1662 5208 1808 5261 facto
1836 5207 2083 5261 ostendit

474 5298 800 5354 beatissima
828 5295 931 5351 Dei
959 5312 1163 5367 parens
1193 5312 1359 5366 quam
1394 5295 1698 5367 benignum
1748 5301 1913 5365 gerat
1949 5312 2083 5365 erga

473 5388 710 5442 miseros
740 5387 809 5441 ad
844 5403 904 5439 se
931 5385 1315 5456 confugientes
1348 5385 1628 5439 allectum.
1663 5386 1807 5438 Nam
1859 5384 2079 5438 cuidam

2155 4684 2404 4737 voratur,
2434 4673 2518 4726 vir
2546 4672 2825 4742 egregius,
2879 4670 3107 4723 nomine
3147 4664 3508 4723 Gislebertus.
3552 4675 3761 4731 genere

2159 4768 2216 4816 et
2245 4762 2538 4816 nobilitate
2570 4761 2889 4832 praeclarus,
2935 4758 3025 4828 qui
3056 4758 3126 4810 ab
3156 4753 3484 4809 habitudine
3530 4749 3757 4821 capillo-

2160 4868 2309 4917 rum,
2342 4851 2558 4922 primus
2581 4848 2822 4919 Crispini
2855 4845 3186 4916 cognomine
3215 4837 3762 4908 diciturinsignitus;

2161 4956 2290 4993 nam
2324 4940 2380 4993 in
2408 4956 2510 4992 sua
2540 4938 2804 5009 primaeva
2831 4941 2996 4989 aetate
3026 4932 3269 4988 habebat
3293 4930 3521 5000 capillos
3552 4926 3764 4996 crispos

2163 5033 2223 5081 et
2248 5027 2476 5097 rigidos,
2509 5032 2679 5096 atque
2709 5039 2932 5079 sursum
2964 5027 3196 5086 erectos,
3230 5027 3304 5083 et,
3337 5025 3403 5072 ut
3438 5017 3519 5070 ita
3557 5015 3762 5073 dicam.

2165 5115 2428 5170 rebursos
2462 5115 2532 5169 ad
2586 5114 2814 5168 modum
2871 5110 2986 5182 pini
3028 5125 3334 5170 ramorum,
3394 5105 3487 5177 qui
3545 5119 3767 5174 semper

2164 5205 2407 5258 tendunt
2426 5221 2670 5267 sursum,
2707 5216 2880 5273 quare
2911 5198 3339 5270 cognominatus
3355 5201 3442 5249 est
3455 5193 3764 5263 Crispinus,

2163 5309 2324 5363 quas,
2358 5297 2571 5360 crispus
2591 5297 2799 5360 pinus;
2833 5306 2999 5360 quam
3024 5287 3350 5358 capillorum
3383 5282 3767 5338 rebursionem

2163 5381 2347 5435 adhuc
2389 5381 2631 5434 ridemus
2658 5379 2713 5432 in
2738 5379 2807 5432 iis
2830 5377 2925 5449 qui
2954 5378 3023 5430 de
3052 5376 3225 5448 ipsius
3247 5372 3548 5428 Gisleberti
3564 5385 3768 5441 genere

476 5476 651 5530 nobili
672 5476 787 5530 viro
818 5481 875 5529 et
902 5474 1006 5528 sibi
1037 5475 1253 5540 devoto,
1287 5476 1512 5529 nomine
1540 5473 1844 5538 Willelmo,
1879 5483 2141 5542 roguo-D
2163 5470 2525 5524 descendunt.
2552 5468 2711 5523 Unde
2733 5467 2909 5538 etipsi
2924 5466 3119 5520 eodem
3147 5462 3479 5533 cognomine
3505 5458 3765 5513 acaeteris

476 5568 669 5617 mento
699 5564 973 5634 Crispino,
1018 5565 1137 5634 ejus
1175 5563 1617 5618 misericordiam
1656 5562 1979 5633 deprecanti
2018 5560 2075 5614 in

478 5667 683 5721 magna
693 5651 973 5706 anxietate
988 5652 1184 5720 adfuit,
1207 5658 1261 5706 et
1282 5652 1677 5707 miserabiliter
1698 5651 1855 5705 illum
1874 5649 2082 5721 eripuit

2160 5560 2681 5613 Northmannorum
2711 5555 2938 5610 familiis
2966 5555 3326 5608 dirimuntur.
3352 5552 3464 5606 Iste
3482 5547 3762 5603 Gisleber—

2163 5654 2255 5702 tus
2283 5648 2401 5719 qui,
2429 5654 2495 5705 ut
2518 5647 2780 5713 diximus,
2814 5643 3060 5716 Crispini
3089 5656 3398 5711 cognomen
3429 5638 3647 5711 primus
3680 5645 3762 5690 est
