3920 6376
98 312 193 374 737

1118 309 1214 365 DE
1249 308 1497 366 NOBlLl
1538 310 1827 366 GENERE
1865 310 2383 366 CRISPINORUM.

3255 313 3363 373 738

92 440 345 510 adeptus,
368 435 591 508 accepit
616 450 846 490 uxorem
862 434 1109 489 Senioris
1138 435 1396 491 Fulconis
1421 437 1491 491 de
1515 438 1692 492 Alnov
1709 439 1759 498 Α
1779 436 1850 490 ad
1873 435 2084 491 Christi
2122 439 2516 508 paupertatem
2543 440 2666 491 tota
2688 437 2982 493 devotione
3019 455 3079 493 se
3105 440 3362 508 contulit,

89 543 438 601 germanam,
481 526 709 579 nomine
758 524 1099 589 Gonnorem,
1153 524 1223 578 de
1254 542 1365 596 qua
1393 532 1509 580 tres
1542 526 1688 581 ﬁlios

90 617 301 688 genuit,
354 613 733 669 Gislebertum
781 612 1123 683 Crispinum,
1162 630 1264 684 pro
1296 629 1406 684 quo
1445 613 1690 669 scribere

91 704 167 759 ita
195 702 565 773 suscepimus,
586 706 642 754 et
653 700 982 765 Robertum,
998 700 1251 770 duasque
1270 701 1415 755 ﬁlias
1433 702 1689 757 Emmam

89 792 239 847 Petri
267 792 337 846 de
353 791 605 846 Condeto
633 789 1170 859 genitricem,atque
1192 789 1420 843 Esiliam
1453 795 1693 844 matrem

90 879 359 935 Willelmi
403 880 593 943 Malet,
633 876 729 948 qui
776 877 935 931 miles
973 882 1256 942 strenuus,
1312 877 1370 932 in
1407 885 1693 934 senectute

90 971 270 1024 factus
327 975 414 1023 est
467 968 773 1022 monachus
803 966 988 1034 Becci,
1038 972 1093 1021 et
1137 966 1436 1020 transactis
1479 967 1694 1038 aliquot

89 1057 254 1112 annis
273 1057 579 1111 honoriﬁce
595 1056 653 1109 in
689 1054 985 1109 coanobiali
1014 1053 1419 1121 observatione,
1444 1056 1690 1110 uttalem

89 1147 273 1202 virum
301 1145 555 1209 decebat,
580 1144 724 1199 bono
751 1145 862 1198 ﬁne
889 1143 1118 1214 quievit.
1158 1144 1434 1199 Robertus
1478 1144 1693 1215 Crispi-

90 1253 195 1290 nus
238 1236 425 1289 minor
447 1235 641 1300 frater,
668 1233 1083 1288 Northmannia
1109 1250 1387 1302 egressus,
1418 1233 1691 1304 plurimas

89 1322 413 1396 peragravit
438 1323 719 1394 regiones,
750 1322 927 1375 donec
956 1321 1506 1393 Constantinopolim
1535 1322 1692 1377 veni-

93 1418 181 1467 ret
206 1431 221 1480 ;
256 1418 310 1466 et
341 1412 411 1466 ab
446 1412 788 1482 imperatore
817 1427 942 1464 cum
966 1410 1185 1464 honore
1209 1416 1518 1482 susceptus,
1563 1427 1696 1465 ma-

91 1502 306 1573 gnique
337 1500 581 1555 nominis
609 1500 757 1571 apud
786 1516 980 1553 omnes
1010 1499 1259 1564 effectus,
1278 1499 1376 1563 ibi,
1398 1504 1463 1554 ut
1490 1500 1686 1567 fertur,

91 1588 303 1643 invidia
328 1590 647 1643 Graecorum
672 1603 882 1641 veneno
902 1585 1086 1657 periit.
1108 1585 1451 1641 Gislebertus
1482 1586 1692 1657 Crispi-

91 1696 199 1733 nus
228 1679 414 1749 major
442 1678 640 1731 horum
668 1676 839 1730 trium
858 1676 1118 1740 fratrum,
1143 1691 1178 1729 a
1195 1675 1334 1729 duce
1350 1675 1695 1729 Northman-

1769 531 1834 580 ut
1877 525 1935 579 in
1964 524 2293 580 monachica
2315 525 2735 580 conversatione
2758 527 2988 582 soliDeo
3012 527 3243 583 liberius
3268 545 3367 583 va-

1770 618 1942 668 caret.
1969 614 2073 668 Hic
2103 613 2294 685 itaque
2326 614 2658 669 renuntians
2695 616 2899 671 saeculo
2927 616 3034 671 sibi
3077 617 3149 671 ad
3177 622 3369 672 votum

1776 700 2069 765 arridenti,
2096 700 2153 753 in
2174 700 2345 754 fundo
2379 702 2464 755 sui
2490 702 2656 771 juris,
2680 703 2775 773 qui
2801 703 3117 757 Burnevilla
3143 704 3368 773 dicitur,

1775 789 1967 843 volens
1997 788 2311 843 coenobium
2357 796 2703 853 construere,
2733 792 3024 847 ecclesiam
3056 792 3369 862 aedificavit,

1776 877 1833 931 in
1860 878 2073 930 honore
2102 883 2307 931 sanctae
2337 877 2557 944 Mariae;
2585 878 2772 951 ibique
2800 880 3088 952 religionis
3117 882 3373 937 habitum

1777 964 2177 1036 suscepit,cum
2198 972 2348 1019 esset
2366 960 2642 1021 annorum
2665 969 3059 1040 quadraginta,
3078 987 3181 1027 nec
3197 971 3375 1027 multo

1776 1059 1901 1126 post
1927 1052 2222 1125 presbyter
2248 1054 2558 1120 ordinatus,
2614 1061 2671 1109 et
2699 1056 2872 1113 abbas
2894 1059 3374 1118 constitutus‘est.

1776 1142 1920 1206 Quia
1954 1142 2283 1213 campestris
2297 1143 2671 1214 etinaquosus
2691 1151 2776 1200 est
2801 1145 3086 1218 locus,per
3116 1165 3375 1219 soporem

1776 1231 2023 1286 monitus
2052 1248 2087 1286 a
2118 1231 2285 1286 beata
2314 1232 2538 1287 Domini
2559 1234 2738 1288 Matre
2770 1234 2973 1304 Maria,
3002 1236 3062 1290 in
3080 1237 3282 1291 vallem
3304 1237 3377 1292 ad

1774 1320 1956 1374 rivum
1991 1319 2088 1392 qui
2138 1323 2367 1375 vocatur
2412 1321 2617 1376 Beccus
2673 1323 2930 1390 secessit;
2962 1323 3153 1396 ibique
3180 1325 3369 1382 nobile

1776 1409 2055 1464 aediﬁcare
2083 1409 2253 1480 ccepit
2280 1409 2337 1463 in
2369 1409 2640 1465 honorem
2663 1411 2917 1482 ejusdem
2943 1419 3147 1469 sanctae
3180 1414 3369 1470 Mariae

1776 1498 1971 1553 Matris
1999 1498 2219 1552 Domini
2251 1498 2672 1565 monasterium,
2697 1501 2846 1571 quod
2876 1501 3024 1557 Deus
3045 1501 3277 1574 perfecit
3302 1486 3375 1560 ad

1777 1588 1864 1643 sui
1885 1587 2129 1642 nominis
2157 1588 2419 1658 gloriam,
2448 1595 2507 1642 et
2535 1588 2845 1642 multorum
2889 1589 3182 1644 hominum
3224 1591 3372 1645 salu-

1779 1683 1893 1731 tem
1927 1683 1984 1733 et
2011 1676 2409 1731 solatium.Cui
2434 1677 2581 1732 Deus
2602 1677 2672 1731 ad
2695 1676 2964 1732 auxilium
2994 1684 3051 1732 et
3078 1679 3376 1734 consilium

90 1784 321 1834 norum,
368 1772 615 1821 castrum
661 1765 988 1836 Tegularias
1031 1764 1091 1818 in
1140 1763 1469 1818 haereditate
1505 1750 2014 1821 custo-Badduxit
2044 1766 2205 1837 juxta
2245 1766 2585 1820 desiderium
2622 1766 2806 1820 cordis
2838 1766 2927 1821 sui
2974 1767 3376 1838 Lanfrancum,

91 1856 362 1910 diendum
389 1855 624 1926 accepit,
660 1855 808 1926 quod
836 1853 1087 1908 haeredes
1117 1853 1237 1923 ejus
1276 1857 1474 1906 tenent
1519 1869 1696 1922 usque

92 1946 161 1999 ad
185 1960 434 2016 praesens
454 1949 702 2015 tempus.
743 1943 1051 1997 Praedictus
1066 1942 1387 1996 Willelmus
1405 1940 1696 2012 Crispinus

93 2034 315 2089 medius
336 2032 763 2103 frater,generis
785 2031 1163 2095 nobilitate,et
1181 2047 1399 2085 morum
1418 2030 1695 2101 probitate

93 2130 267 2195 atque
297 2121 502 2176 militia
530 2121 957 2185 famosissimus,
991 2121 1141 2174 inter
1170 2120 1694 2174 Northmannorum

94 2213 312 2284 primos
348 2210 680 2275 habebatur,
707 2210 825 2280 qui,
858 2215 924 2263 ut
947 2208 1209 2274 diximus,
1232 2209 1301 2262 de
1331 2207 1514 2279 primo
1545 2207 1697 2262 Cris-

93 2302 359 2373 pinorum
397 2305 557 2371 patre
586 2298 899 2353 Gisleberto
929 2296 1173 2368 optimus
1213 2296 1380 2362 ﬁlius,
1413 2295 1484 2349 ad
1523 2294 1696 2349 totius

93 2390 322 2461 generis
362 2389 451 2443 sui
489 2387 752 2459 gloriam,
783 2386 1038 2441 felicibus
1065 2384 1327 2456 auspiciis
1371 2384 1598 2456 prodiit,
1639 2388 1697 2437 et

96 2479 245 2533 sicut
299 2478 453 2532 inter
498 2477 781 2531 Romanos
810 2475 943 2529 olim
985 2474 1162 2540 Fabii,
1200 2475 1284 2527 vel
1331 2472 1533 2542 Anicii,
1581 2471 1696 2526 sive

99 2567 320 2631 Manlii,
384 2565 633 2636 insignes
674 2563 1044 2624 habebantur,
1099 2563 1179 2616 ita
1244 2561 1486 2633 Crispini
1548 2560 1698 2614 inter

96 2656 521 2711 Northmannos
538 2661 595 2709 et
608 2654 847 2708 Francos
860 2651 1249 2706 honoratiores
1264 2650 1694 2722 reputabantur.

98 2745 204 2801 Sed
260 2744 369 2798 iste
399 2743 718 2797 Willelmus
770 2742 919 2795 inter
963 2758 1157 2795 omnes
1217 2738 1699 2794 nominatissimus

97 2834 274 2889 fuisse
298 2833 496 2899 fertur,
530 2831 625 2903 qui
655 2848 757 2885 suo
784 2836 1057 2901 tempore,
1093 2828 1306 2883 militia:
1335 2827 1535 2892 titulis,
1567 2827 1699 2882 insi-

95 2940 237 2994 gnes
266 2939 411 2994 pene
441 2937 610 2992 super
652 2936 847 2974 omnes
873 2918 1123 2989 ejusdem
1170 2917 1523 2990 tempestatis
1551 2916 1699 2971 viros

98 3010 489 3066 enituit.Unde
505 3010 771 3080 praeclara
789 3009 912 3078 ejus
939 3007 1187 3078 probitas
1216 3006 1404 3078 plures
1430 3004 1535 3059 sibi
1566 3006 1700 3059 effe-

98 3099 687 3169 ceratinvidos,atque
712 3098 901 3151 hostes
946 3095 1271 3150 reddiderat
1297 3094 1696 3148 atrocissimas.

99 3191 182 3245 Ea
207 3192 547 3260 tempestate
573 3184 794 3252 Franci,
828 3190 1056 3240 auctore
1081 3183 1352 3239 Walterio
1384 3183 1585 3238 Vetulo
1614 3200 1702 3237 co-

99 3280 237 3334 mite
269 3279 340 3332 de
370 3276 766 3342 Ponte-Ysare,
793 3274 887 3346 qui
918 3279 1095 3329 totam
1116 3280 1326 3328 terram
1341 3272 1493 3326 intra
1508 3273 1698 3339 Ittam,

98 3375 159 3422 et
208 3367 507 3430 Andelam,
554 3371 724 3436 atque
767 3364 1085 3435 Sequanam
1117 3379 1274 3417 suam
1324 3360 1526 3415 debere
1579 3377 1699 3415 esse

100 3457 345 3522 dicebat,
380 3454 609 3510 crebras
635 3452 973 3524 irruptiones
995 3451 1145 3506 ultra
1172 3450 1402 3505 fluviqu
1425 3452 1596 3505 Ittam
1617 3449 1700 3503 fa-

100 3545 345 3611 ciebant,
394 3549 453 3599 et
497 3545 714 3615 praedas
757 3542 826 3596 de
864 3540 1147 3595 Vilcasino
1176 3539 1457 3610 agebant;
1491 3544 1547 3593 et
1574 3538 1701 3592 ideo

103 3636 215 3689 dux
244 3632 768 3688 Northmannorum
787 3630 1121 3694 Willelmus,
1144 3628 1239 3700 qui
1266 3633 1461 3699 postea
1482 3644 1575 3681 rex
1599 3631 1703 3682 An-

102 3725 324 3794 glorum
357 3720 481 3787 fuit,
499 3720 824 3791 praedictum
837 3718 1187 3773 Willelmum
1210 3716 1549 3787 Crispinum,
1572 3715 1705 3787 quia

105 3818 227 3866 erat
254 3809 687 3883 probatissimus
716 3809 770 3862 in
800 3825 858 3861 re
883 3806 1139 3868 militari,
1176 3805 1466 3860 collocavit
1494 3804 1551 3858 in
1581 3822 1703 3859 cas-

104 3907 193 3956 tro
222 3901 432 3969 Melﬁa,
462 3904 655 3953 contra
683 3897 1022 3951 Francorum
1052 3896 1330 3962 incursus,
1349 3895 1420 3949 ad
1449 3910 1706 3948 coercen-

107 3990 207 4045 das
229 4004 430 4045 eorum
458 3987 940 4060 praesumptiones,
974 3985 1189 4039 donans
1227 3984 1310 4038 illi
1340 3990 1585 4039 castrum
1618 3983 1705 4055 ip-

107 4096 228 4135 sum
291 4083 350 4134 et
402 4076 669 4132 Vilcasini
712 4075 1161 4130 vicecomitatum
1184 4073 1313 4142 jure
1351 4071 1705 4127 bzereditario

106 4167 555 4233 custodiendum,
583 4172 641 4220 et
672 4165 823 4219 ﬁlius
863 4165 985 4235 ejus
1014 4168 1140 4235 post
1174 4178 1322 4227 eum,
1356 4161 1500 4216 sicut
1527 4178 1706 4233 usque

109 4257 275 4313 hodie
302 4256 578 4311 videmus.
608 4256 684 4310 At
711 4254 803 4308 ille
832 4252 906 4306 ibi
933 4250 1279 4306 mansionem
1334 4250 1441 4305 sibi
1496 4251 1705 4305 consti-

1776 1855 1958 1909 virum
1986 1857 2042 1908 in
2081 1854 2409 1909 liberalibus
2438 1853 2655 1908 artibus
2693 1854 3067 1927 undecunque
3096 1855 3376 1927 peritissi-

1778 1960 1931 1998 mum
1958 1963 1970 2012 ;
2004 1960 2170 2015 quem
2201 1960 2327 1997 cum
2355 1959 2563 2012 magno
2612 1944 2926 2016 suscipiens
2953 1944 3181 2015 gaudio,
3221 1944 3378 2000 dedit

1778 2032 1829 2087 ei
1859 2031 2115 2086 habitum
2167 2031 2476 2102 religionis.
2528 2032 2684 2086 Tunc
2721 2032 3075 2088 confluebant
3114 2034 3181 2088 ad
3241 2050 3379 2105 prte-

1777 2120 1988 2175 dictum
2036 2121 2221 2175 locum
2273 2119 2529 2174 certatim
2585 2120 2747 2177 multi
2795 2121 3089 2176 saeculares
3138 2119 3376 2176 litterati

1780 2216 1837 2264 et
1861 2210 1955 2263 alii
1984 2210 2224 2263 cervices
2254 2226 2385 2263 suas
2419 2208 2525 2262 levi
2555 2210 2694 2279 jugo
2734 2207 2981 2272 Domini,
3015 2216 3073 2264 et
3097 2210 3368 2282 obsequio

1779 2299 2054 2370 regularis
2082 2299 2207 2353 vitae
2236 2298 2525 2352 humiliter
2553 2298 2845 2355 inclinare.
2878 2299 2989 2353 Alii
3010 2298 3215 2355 liberos
3242 2316 3374 2355 suos

1778 2405 1813 2444 a
1840 2389 2151 2443 Lanfranco
2182 2385 2520 2441 erudiendos
2549 2387 2607 2440 in
2638 2385 2957 2441 liberalium
3000 2388 3210 2442 artium
3248 2394 3376 2456 54

1778 2475 2148 2548 philosophia,
2187 2480 2244 2529 et
2283 2473 2664 2529 informandos
2692 2492 2793 2546 per
2816 2475 3156 2531 Herluinum
3193 2476 3255 2531 in
3285 2492 3377 2531 re-

1776 2564 1961 2636 gulari
2007 2563 2306 2635 disciplina
2352 2562 2596 2629 tradere,
2652 2564 2909 2618 nonnulli
2952 2564 3138 2636 ipsum
3191 2564 3377 2620 locum

1780 2653 1950 2708 rebus
1977 2652 2094 2707 suis
2121 2651 2424 2707 studebant
2451 2652 2796 2723 amplissime
2825 2652 3026 2707 ditare.
3052 2654 3208 2708 Inter
3236 2670 3377 2726 quos

1781 2741 2039 2812 egregius
2066 2740 2147 2794 vir
2174 2740 2473 2812 praedictus
2504 2741 2817 2795 Willelmus
2846 2741 3155 2813 Crispinus,
3198 2743 3379 2797 filium

1779 2847 1943 2884 suum
1966 2829 2025 2883 in
2049 2835 2243 2883 tenera
2263 2834 2427 2883 aetate
2447 2829 2676 2883 nomine
2698 2828 3074 2885 Gislebertum
3101 2830 3379 2902 praedictis

1782 2916 2044 2972 Patribus
2089 2917 2204 2972 Deo
2230 2916 2598 2970 nutriendum
2636 2916 2740 2971 sub
2789 2918 3039 2988 regulari
3081 2918 3380 2991 disciplina

1782 3006 2003 3073 obtulit,
2027 3011 2085 3061 et
2102 3006 2282 3060 multa
2302 3005 2371 3058 de
2401 3004 2567 3059 rebus
2594 3004 2712 3059 suis
2738 3006 3066 3078 temporalis
3094 3007 3220 3062 vitae
3242 3008 3379 3063 sub-

1781 3095 1922 3150 sidia
1943 3113 2068 3150 cum
2118 3111 2293 3166 puero
2324 3093 2682 3148 ministravit.
2736 3094 2987 3159 Quorum
3041 3096 3379 3154 informatus

1783 3183 2038 3239 doctrina
2065 3189 2119 3238 et
2149 3187 2355 3237 sanctae
2375 3182 2814 3238 conversationis
2843 3184 3132 3256 exemplis,
3153 3186 3235 3242 sic
3251 3203 3381 3242 cum

1785 3272 1973 3327 divino
2002 3272 2242 3343 profecit
2271 3271 2479 3326 auxilio
2518 3270 2578 3326 in
2627 3271 2832 3326 divinis
2887 3278 2944 3327 et
2983 3273 3385 3347 philosophicis

1780 3361 2055 3417 institutis
2084 3367 2148 3416 ut
2193 3377 2389 3415 omnes
2416 3365 2587 3425 artes,
2615 3376 2754 3431 quas
2776 3360 3035 3417 liberales
3060 3369 3278 3431 vocant,
3309 3364 3383 3420 ad

1781 3467 2031 3523 unguem
2052 3448 2384 3516 addisceret,
2419 3455 2476 3504 et
2502 3465 2698 3503 earum
2732 3449 2940 3504 rivulos
2970 3450 3225 3522 pluribus
3262 3453 3383 3525 ipse

1784 3539 2064 3612 perfectus
2091 3538 2152 3593 in
2180 3538 2451 3608 religione
2500 3537 2845 3609 propinaret.
2879 3539 3054 3609 Cujus
3082 3546 3240 3596 tanta
3276 3542 3387 3598 fuit

1784 3628 1841 3682 in
1874 3628 2051 3682 activa
2082 3633 2139 3681 et
2167 3626 2511 3698 speculativa
2537 3627 2654 3680 vita
2684 3626 2950 3697 perfectio
2977 3633 3042 3682 ut
3076 3646 3203 3684 cum
3234 3630 3386 3686 Deus

1785 3717 2161 3772 Lanfrancum
2188 3714 2581 3770 Cantuariensi
2613 3715 2866 3771 Ecclesiae
2904 3715 2961 3770 in
2990 3733 3211 3773 summo
3241 3736 3384 3790 pon-

1796 3805 2008 3859 tiﬁcatu
2064 3804 2392 3876 praeﬁceret,
2449 3820 2580 3857 eum
2628 3803 2974 3859 Lanfrancus
3021 3805 3091 3859 ad
3133 3806 3388 3876 regimen

1785 3891 2322 3955 West-Monasterii,
2338 3892 2453 3946 Deo
2475 3898 2723 3957 vocante,
2741 3892 3058 3962 provideret
3076 3911 3089 3960 ;
3117 3899 3386 3966 tantaque

1780 3981 2101 4036 sanctitatis
2152 3980 2356 4051 gratia,
2402 3986 2466 4034 ut
2492 3980 2792 4045 credimus,
2827 3981 2942 4035 Deo
2974 3986 3033 4035 et
3062 3982 3385 4040 hominibus

1788 4070 1998 4142 placuit
2044 4075 2109 4125 ut
2156 4069 2532 4124 humilitatem
2590 4086 2701 4139 prae
2746 4069 2960 4124 cunctis
2998 4069 3085 4125 sui
3116 4072 3384 4144 temporis

1789 4158 2036 4229 praelatis
2082 4165 2141 4211 et
2187 4157 2506 4228 specialiter
2552 4156 2944 4228 praetenderet,
2986 4164 3044 4213 et
3086 4158 3385 4216 sublimius

1788 4247 2142 4320 praedicaret.
2192 4246 2293 4300 Hic
2335 4245 2568 4316 triginta
2595 4245 2814 4300 duobus
2843 4245 3006 4300 annis
3035 4247 3156 4302 loco
3206 4249 3387 4320 magis

106 4348 232 4413 tuit,
266 4345 543 4400 familiam
586 4350 644 4399 et
689 4342 896 4397 milites
925 4341 980 4395 in
1025 4340 1147 4395 loco
1186 4339 1375 4412 posuit
1402 4346 1596 4394 contra
1624 4340 1704 4394 ir-
1723 4341 1770 4400 D
1790 4336 1999 4407 profuit
2027 4352 2196 4406 quam
2225 4333 2464 4405 praefuit,
2498 4340 2554 4388 et
2573 4334 2632 4388 in
2660 4339 2947 4390 senectute
2994 4334 3159 4404 bona,
3189 4338 3390 4409 plenus

107 4435 399 4508 ruptiones
418 4434 794 4494 Francorum;
824 4448 935 4501 qua
963 4430 1031 4484 de
1062 4445 1122 4483 re
1150 4428 1370 4494 Franci,
1404 4429 1702 4482 vehemen-

109 4529 191 4578 ter
220 4522 379 4587 irati,
409 4521 467 4576 in
492 4525 713 4576 tantum
736 4517 923 4573 odium
955 4523 1150 4571 contra
1177 4516 1340 4571 illum
1378 4522 1712 4572 exarserunt

111 4620 171 4668 ut
198 4616 444 4667 mortem
473 4610 592 4679 ejus
615 4613 736 4662 tota
754 4606 1019 4662 aviditate
1043 4610 1395 4677 appeterent.

179 4700 283 4754 llis
311 4698 385 4753 de
406 4704 532 4752 ortu
562 4694 804 4767 Crispini
835 4693 1183 4765 cognominis
1205 4692 1528 4765 praelibatis,
1561 4708 1711 4747 nunc

110 4789 225 4858 jam
254 4788 328 4842 ad
366 4802 486 4840 rem
518 4784 827 4848 veniamus,
862 4799 1052 4853 quam,
1087 4787 1149 4836 ut
1178 4798 1211 4836 a
1240 4781 1527 4836 veracibus
1575 4782 1713 4835 rela-

116 4878 333 4931 toribus
363 4874 704 4945 accepimus,
737 4871 1070 4943 simpliciter
1116 4871 1324 4924 referre
1366 4868 1709 4925 curabimus.

119 4965 183 5020 Et
210 4979 299 5020 est
325 4980 419 5019 res
439 4961 723 5017 memoria:
748 4960 937 5032 digna,
971 4965 1030 5014 et
1074 4958 1250 5014 beatae
1276 4958 1498 5013 Domini
1550 4957 1716 5013 Matri

121 5070 385 5126 congrua,
403 5068 527 5124 quae
558 5051 805 5105 humano
831 5048 1027 5121 generi
1057 5054 1185 5120 post
1211 5048 1387 5102 Deum
1416 5046 1717 5118 singulari-

124 5147 204 5199 ter
230 5150 319 5198 est
344 5141 608 5197 amabilis
635 5145 691 5194 et
715 5157 816 5211 per
846 5138 1049 5193 saecula
1077 5142 1283 5192 cuncta
1313 5135 1630 5190 laudabilis.

187 5232 509 5304 Inspirante
537 5229 775 5283 Domino
807 5229 922 5282 Deo
951 5232 1142 5281 nostro
1164 5227 1191 5280 J
1198 5242 1296 5280 esu
1327 5225 1570 5290 Christo,
1593 5240 1716 5279 om-

129 5321 279 5376 nium
309 5320 587 5374 bonorum
613 5323 861 5381 auctore,
888 5315 1114 5387 quidam
1146 5314 1325 5380 miles,
1359 5319 1623 5368 strenuus
1661 5318 1720 5367 et

129 5409 277 5464 dives
296 5407 626 5475 Herluinus,
652 5405 961 5478 postposita
982 5403 1274 5459 nobilitate
1302 5402 1715 5472 terrena,abje-

133 5505 216 5553 cta
234 5498 420 5554 saeculi
449 5512 673 5569 pompa;
697 5511 808 5567 qua
833 5500 963 5549 ante
986 5494 1148 5565 juxta
1169 5492 1395 5547 modum
1419 5499 1585 5547 suum
1608 5508 1720 5546 non

1790 4423 2031 4489 dierum,
2053 4429 2109 4477 et
2135 4422 2452 4484 sanctitate,
2471 4422 2727 4493 patribus
2751 4424 2869 4478 suis
2899 4425 3387 4497 appositus,hujus

1791 4513 1916 4568 vitm
1966 4511 2275 4566 terminum
2321 4510 2543 4567 clausit.
2596 4511 2661 4566 In
2700 4512 2867 4583 hujus
2905 4512 3089 4568 Patris
3133 4515 3389 4585 genitore

1792 4599 2319 4667 Willelmo,scilicet
2329 4599 2606 4670 Crispino,
2624 4601 2748 4670 jam
2767 4601 3025 4672 superius
3046 4620 3192 4675 saepe
3206 4604 3389 4659 nomi-

1794 4696 1945 4753 nato,
1974 4706 2064 4743 res
2080 4694 2242 4759 gesta
2272 4694 2375 4754 est,
2419 4688 2748 4743 excellentia
2775 4690 3032 4761 insignis,
3064 4692 3246 4748 relatu
3290 4693 3392 4748 mi-

1794 4781 2004 4847 rabilis,
2039 4788 2097 4835 et
2125 4797 2247 4851 qua:
2277 4781 2471 4834 deceat
2520 4779 2745 4835 Domini
2777 4780 3018 4836 Matrem
3048 4783 3110 4837 B.
3152 4785 3388 4840 Mariam

1796 4886 2019 4941 semper
2045 4869 2360 4939 Virginem,
2385 4884 2552 4939 quam
2590 4885 2690 4938 pro
2720 4869 2837 4924 suis
2862 4870 3080 4940 magnis
3110 4878 3168 4926 et
3195 4873 3390 4929 multis

1798 4958 2102 5022 beneﬁciis,
2135 4957 2518 5012 indesinenter
2545 4957 2740 5012 laudat
2773 4957 3067 5013 universus
3105 4966 3391 5018 terrarum

1799 5047 1968 5102 orbis.
2002 5047 2104 5101 llic
2131 5048 2278 5100 enim
2310 5045 2514 5100 nobilis
2540 5044 2639 5111 vir,
2675 5052 2740 5100 ut
2759 5046 2880 5118 jam
2905 5046 3167 5114 diximus,
3190 5066 3225 5104 a
3252 5049 3393 5106 duce

1801 5136 2322 5191 Northmannorum
2368 5134 2655 5190 Willelmo
2684 5134 2743 5190 in
2782 5141 2965 5191 castro
3015 5137 3203 5192 Melﬁa
3245 5155 3397 5193 mar-

1806 5225 1995 5280 chisus
2025 5225 2206 5279 fuerat
2238 5223 2577 5279 constitutus
2600 5231 2796 5279 contra
2816 5225 3078 5292 Francos,
3095 5227 3191 5297 qui
3208 5232 3395 5282 trans-

1800 5320 1997 5368 euntes
2040 5312 2209 5367 Ittam
2259 5312 2511 5379 ﬂuvium,
2546 5311 2747 5367 subitis
2794 5312 3009 5384 rapinis
3045 5313 3392 5371 Vilcasinum

1800 5400 2202 5460 devastabant;
2245 5400 2433 5472 ibique
2478 5407 2744 5473 posuerat
2800 5418 2963 5456 suam
3009 5402 3284 5459 familiam
3322 5404 3395 5460 ad

1804 5489 2016 5546 castelli
2045 5488 2380 5545 custodiam.
2414 5490 2815 5546 Verumtamen
2846 5495 3057 5546 terram
3086 5509 3254 5565 quam
3292 5493 3398 5548 ha-

136 5603 328 5661 parum
348 5587 715 5654 deﬂoruerat,
731 5583 985 5657 deposito
1013 5598 1236 5655 quoque
1265 5581 1480 5637 militiae
1498 5580 1724 5652 cingulo
1804 5579 1974 5635 bebat
1998 5578 2059 5637 in
2082 5577 2514 5648 Northmannia,
2559 5578 2620 5633 in
2670 5578 2996 5674 Lexoviymsi
3023 5597 3187 5653 pago,
3226 5582 3398 5641 certis
