3920 6370
578 344 686 402 739
1532 338 1632 394 AD
1672 338 1910 394 OPERA
1946 338 2011 393 B.
2051 332 2471 392 LANFRANCI
2508 335 2895 392 APPENDIX.
3721 343 3809 401 740

574 468 928 542 temporibus
968 465 1268 549 revisebat,
1312 470 1371 535 et
1405 461 1693 539 dispositis
1721 459 1889 529 rebus
1924 459 2529 533 reverte-Aetl'ugere;
2564 465 2622 515 et
2640 460 2839 541 inipso
2867 459 3065 547 mortis
3088 459 3283 520 limine
3314 461 3811 537 interceptus,cogor

575 552 746 630 batur
772 546 1050 623 Melftam;
1083 556 1141 611 in
1163 555 1347 609 eundo
1386 559 1595 633 autem,
1621 552 1706 605 vel
1735 548 2020 610 redeundo
2050 548 2177 632 Bec-
2258 548 2326 602 de
2357 549 2472 603 vita
2503 532 2819 629 desperare.
2846 536 2995 613 Quid
3025 544 3191 603 faeiet
3219 549 3326 603 iste
3354 549 3484 605 tuus
3511 532 3759 617 servulus,
3784 572 3810 608 ο

578 663 709 715 cum
746 662 856 705 non
883 645 1179 717 transibat,
1207 643 1341 721 quin
1373 640 1743 696 venerabilem
1779 639 2004 692 Patrem
2039 638 2175 691 Her—
2255 638 2461 691 intacta
2493 639 2702 695 Parens
2730 638 2852 703 Dei,
2884 637 3191 691 sacrarium
3224 637 3462 707 Spiritus
3490 640 3676 698 sancti.
3699 643 3811 712 quid

574 735 801 811 luinum
828 735 1059 805 videret,
1081 736 1138 786 et
1167 748 1291 785 cum
1320 749 1385 785 eo
1404 726 2168 803 loqueretur.Acciditautexii
2253 724 2417 779 faciet
2441 743 2606 803 quem
2645 726 2864 781 hostilis
2916 743 3131 780 cuneus
3175 726 3384 780 lanceis
3435 726 3731 799 insequitur
3766 738 3813 786 et

576 829 642 878 ut
698 808 921 889 rediens
958 824 1120 895 juxta
1166 837 1380 895 morem
1428 819 1497 889 de
1547 816 1699 887 terra
1754 832 1875 873 sua,
1931 814 2170 875 Domino
2250 813 2479 887 gladiis.
2544 815 2816 891 Succurre
2845 804 3055 887 itaque,
3116 816 3351 870 Domina
3418 816 3677 887 piissime,
3731 837 3814 897 per

577 910 929 995 disponente,
960 910 1199 997 qpadam
1224 908 1313 961 die
1342 906 1651 987 Dominica,
1684 904 1768 997 vii-
1794 901 1888 987 ille
1916 902 2168 985 devotus,
2255 903 2731 985 potestatem'qlua
2752 921 2810 959 es
2842 896 2993 977 apud
3020 894 3272 977 coele'Stes
3287 904 3547 975 gloriosa,
3571 907 3704 981 apud
3725 894 3814 975 ter.

575 990 916 1079 BecCensem'
954 982 1223 1069 inviseret
1275 984 1613 1071 ecclesiam,
1661 982 1743 1045 et:
1779 982 1937 1055 culmi
1974 982 2173 1069 abbate
2256 989 2481 1060 rigenas
2509 982 2831 1067 imperiosa,
2875 990 3022 1071 apud
3052 992 3261 1073 inferos
3291 993 3583 1061 terribilis;
3633 994 3812 1066 ubique

574 1088 834 1167 licentius
856 1070 929 1167 de
962 1078 1200 1167 negotiis
1231 1083 1348 1137 suis
1389 1087 1603 1153 ageret.
1645 1080 1751 1151 Qui
1781 1095 1907 1161 cum
1936 1074 2084 1132 inter
2109 1068 2168 1131 se
2257 1079 2521 1163 propitia,
2569 1078 2783 1151 ubique
2836 1068 3152 1155 magniﬁca,
3176 1068 3187 1073 ⁷
3208 1068 3413 1159 ubique
3481 1080 3813 1159 praeminens

571 1154 925 1251 familiariter
953 1152 1323 1253 contulissent
1364 1172 1432 1229 de
1472 1171 1541 1224 iis
1570 1187 1692 1242 quae
1722 1185 1811 1247 res
1853 1158 2171 1248 postulabat
2255 1152 2588 1224 auctoritate
2617 1175 2673 1222 et
2702 1152 2995 1243 majestate
3022 1171 3195 1245 regia,
3226 1152 3285 1224 et
3311 1152 3513 1240 innova
3538 1171 3593 1224 in
3622 1189 3705 1226 me
3729 1190 3815 1225 an-

572 1254 913 1343 nonessaria',
944 1262 1232 1344 licentiam
1275 1259 1519 1313 abeundi
1576 1256 1896 1333 postulavit,
1942 1260 2000 1309 et
2042 1272 2169 1326 cum
2252 1256 2422 1333 tiquaa'
2476 1257 2859 1317 subventionis
2914 1263 3025 1313 tuae
3071 1256 3361 1331 beneficia,
3383 1252 3639 1341 quianon
3683 1266 3816 1332 patet

571 1354 758 1431 gratia
776 1338 1012 1427 festinus
1032 1334 1315 1429 diSCessit;
1340 1364 1579 1421 cumque
1607 1344 2018 1421 aliquantulum
2041 1348 2172 1415 pro-
2255 1328 2554 1417 effugiendi
2592 1345 2699 1425 via.
2744 1347 2925 1400 Mater
2971 1328 3539 1423 misericordizefper
3568 1328 3815 1403 orationes

573 1424 852 1515 (gessisset,
871 1424 1142 1523 substitit,
1167 1444 1224 1492 et
1241 1426 1496 1519 protinus
1525 1436 1596 1507 ad
1635 1434 1891 1509 abbatem
1936 1433 2171 1487 reverti-
2252 1424 2539 1493 servorum
2571 1435 3007 1499 tuorum‘Becci,
3040 1434 3315 1499 Herluini,
3336 1436 3408 1490 et
3432 1430 3659 1509 fratrum
3686 1431 3815 1508 ejus;

571 1534 686 1587 tur.
712 1531 791 1607 De
817 1518 1190 1605 cujus'reditu
1220 1524 1532 1579 admiratus
1554 1524 1719 1599 homo
1743 1519 2170 1586 Dei,'resaluta-
2255 1522 2385 1604 dem
2413 1523 2539 1595 loci,
2572 1540 2813 1605 quorum
2842 1518 3191 1581 orationibus
3235 1522 3326 1578 me
3362 1542 3525 1579 mane
3564 1542 3816 1583 commen-

571 1624 666 1697 tus
694 1604 875 1676 abillo
895 1634 994 1670 cur
1012 1611 1836 1701 rediissetin‘quisivit.«Adhoc
1853 1610 2173 1683 redii.Cris-
2255 1609 2401 1693 davi,
2421 1604 2713 1667 Iiberaime
2741 1611 2811 1687 ab
2831 1613 2935 1666 hac
2962 1613 3223 1683 praesenti
3255 1615 3374 1683 jam
3409 1604 3647 1685 imagine
3687 1610 3816 1668 mor;

575 1706 743 1779 pinus
762 1707 1015 1787 ait,al_me
1029 1697 1927 1787 PaternutAmebenedicasmieque
1941 1697 2174 1757 tuisfra—
2256 1699 2346 1753 tis.
2381 1719 2406 1749 »
2435 1700 2773 1777 Hlujusmodi
2798 1701 3055 1756 Oratione
3093 1703 3152 1755 in
3180 1709 3478 1772 conspectu
3510 1702 3736 1768 Domini,
3772 1708 3818 1756 et

573 1778 841 1870 trumque
861 1778 1085 1848 tu'oruim
1107 1778 1453 1871 orationibus
1478 1789 2174 1865 commendem,quatenus
2190 1811 2236 1870 Β
2256 1790 2377 1861 ejus
2404 1790 2663 1873 gloriosae,
2688 1788 2878 1861 Matris
2908 1791 3103 1855 Marize
3127 1808 3254 1845 cum
3298 1797 3420 1846 tota
3455 1778 3650 1845 mentis
3681 1790 3818 1846 devo-

575 1901 678 1957 nos
702 1884 821 1939 Deo
850 1888 908 1937 et
935 1883 1057 2025 egus
1098 1881 1203 1969 piae
1256 1878 1527 1934 Genitrici
1558 1895 1646 1932 me
1675 1877 2002 1959 suppliciter
2021 1893 2176 1930 com-
2258 1878 2431 1942 tione,
2483 1885 2540 1933 et
2585 1895 2788 1955 magno
2819 1872 3067 1934 contriti
3092 1879 3279 1933 cordis
3316 1876 3529 1955 dolore,
3562 1880 3675 1934 sine
3701 1896 3817 1934 sono

575 1972 846 2025 mendare
860 1976 949 2025 stu
993 1971 1154 2025 eatis.
1181 1969 1335 2024 nMox
1360 1968 1442 2025 vir
1456 1967 1679 2022 Domini
1702 1966 2027 2025 Herluinus,
2057 1965 2177 2025 pie-
2258 1968 2407 2023 vocis
2447 1967 2672 2025 emissa,
2728 1966 2985 2025 anxiatus
3019 1972 3106 2025 est
3146 1968 3348 2025 spiritu
3379 1986 3522 2025 nene
3561 1986 3722 2025 usaue
3759 1967 3817 2021 ad

573 1972 846 2061 mendare
860 1965 1154 2041 studeatis.
1181 1969 1335 2024 nMox
1360 1968 1442 2029 vir
1456 1967 1679 2022 Domini
1702 1966 2027 2041 Herluinus,
2057 1965 2177 2037 pie-
2258 1968 2407 2043 vocis
2447 1967 2672 2034 emissa,
2728 1966 2985 2030 anxiatus
3019 1972 3106 2037 est
3146 1968 3348 2043 spiritu
3379 1986 3522 2041 pene
3561 1986 3722 2047 usque
3759 1967 3818 2021 ad

571 2054 707 2139 tatis
733 2046 1033 2136 visceribus
1074 2059 1131 2113 in
1172 2058 1482 2139 ferventem
1511 2056 1615 2108 viri
1650 2053 2002 2131 devotionem
2033 2054 2175 2107 miro
2258 2040 2520 2131 sudorem
2546 2056 2763 2121 mortis,
2790 2073 2917 2110 cum
2954 2056 3137 2110 subito
3160 2044 3197 2110 a'
3223 2040 3469 2112 sinistris
3497 2040 3736 2112 astitit‘ei
3759 2056 3816 2113 ad

573 2132 1081 2225 charitatis'aifectu
1098 2134 1539 2225 ‘praécordialiter
1562 2146 1745 2197 motus
1762 2160 1810 2196 ια
1826 2141 2170 2229 Βθφὰῐιςιυὶιῐ,
2256 2145 2382 2203 vita:
2409 2136 2669 2199 solatium
2693 2146 2946 2225 quaedam
2967 2145 3159 2215 virago
3172 2132 3468 2219 praeclara,
3491 2144 3638 2202 vultu
3645 2148 3821 2217 jucun-

571 2242 630 2311 te
652 2244 708 2292 et
727 2235 1273 2313 sancﬁssimmMatri
1294 2235 1414 2309 ejus
1427 2232 1905 2313 commendamus;
1934 2247 2172 2313 quorum
2256 2234 2350 2300 da,
2371 2240 2574 2295 ornatu
2596 2235 2748 2307 regio
2770 2234 3037 2307 speciosa,
3060 2233 3254 2289 subtili
3265 2240 3322 2289 et
3342 2230 3580 2291 candida
3615 2234 3819 2289 sindone

572 2310 631 2391 te
655 2308 820 2381 tuitio
852 2306 1127 2403 protegat,
1161 2306 1217 2401 et
1245 2340 1278 2379 a
1294 2306 1508 2379 cunctis
1530 2310 1960 2374 adversitatibus
1981 2306 2173 2390 poten-

572 2421 663 2471 ter
676 2414 994 2473 defendat.»
1009 2415 1073 2489 1n
1096 2413 1201 2467 hac
1222 2410 1607 2466 benedictione
1628 2409 1889 2469 conﬁsus,
1908 2406 2172 2467 osculatis

575 2504 779 2575 abbate
808 2511 865 2558 et
892 2502 1177 2559 fratribus.
1206 2518 1330 2554 cum
1375 2499 1540 2553 sociis
1566 2498 1635 2551 ad
1666 2498 1844 2552 locum
1885 2500 2168 2568 preperat,

578 2611 688 2675 quo
718 2574 800 2647 ire
828 2574 1091 2663 coeperat,
1123 2590 1191 2643 ad
1220 2595 1487 2654 castrum,
1520 2603 1637 2640 suae
1667 2585 1879 2640 scilicet
1906 2583 2171 2638 custodiae

574 2670 928 2761 deputatum.
948 2670 1030 2753 'At
1066 2694 1196 2731 vero
1218 2676 1439 2741 Franci,
1474 2675 1568 2746 qui
1601 2691 1631 2729 e
1658 2673 1885 2744 regione
1917 2672 2064 2730 ultra
2092 2674 2171 2726 It-

571 2775 692 2847 talm
713 2767 1163 2826 commanebant,
1181 2766 1373 2819 audito
1397 2763 1863 2834 quodWillelmus
1884 2761 2173 2832 Crispinus

573 2844 856 2933 transiens
871 2858 1188 2928 Sequanam
1205 2854 1260 2907 in
1279 2850 1750 2931 Northmanniam
1771 2849 2168 2916 descendisset,

573 2929 889 3021 conglobati
924 2926 984 3013 in
1009 2930 1206 3021 unum,
1239 2934 1474 2998 sollicite
1500 2926 1868 2995 observabant
1890 2940 2012 3008 ejus
2042 2937 2170 2993 red-

572 3016 740 3095 itum,
760 3016 885 3091 cum
896 3018 1058 3097 forte,
1078 3016 1198 3103 ipsa
1217 3024 1307 3084 die
1337 3046 1447 3102 qua
1476 3026 1879 3091 revertebatur,
1911 3027 1970 3080 in
1992 3026 2174 3086 vicina

575 3110 716 3180 silva
740 3125 797 3179 in
818 3121 1037 3188 insidiis
1062 3119 1317 3175 occultati
1338 3116 1756 3191 Operiebantur,
1775 3120 1840 3169 ut
1856 3113 2168 3173 venientem

576 3218 679 3272 aut
711 3200 995 3289 caperent,
1035 3214 1133 3262 aut
1163 3194 1530 3279 trucidarent.
1565 3205 1857 3275 Crispinus
1886 3203 1955 3257 ad
1986 3203 2169 3256 locum

574 3317 902 3377 pr0perans,
927 3315 1053 3357 cum
1077 3299 1193 3369 jam
1217 3313 1329 3375 non
1350 3297 1512 3371 longe
1534 3312 1569 3347 a
1588 3294 1785 3348 Castro
1806 3298 1974 3361 esset,
1990 3298 2171 3345 trans-

571 3388 675 3444 ivit
696 3390 860 3459 juxta
888 3386 1102 3464 silvam,
1146 3385 1202 3441 in
1237 3401 1347 3466 qua
1376 3384 1574 3456 Franci
1599 3382 1900 3466 latitabant
1935 3380 2004 3434 ad
2040 3396 2169 3434 eum

572 3462 1010 3541 interimendum
1068 3462 1294 3547 parati:
1349 3472 1447 3553 qui
1491 3462 1638 3555 m‘ox‘
1668 3470 1961 3526 cernentes
2000 3485 2166 3547 quem

573 3565 917 3640 quaerebant,
963 3569 1257 3639 surgentes
1315 3562 1384 3639 de
1434 3560 1654 3640 insidiis
1702 3560 1970 3614 audacter
2006 3559 2166 3613 illum

569 3638 875 3735 invadunt}.
906 3640 1040 3708 tunc
1068 3652 1201 3707 socii
1231 3636 1422 3706 relicto
1442 3636 1507 3704 eo
1527 3666 1720 3703 omnes
1736 3648 2000 3719 fugerunt
2029 3667 2041 3703 :
2072 3648 2165 3703 ille

566 3728 890 3829 praesidium
945 3743 1089 3821 fuga:
1139 3746 1421 3797 attentare
1462 3739 1668 3800 volens,
1699 3738 1977 3813 densitate
2015 3738 2165 3790 silvae

566 3825 1050 3913 praepediebatur;
1086 3830 1277 3913 sicque
1308 3825 1813 3905 interceptus,quia
1830 3842 1930 3878 nec
1948 3825 2160 3897 fugere,

564 3908 670 3977 nec
699 3921 958 3979 resistere
981 3908 1218 3981 valebat,
1251 3918 1320 3989 de
1342 3934 1485 3993 equo
1509 3915 1714 3981 exiliit;
1746 3921 1802 3968 et
1832 3914 2164 3968 necessitate

563 4010 886 4095 compulsus
914 4025 1085 4083 super
1104 4008 1350 4089 radicem
1393 4005 1584 4060 excisae
1605 4003 1837 4067 arboris.
1861 4020 1982 4074 quae
2005 4005 2167 4073 juxta

564 4091 713 4166 erat,
758 4098 992 4164 insedit;
1046 4096 1314 4165 habenas,
1349 4093 1552 4166 quibus
1584 4110 1791 4164 equum
1821 4091 2069 4162 regebat,
2103 4096 2166 4146 ut

565 4189 792 4263 quidam
814 4188 1028 4246 dicunt,
1047 4185 1239 4238 vicinae
1262 4183 1476 4265 arboris
1500 4181 1673 4237 ramis
1692 4181 1984 4253 appendit;
2015 4185 2071 4236 et
2104 4186 2167 4265 uit

2253 2322 2478 2388 amicta,
2507 2340 2632 2392 quae
2663 2322 2936 2376 manicam
2968 2339 3128 2377 suam
3155 2324 3444 2379 dexteram
3466 2323 3717 2397 expandit
3738 2340 3818 2377 su-

2253 2408 2354 2491 per
2374 2428 2522 2475 eum,
2544 2412 2726 2489 ethoc
2750 2411 3026 2466 velamine
3047 2413 3169 2483 ejus
3197 2412 3314 2467 fere
3336 2430 3538 2485 corpus
3563 2411 3820 2483 cooperuit

2254 2505 2457 2564 totum,
2484 2517 2615 2554 nam
2648 2500 2717 2561 ad
2744 2499 2911 2554 tibias
2942 2518 3123 2575 usque
3149 2501 3364 2556 medias
3385 2502 3488 2557 nOc
3501 2507 3714 2573 tegmen
3737 2500 3818 2555 de-

2255 2587 2572 2653 scendebat,
2607 2594 2663 2641 et
2692 2578 2842 2642 ultra
2868 2588 3187 2661 pertingere
3218 2606 3333 2643 non
3352 2586 3821 2644 valebat.Habebat

2256 2683 2382 2751 ὗεν)
2403 2680 2596 2739 autem
2625 2676 2827 2730 rubeas
2855 2677 3062 2749 caligas
3085 2686 3142 2731 et
3171 2677 3296 2732 ideo
3326 2675 3683 2735 contrahebat
3697 2694 3750 2733 se
3775 2680 3823 2732 et

2253 2765 2585 2835 stringebat,
2620 2771 2677 2841 et
2714 2769 2867 2820 totus
2897 2752 2963 2842 in
3003 2766 3186 2838 seipse
3229 2766 3514 2831 curvatus,
3561 2764 3823 2820 laborabat

2256 2858 2532 2941 quatenus
2564 2853 2732 2908 tibias
2760 2860 2818 2929 et
2854 2855 3026 2931 pedes
3060 2853 3165 2909 sub
3205 2855 3428 2910 manica
3457 2854 3620 2933 regite
3646 2854 3820 2931 puellae

2255 2942 2637 3024 absconderet,
2655 2960 2757 3004 nec
2783 2944 3022 3019 poterat.
3054 2944 3344 3005 Accedunt
3370 2945 3577 3017 hostes,
3594 2950 3649 3007 et
3663 2944 3821 2997 virum

2252 3032 2537 3108 inquirere
2583 3033 2790 3087 lanceis
2829 3037 2886 3093 et
2931 3050 3263 3088 mucronum
3292 3033 3613 3123 cuspidibus
3643 3033 3823 3088 accele-

2253 3119 2400 3202 rant,
2433 3128 2490 3177 et
2520 3122 2818 3193 pungendo
2844 3121 2948 3178 sub
2978 3119 3273 3180 frontibus.
3299 3128 3358 3178 et
3385 3119 3643 3187 arbustis,
3675 3128 3822 3197 atque

2250 3210 2468 3274 fruetis,
2503 3227 2681 3282 usque
2710 3210 2781 3264 ad
2812 3211 2934 3285 ejus
2967 3210 3136 3287 pedes
3170 3210 3254 3266 vel
3285 3212 3354 3265 ad
3379 3229 3580 3295 corpus
3599 3211 3823 3285 undique

2251 3297 2539 3375 infestant,
2565 3297 2661 3353 scd
2683 3297 3008 3365 nulloniodo
3027 3299 3210 3377 ipsum
3234 3300 3562 3371 tangebam.
3576 3298 3695 3371 Ipse
3712 3314 3823 3351 vero

2252 3403 2353 3457 per
2380 3386 2753 3447 munitionem
2781 3385 2955 3441 beatae
2983 3387 3084 3442 Dei
3115 3388 3438 3455 Genitricis,
3456 3387 3697 3444 inimicis
3723 3385 3823 3441 suis

2249 3474 2429 3533 factus
2460 3480 2546 3529 est
2573 3475 2886 3555 invisibilis,
2915 3482 2970 3530 et
2999 3475 3342 3553 admirantes
3368 3476 3655 3547 dicebant:
3677 3495 3700 3530 α
3719 3470 3823 3540 Quo

2251 3563 2425 3641 abiit?
2457 3562 2599 3636 Quid
2629 3550 2887 3618 devenit?
2916 3550 3179 3637 Nunquid
3208 3583 3335 3620 eum
3368 3566 3643 3647 viventem
3689 3570 3824 3620 terra

2247 3648 2537 3707 absorbuit
2554 3652 2578 3704 ?
2594 3653 2716 3707 Huc
2738 3644 2906 3718 venit,
2926 3653 3017 3707 hic
3040 3652 3167 3711 fuit.
3183 3655 3303 3723 Quo
3324 3644 3469 3728 fugit
3487 3662 3544 3710 et
3557 3651 3824 3715 abscessit?

2250 3741 2386 3821 Ecce
2409 3758 2587 3813 equus
2610 3738 2760 3821 illius
2779 3742 3247 3814 dependet,quem
3271 3742 3621 3814 insequimur
3643 3743 3821 3801 :hunc,

2248 3847 2312 3884 eo
2338 3847 2451 3911 non
2480 3828 2725 3890 invento.
2756 3831 2824 3884 ad
2849 3830 3250 3886 detrimentum
3274 3832 3430 3889 illius
3449 3832 3718 3909 subripiat
3742 3827 3823 3900 qui

2245 3920 2381 3973 vult.
2419 3906 2441 3970 ἰ
2474 3912 2548 3974 At
2574 3918 2657 3972 illi
2680 3918 2883 3992 quibus
2905 3926 3029 3979 erat
3045 3920 3236 3993 sanior
3254 3937 3417 3975 mens
3439 3904 3823 3994 responderunt

2247 4023 2359 4060 non
2388 4024 2448 4065 se
2477 4007 2692 4065 venisse
2718 4024 2925 4078 equum
2957 4024 3176 4079 rapere,
3225 4009 3323 4063 sed
3364 4009 3605 4073 hostem,
3638 4008 3683 4062 si
3716 4022 3824 4080 pos-

2248 4102 2392 4163 sent,
2424 4095 2689 4150 infestum
2717 4097 3010 4167 jugulare.
3051 4098 3305 4168 Cumque
3335 4097 3435 4152 diu
3463 4094 3820 4168 investigando

2246 4182 2405 4257 illurn
2436 4183 2785 4239 laborassent
2808 4184 2866 4238 in
2889 4167 3700 4257 vacuum,vesperascenteiani
3723 4183 3818 4244 die.

564 4277 660 4331 alii
684 4277 896 4341 volunt,
927 4273 994 4331 ad
1019 4258 1679 4353 a‘ugmentum‘miraculi,
1696 4287 1867 4324 manu
1897 4248 2156 4345 retinuit:
2247 4252 2462 4325 confusi
2490 4270 2559 4325 ad
2583 4271 2810 4351 propria
2838 4271 3142 4326 redierunt.
3166 4248 3323 4329 Tunc
3348 4272 3451 4327 illa
3474 4248 3714 4347 piissima
3740 4270 3821 4323 do-

564 4365 672 4420 His
703 4369 953 4445 arctatus
978 4346 1275 4432 angustiis,
1312 4352 1631 4426 Willelmus
1653 4357 1944 4429 Crispinus
1973 4375 2068 4412 cor
2095 4359 2165 4423 ad
2185 4363 2230 4420 D
2250 4354 2403 4441 mina
2438 4379 2449 4413 :
2483 4381 2504 4411 ι
2542 4346 2753 4421 scisne,
2784 4360 2993 4432 inquit,
3021 4362 3210 4425 homo,
3243 4361 3301 4415 in
3325 4346 3526 4419 mortis
3562 4357 3819 4441 angustia,

562 4430 743 4509 Deum
779 4440 941 4517 levat,
973 4430 1325 4525 Matremque
1357 4447 1751 4509 misericordiae
1774 4464 1978 4517 magna
2007 4447 2168 4502 devo-
2246 4430 2395 4509 unde
2423 4447 2522 4502 tibi
2552 4430 2928 4523 provenerunt
2965 4449 3087 4504 vitae
3117 4449 3411 4510 subsidia?
3449 4434 3614 4506 Nosti
3636 4430 3819 4503 nomen

561 4542 717 4598 tione
747 4540 950 4595 mentis
972 4539 1244 4615 reclamat
1270 4554 1282 4589 :
1316 4555 1341 4587 ί(
1365 4536 1602 4589 Domine
1632 4537 1765 4593 Jesu
1790 4534 2030 4595 Christe.
2064 4534 2161 4602 ait,
2250 4554 2588 4608 meum,qute
2613 4538 2716 4592 tibi
2749 4537 3059 4593 ministravi
3088 4538 3148 4595 in
3171 4538 3368 4593 mortis
3395 4540 3652 4621 angustia
3669 4532 3818 4605 respi-

563 4631 835 4705 miserere
884 4620 1011 4691 mei,
1055 4632 1112 4682 et
1168 4614 1270 4699 per
1328 4625 1531 4680 merita
1578 4623 1763 4677 Patris
1823 4624 2078 4707 tierluini
2108 4630 2165 4707 et
2246 4626 2408 4705 randi
2435 4626 2751 4683 solatium?
2796 4625 2916 4703 Ego
2954 4645 3080 4681 sum
3121 4626 3266 4681 bona
3300 4628 3403 4683 Dei
3441 4614 3636 4693 Mater,
3662 4624 3745 4681 cui
3769 4628 3817 4678 te

561 4700 800 4779 fratrum
830 4715 1182 4791 ejus,quibus
1215 4730 1304 4771 me
1325 4712 1656 4783 suppliciter
1682 4698 1853 4773 hodie
1876 4698 2162 4787 conamen?

560 4807 706 4879 davi,
750 4794 929 4862 libera
959 4823 1048 4860 me
1076 4802 1145 4858 de
1192 4804 1299 4857 hoc
1327 4800 1645 4879 imminenti
1672 4802 1916 4879 periculo
1941 4802 2158 4856 mortis.

561 4898 608 4954 Ο
647 4914 922 4977 generosa
948 4894 1141 4970 Virgo,
1173 4893 1389 4955 intacta
1430 4889 1657 4945 Domini
1698 4890 1895 4955 Mater,
1944 4891 2163 4963 suscipe

557 4974 824 5060 indignas
878 4983 962 5039 tui
1012 4980 1322 5057 peccatoris
1487 4977 1821 5061 precatoris]
1863 4997 2075 5061 preces,
2108 4986 2164 5061 et

559 5072 930 5135 contribulati
955 5067 1149 5125 cordis
1175 5067 1514 5129 sacriﬁcium
1556 5072 1686 5121 ante
1717 5068 1917 5130 Deum,
1947 5074 2005 5122 et
2031 5074 2162 5131 ante

557 5170 615 5220 te
648 5163 917 5219 ascendat
942 5161 999 5214 in
1030 5158 1260 5215 odorem
1293 5155 1603 5237 suavitatis.
1648 5155 1818 5227 Virgo
1857 5156 2157 5226 virginum,

557 5253 805 5327 Domina
826 5250 1176 5321 angelorum,
1210 5246 1258 5301 si
1292 5262 1402 5321 qua
1431 5244 1529 5298 tibi
1551 5261 1688 5303 cura
1714 5249 1797 5297 est
1813 5244 1882 5298 de
1901 5250 1999 5299 tuo
2027 5245 2166 5299 Bec-

558 5342 713 5407 censi
766 5339 1058 5403 Herluino,
1113 5334 1444 5419 suppliciter
1482 5334 1714 5393 obsecro,
1740 5339 1803 5386 ut
1842 5349 1875 5386 a
1902 5335 2163 5419 praesenti

558 5447 651 5485 me
678 5430 926 5505 liberare
955 5424 1207 5507 digneris
1224 5406 1421 5507 exitio.
1439 5424 1663 5502 Instant
1683 5412 1931 5505 undique
1949 5406 2156 5493 hostes,

553 5516 674 5597 jam
704 5518 774 5598 de
800 5534 925 5593 mea
954 5520 1154 5598 morte,
1186 5514 1282 5580 vel.
1326 5513 1588 5593 cautione
1614 5509 1936 5591 insultando
1965 5511 2164 5595 triam-

558 5584 837 5680 phantes;
866 5586 1131 5661 immittet
1154 5584 1393 5658 hostilis
1421 5584 1653 5669 manus,
1679 5584 1849 5674 quani
1890 5617 2004 5656 non
2032 5584 2165 5658 licet

2243 4713 2416 4800 abbas
2447 4715 2750 4793 Herluinus
2796 4721 2914 4770 toto
2950 4704 3121 4770 corde,
3143 4717 3575 4782 commendavit,
3618 4711 3817 4789 quando

2243 4796 2349 4857 hoc
2377 4811 2477 4858 tua
2505 4802 2742 4858 intentio
2766 4805 2966 4879 devote
2981 4796 3445 4876 postulavitallis
3461 4804 3815 4874 dictis,Virgo,

2244 4893 2519 4953 discessit.
2553 4892 2643 4948 Sic
2671 4894 2889 4975 spargit
2920 4894 3134 4965 Regina
3162 4894 3285 4949 caeli
3314 4893 3665 4975 sperantibus
3687 4894 3741 4946 in
3766 4905 3818 4943 se

2245 4981 2474 5063 odorem
2504 4976 2648 5047 vitae,
2693 4970 2773 5039 sic
2816 4983 3053 5037 attrahit
3094 4983 3164 5037 ad
3202 5000 3261 5037 se
3290 4970 3720 5038 innumerabiles
3746 4994 3814 5033 co-

2244 5070 2401 5141 piosa
2447 5071 2743 5147 charitate,
2781 5078 2839 5126 et
2889 5068 3173 5126 neminem
3215 5072 3482 5156 relinquit
3515 5069 3815 5155 inglorium,

2245 5158 2339 5241 qui
2354 5159 2550 5214 devote
2575 5162 2698 5239 ejus
2728 5161 2993 5241 implorat
3015 5158 3558 5223 auxilium.Coniites
3574 5155 3814 5231 Crispini,

2246 5238 2351 5329 qui
2389 5249 2589 5303 timore
2626 5238 2874 5304 hestium
2905 5249 2975 5304 ab
3026 5267 3091 5304 eo
3136 5248 3519 5322 profugerant,
3555 5248 3817 5303 venientes

2246 5336 2473 5421 domum
2518 5338 2671 5400 tristi
2718 5356 2944 5403 rumore
2974 5340 3328 5417 repleverant
3365 5339 3650 5417 oppidum,
3685 5330 3817 5407 quod

2244 5441 2439 5505 eorum
2456 5426 2715 5491 dominus
2736 5433 2835 5481 aut
2848 5427 3043 5499 captus
3063 5433 3227 5503 esset,
3246 5434 3344 5500 aut
3363 5433 3632 5487 mortuus.
3666 5422 3819 5478 Dolor

2241 5502 2442 5607 ingens
2468 5516 2740 5585 omnium,
2772 5517 2954 5601 luctus
2994 5498 3446 5595 incomparabilis
3489 5520 3610 5589 erat
3635 5529 3730 5596 per
3747 5516 3816 5565 to-

2396 5598 2710 5675 castellum,
2736 5590 3455 5680 cum'subito'prospiciunt
3485 5590 3814 5661 Willelmum
