3920 6360
117 337 216 396 741
1133 342 1232 398 DE
1271 344 1523 403 NOBILI
1561 344 1851 403 GENERE
1889 343 2405 402 CRISPINORUM.
3285 365 3391 424 742

115 463 436 538 Crispinum
468 482 638 536 super
662 482 869 536 equum
894 467 1231 528 venientem,
1257 475 1314 522 et
1352 488 1476 525 cum
1509 488 1712 542 magno
1730 471 1780 528 Α
1802 469 2083 538 ειτηΡίθοῖίς
2111 486 2314 540 magna
2337 473 2629 531 deVOtione
2647 481 2919 538 venerari
2947 484 3143 552 Vestes
3165 495 3220 543 et
3235 509 3386 562 que.-

111 553 319 622 gaudio
349 561 707 608 occurrentes
736 555 1047 624 suscipiunt
1079 556 1236 609 illum
1299 558 1576 614 laetantes.
1613 563 1714 614 llic
1795 573 2015 627 cunque
2037 559 2090 610 in
2115 563 2459 617 ornamentis
2490 566 2735 635 pretiosa
2763 569 3021 633 habebat.
3054 574 3110 628 in
3133 553 3269 633 usus
3299 553 3389 637 ec-

112 643 299 700 heros.
324 659 449 696 cum
477 650 640 697 antea
665 643 967 713 plurimum
996 645 1323 698 Beccensem
1358 657 1576 701 amaret
1612 651 1714 702 Ec-
1798 646 1980 699 clesize
2009 652 2065 699 et
2087 648 2324 702 fratrum
2361 654 2654 722 expendit;
2689 656 2982 730 ipsamque
3014 664 3237 721 Domini
3271 642 3390 725 Ma-

113 731 363 792 clesiam.
394 731 659 803 deinceps
690 733 792 785 hac
817 733 885 784 de
901 749 1066 785 causa
1097 751 1472 803 superomnes
1502 738 1710 794 dilexit.
1801 739 2028 798 trem,et
2047 737 2164 804 ejus
2185 739 2509 794 Beccensem
2531 745 2968 803 ecclesiam.toto
2994 754 3160 819 corde
3175 747 3386 815 dilexit.

113 825 170 873 et
202 820 274 872 de
305 819 472 873 rebus
511 820 628 873 suis
658 821 832 874 multa
867 822 924 873 in
956 839 1020 874 ea
1039 823 1152 874 Dee
1186 824 1554 879 servientibus
1581 843 1717 879 con-
1799 823 2068 877 Defuncto
2092 825 2206 878 viro
2239 828 2357 896 ejus
2383 829 2665 885 Willelmo
2706 840 2876 889 totam
2905 855 2964 892 se
2991 839 3058 893 ad
3087 843 3181 896 Dei
3215 849 3391 902 servi-

111 909 261 961 tulit.
300 909 478 972 Quam
513 909 866 962 dilectionem
898 910 1134 979 posteris
1163 912 1298 968 suis.
1333 913 1490 982 quasi
1542 915 1707 967 haere-

1798 911 1938 964 tium
1971 918 2097 976 €56
2127 917 2412 974 convertit.
2444 919 2631 972 vivens
2664 921 2721 975 in
2752 932 2944 980 sancta
2978 929 3264 1000 viduitate,
3310 938 3394 1006 je-

111 997 381 1050 ditariam
415 997 660 1067 reliquit,
690 998 764 1049 ita
799 1004 861 1051 ut
883 998 1136 1050 videatur
1161 1001 1305 1069 quod
1345 1001 1604 1064 infantes,
1649 1004 1716 1056 de
1795 999 1989 1067 juniis,
2015 1001 2236 1070 vigiliis,
2259 1009 2314 1057 et
2335 997 3390 1086 orationibusintenta,quantumscitus

111 1087 232 1154 ejus
274 1086 538 1155 progenie
561 1086 863 1148 venientes,
887 1087 1216 1140 Beccensem
1243 1087 1718 1158 diligantnatura-
1805 1087 1881 1138 νει
1916 1093 2050 1141 EBtﬂS
2084 1090 2422 1158 patiebatur,
2457 1112 2700 1162 Carnem.
2752 1107 2808 1154 εἰ
2850 1107 3178 1174 sanguinem
3212 1128 3389 1183 usque

109 1175 242 1227 liter
278 1175 579 1227 Ecclesiam
603 1193 614 1239 ;
650 1191 714 1227 ac
739 1175 785 1228 si
815 1192 942 1250 cum
974 1176 1116 1246 lacte
1143 1177 1327 1234 carnis
1358 1178 1600 1254 biberint
1629 1179 1715 1248 ip-
1799 1173 1866 1225 δά
1900 1175 2064 1228 ﬁnem
2088 1177 2210 1242 Vitae
2236 1195 2344 1232 ιιοη
2370 1189 2626 1250 gustans,
2649 1173 3034 1264 eleemosynas
3064 1199 3268 1252 multas
3296 1173 3390 1256 in-

109 1262 229 1314 sius
261 1263 609 1316 dulcedinem
643 1264 884 1327 amoris;
920 1264 1100 1332 ipsam
1116 1281 1336 1335 quoque
1368 1267 1584 1324 Domini
1606 1268 1715 1328 Ge-
1798 1261 2121 1334 digentibus
2155 1268 2360 1322 faciens
2388 1289 2399 1334 ;
2429 1279 2550 1339 post
2582 1261 2796 1345 aliquot
2827 1295 3004 1334 annos
3041 1300 3071 1336 a
3103 1287 3386 1343 Willelmo

109 1350 392 1408 nitricem.
418 1367 538 1420 quae
570 1368 669 1420 per
694 1356 873 1404 totum
898 1353 1167 1404 mundum
1194 1354 1522 1406 venerabilis
1552 1356 1716 1408 habe-
1798 1348 2240 1422 Rothomagensi
2274 1359 2692 1432 archiepiscopo
2723 1366 2919 1433 velata,
2958 1371 3013 1423 in
3045 1373 3386 1444 subjectione

109 1445 223 1501 tur,
261 1439 423 1508 quasi
452 1440 632 1492 solum
679 1440 838 1493 Becci
895 1441 1128 1502 colatur,
1161 1448 1413 1496 sanctam
1479 1444 1707 1498 Mariam

1799 1438 2087 1500 Beccensis
2107 1444 2341 1502 ceenobii
2368 1451 2679 1516 permansit
2707 1469 2883 1523 usque
2913 1459 2983 1512 ad
3031 1438 3289 1533 mortem,
3329 1473 3388 1523 et

107 1528 271 1582 Becci
322 1528 598 1587 invocant.
628 1534 685 1581 et
726 1528 1117 1598 deprecantur,
1152 1536 1208 1582 et
1259 1532 1546 1584 multoties
1593 1534 1713 1601 ejus
1794 1527 2058 1584 defuncta
2087 1533 2305 1601 sepulta
2333 1541 2418 1588 est
2439 1537 2598 1604 juxta
2624 1540 2802 1595 virum
2824 1561 3008 1600 suum.

106 1618 381 1670 auxilium
401 1617 615 1686 eXperti
645 1623 776 1669 sunt
803 1617 859 1669 in
886 1618 1315 1671 necessitatibus
1346 1620 1566 1674 suis.De
1589 1621 1713 1690 qui-
1867 1617 2076 1671 Horum
2101 1636 2273 1689 nepos
2301 1623 2369 1676 de
2401 1625 2515 1678 filio
2546 1627 2830 1700 Willelmo
2856 1636 3056 1690 tertius
3070 1641 3388 1700 Willelmus

104 1707 212 1762 bus
241 1709 450 1762 dicitur
478 1709 609 1779 quia
634 1710 962 1762 Beccensem
1001 1712 1319 1776 Ecclesium,
1348 1731 1473 1767 mox
1505 1714 1561 1766 in
1592 1715 1712 1785 ipso
1730 1781 1772 1796 ἢ
1797 1704 2109 1774 (ῘΓίδΡίηυες
2129 1709 2458 1778 originalem
2482 1731 2728 1771 amorem
2753 1722 2982 1777 trahens
3006 1743 3138 1796 erga
3156 1729 3388 1786 Beccen'

107 1804 258 1860 ortu,
287 1799 448 1868 quasi
503 1799 562 1851 in
621 1799 779 1851 cunis
827 1816 1007 1868 nuper
1038 1809 1224 1854 natam
1258 1810 1612 1872 exceperunt,
1655 1781 1772 1857 etB
1793 1810 1908 1845 sem
1945 1797 2233 1850 ecclesiam
2264 1799 2405 1853 miro
2437 1818 2558 1856 eam
2591 1807 2763 1861 coluit
2782 1811 3002 1866 affectu.
3036 1816 3146 1869 Iste
3175 1819 3390 1874 Willel-

107 1888 510 1948 educaverunt,
539 1893 707 1957 atque
744 1887 812 1939 ad
845 1889 1144 1957 perfectam
1175 1896 1394 1943 {etatem
1441 1893 1711 1968 perduxe-
1793 1898 1917 1969 mus
1947 1885 2235 1969 sangumis
2266 1890 3036 1967 Propinquitateiungebatur
3059 1907 3249 1960 comiti
3271 1909 3388 1962 An-

107 1982 281 2041 I-unt;
314 1975 743 2045 smnptibusque
777 1977 892 2028 suis
919 1994 1017 2045 ριτο
1053 1995 1217 2046 posse
1247 1981 1582 2048 εχιυιςιιμηί,
1609 1981 1711 2044 Hic
1792 1968 2160 2051 degavorum;
2195 1975 2431 2046 ideoque
2461 1979 2753 2038 familiaris
2797 1987 2878 2040 illi
2917 1997 3066 2058 erat;
3109 1994 3178 2047 ad
3218 2013 3387 2066 quem

108 2065 372 2133 egregius
396 2064 497 2126 vir,
517 2081 662 2134 saepe
693 2065 840 2117 fatus
865 2065 1182 2119 Willelmus
1205 2068 1511 2136 Crispinus,
1533 2069 1600 2121 ad
1625 2087 1712 2122 ex-
1792 2075 1916 2110 cum
1945 2078 2003 2112 $0
2032 2062 2335 2131 aliquando
2357 2069 2699 2134 οθηῒυίίεεθίν
2737 2080 2800 2126 Ut
2819 2077 2888 2129 ad
2919 2080 3180 2144 amicum.
3205 2062 3262 2138 el:
3291 2102 3386 2140 CO-

108 2162 354 2206 tremum
382 2153 626 2215 veniens,
662 2153 830 2212 misit,
863 2159 919 2206 et
943 2155 1158 2222 rogavit
1198 2162 1452 2212 sanctum
1485 2157 1711 2210 Patrem
1793 2163 1910 2200 mes
1936 2155 2130 2204 contra
2157 2154 2428 2222 QUOSdam
2481 2174 2610 2228 SUOS
2659 2160 2866 2228 bellum
2915 2177 3156 2236 gereret.
3192 2173 3286 2242 qui
3325 2175 3384 2228 in

107 2243 445 2296 Herluinnm
481 2241 667 2296 venire
690 2242 758 2295 ad
778 2259 856 2304 se,
891 2249 950 2296 ut
980 2243 1140 2297 daret
1163 2243 1268 2297 sibi
1300 2245 1584 2313 religionis
1606 2247 1709 2301 ha-
1791 2243 1945 2289 terra
1973 2255 2075 2291 $113
2103 2247 2298 2318 contra
2321 2242 2480 2316 illum
2535 2247 2900 2321 Peliellabant,
2930 2241 3224 2326 pugnabat
3242 2263 3386 2324 Wil-

106 2328 321 2389 bitum;
355 2329 616 2385 tardante
657 2337 842 2383 autem
893 2330 1110 2384 abbate.
1146 2332 1283 2386 vidit
1330 2333 1610 2386 daemones
1639 2335 1707 2388 ad

1792 2325 1993 2421 lelmus
2033 2345 2132 2396 pro
2154 2347 2238 2392 eo,
2269 2340 2541 2421 quantum
2567 2343 2806 2406 poterat.
2832 2325 3082 2411 Quadam
3119 2349 3209 2411 die
3233 2367 3387 2421 repe-

107 2437 168 2471 se
197 2418 439 2476 venisse.
475 2424 530 2471 et
569 2419 708 2482 duas
732 2419 1001 2481 macerias
1033 2421 1266 2481 nimium
1299 2423 1543 2476 excelsas
1564 2423 1707 2476 circa

1792 2416 1938 2466 riens
1971 2415 2177 2480 hostes,
2210 2418 2375 2482 irruit
2428 2422 2696 2490 audacter
2750 2427 2808 2484 in
2849 2446 2974 2495 eos;
3017 2439 3076 2491 at
3112 2435 3194 2489 illi
3228 2415 3388 2510 terga

107 2523 166 2560 se
199 2506 480 2560 aediﬁcare
531 2506 847 2570 Quibnsita
876 2509 1291 2575 arctabatur_ut
1320 2527 1428 2563 non
1460 2528 1520 2564 se
1554 2519 1710 2580 puta—
1795 2506 2234 2559 "emerunt-Sive
2251 2507 2472 2568 timore~
2499 2512 2966 2588 υίίυὲθνεηῐνεθιι
2999 2521 3295 2590 industria.
3321 2506 3390 2594 ll!

107 2603 196 2648 ret
224 2594 358 2648 inde
391 2611 552 2664 posse
585 2595 838 2659 evadere.
870 2613 992 2648 cum
1027 2614 1150 2649 ecce
1189 2598 1494 2667 aspiciebat
1544 2616 1707 2652 sanc-
1791 2607 1921 2644 eum
1979 2592 2196 2662 longius
2243 2596 2541 2653 abductum
2589 2619 2788 2676 capere
2831 2617 3074 2679 possent.
3106 2613 3255 2681 Quos
3290 2592 3387 2682 ille

107 2690 224 2735 tum
262 2683 650 2748 Benedictum,
683 2684 904 2752 signum
963 2685 1263 2740 Dominicae
1317 2689 1494 2740 crucis
1527 2690 1707 2744 mani-

1791 2679 2078 2735 inseeutus
2096 2683 2471 2753 aliquantum,
2496 2705 2526 2740 a
2545 2690 2660 2765 suis
2683 2692 2995 2769 disjunctus
3026 2707 3113 2766 est
3137 2721 3149 2768 ;
3173 2679 3386 2762 inimici

109 2773 212 2825 bus
235 2772 534 2836 ferentem,
560 2773 629 2824 ad
669 2790 727 2825 se
774 2774 1037 2826 accedere
1063 2793 1074 2838 ;
1123 2775 1187 2828 ad
1218 2776 1374 2842 cujus
1405 2779 1707 2833 adventum

1792 2768 2040 2822 videntes
2061 2771 2219 2824 illum
2241 2791 2301 2826 se
2333 2786 2756 2847 persequentem
2788 2768 2987 2850 solum,
3018 2805 3164 2864 unus
3190 2783 3385 2859 eorum

108 2861 205 2914 illa
233 2861 549 2915 daemonica
580 2862 873 2930 phantasia
902 2868 1021 2924 tota
1047 2865 1424 2919 evaneseebat.
1454 2867 1568 2922 Nec
1601 2886 1707 2921 mo-

1795 2873 2092 2912 conversus
2123 2877 2350 2930 equum,
2395 2865 2799 2928 cuiinsidebat.
2849 2861 3141 2943 percussit,
3175 2886 3233 2934 et
3285 2899 3386 2951 per

111 2967 189 3010 ra,
226 2950 526 3004 nuntiatur
560 2951 756 3004 adesse
813 2952 1102 3006 Beccensis
1149 2953 1321 3007 abbas
1375 2957 1707 3012 venerabilis

1793 2945 1969 2998 latera
1999 2949 2380 3007 transforavit.
2421 2953 2540 3017 Ille,
2573 2956 2751 3010 sciens
2781 2977 2986 3030 equum
3044 2966 3112 3018 ad
3143 2945 3381 3032 mortem

111 3040 442 3104 Herluinus,
474 3045 530 3092 et
578 3056 702 3094 cum
757 3057 821 3093 ρο
871 3041 1096 3109 quidam
1130 3044 1452 3106 monachus,
1484 3047 1708 3102 nomine
1731 3016 1772 3073 C
1794 3035 2166 3111 vulneratum,
2209 3055 2334 3092 mox
2363 3044 2532 3097 vertit
2577 3046 2841 3112 habenas,
2876 3057 2932 3110 et
2955 3069 3255 3123 conversus
3292 3076 3383 3113 re-

109 3127 450 3190 \\'il.lelmus,
501 3128 596 3197 qui
625 3133 817 3197 postea
851 3129 956 3182 luit
1000 3129 1171 3182 abbas
1222 3133 1634 3197 Cormeliensis,
1677 3151 1710 3188 a

111 3233 218 3286 quo
253 3217 374 3271 haec
403 3216 597 3272 audita
627 3218 906 3270 dicuntur.
932 3219 1192 3272 Narravit
1234 3237 1364 3289 ergo
1418 3223 1707 3292 Crispinus

108 3305 296 3362 abbati
328 3295 740 3370 ludiﬁcationes
771 3307 1108 3367 dmmonum.
1135 3315 1190 3362 et
1225 3310 1321 3361 Dei
1363 3311 1703 3380 adjutorium

109 3410 208 3462 per
230 3400 488 3446 sanctum
527 3393 885 3447 Benedictum
919 3395 1021 3447 sibi
1047 3395 1380 3464 impensum.
1413 3398 1568 3460 Tunc
1593 3399 1706 3452 fac-

109 3489 198 3534 tus
228 3490 316 3535 est
343 3483 650 3535 monachus
681 3489 737 3535 et
764 3490 889 3552 post
918 3501 1122 3553 paucos
1152 3486 1268 3537 dies
1302 3485 1416 3538 vita
1436 3486 1703 3553 discessit,

110 3578 163 3621 et
185 3570 456 3622 humatus
481 3570 643 3638 juxta
675 3571 956 3623 ecclesiam
989 3571 1084 3624 ubi
1106 3573 1410 3625 claustrum
1435 3575 1708 3627 zedilican-

110 3658 237 3710 dum
272 3665 418 3720 erat,
452 3658 737 3710 conlidens
794 3677 850 3711 se
905 3677 1004 3729 per
1052 3669 1298 3712 sanctam
1334 3662 1553 3714 Dor‘nini
1588 3664 1705 3716 Ma-

110 3755 246 3799 trem
272 3746 519 3799 Mariam
546 3763 702 3799 suam
735 3746 1129 3811 liberatricem,
1155 3756 1209 3802 et
1236 3767 1334 3819 per
1356 3749 1577 3803 beatum
1607 3751 1706 3804 Be-

111 3836 394 3889 nedictum
419 3836 662 3904 gratiam
687 3836 912 3901 Christi,
947 3843 1003 3890 et
1041 3838 1479 3892 misericordiam
1510 3856 1705 3894 conse-

109 3931 391 3978 cutururn.

303 4028 633 4079 EPITAPHIUM
663 4029 936 4066 Wll.LELMI
975 4031 1194 4068 CRISPISI
1229 4029 1496 4071 SENIOBIS.

177 4105 454 4157 iV'obz'liter
484 4107 651 4154 natus
674 4105 829 4155 mites
855 4105 967 4168 fuit
997 4104 1084 4155 hic
1124 4108 1452 4167 tumulatus,

256 4192 560 4252 Providus,
593 4195 642 4244 et
671 4194 852 4257 fortis,
881 4195 1125 4245 moribus
1149 4199 1310 4261 atque
1334 4197 1554 4262 probus.

181 4283 288 4348 Qui
312 4297 381 4333 ne
403 4281 648 4332 mundus
677 4296 801 4332 eum
823 4286 991 4348 posset
1013 4284 1358 4349 submergere
1375 4300 1575 4350 secum,

251 4371 374 4424 Huc
388 4374 616 4436 portum
636 4371 822 4430 subiit,
858 4372 1156 4423 monachus
1183 4372 1271 4424 hic
1299 4374 1450 4425 obiit.

178 4461 316 4512 Jam‘
338 4463 462 4526 post
487 4459 688 4521 Nonas,
720 4473 785 4511 ac
815 4463 920 4512 tres
948 4464 994 4510 et
1026 4465 1268 4526 quatuor
1290 4461 1472 4524 horas,

253 4549 394 4600 Cum
407 4550 532 4612 jam
564 4548 888 4613 complesset,
922 4550 1222 4615 quintaque
1237 4551 1361 4616 jam
1385 4552 1552 4615 fieret.

178 4638 395 4689 Parvus
417 4639 533 4687 crat
559 4637 762 4698 Barrus,
799 4653 923 4689 cum
947 4652 1184 4704 partum
1216 4641 1437 4691 nomine
1455 4641 1630 4705 rebus,

249 4724 575 4790 Sumptibus
601 4740 706 4777 esse
734 4726 868 4782 suis.
903 4727 1102 4778 extulit
1132 4730 1191 4777 ut
1212 4729 1409 4792 potuit.

179 4813 316 4866 Noto
346 4813 638 4878 Crispinus
668 4814 853 4877 fuerat
873 4815 1191 4879 cognomine
1211 4815 1408 4876 dictus,

251 4901 488 4954 Nomine
528 4901 854 4963 Witlelmus,
878 4903 988 4964 cui",
1027 4903 1180 4966 Deus,
1215 4908 1318 4955 esto
1344 4906 1492 4970 pius.

182 4989 296 5042 Iste
324 4987 648 5041 \Vlllelmus
674 4989 965 5058 Crispinus
999 4989 1193 5044 habuit
1214 5007 1462 5057 uxorem,
1480 4992 1706 5048 nomine

122 5077 303 5134 Evam.
330 5093 542 5146 genere
562 5082 617 5130 et
639 5077 883 5131 moribus
903 5078 1008 5132 sibi
1035 5085 1464 5148 competentem,
1498 5081 1566 5134 de
1597 5099 1708 5152 qua

119 5166 306 5232 genuit
319 5165 718 5229 Gislebertum,
745 5167 1068 5236 praedictum
1085 5169 1245 5222 West
1262 5170 1584 5226 Monasterii
1615 5171 1708 5224 ab-

123 5253 320 5318 batem,
347 5262 402 5308 et
432 5253 573 5307 alios
601 5255 808 5324 plures.
844 5256 975 5310 Ilaec
1015 5257 1124 5310 Eva
1153 5257 1223 5310 de
1267 5265 1435 5326 gente
1463 5259 1706 5315 Franco-

122 5360 258 5409 rum,
277 5343 445 5398 claris
463 5344 744 5398 natalibus
776 5361 828 5414 p1
842 5345 1084 5414 ogenita,
1119 5352 1416 5416 postquam
1449 5349 1709 5417 prmdicto

125 5433 304 5504 nupsit
350 5433 657 5498 Willelmo,
710 5435 830 5503 ejus
883 5451 942 5486 se
1007 5442 1204 5504 aptans
1263 5436 1512 5490 moribus
1546 5436 1711 5507 coepit

125 5521 446 5575 Beccensem
478 5522 766 5575 ecclesiam
788 5523 1170 5592 praeomnibus
1207 5542 1420 5592 amare,
1451 5525 1710 5582 abbatem

127 5617 178 5664 et
228 5611 556 5677 monachos,
589 5611 750 5683 quasi
789 5628 853 5666 ex
891 5628 952 5667 se
985 5613 1206 5683 genitos
1235 5615 1369 5676 totis
1406 5615 1710 5679 visceribus

1791 3127 2055 3188 trorsum,
2089 3126 2398 3183 calcaribus
2428 3147 2633 3201 urgens
2664 3138 3042 3208 cornipedem,
3068 3144 3231 3210 celeri
3251 3145 3386 3216 fuga

1791 3211 1860 3264 ad
1894 3229 2022 3265 suos
2055 3216 2257 3268 reverti
2289 3220 2616 3274 conabatur.
2643 3225 2871 3290 Beatam
2896 3229 3117 3285 Domini
3149 3211 3382 3290 Matrem

1790 3297 2166 3378 inclamitans.
2217 3321 2348 3358 voce
2391 3325 2634 3380 magna:
2676 3333 2697 3368 α
2734 3316 2939 3370 Sancta
2987 3299 3164 3382 Maria
3201 3299 3380 3390 Becci,

1790 3389 1993 3460 adjuva
2042 3409 2150 3454 me,
2200 3401 2388 3448 sancta
2422 3398 2597 3453 Maria
2627 3402 2805 3467 Becci,
2837 3406 3038 3478 adjuva
3071 3427 3179 3464 me.
3227 3432 3248 3463 ι

1790 3478 2142 3544 vociferando
2192 3486 2446 3551 pervenit
2495 3489 2564 3542 ad
2614 3493 2892 3560 quoddam
2946 3497 3238 3568 fossatum,
3274 3478 3384 3574 quo

1791 3569 2005 3637 perpeti
2037 3571 2180 3623 saltu
2213 3576 2561 3641 transmisso,
2595 3582 2749 3648 quasi
2776 3584 2891 3651 jam
2920 3589 3218 3644 securitate
3248 3569 3388 3662 poti-

1789 3664 1880 3708 tus
1911 3657 2107 3736 cecidit
2135 3667 2412 3738 mortuus.
2434 3665 2548 3718 Hoc
2578 3667 2724 3720 idem
2753 3671 3070 3729 Willelmus
3096 3657 3385 3750 Crispinus

1789 3762 1889 3814 pro
1912 3763 2116 3815 magno
2132 3749 2419 3807 miraculo.
2438 3754 2505 3806 ad
2532 3756 2797 3811 honorem
2822 3761 2917 3813 Dei
2944 3770 2999 3816 et
3026 3765 3147 3834 ejus
3177 3749 3383 3825 sancta:

1790 3834 2107 3895 Genitricis,
2144 3853 2374 3896 narrare
2421 3843 2618 3896 solitus
2675 3853 2814 3910 erat,
2849 3852 2995 3917 quod
3028 3868 3203 3922 equus
3242 3874 3385 3926 pene

1788 3930 2063 3988 mortuus,
2088 3928 2400 3994 proﬂuente
2441 3930 2570 3990 hinc
2604 3932 2731 3987 inde
2770 3936 3010 3991 ubertim
3042 3945 3315 4012 sanguine
3350 3963 3387 4002 ε.

1784 4010 2073 4076 lateribus,
2109 4030 2208 4082 per
2237 4014 2346 4069 duo
2376 4016 2490 4070 fere
2514 4019 3031 4093 milliariaportavit
3048 4010 3175 4083 eum
3206 4033 3275 4086 ad
3300 4039 3388 4088 tu.-

1784 4105 1904 4152 tum
1938 4101 2141 4154 locum.
2178 4103 2446 4172 Equidem
2479 4123 2654 4176 equus
2685 4110 2824 4179 ipse,
2857 4120 2923 4167 ut
2966 4115 3171 4180 aiebat,
3209 4121 3386 4178 nimia

1790 4189 2083 4242 velocitate
2112 4191 2351 4259 vigebat.
2375 4195 2470 4248 sed
2505 4202 2616 4248 tam
2648 4199 2889 4253 velocem
2938 4219 3225 4275 nunquam
3257 4228 3386 4268 eum

1787 4275 2093 4330 invenerat.
2128 4279 2280 4332 Idem
2305 4283 2638 4347 \Villelmus,
2674 4275 2870 4356 postea
2905 4299 3122 4362 captus.
3171 4314 3299 4356 cum
3325 4301 3387 4357 in

1721 4373 2008 4432 Dcarcere
2037 4367 2131 4420 diu
2162 4374 2452 4424 teneretur
2502 4373 2647 4442 ferro
2703 4379 3059 4447 constrictus,
3096 4384 3300 4446 timore
3329 4397 3387 4446 et

1794 4470 2000 4523 angore
2026 4464 2268 4522 coactus,
2293 4464 2458 4523 vovit,
2507 4463 2549 4515 si
2582 4464 2734 4518 Deus
2753 4483 2882 4522 eum
2905 4470 2975 4523 de
3015 4471 3120 4529 hac
3146 4476 3386 4534 tribulae

1792 4543 1944 4597 tione
1963 4545 2244 4611 liberaret,
2271 4550 2418 4617 quod
2447 4550 2557 4604 iret
2582 4554 2897 4610 Jerusalem
2936 4560 3052 4620 Nec
3075 4565 3249 4620 multo
3263 4574 3389 4638 post

1791 4650 2066 4701 egressus,
2091 4634 2232 4687 liber
2261 4637 2328 4689 de
2357 4655 2597 4706 carcere,
2633 4646 2846 4715 accepit
2892 4665 3132 4717 crucem,
3162 4634 3386 4725 signum

1788 4722 2044 4778 videlicet
2058 4724 2228 4778 eundi
2249 4726 2579 4787 Jerusalem.
2603 4731 2725 4786 Mox
2745 4733 2824 4802 ita
2846 4725 3096 4795 mutatus
3116 4749 3202 4800 est
3217 4722 3388 4802 berbo

1791 4819 1847 4864 et
1875 4828 2043 4879 Opere
2070 4820 2134 4865 ut
2161 4818 2312 4868 totus
2345 4815 2528 4869 subito
2553 4818 2836 4876 videretur
2849 4825 3144 4897 alteratus,
3174 4835 3388 4890 cunctis

1792 4899 1887 4969 qui
1911 4900 2013 4953 hoc
2028 4900 2292 4956 videbant
2304 4903 3056 4974 mirantibusproticiscendi
3079 4921 3385 4978 terminum

1790 4989 1978 5058 posuit
1995 4989 2063 5042 ad
2083 4991 2321 5060 primam
2342 4992 2698 5052 festivitatem
2727 5001 2904 5054 sancti
2926 5003 3230 5074 Michaelis;
3251 5028 3386 5070 sane

1790 5077 2024 5147 rogabat
2043 5079 2218 5143 Deum
2253 5086 2308 5144 et
2338 5088 2588 5142 sanctam
2626 5085 2861 5141 Matrem
2914 5091 3052 5158 ejus,
3087 5103 3384 5170 quatenus,

1791 5168 1835 5220 si
1867 5167 1926 5220 in
1959 5167 2047 5220 via
2091 5169 2397 5224 moriturus
2433 5178 2572 5235 erat,
2608 5181 2909 5246 antequam
2943 5183 3218 5249 proﬁcisci
3246 5167 3387 5244 inci;

1791 5261 1969 5325 perelt,
2006 5263 2336 5316 moreretur.
2367 5275 2477 5328 quo
2500 5260 2732 5326 Beccum
2775 5265 3014 5331 delatus,
3049 5269 3196 5326 inter
3223 5283 3388 5334 ante-.-

1795 5366 2041 5403 cessores
2072 5366 2203 5404 suos
2250 5351 2464 5419 jaceret
2509 5353 2792 5414 humatus.
2829 5359 2988 5422 Quod.
3043 5363 3192 5430 Deus
3224 5369 3388 5437 juxta

1792 5437 2099 5492 bonitatem
2124 5455 2304 5498 suam,
2331 5439 2472 5494 sicut
2518 5443 2759 5514 petebat,
2795 5446 2874 5500 illi
2916 5453 3205 5509 concessit.
3240 5458 3387 5516 Nam

1792 5527 2120 5580 infirmitate
2135 5536 2442 5600 correptus,
2464 5531 2745 5587 hominem
2766 5537 2918 5603 exuit
2937 5537 2992 5616 in
3009 5540 3196 5611 vigilia
3209 5553 3388 5614 sancti

1791 5615 2079 5671 Michaelis
2105 5622 2306 5688 quarto
2336 5618 2573 5686 Kalend.
2602 5621 2878 5692 Octobris,
2993 5615 3139 5693 sicut
3164 5615 3390 5702 ἀθεωέζ
