3920 6354
552 256 673 360 ’743
1516 297 1614 352 ΛΒ
1654 297 1893 354 OPERA
1930 300 1996 355 Β.
2038 301 2131 356 LA

2223 300 2455 357 'RANCI
2492 301 2882 360 APPENDIX.
3739 303 3841 362 744

559 430 805 489 raverat,
832 429 1009 496 utque
1044 421 1291 477 moriens
1332 426 1693 493 praeceperat,
1733 423 1823 479 die
1872 441 1986 496 qua
2022 425 2487 497 pro-Aadduxit,
2515 432 2580 483 ut
2602 427 2840 483 firmiori
2875 427 2987 482 ﬁde
3024 432 3083 483 et
3120 427 3433 485 ardentiori
3488 446 3687 486 amore
3722 430 3842 500 ejus

558 515 839 571 fecturum
867 530 929 569 se
956 513 1191 567 dixerat.
1219 511 1511 564 Portntum
1556 516 1641 564 est
1686 528 1887 583 corpus
1931 515 2052 584 ejus
2090 515 2160 568 ad
2242 515 2487 569 audeant
2512 516 2815 587 implorare
2836 517 2894 571 in
2932 517 3050 571 suis
3074 518 3503 574 necessitatibus
3543 519 3835 583 auxilium,

563 604 851 659 dominam
910 619 1071 657 suam
1125 604 1376 655 sanctam
1430 599 1759 654 Beccensem
1806 601 2061 666 Mariam,
2105 610 2163 657 et
2243 609 2519 673 quatenus
2544 622 2641 675 per
2670 605 2846 676 ipsius
2902 606 3361 661 intercessionem
3395 624 3734 679 recuperare
3757 626 3843 663 va-

553 694 862 764 juxtasuos
879 696 1069 763 patres
1091 686 1639 759 sepultum.Talibus
1686 687 1968 745 beneficiis
1995 692 2163 747 beata
2242 692 2399 746 leant
2439 693 2566 747 Filii
2593 694 2681 748 sui
2704 694 2926 748 Domini
2960 696 3136 749 nostri
3164 696 3292 750 lesu
3325 697 3535 751 Christi
3574 698 3839 768 gratiam,

561 780 917 852 Deigenitrix
930 796 1110 851 genus
1123 776 1530 847 Crispinorum,
1550 781 1607 829 et
1626 776 1764 830 alios
1794 781 2156 851 quamplures
2241 781 2338 851 qui
2369 781 2505 836 vivit
2532 788 2589 835 et
2644 789 2845 853 regnat
2882 800 3011 837 cum
3062 784 3251 852 Patre,
3305 792 3364 839 et
3403 786 3621 857 Spiritu
3647 794 3842 842 sancto

561 870 828 941 cujusque
849 869 1080 935 ordinis,
1105 874 1162 922 et
1173 863 1419 937 generis,
1439 865 1510 919 ad
1530 881 1691 920 suam
1712 866 2153 926 familiaritatem
2236 869 2387 924 Deus
2415 870 2475 925 in
2495 872 2720 926 saecula.
2747 873 2944 926 Amen.

1164 1186 1287 1248 "
1423 1193 1833 1322 VITA
1931 1194 2064 1327 S.
2172 1189 3164 1324 AUGUSTINI

553 1421 901 1488 HONACHI
948 1421 1476 1500 BENEDICTINI,
1532 1422 1755 1484 PRIMI
1824 1423 2534 1487 CANTUARIENSIUM
2609 1426 3209 1490 ARCHIEPISCOPI
3252 1428 3354 1489 ET
3390 1426 3835 1492 ANGLORUM

1995 1529 2376 1590 APOS'I‘OLI
2389 1576 2403 1591 .

1677 1688 1785 1749 Ea:
1826 1696 2054 1749 vet.ms.
2092 1687 2404 1751 Beccenst's
2432 1690 2706 1755 abbatissa

1574 1937 2162 2035 PROLOGUS
2218 1940 2337 2031 IN
2411 1939 2807 2036 VITAM.

626 2154 760 2219 Quae
788 2155 858 2209 de
879 2154 1052 2226 ipsius
1073 2152 1241 2224 primi
1264 2151 1569 2222 Anglorum
1603 2148 1940 2203 institutoris
1969 2149 2218 2218 Augu-B
2239 2155 2484 2219 paternae
2511 2150 2824 2205 dilectionis
2854 2152 2984 2206 filiis
3011 2151 3535 2209 obsecundaremus.
3568 2156 3642 2209 At
3681 2156 3835 2210 hunc

552 2242 688 2297 stini
718 2243 835 2297 vita
856 2250 914 2297 et
936 2242 1112 2313 signis
1135 2239 1468 2295 venerabilis
1489 2239 1653 2293 Bedae
1676 2238 1957 2309 depromit
1982 2238 2154 2291 histo-
2238 2238 2487 2293 libellum
2521 2241 2812 2311 paululum
2843 2243 3242 2309 contraximus,
3298 2250 3364 2298 ut
3394 2244 3545 2298 inter
3571 2244 3746 2298 divini
3777 2250 3834 2300 et

552 2331 640 2385 ria
672 2329 822 2399 (79'),
855 2348 1090 2403 quaeque
1116 2329 1186 2384 ab
1243 2330 1365 2401 ipso
1411 2327 1792 2399 praetermissa
1822 2326 1878 2380 in
1903 2325 2027 2381 aliis
2056 2343 2152 2381 co-
2234 2328 2718 2383 humaniconvivii
2738 2330 3032 2394 solemnia,
3069 2331 3326 2403 benignis
3348 2338 3404 2387 et
3421 2333 3687 2388 fraternis
3716 2332 3837 2405 (8?)

555 2418 772 2474 dicibus
801 2420 1035 2474 vetustis
1067 2418 1398 2489 reperimus,
1432 2416 1755 2471 fidelissime
1784 2421 1976 2470 nostro
2019 2416 2155 2469 mal-
2235 2416 2547 2487 hospitibus
2604 2418 3076 2490 obtemperemus.
3131 2421 3310 2476 Simul
3340 2420 3509 2475 etiam
3538 2423 3662 2477 alia;
3696 2440 3831 2477 con—

554 2508 698 2562 leolo
729 2509 1068 2563 recudimus.
1100 2508 1235 2572 Quae
1292 2507 1461 2560 etiam
1517 2512 1644 2576 post
1672 2506 1792 2575 ejus
1843 2505 1915 2559 ad
1960 2504 2151 2560 sidera
2188 2492 2195 2497 Χ
2231 2506 2468 2560 fratrum
2502 2507 2779 2573 Ecclesiae,
2828 2525 2930 2579 per
2972 2509 3122 2564 hunc
3167 2526 3437 2565 oceanum
3478 2510 3718 2575 diffusae,
3761 2512 3830 2565 ad

552 2597 905 2669 triumphum
943 2598 1225 2652 declarata
1261 2613 1327 2650 ac
1353 2595 1631 2665 descripta
1658 2594 1917 2664 legimus,
1951 2594 2145 2651 eadem
2232 2612 2371 2665 quas
2398 2596 2515 2649 haec
2540 2596 2840 2666 contigerit
2883 2598 3191 2668 pervenire,
3234 2599 3421 2653 nativo
3473 2601 3833 2670 congaudeat

552 2685 826 2757 probabili
854 2686 963 2740 fide
983 2685 1363 2756 adjungimus.
1386 2684 1520 2747 Quae
1540 2699 1665 2737 vero
1697 2683 2142 2754 praesentialiter,
2230 2690 2717 2756 amore,tanquam
2740 2686 2827 2739 sui
2845 2687 3831 2757 profoparentisﬁliae.Verumtamen

549 2774 787 2829 testibus
836 2774 1076 2846 papulis,
1101 2780 1157 2828 et
1209 2771 1732 2845 probatissimarum
1777 2789 2144 2843 personarum

547 2861 823 2918 indicibus
852 2863 1045 2928 oculis,
1084 2863 1207 2916 luce
1244 2860 1450 2915 clarius
1495 2861 1746 2924 rutilant,
1796 2864 1914 2915 suis
1974 2861 2145 2915 radiis

546 2952 837 3006 credentes
857 2953 1162 3017 illustrant,
1183 2950 1505 3005 haesitantes
1525 2950 1905 3004 reverberant.
1938 2951 2141 3004 Posse-

546 3057 669 3096 mus
685 3046 741 3095 et
762 3041 1160 3113 inspectorum,
1180 3045 1237 3095 et
1255 3045 1577 3095 curatorum
1599 3040 1867 3111 pleraque
1887 3045 2143 3094 retexere

544 3131 666 3185 loca
695 3137 752 3186 et
779 3131 1029 3196 nomina,
1053 3129 1162 3184 nisi
1213 3134 1427 3183 vetaret
1473 3145 1702 3183 nausea.
1740 3130 1922 3199 Super
1950 3129 2142 3183 omnia

542 3218 694 3274 beati
750 3220 1005 3290 Gregorii
1053 3218 1256 3272 cadent
1310 3218 1636 3273 testimonia
1679 3216 1789 3282 (80)
1823 3234 1835 3270 :
1870 3217 1966 3288 qui
1995 3218 2144 3272 hunc

542 3308 766 3379 scriptis
794 3308 1043 3362 declarat
1097 3306 1334 3377 plurima
1382 3313 1637 3378 patrasse
1662 3307 1842 3377 signa.
1880 3307 2010 3360 Haec
2039 3307 2141 3360 ita-

540 3412 649 3467 que
699 3412 821 3467 quze
887 3396 1143 3462 lectione,
1186 3397 1269 3451 vel
1325 3396 1446 3451 visu
1510 3396 1785 3461 novimus,
1846 3395 1955 3449 alio
2000 3395 2141 3449 libro

537 3485 715 3540 fusius
769 3485 1127 3557 exposuimus
1190 3484 1326 3557 (8|),
1393 3490 1671 3557 quatenus
1729 3483 2141 3539 insatiabilibus

2229 2789 2400 2844 super
2426 2772 2531 2827 hoc
2585 2773 2901 2845 compendii
2930 2775 3301 2846 propositum,
3337 2775 3495 2829 video
3540 2784 3830 2831 crescente

2229 2861 2409 2916 Elisazi
2454 2861 2576 2916 oleo
2630 2864 2975 2932 superfluere
3018 2880 3115 2918 vas
3156 2881 3365 2919 meum.
3399 2865 3642 2920 Oremus
3695 2883 3831 2937 ergo

2226 2967 2421 3005 omnes
2456 2951 2865 3006 eruditissimos
2893 2969 2958 3006 ac
2989 2952 3415 3023 benignissimos
3441 2954 3720 3018 doctores,
3769 2972 3833 3010 ac

2225 3040 2526 3112 discipulos
2568 3039 2871 3095 Dominicze
2918 3041 3137 3107 scholae,
3178 3047 3243 3097 ut
3286 3042 3422 3110 haec,
3467 3048 3586 3097 tam
3644 3043 3831 3099 lucide

2225 3127 2606 3199 comprobata,
2641 3143 2750 3182 non
2784 3129 2963 3183 solum
3006 3145 3119 3183 non
3162 3135 3409 3185 renuant
3450 3130 3702 3196 credere,
3738 3148 3837 3186 ve-

2227 3234 2352 3272 rum
2376 3217 2545 3272 etiam
2585 3217 2750 3288 plena
2779 3216 3166 3273 benevolentia
3194 3219 3414 3290 paterni
3440 3220 3676 3275 affectus
3705 3237 3834 3277 sus-

2229 3307 2434 3377 cipere,
2472 3306 2706 3377 jugique
2728 3306 2855 3373 ﬁde,
2885 3313 3081 3361 contra
3117 3308 3421 3379 improbos,
3452 3309 3723 3364 studeant
3751 3325 3835 3364 ce-

2229 3395 2464 3451 lebrare.

1612 3639 2122 3734 INCIPIT
2198 3639 2557 3735 VITA.

603 3832 825 3887 Fortem
851 3835 1133 3885 armatum
1184 3827 1344 3898 cujus
1385 3825 1618 3895 atrium,
1650 3825 1932 3893 mundus;
1975 3827 2137 3896 cujus

536 3923 979 3985 firmamentum,
1002 3934 1179 3988 regna
1204 3923 1507 3983 terrarum;
1543 3916 1704 3983 cujus
1736 3915 2135 3986 praeda,genus

528 4009 882 4064 humanum:
924 4013 1118 4062 noster
1147 4010 1399 4060 armatus
1424 4004 1482 4058 in
1510 4009 1704 4058 nostra
1751 4004 1921 4058 etiam
1972 4004 2132 4057 inﬁr-

532 4099 749 4163 mitate,
782 4099 944 4167 longe
971 4096 1174 4150 fortior
1222 4110 1556 4165 congressus
1592 4091 1992 4163 potentialiter,
2026 4110 2126 4163 pa-

532 4193 658 4241 rata
685 4188 743 4241 in
774 4203 834 4241 se
854 4202 1036 4248 cruce,
1060 4184 1223 4255 plaga
1251 4199 1541 4254 nunquam
1555 4182 1788 4237 sanabili
1822 4182 2124 4251 transfixit,

532 4280 590 4329 et
609 4274 799 4328 omnia
817 4272 1244 4344 opprobriorum
1260 4272 1375 4325 tela
1404 4287 1467 4324 ac
1491 4271 1677 4341 jacula
1692 4270 1798 4324 sibi
1830 4269 2035 4340 injecta
2066 4270 2124 4324 in

530 4363 691 4418 illum
715 4362 992 4417 retrorsit.
1017 4360 1219 4415 Omnia
1232 4361 1354 4431 ejus
1370 4376 1527 4414 arma
1551 4358 1803 4424 abstulit,
1830 4359 2125 4430 ipsumque

530 4457 741 4508 mterno
768 4466 989 4505 carcere
1007 4465 1073 4505 ac
1098 4449 1384 4521 suppliciis
1437 4450 1814 4520 mancipatum
1853 4449 2125 4503 inrevoca-

529 4540 721 4595 biliter
741 4539 1046 4594 damnavit.
1080 4539 1287 4593 Omnia
1326 4539 1505 4611 spolia
1559 4538 1737 4609 ipsius
1782 4539 1910 4609 jure
1930 4538 2127 4592 trium-

528 4631 721 4703 phata,
766 4629 1086 4700 apostolicis
1141 4627 1375 4682 ducibus
1431 4628 1550 4682 suis
1578 4626 1868 4681 distribuit
1897 4628 2127 4681 electos-

528 4735 639 4791 que
678 4718 974 4790 principes,
1035 4734 1206 4789 super
1230 4722 1446 4787 gentes,
1480 4715 1753 4781 nationes,
1814 4722 1871 4769 et
1926 4733 2118 4786 regna,

2220 3827 2481 3897 quihunc
2507 3824 2693 3879 divino
2710 3823 2979 3880 instinctu
3007 3831 3338 3896 segregaret
3365 3825 3426 3881 in
3455 3842 3599 3897 opus
3624 3828 3816 3883 Domi-

2217 3915 2425 3976 nicum,
2450 3922 2514 3968 ut
2566 3915 2848 3985 quondam
2879 3915 3078 3968 Petrus
3124 3914 3433 3968 Barnabam
3491 3920 3550 3969 et
3578 3916 3815 3971 Saulum

2218 4002 2559 4073 (Act.xm,‘2).
2593 4003 2918 4059 Intenderat
2933 4003 3051 4074 ipse
3072 4003 3216 4057 hanc
3227 4003 3468 4073 palmam
3486 4005 3807 4077 praeripere,

2211 4094 2308 4148 sed
2339 4092 2631 4165 respondit
2656 4093 2924 4147 Dominus
2972 4092 3077 4147 hoc
3104 4092 3457 4163 privilegium
3508 4094 3812 4165 Augustini

2212 4199 2352 4237 esse.
2385 4184 2528 4237 Nam
2556 4198 2779 4254 pueros,
2814 4181 2972 4235 niveo
3009 4181 3251 4235 candore
3296 4198 3475 4253 nuper
3505 4182 3699 4238 Romae
3731 4183 3810 4236 vi-

2210 4289 2319 4337 sos,
2353 4272 2588 4326 audiens
2636 4271 2849 4341 Anglos
2870 4270 3071 4334 vocari,
3105 4277 3163 4324 et
3193 4270 3559 4342 provinciales
3587 4272 3802 4337 Deiros,

2210 4375 2276 4413 ac
2305 4377 2493 4430 regem
2525 4366 2687 4414 terrae
2717 4360 2840 4413 Allc
2879 4360 3229 4431 nuncupari:
3275 4383 3297 4406 ιι
3334 4361 3564 4430 Anglos,
3598 4361 3803 4432 inquit,

2210 4449 2426 4519 angelis
2452 4448 2672 4513 sociari,
2706 4453 2765 4502 et
2780 4448 2994 4511 Deiros,
3022 4449 3092 4503 de
3112 4449 3192 4503 ira
3225 4449 3325 4503 Dei
3346 4449 3590 4516 liberari,
3624 4468 3692 4505 ac
3706 4449 3802 4504 Dei

2212 4536 2431 4592 laudem
2455 4538 2514 4591 in
2544 4544 2695 4591 terra
2723 4537 2950 4591 alleluia
2978 4544 3201 4609 oportet
3224 4538 3526 4593 decantari.
3564 4559 3587 4589 ι

2281 4627 2498 4682 Paratis
2558 4627 2750 4697 itaque
2808 4626 2975 4680 rebus
3029 4627 3205 4680 mittit
3259 4627 3659 4698 Augustinum,
3702 4626 3799 4681 Dei

2206 4715 2442 4770 scientia
2455 4715 2720 4786 omnique
2741 4715 2946 4769 virtute
2959 4717 3249 4770 florentem
3259 4756 3273 4782 ,
3287 4733 3413 4770 cum
3426 4712 3797 4788 quadraginta

525 4809 818 4864 constituit
872 4809 1016 4876 (Luc.
1072 4810 1166 4873 χι).
1224 4806 1517 4861 Remansit
1563 4804 1872 4859 Britannici
1912 4805 2119 4860 Oceani
2203 4804 2550 4859 electissimis
2612 4803 2932 4868 comitibus,
3000 4820 3139 4874 quos
3204 4796 3497 4875 religioms
3549 4806 3705 4861 novit
3744 4812 3801 4859 et

526 4897 678 4953 orbis
718 4895 1033 4969 aequoreus,
1085 4894 1154 4949 ab
1211 4893 1513 4948 universali
1542 4892 1677 4947 orbe
1731 4892 2110 4949 circumcisus.
2200 4899 2487 4964 promptos
2510 4893 2569 4946 in
2626 4892 2825 4946 divinis
2866 4892 3240 4962 dogmatibus.
3292 4894 3453 4948 Viam
3490 4895 3796 4949 salutarem

522 4987 685 5042 Hunc
708 4986 807 5040 illa
856 5002 951 5039 rex
1004 4981 1563 5055 praepotentissimus,
1622 4981 1938 5052 Augustino
1968 4981 2119 5035 ﬁdeli
2200 4983 2414 5037 alacres
2440 4980 2846 5045 accelerabant,
2879 4988 2936 5036 et
2988 4999 3089 5053 per
3141 4983 3356 5054 aliquot
3410 4983 3529 5037 dies
3572 4983 3792 5055 longius

520 5075 895 5146 dispensatori
918 5090 1020 5127 suo
1046 5071 1327 5142 quondam
1379 5076 1629 5135 venturo,
1680 5070 1999 5135 reservavit,
2024 5071 2120 5141 qui
2138 5077 2185 5135 1)
2204 5076 2610 5144 processerant.
2637 5071 2773 5125 Ecce
2797 5076 2983 5125 autem
3014 5077 3246 5126 ventosa
3272 5072 3440 5138 fama,
3482 5088 3517 5126 a
3541 5073 3789 5143 maligno

519 5169 741 5218 noctem
772 5165 1016 5215 verteret
1041 5158 1097 5213 in
1127 5159 1297 5220 diem,
1329 5163 1386 5211 et
1408 5174 1606 5211 novam
1651 5174 1715 5211 ac
1750 5175 1959 5225 veram,
1992 5165 2119 5230 post
2199 5161 2520 5215 adversario
2548 5160 2696 5229 vulgi
2726 5176 2823 5213 ore
2845 5160 3127 5226 ventilata,
3169 5161 3374 5215 terruit
3416 5161 3657 5215 athletas
3687 5161 3792 5214 Do-

519 5252 801 5317 tenebras,
822 5254 1151 5322 perpetuam
1170 5247 1706 5301 infunderetlucem.
1730 5247 1988 5302 Pollebat
1993 5249 2113 5318 jam
2198 5250 2357 5310 mini.
2390 5267 2514 5321 quae
2539 5249 2753 5303 diceret
2797 5254 3024 5318 gentem
3053 5265 3223 5320 quam
3278 5249 3544 5320 petebant
3571 5251 3788 5306 cunctis

518 5357 665 5415 papa
684 5339 990 5412 Gregorius
1006 5337 1240 5392 humani
1259 5337 1483 5408 generis
1500 5337 1765 5409 splendor
1778 5337 2106 5405 immensus,

590 5464 721 5536 (79')
748 5464 1010 5522 Historiae
1035 5470 1176 5536 gent
1231 5463 1563 5593 Anglorum,
1614 5461 1711 5518 lib.
1753 5478 1792 5530 ι,
1820 5480 1853 5519 a
1882 5480 2003 5536 cap.
2037 5460 2107 5521 23

590 5583 592 5589 ,
630 5537 819 5593 finem.
853 5537 955 5591 etl
996 5550 1053 5593 ιῐ.
1086 5553 1206 5593 cap.
1236 5535 1291 5593 ‘l.
1321 5540 1336 5560 ‘
1361 5575 1374 5593 .
1409 5534 1460 5593 3.

521 5534 823 5618 αάζλίὶηεηιι
853 5542 909 5618 ες
936 5537 969 5618 ἓ.
996 5534 1062 5618 ".i
1086 5553 1206 5618 σξιρ-
1236 5534 1374 5618 ἒκῖθ
1409 5534 1460 5593 3-

588 5605 699 5677 (80)
716 5607 907 5663 Refert
934 5608 993 5664 S.
1021 5605 1191 5676 Beda,
1215 5605 1311 5663 ubi
1340 5623 1529 5681 supra.

2195 5339 2527 5394 mortalibus
2570 5337 2898 5392 ferociorem
2928 5353 3069 5405 esse,
3108 5337 3439 5409 sanguinem
3474 5339 3785 5394 humanum

2267 5464 2373 5533 (81)
2403 5466 2613 5520 Auctor
2639 5462 2997 5537 prolixiorem
3028 5464 3213 5519 Vitam
3235 5464 3293 5519 S.
3310 5464 3607 5536 Augustini
3635 5481 3781 5519 com-

2186 5537 2391 5610 posuit.

2256 5608 2368 5679 (82)
2395 5607 2701 5665 Monachus
2730 5606 2855 5662 fuit.
