  <div class='ocr_page' id='page_1' title='image "/cluster/home/n/w/nwhite01/storage/ocr_20150623/150/umn.31951002477443u/438.png"; bbox 0 0 3920 6390; ppageno 0'>
   <div class='ocr_carea' id='block_1_1' title="bbox 144 340 3394 408">
    <p class='ocr_par' dir='ltr' id='par_1_1' title="bbox 144 340 3394 408">
     <span class='ocr_line' id='line_1_1' title="bbox 144 340 3394 408; baseline 0.003 -15"><span class='ocrx_word' id='word_1_1' title='bbox 144 344 238 402; x_wconf 71' lang='grc'>745</span> <span class='ocrx_word' id='word_1_2' title='bbox 1137 340 1307 408; x_wconf 78' lang='lat' dir='ltr'>VITA</span> <span class='ocrx_word' id='word_1_3' title='bbox 1351 343 1408 398; x_wconf 91' lang='lat' dir='ltr'>S.</span> <span class='ocrx_word' id='word_1_4' title='bbox 1451 340 1847 403; x_wconf 78' lang='lat' dir='ltr'>AUGUSTINI</span> <span class='ocrx_word' id='word_1_5' title='bbox 1887 340 2107 395; x_wconf 82' lang='lat' dir='ltr'>ANGL.</span> <span class='ocrx_word' id='word_1_6' title='bbox 2143 341 2397 398; x_wconf 84' lang='lat' dir='ltr'>APOST.</span> <span class='ocrx_word' id='word_1_7' title='bbox 3290 345 3394 406; x_wconf 81' lang='grc'>746</span> 
     </span>
    </p>
   </div>
   <div class='ocr_carea' id='block_1_2' title="bbox 139 465 3396 540">
    <p class='ocr_par' dir='ltr' id='par_1_2' title="bbox 139 465 3396 540">
     <span class='ocr_line' id='line_1_2' title="bbox 139 465 3396 540; baseline 0.001 -17"><span class='ocrx_word' id='word_1_8' title='bbox 139 469 305 534; x_wconf 77' lang='lat' dir='ltr'>sitire,</span> <span class='ocrx_word' id='word_1_9' title='bbox 339 468 457 540; x_wconf 83' lang='lat' dir='ltr'>pati</span> <span class='ocrx_word' id='word_1_10' title='bbox 484 483 596 522; x_wconf 89' lang='lat' dir='ltr'>non</span> <span class='ocrx_word' id='word_1_11' title='bbox 624 483 786 539; x_wconf 88' lang='lat' dir='ltr'>posse</span> <span class='ocrx_word' id='word_1_12' title='bbox 805 466 1152 522; x_wconf 87' lang='lat' dir='ltr'>Christianos</span> <span class='ocrx_word' id='word_1_13' title='bbox 1175 467 1379 533; x_wconf 84' lang='lat' dir='ltr'>vivere,</span> <span class='ocrx_word' id='word_1_14' title='bbox 1412 468 1567 522; x_wconf 91' lang='lat' dir='ltr'>nullo</span> <span class='ocrx_word' id='word_1_15' title='bbox 1589 483 1718 521; x_wconf 89' lang='lat' dir='ltr'>vero</span> <span class='ocrx_word' id='word_1_16' title='bbox 1737 465 2100 536; x_wconf 83' lang='lat' dir='ltr'>Alegationis</span> <span class='ocrx_word' id='word_1_17' title='bbox 2127 481 2334 522; x_wconf 88' lang='lat' dir='ltr'><strong>nomen</strong></span> <span class='ocrx_word' id='word_1_18' title='bbox 2352 483 2518 522; x_wconf 89' lang='lat' dir='ltr'>suum</span> <span class='ocrx_word' id='word_1_19' title='bbox 2537 483 2877 540; x_wconf 80' lang='lat' dir='ltr'>causamque</span> <span class='ocrx_word' id='word_1_20' title='bbox 2899 468 3121 525; x_wconf 80' lang='lat' dir='ltr'>itineris</span> <span class='ocrx_word' id='word_1_21' title='bbox 3145 468 3396 526; x_wconf 85' lang='lat' dir='ltr'>scribens</span> 
     </span>
    </p>
   </div>
   <div class='ocr_carea' id='block_1_3' title="bbox 140 554 3397 627">
    <p class='ocr_par' dir='ltr' id='par_1_3' title="bbox 140 554 3397 627">
     <span class='ocr_line' id='line_1_3' title="bbox 140 554 3397 627; baseline 0.001 -15"><span class='ocrx_word' id='word_1_22' title='bbox 140 557 296 612; x_wconf 90' lang='lat' dir='ltr'>modo</span> <span class='ocrx_word' id='word_1_23' title='bbox 325 556 396 611; x_wconf 90' lang='lat' dir='ltr'>ab</span> <span class='ocrx_word' id='word_1_24' title='bbox 415 557 580 612; x_wconf 90' lang='lat' dir='ltr'>idolis</span> <span class='ocrx_word' id='word_1_25' title='bbox 607 555 724 610; x_wconf 87' lang='lat' dir='ltr'>suis</span> <span class='ocrx_word' id='word_1_26' title='bbox 771 572 866 610; x_wconf 91' lang='lat' dir='ltr'>eos</span> <span class='ocrx_word' id='word_1_27' title='bbox 894 555 1160 619; x_wconf 88' lang='lat' dir='ltr'>revocari,</span> <span class='ocrx_word' id='word_1_28' title='bbox 1203 573 1304 610; x_wconf 90' lang='lat' dir='ltr'>nec</span> <span class='ocrx_word' id='word_1_29' title='bbox 1331 555 1404 610; x_wconf 88' lang='lat' dir='ltr'>ad</span> <span class='ocrx_word' id='word_1_30' title='bbox 1431 555 1720 610; x_wconf 81' lang='lat' dir='ltr'>Christum</span> <span class='ocrx_word' id='word_1_31' title='bbox 1801 554 2000 609; x_wconf 90' lang='lat' dir='ltr'>baculo</span> <span class='ocrx_word' id='word_1_32' title='bbox 2042 555 2103 610; x_wconf 90' lang='lat' dir='ltr'>in</span> <span class='ocrx_word' id='word_1_33' title='bbox 2152 561 2304 610; x_wconf 89' lang='lat' dir='ltr'>terra</span> <span class='ocrx_word' id='word_1_34' title='bbox 2335 557 2499 627; x_wconf 82' lang='lat' dir='ltr'>juxta</span> <span class='ocrx_word' id='word_1_35' title='bbox 2545 556 2780 622; x_wconf 87' lang='lat' dir='ltr'>fontem,</span> <span class='ocrx_word' id='word_1_36' title='bbox 2813 557 2901 612; x_wconf 91' lang='lat' dir='ltr'>his</span> <span class='ocrx_word' id='word_1_37' title='bbox 2943 558 3148 614; x_wconf 80' lang='lat' dir='ltr'>litteris</span> <span class='ocrx_word' id='word_1_38' title='bbox 3178 576 3191 612; x_wconf 92' lang='lat'>:</span> <span class='ocrx_word' id='word_1_39' title='bbox 3229 578 3253 612; x_wconf 75' lang='grc' dir='ltr'>ι</span> <span class='ocrx_word' id='word_1_40' title='bbox 3293 559 3397 614; x_wconf 86' lang='lat' dir='ltr'>Hic</span> 
     </span>
    </p>
   </div>
   <div class='ocr_carea' id='block_1_4' title="bbox 118 643 3392 718">
    <p class='ocr_par' dir='ltr' id='par_1_4' title="bbox 118 643 3392 718">
     <span class='ocr_line' id='line_1_4' title="bbox 118 643 3392 718; baseline 0 -17"><span class='ocrx_word' id='word_1_41' title='bbox 118 645 378 701; x_wconf 86' lang='lat' dir='ltr'>-converti</span> <span class='ocrx_word' id='word_1_42' title='bbox 417 662 599 718; x_wconf 86' lang='lat' dir='ltr'>posse.</span> <span class='ocrx_word' id='word_1_43' title='bbox 669 645 761 700; x_wconf 88' lang='lat' dir='ltr'>Sic</span> <span class='ocrx_word' id='word_1_44' title='bbox 816 645 1096 715; x_wconf 86' lang='lat' dir='ltr'>quondam</span> <span class='ocrx_word' id='word_1_45' title='bbox 1155 644 1442 715; x_wconf 88' lang='lat' dir='ltr'>discipulis</span> <span class='ocrx_word' id='word_1_46' title='bbox 1497 643 1721 698; x_wconf 88' lang='lat' dir='ltr'>Domini</span> <span class='ocrx_word' id='word_1_47' title='bbox 1801 643 2110 714; x_wconf 88' lang='lat' dir='ltr'>hospitium</span> <span class='ocrx_word' id='word_1_48' title='bbox 2129 644 2327 698; x_wconf 85' lang='lat' dir='ltr'>habuit</span> <span class='ocrx_word' id='word_1_49' title='bbox 2344 661 2536 700; x_wconf 89' lang='lat' dir='ltr'>servus</span> <span class='ocrx_word' id='word_1_50' title='bbox 2554 662 2841 700; x_wconf 87' lang='lat' dir='ltr'>servorum</span> <span class='ocrx_word' id='word_1_51' title='bbox 2865 647 2988 714; x_wconf 88' lang='lat' dir='ltr'>Dei,</span> <span class='ocrx_word' id='word_1_52' title='bbox 3017 647 3392 718; x_wconf 82' lang='lat' dir='ltr'>August-inus,</span> 
     </span>
    </p>
   </div>
   <div class='ocr_carea' id='block_1_5' title="bbox 139 732 3399 808">
    <p class='ocr_par' dir='ltr' id='par_1_5' title="bbox 139 732 3399 808">
     <span class='ocr_line' id='line_1_5' title="bbox 139 732 3399 808; baseline 0 -18"><span class='ocrx_word' id='word_1_53' title='bbox 139 752 287 790; x_wconf 85' lang='lat' dir='ltr'>mare</span> <span class='ocrx_word' id='word_1_54' title='bbox 325 735 716 805; x_wconf 81' lang='lat' dir='ltr'>navigantibus</span> <span class='ocrx_word' id='word_1_55' title='bbox 755 739 956 787; x_wconf 87' lang='lat' dir='ltr'>ventus</span> <span class='ocrx_word' id='word_1_56' title='bbox 984 739 1108 797; x_wconf 59' lang='lat'>58</span> <span class='ocrx_word' id='word_1_57' title='bbox 1137 733 1452 787; x_wconf 86' lang='lat' dir='ltr'>contrarius</span> <span class='ocrx_word' id='word_1_58' title='bbox 1480 732 1716 796; x_wconf 88' lang='lat' dir='ltr'>obstitit,</span> <span class='ocrx_word' id='word_1_59' title='bbox 1805 748 1970 802; x_wconf 87' lang='lat' dir='ltr'>quem</span> <span class='ocrx_word' id='word_1_60' title='bbox 2021 732 2174 786; x_wconf 82' lang='lat' dir='ltr'>misit</span> <span class='ocrx_word' id='word_1_61' title='bbox 2211 733 2282 786; x_wconf 88' lang='lat' dir='ltr'>ad</span> <span class='ocrx_word' id='word_1_62' title='bbox 2319 735 2723 788; x_wconf 89' lang='lat' dir='ltr'>convertendos</span> <span class='ocrx_word' id='word_1_63' title='bbox 2768 735 2977 805; x_wconf 84' lang='lat' dir='ltr'>Anglos</span> <span class='ocrx_word' id='word_1_64' title='bbox 3009 735 3206 790; x_wconf 91' lang='lat' dir='ltr'>beatus</span> <span class='ocrx_word' id='word_1_65' title='bbox 3253 753 3399 808; x_wconf 83' lang='lat' dir='ltr'>papa</span> 
     </span>
    </p>
   </div>
   <div class='ocr_carea' id='block_1_6' title="bbox 139 821 3400 895">
    <p class='ocr_par' dir='ltr' id='par_1_6' title="bbox 139 821 3400 895">
     <span class='ocr_line' id='line_1_6' title="bbox 139 821 3400 895; baseline 0 -17"><span class='ocrx_word' id='word_1_66' title='bbox 139 825 328 890; x_wconf 90' lang='lat' dir='ltr'>donec,</span> <span class='ocrx_word' id='word_1_67' title='bbox 361 823 650 894; x_wconf 81' lang='lat' dir='ltr'>increpata</span> <span class='ocrx_word' id='word_1_68' title='bbox 682 823 902 876; x_wconf 86' lang='lat' dir='ltr'>modica</span> <span class='ocrx_word' id='word_1_69' title='bbox 953 839 1146 876; x_wconf 89' lang='lat' dir='ltr'>eorum</span> <span class='ocrx_word' id='word_1_70' title='bbox 1179 823 1304 880; x_wconf 75' lang='lat' dir='ltr'>fide.</span> <span class='ocrx_word' id='word_1_71' title='bbox 1345 822 1550 875; x_wconf 78' lang='lat' dir='ltr'>fluctus</span> <span class='ocrx_word' id='word_1_72' title='bbox 1581 837 1722 891; x_wconf 86' lang='lat' dir='ltr'>quos</span> <span class='ocrx_word' id='word_1_73' title='bbox 1805 821 2129 889; x_wconf 80' lang='lat' dir='ltr'>Gregorius.</span> <span class='ocrx_word' id='word_1_74' title='bbox 2165 841 2191 871; x_wconf 57' lang='grc' dir='ltr'>»ι</span> <span class='ocrx_word' id='word_1_75' title='bbox 2219 823 2524 892; x_wconf 83' lang='lat' dir='ltr'>Ingruente</span> <span class='ocrx_word' id='word_1_76' title='bbox 2557 823 2677 892; x_wconf 87' lang='lat' dir='ltr'>jam</span> <span class='ocrx_word' id='word_1_77' title='bbox 2716 840 2940 891; x_wconf 90' lang='lat' dir='ltr'>aurora,</span> <span class='ocrx_word' id='word_1_78' title='bbox 2957 830 3258 895; x_wconf 82' lang='lat' dir='ltr'>arreptum</span> <span class='ocrx_word' id='word_1_79' title='bbox 3287 825 3400 879; x_wconf 84' lang='lat' dir='ltr'>iter</span> 
     </span>
    </p>
   </div>
   <div class='ocr_carea' id='block_1_7' title="bbox 137 909 3399 984">
    <p class='ocr_par' dir='ltr' id='par_1_7' title="bbox 137 909 3399 984">
     <span class='ocr_line' id='line_1_7' title="bbox 137 909 3399 984; baseline 0 -16"><span class='ocrx_word' id='word_1_80' title='bbox 137 914 253 984; x_wconf 89' lang='lat' dir='ltr'>ipse</span> <span class='ocrx_word' id='word_1_81' title='bbox 278 913 590 968; x_wconf 88' lang='lat' dir='ltr'>calcaverat</span> <span class='ocrx_word' id='word_1_82' title='bbox 613 911 904 974; x_wconf 81' lang='lat' dir='ltr'>Dominus,</span> <span class='ocrx_word' id='word_1_83' title='bbox 945 909 1180 982; x_wconf 90' lang='lat' dir='ltr'>imperio</span> <span class='ocrx_word' id='word_1_84' title='bbox 1207 911 1450 964; x_wconf 76' lang='lat' dir='ltr'>sedaret.</span> <span class='ocrx_word' id='word_1_85' title='bbox 1490 910 1724 964; x_wconf 89' lang='lat' dir='ltr'>Mittunt</span> <span class='ocrx_word' id='word_1_86' title='bbox 1804 914 2094 962; x_wconf 84' lang='lat' dir='ltr'>maturant</span> <span class='ocrx_word' id='word_1_87' title='bbox 2146 925 2472 980; x_wconf 84' lang='lat' dir='ltr'>percurrere</span> <span class='ocrx_word' id='word_1_88' title='bbox 2519 912 2591 965; x_wconf 88' lang='lat' dir='ltr'>ad</span> <span class='ocrx_word' id='word_1_89' title='bbox 2643 913 2932 967; x_wconf 80' lang='lat' dir='ltr'>Dominica</span> <span class='ocrx_word' id='word_1_90' title='bbox 2977 915 3152 978; x_wconf 87' lang='lat' dir='ltr'>lucra,</span> <span class='ocrx_word' id='word_1_91' title='bbox 3195 919 3399 984; x_wconf 84' lang='lat' dir='ltr'>agente</span> 
     </span>
    </p>
   </div>
   <div class='ocr_carea' id='block_1_8' title="bbox 133 997 3398 1074">
    <p class='ocr_par' dir='ltr' id='par_1_8' title="bbox 133 997 3398 1074">
     <span class='ocr_line' id='line_1_8' title="bbox 133 997 3398 1074; baseline -0 -17"><span class='ocrx_word' id='word_1_92' title='bbox 133 1004 320 1074; x_wconf 85' lang='lat' dir='ltr'>itaque</span> <span class='ocrx_word' id='word_1_93' title='bbox 347 1001 674 1073; x_wconf 86' lang='lat' dir='ltr'>suppliciter</span> <span class='ocrx_word' id='word_1_94' title='bbox 697 1000 861 1054; x_wconf 80' lang='lat' dir='ltr'>beato</span> <span class='ocrx_word' id='word_1_95' title='bbox 892 1001 1162 1070; x_wconf 86' lang='lat' dir='ltr'>Gregorio</span> <span class='ocrx_word' id='word_1_96' title='bbox 1187 999 1724 1070; x_wconf 87' lang='lat' dir='ltr'>Augustinum,qua—</span> <span class='ocrx_word' id='word_1_97' title='bbox 1805 997 2039 1051; x_wconf 82' lang='lat' dir='ltr'>forsitan</span> <span class='ocrx_word' id='word_1_98' title='bbox 2091 998 2279 1052; x_wconf 87' lang='lat' dir='ltr'>divina</span> <span class='ocrx_word' id='word_1_99' title='bbox 2321 1000 2618 1066; x_wconf 85' lang='lat' dir='ltr'>sententia,</span> <span class='ocrx_word' id='word_1_100' title='bbox 2680 1007 2744 1054; x_wconf 91' lang='lat' dir='ltr'>ut</span> <span class='ocrx_word' id='word_1_101' title='bbox 2789 1003 2886 1072; x_wconf 89' lang='lat' dir='ltr'>qui</span> <span class='ocrx_word' id='word_1_102' title='bbox 2937 1002 3087 1056; x_wconf 90' lang='lat' dir='ltr'>ultro</span> <span class='ocrx_word' id='word_1_103' title='bbox 3135 1003 3398 1056; x_wconf 86' lang='lat' dir='ltr'>collatam</span> 
     </span>
    </p>
   </div>
   <div class='ocr_carea' id='block_1_9' title="bbox 132 1084 3401 1162">
    <p class='ocr_par' dir='ltr' id='par_1_9' title="bbox 132 1084 3401 1162">
     <span class='ocr_line' id='line_1_9' title="bbox 132 1084 3401 1162; baseline 0 -16"><span class='ocrx_word' id='word_1_104' title='bbox 132 1097 297 1146; x_wconf 85' lang='lat' dir='ltr'>tenus</span> <span class='ocrx_word' id='word_1_105' title='bbox 343 1107 438 1145; x_wconf 92' lang='lat' dir='ltr'>eos</span> <span class='ocrx_word' id='word_1_106' title='bbox 493 1090 783 1162; x_wconf 83' lang='lat' dir='ltr'>permittat</span> <span class='ocrx_word' id='word_1_107' title='bbox 826 1089 1010 1143; x_wconf 86' lang='lat' dir='ltr'>redire</span> <span class='ocrx_word' id='word_1_108' title='bbox 1054 1089 1304 1153; x_wconf 89' lang='lat' dir='ltr'>domum,</span> <span class='ocrx_word' id='word_1_109' title='bbox 1354 1105 1458 1142; x_wconf 91' lang='lat' dir='ltr'>nec</span> <span class='ocrx_word' id='word_1_110' title='bbox 1499 1094 1723 1142; x_wconf 86' lang='lat' dir='ltr'>tantum</span> <span class='ocrx_word' id='word_1_111' title='bbox 1804 1084 2204 1140; x_wconf 85' lang='lat' dir='ltr'>benedictionis</span> <span class='ocrx_word' id='word_1_112' title='bbox 2243 1087 2486 1157; x_wconf 81' lang='lat' dir='ltr'>gratiam</span> <span class='ocrx_word' id='word_1_113' title='bbox 2531 1089 2590 1142; x_wconf 89' lang='lat' dir='ltr'>in</span> <span class='ocrx_word' id='word_1_114' title='bbox 2632 1089 2944 1160; x_wconf 86' lang='lat' dir='ltr'>hospitibus</span> <span class='ocrx_word' id='word_1_115' title='bbox 2975 1090 3280 1146; x_wconf 79' lang='lat' dir='ltr'>Dominicis</span> <span class='ocrx_word' id='word_1_116' title='bbox 3315 1108 3401 1146; x_wconf 88' lang='lat' dir='ltr'>re-</span> 
     </span>
    </p>
   </div>
   <div class='ocr_carea' id='block_1_10' title="bbox 133 1173 3395 1247">
    <p class='ocr_par' dir='ltr' id='par_1_10' title="bbox 133 1173 3395 1247">
     <span class='ocr_line' id='line_1_10' title="bbox 133 1173 3395 1247; baseline -0.001 -13"><span class='ocrx_word' id='word_1_117' title='bbox 133 1181 433 1235; x_wconf 86' lang='lat' dir='ltr'>discrimen</span> <span class='ocrx_word' id='word_1_118' title='bbox 480 1178 668 1234; x_wconf 85' lang='lat' dir='ltr'>subire</span> <span class='ocrx_word' id='word_1_119' title='bbox 717 1179 777 1232; x_wconf 91' lang='lat' dir='ltr'>in</span> <span class='ocrx_word' id='word_1_120' title='bbox 813 1193 1076 1232; x_wconf 88' lang='lat' dir='ltr'>vacuum.</span> <span class='ocrx_word' id='word_1_121' title='bbox 1105 1177 1212 1230; x_wconf 88' lang='lat' dir='ltr'>Sed</span> <span class='ocrx_word' id='word_1_122' title='bbox 1242 1194 1273 1230; x_wconf 86' lang='lat' dir='ltr'>a</span> <span class='ocrx_word' id='word_1_123' title='bbox 1314 1177 1605 1247; x_wconf 86' lang='lat' dir='ltr'>Gregorio,</span> <span class='ocrx_word' id='word_1_124' title='bbox 1633 1193 1722 1230; x_wconf 88' lang='lat' dir='ltr'>se-</span> <span class='ocrx_word' id='word_1_125' title='bbox 1804 1173 2126 1243; x_wconf 81' lang='lat' dir='ltr'>pulsissent,</span> <span class='ocrx_word' id='word_1_126' title='bbox 2153 1174 2275 1244; x_wconf 87' lang='lat' dir='ltr'>jam</span> <span class='ocrx_word' id='word_1_127' title='bbox 2327 1191 2439 1229; x_wconf 91' lang='lat' dir='ltr'>non</span> <span class='ocrx_word' id='word_1_128' title='bbox 2480 1183 2932 1247; x_wconf 88' lang='lat' dir='ltr'>assequerentur,</span> <span class='ocrx_word' id='word_1_129' title='bbox 2987 1195 3116 1232; x_wconf 88' lang='lat' dir='ltr'>cum</span> <span class='ocrx_word' id='word_1_130' title='bbox 3169 1179 3395 1234; x_wconf 83' lang='lat' dir='ltr'>vellent.</span> 
     </span>
    </p>
   </div>
   <div class='ocr_carea' id='block_1_11' title="bbox 133 1261 3399 1336">
    <p class='ocr_par' dir='ltr' id='par_1_11' title="bbox 133 1261 3399 1336">
     <span class='ocr_line' id='line_1_11' title="bbox 133 1261 3399 1336; baseline 0 -14"><span class='ocrx_word' id='word_1_131' title='bbox 133 1269 378 1322; x_wconf 90' lang='lat' dir='ltr'>cundum</span> <span class='ocrx_word' id='word_1_132' title='bbox 399 1283 606 1322; x_wconf 88' lang='lat' dir='ltr'>nomen</span> <span class='ocrx_word' id='word_1_133' title='bbox 623 1265 1107 1336; x_wconf 82' lang='lat' dir='ltr'>suum.praevigili,</span> <span class='ocrx_word' id='word_1_134' title='bbox 1126 1265 1296 1318; x_wconf 88' lang='lat' dir='ltr'>missa</span> <span class='ocrx_word' id='word_1_135' title='bbox 1321 1265 1554 1335; x_wconf 89' lang='lat' dir='ltr'>epistola</span> <span class='ocrx_word' id='word_1_136' title='bbox 1574 1263 1723 1334; x_wconf 91' lang='lat' dir='ltr'>quod</span> <span class='ocrx_word' id='word_1_137' title='bbox 1805 1261 1927 1316; x_wconf 82' lang='lat' dir='ltr'>Jam</span> <span class='ocrx_word' id='word_1_138' title='bbox 1951 1261 2040 1315; x_wconf 90' lang='lat' dir='ltr'>die</span> <span class='ocrx_word' id='word_1_139' title='bbox 2065 1263 2235 1327; x_wconf 89' lang='lat' dir='ltr'>claro,</span> <span class='ocrx_word' id='word_1_140' title='bbox 2276 1269 2397 1317; x_wconf 85' lang='lat' dir='ltr'>tota</span> <span class='ocrx_word' id='word_1_141' title='bbox 2440 1263 2572 1318; x_wconf 92' lang='lat' dir='ltr'>illuc</span> <span class='ocrx_word' id='word_1_142' title='bbox 2602 1265 2800 1320; x_wconf 84' lang='lat' dir='ltr'>vicinia</span> <span class='ocrx_word' id='word_1_143' title='bbox 2828 1267 3087 1333; x_wconf 87' lang='lat' dir='ltr'>accurrit,</span> <span class='ocrx_word' id='word_1_144' title='bbox 3113 1267 3209 1322; x_wconf 92' lang='lat' dir='ltr'>ubi</span> <span class='ocrx_word' id='word_1_145' title='bbox 3238 1285 3273 1322; x_wconf 90' lang='lat' dir='ltr'>a</span> <span class='ocrx_word' id='word_1_146' title='bbox 3301 1285 3399 1323; x_wconf 89' lang='lat' dir='ltr'>su-</span> 
     </span>
    </p>
   </div>
   <div class='ocr_carea' id='block_1_12' title="bbox 134 1350 3400 1428">
    <p class='ocr_par' dir='ltr' id='par_1_12' title="bbox 134 1350 3400 1428">
     <span class='ocr_line' id='line_1_12' title="bbox 134 1350 3400 1428; baseline 0.003 -26"><span class='ocrx_word' id='word_1_147' title='bbox 134 1373 399 1427; x_wconf 69' lang='lat' dir='ltr'>magnum</span> <span class='ocrx_word' id='word_1_148' title='bbox 434 1357 682 1410; x_wconf 75' lang='lat' dir='ltr'>laborem</span> <span class='ocrx_word' id='word_1_149' title='bbox 722 1357 902 1425; x_wconf 76' lang='lat' dir='ltr'>major</span> <span class='ocrx_word' id='word_1_150' title='bbox 940 1355 1124 1425; x_wconf 80' lang='lat' dir='ltr'>gloria</span> <span class='ocrx_word' id='word_1_151' title='bbox 1159 1357 1552 1423; x_wconf 68' lang='lat' dir='ltr'>consequatur,</span> <span class='ocrx_word' id='word_1_152' title='bbox 1582 1359 1636 1407; x_wconf 83' lang='lat' dir='ltr'>et</span> <span class='ocrx_word' id='word_1_153' title='bbox 1661 1359 1725 1408; x_wconf 86' lang='lat' dir='ltr'>ut</span> <span class='ocrx_word' id='word_1_154' title='bbox 1806 1366 1978 1419; x_wconf 88' lang='lat' dir='ltr'>perno</span> <span class='ocrx_word' id='word_1_155' title='bbox 2003 1350 2246 1416; x_wconf 87' lang='lat' dir='ltr'>cardine,</span> <span class='ocrx_word' id='word_1_156' title='bbox 2273 1367 2452 1422; x_wconf 90' lang='lat' dir='ltr'>usque</span> <span class='ocrx_word' id='word_1_157' title='bbox 2471 1352 2528 1406; x_wconf 91' lang='lat' dir='ltr'>in</span> <span class='ocrx_word' id='word_1_158' title='bbox 2558 1359 2788 1419; x_wconf 89' lang='lat' dir='ltr'>terram,</span> <span class='ocrx_word' id='word_1_159' title='bbox 2817 1355 2990 1424; x_wconf 88' lang='lat' dir='ltr'>jubar</span> <span class='ocrx_word' id='word_1_160' title='bbox 3016 1357 3201 1410; x_wconf 77' lang='lat' dir='ltr'>solare</span> <span class='ocrx_word' id='word_1_161' title='bbox 3228 1373 3400 1428; x_wconf 85' lang='lat' dir='ltr'>super</span> 
     </span>
    </p>
   </div>
   <div class='ocr_carea' id='block_1_13' title="bbox 130 1439 3398 1516">
    <p class='ocr_par' dir='ltr' id='par_1_13' title="bbox 130 1439 3398 1516">
     <span class='ocr_line' id='line_1_13' title="bbox 130 1439 3398 1516; baseline 0 -17"><span class='ocrx_word' id='word_1_162' title='bbox 130 1445 469 1516; x_wconf 77' lang='lat' dir='ltr'>Augustino,</span> <span class='ocrx_word' id='word_1_163' title='bbox 507 1460 672 1516; x_wconf 86' lang='lat' dir='ltr'>quem</span> <span class='ocrx_word' id='word_1_164' title='bbox 703 1444 786 1497; x_wconf 90' lang='lat' dir='ltr'>eis</span> <span class='ocrx_word' id='word_1_165' title='bbox 825 1445 946 1513; x_wconf 89' lang='lat' dir='ltr'>jam</span> <span class='ocrx_word' id='word_1_166' title='bbox 990 1443 1250 1496; x_wconf 84' lang='lat' dir='ltr'>abbatem</span> <span class='ocrx_word' id='word_1_167' title='bbox 1288 1442 1647 1496; x_wconf 86' lang='lat' dir='ltr'>ordinaverat</span> <span class='ocrx_word' id='word_1_168' title='bbox 1665 1443 1726 1496; x_wconf 90' lang='lat' dir='ltr'>in</span> <span class='ocrx_word' id='word_1_169' title='bbox 1807 1439 1952 1492; x_wconf 81' lang='lat' dir='ltr'>cives</span> <span class='ocrx_word' id='word_1_170' title='bbox 1991 1439 2114 1492; x_wconf 78' lang='lat' dir='ltr'>coeli</span> <span class='ocrx_word' id='word_1_171' title='bbox 2143 1439 2326 1494; x_wconf 87' lang='lat' dir='ltr'>adhuc</span> <span class='ocrx_word' id='word_1_172' title='bbox 2360 1441 2686 1511; x_wconf 87' lang='lat' dir='ltr'>peregrinos</span> <span class='ocrx_word' id='word_1_173' title='bbox 2731 1449 2914 1507; x_wconf 82' lang='lat' dir='ltr'>terrae,</span> <span class='ocrx_word' id='word_1_174' title='bbox 2948 1443 3136 1499; x_wconf 88' lang='lat' dir='ltr'>videre</span> <span class='ocrx_word' id='word_1_175' title='bbox 3171 1445 3398 1516; x_wconf 85' lang='lat' dir='ltr'>plurimi</span> 
     </span>
    </p>
   </div>
   <div class='ocr_carea' id='block_1_14' title="bbox 132 1527 3400 1602">
    <p class='ocr_par' dir='ltr' id='par_1_14' title="bbox 132 1527 3400 1602">
     <span class='ocr_line' id='line_1_14' title="bbox 132 1527 3400 1602; baseline 0 -14"><span class='ocrx_word' id='word_1_176' title='bbox 132 1533 395 1588; x_wconf 90' lang='lat' dir='ltr'>omnibus</span> <span class='ocrx_word' id='word_1_177' title='bbox 451 1532 759 1596; x_wconf 90' lang='lat' dir='ltr'>obedirent,</span> <span class='ocrx_word' id='word_1_178' title='bbox 795 1532 890 1602; x_wconf 87' lang='lat' dir='ltr'>qui</span> <span class='ocrx_word' id='word_1_179' title='bbox 947 1531 1115 1586; x_wconf 86' lang='lat' dir='ltr'>etiam</span> <span class='ocrx_word' id='word_1_180' title='bbox 1160 1530 1467 1601; x_wconf 87' lang='lat' dir='ltr'>apostolica</span> <span class='ocrx_word' id='word_1_181' title='bbox 1512 1529 1728 1584; x_wconf 89' lang='lat' dir='ltr'>ferebat</span> <span class='ocrx_word' id='word_1_182' title='bbox 1810 1527 2034 1581; x_wconf 88' lang='lat' dir='ltr'>radiare</span> <span class='ocrx_word' id='word_1_183' title='bbox 2085 1527 2379 1598; x_wconf 87' lang='lat' dir='ltr'>Aspiciunt</span> <span class='ocrx_word' id='word_1_184' title='bbox 2401 1527 2479 1582; x_wconf 91' lang='lat' dir='ltr'>ibi</span> <span class='ocrx_word' id='word_1_185' title='bbox 2500 1531 2670 1584; x_wconf 88' lang='lat' dir='ltr'>etiam</span> <span class='ocrx_word' id='word_1_186' title='bbox 2693 1531 2970 1586; x_wconf 87' lang='lat' dir='ltr'>mirabilia</span> <span class='ocrx_word' id='word_1_187' title='bbox 2988 1533 3089 1587; x_wconf 89' lang='lat' dir='ltr'>Dei</span> <span class='ocrx_word' id='word_1_188' title='bbox 3109 1533 3170 1587; x_wconf 87' lang='lat' dir='ltr'>in</span> <span class='ocrx_word' id='word_1_189' title='bbox 3193 1535 3400 1589; x_wconf 88' lang='lat' dir='ltr'>sanctis</span> 
     </span>
    </p>
   </div>
   <div class='ocr_carea' id='block_1_15' title="bbox 131 1615 3400 1693">
    <p class='ocr_par' dir='ltr' id='par_1_15' title="bbox 131 1615 3400 1693">
     <span class='ocr_line' id='line_1_15' title="bbox 131 1615 3400 1693; baseline 0.001 -17"><span class='ocrx_word' id='word_1_190' title='bbox 131 1622 343 1693; x_wconf 84' lang='lat' dir='ltr'>scripta</span> <span class='ocrx_word' id='word_1_191' title='bbox 371 1621 443 1676; x_wconf 89' lang='lat' dir='ltr'>ad</span> <span class='ocrx_word' id='word_1_192' title='bbox 470 1619 764 1675; x_wconf 87' lang='lat' dir='ltr'>Etherium</span> <span class='ocrx_word' id='word_1_193' title='bbox 793 1619 911 1687; x_wconf 81' lang='lat'>(83)</span> <span class='ocrx_word' id='word_1_194' title='bbox 951 1620 1336 1672; x_wconf 81' lang='lat' dir='ltr'>Arelatensem</span> <span class='ocrx_word' id='word_1_195' title='bbox 1367 1617 1731 1688; x_wconf 68' lang='lat' dir='ltr'>archipraasu-</span> <span class='ocrx_word' id='word_1_196' title='bbox 1809 1615 1928 1670; x_wconf 88' lang='lat' dir='ltr'>suis</span> <span class='ocrx_word' id='word_1_197' title='bbox 1961 1632 2254 1670; x_wconf 82' lang='lat' dir='ltr'>coruscare</span> <span class='ocrx_word' id='word_1_198' title='bbox 2292 1617 2362 1672; x_wconf 93' lang='lat' dir='ltr'>de</span> <span class='ocrx_word' id='word_1_199' title='bbox 2413 1623 2582 1682; x_wconf 88' lang='lat' dir='ltr'>terra,</span> <span class='ocrx_word' id='word_1_200' title='bbox 2620 1619 2765 1674; x_wconf 85' lang='lat' dir='ltr'>sicut</span> <span class='ocrx_word' id='word_1_201' title='bbox 2811 1629 2980 1675; x_wconf 89' lang='lat' dir='ltr'>noctu</span> <span class='ocrx_word' id='word_1_202' title='bbox 3018 1621 3272 1677; x_wconf 88' lang='lat' dir='ltr'>viderant</span> <span class='ocrx_word' id='word_1_203' title='bbox 3307 1641 3400 1678; x_wconf 88' lang='lat' dir='ltr'>ra-</span> 
     </span>
    </p>
   </div>
   <div class='ocr_carea' id='block_1_16' title="bbox 133 1703 3404 1782">
    <p class='ocr_par' dir='ltr' id='par_1_16' title="bbox 133 1703 3404 1782">
     <span class='ocr_line' id='line_1_16' title="bbox 133 1703 3404 1782; baseline 0.001 -18"><span class='ocrx_word' id='word_1_204' title='bbox 133 1712 266 1776; x_wconf 84' lang='lat' dir='ltr'>lem,</span> <span class='ocrx_word' id='word_1_205' title='bbox 293 1715 574 1782; x_wconf 83' lang='lat' dir='ltr'>quatenus</span> <span class='ocrx_word' id='word_1_206' title='bbox 605 1709 692 1762; x_wconf 89' lang='lat' dir='ltr'>his</span> <span class='ocrx_word' id='word_1_207' title='bbox 723 1709 823 1762; x_wconf 88' lang='lat' dir='ltr'>Dei</span> <span class='ocrx_word' id='word_1_208' title='bbox 842 1707 1046 1776; x_wconf 84' lang='lat' dir='ltr'>legatis</span> <span class='ocrx_word' id='word_1_209' title='bbox 1072 1705 1510 1760; x_wconf 86' lang='lat' dir='ltr'>solatiareturin</span> <span class='ocrx_word' id='word_1_210' title='bbox 1533 1723 1781 1782; x_wconf 69' lang='lat' dir='ltr'>neces-_</span> <span class='ocrx_word' id='word_1_211' title='bbox 1809 1703 2060 1758; x_wconf 88' lang='lat' dir='ltr'>diantem</span> <span class='ocrx_word' id='word_1_212' title='bbox 2104 1706 2422 1760; x_wconf 89' lang='lat' dir='ltr'>columnam</span> <span class='ocrx_word' id='word_1_213' title='bbox 2473 1708 2542 1762; x_wconf 90' lang='lat' dir='ltr'>de</span> <span class='ocrx_word' id='word_1_214' title='bbox 2585 1725 2712 1762; x_wconf 89' lang='lat' dir='ltr'>arce</span> <span class='ocrx_word' id='word_1_215' title='bbox 2757 1726 3018 1780; x_wconf 88' lang='lat' dir='ltr'>superna.</span> <span class='ocrx_word' id='word_1_216' title='bbox 3069 1711 3312 1782; x_wconf 87' lang='lat' dir='ltr'>Stupent</span> <span class='ocrx_word' id='word_1_217' title='bbox 3347 1719 3404 1767; x_wconf 91' lang='lat' dir='ltr'>et</span> 
     </span>
    </p>
   </div>
   <div class='ocr_carea' id='block_1_17' title="bbox 132 1777 3398 1867">
    <p class='ocr_par' dir='ltr' id='par_1_17' title="bbox 132 1777 3398 1867">
     <span class='ocr_line' id='line_1_17' title="bbox 132 1777 3398 1867; baseline 0.001 -16"><span class='ocrx_word' id='word_1_218' title='bbox 132 1777 420 1853; x_wconf 75' lang='lat' dir='ltr'>sitatibus.</span> <span class='ocrx_word' id='word_1_219' title='bbox 470 1799 558 1852; x_wconf 88' lang='lat' dir='ltr'>Ita</span> <span class='ocrx_word' id='word_1_220' title='bbox 579 1798 702 1867; x_wconf 88' lang='lat' dir='ltr'>jam</span> <span class='ocrx_word' id='word_1_221' title='bbox 733 1803 866 1851; x_wconf 90' lang='lat' dir='ltr'>sunt</span> <span class='ocrx_word' id='word_1_222' title='bbox 915 1795 1230 1850; x_wconf 75' lang='lat' dir='ltr'>coroborati</span> <span class='ocrx_word' id='word_1_223' title='bbox 1267 1801 1332 1849; x_wconf 92' lang='lat' dir='ltr'>ut</span> <span class='ocrx_word' id='word_1_224' title='bbox 1369 1811 1494 1848; x_wconf 89' lang='lat' dir='ltr'>cum</span> <span class='ocrx_word' id='word_1_225' title='bbox 1529 1777 1792 1864; x_wconf 85' lang='lat' dir='ltr'>majoriB</span> <span class='ocrx_word' id='word_1_226' title='bbox 1813 1809 2014 1847; x_wconf 88' lang='lat' dir='ltr'>novum</span> <span class='ocrx_word' id='word_1_227' title='bbox 2047 1794 2258 1848; x_wconf 90' lang='lat' dir='ltr'>fontem</span> <span class='ocrx_word' id='word_1_228' title='bbox 2288 1793 2393 1848; x_wconf 90' lang='lat' dir='ltr'>sibi</span> <span class='ocrx_word' id='word_1_229' title='bbox 2420 1803 2691 1866; x_wconf 88' lang='lat' dir='ltr'>perpetua</span> <span class='ocrx_word' id='word_1_230' title='bbox 2718 1814 2784 1851; x_wconf 87' lang='lat' dir='ltr'>ac</span> <span class='ocrx_word' id='word_1_231' title='bbox 2807 1777 2956 1853; x_wconf 83' lang='lat' dir='ltr'>dulci</span> <span class='ocrx_word' id='word_1_232' title='bbox 2990 1816 3129 1854; x_wconf 85' lang='lat' dir='ltr'>vena</span> <span class='ocrx_word' id='word_1_233' title='bbox 3164 1777 3398 1866; x_wconf 78' lang='lat' dir='ltr'>scatere,</span> 
     </span>
    </p>
   </div>
   <div class='ocr_carea' id='block_1_18' title="bbox 131 1867 3408 1958">
    <p class='ocr_par' dir='ltr' id='par_1_18' title="bbox 131 1867 3408 1958">
     <span class='ocr_line' id='line_1_18' title="bbox 131 1867 3408 1958; baseline 0.001 -16"><span class='ocrx_word' id='word_1_234' title='bbox 131 1887 538 1958; x_wconf 84' lang='lat' dir='ltr'>gaudio,quem</span> <span class='ocrx_word' id='word_1_235' title='bbox 567 1892 698 1940; x_wconf 83' lang='lat' dir='ltr'>ante</span> <span class='ocrx_word' id='word_1_236' title='bbox 727 1885 1086 1939; x_wconf 89' lang='lat' dir='ltr'>vehementer</span> <span class='ocrx_word' id='word_1_237' title='bbox 1114 1883 1731 1956; x_wconf 84' lang='lat' dir='ltr'>expaverant,laborem</span> <span class='ocrx_word' id='word_1_238' title='bbox 1813 1887 1871 1935; x_wconf 89' lang='lat' dir='ltr'>et</span> <span class='ocrx_word' id='word_1_239' title='bbox 1901 1881 2354 1953; x_wconf 87' lang='lat' dir='ltr'>incomparabilis</span> <span class='ocrx_word' id='word_1_240' title='bbox 2383 1883 2650 1940; x_wconf 86' lang='lat' dir='ltr'>bonitatis</span> <span class='ocrx_word' id='word_1_241' title='bbox 2689 1887 2932 1941; x_wconf 86' lang='lat' dir='ltr'>advenas</span> <span class='ocrx_word' id='word_1_242' title='bbox 2975 1889 3092 1942; x_wconf 69' lang='lat' dir='ltr'>haac</span> <span class='ocrx_word' id='word_1_243' title='bbox 3135 1867 3408 1944; x_wconf 82' lang='lat' dir='ltr'>beneficia</span> 
     </span>
    </p>
   </div>
   <div class='ocr_carea' id='block_1_19' title="bbox 134 1969 3406 2047">
    <p class='ocr_par' dir='ltr' id='par_1_19' title="bbox 134 1969 3406 2047">
     <span class='ocr_line' id='line_1_19' title="bbox 134 1969 3406 2047; baseline 0.008 -41"><span class='ocrx_word' id='word_1_244' title='bbox 134 1981 550 2047; x_wconf 45' lang='lat' dir='ltr'>percurram“.</span> <span class='ocrx_word' id='word_1_245' title='bbox 1813 1969 1918 2024; x_wconf 90' lang='lat' dir='ltr'>sibi</span> <span class='ocrx_word' id='word_1_246' title='bbox 1965 1987 2066 2041; x_wconf 92' lang='lat' dir='ltr'>pro</span> <span class='ocrx_word' id='word_1_247' title='bbox 2113 1971 2420 2026; x_wconf 84' lang='lat' dir='ltr'>malefactis</span> <span class='ocrx_word' id='word_1_248' title='bbox 2458 1974 2784 2029; x_wconf 68' lang='lat' dir='ltr'>reddidisse.</span> <span class='ocrx_word' id='word_1_249' title='bbox 2817 1976 3103 2032; x_wconf 89' lang='lat' dir='ltr'>Discentes</span> <span class='ocrx_word' id='word_1_250' title='bbox 3147 1978 3318 2032; x_wconf 84' lang='lat' dir='ltr'>etiam</span> <span class='ocrx_word' id='word_1_251' title='bbox 3348 1985 3406 2032; x_wconf 89' lang='lat' dir='ltr'>et</span> 
     </span>
    </p>
   </div>
   <div class='ocr_carea' id='block_1_20' title="bbox 198 2059 3404 2133">
    <p class='ocr_par' dir='ltr' id='par_1_20' title="bbox 198 2059 3404 2133">
     <span class='ocr_line' id='line_1_20' title="bbox 198 2059 3404 2133; baseline 0 -14"><span class='ocrx_word' id='word_1_252' title='bbox 198 2067 432 2121; x_wconf 89' lang='lat' dir='ltr'>Interea</span> <span class='ocrx_word' id='word_1_253' title='bbox 462 2064 656 2118; x_wconf 91' lang='lat' dir='ltr'>multis</span> <span class='ocrx_word' id='word_1_254' title='bbox 685 2062 861 2133; x_wconf 89' lang='lat' dir='ltr'>signis</span> <span class='ocrx_word' id='word_1_255' title='bbox 909 2078 1010 2133; x_wconf 87' lang='lat' dir='ltr'>per</span> <span class='ocrx_word' id='word_1_256' title='bbox 1047 2061 1425 2132; x_wconf 86' lang='lat' dir='ltr'>Augustinum</span> <span class='ocrx_word' id='word_1_257' title='bbox 1461 2061 1729 2116; x_wconf 89' lang='lat' dir='ltr'>divinitus</span> <span class='ocrx_word' id='word_1_258' title='bbox 1812 2059 2020 2113; x_wconf 88' lang='lat' dir='ltr'>litteris</span> <span class='ocrx_word' id='word_1_259' title='bbox 2048 2076 2252 2114; x_wconf 86' lang='lat' dir='ltr'>nomen</span> <span class='ocrx_word' id='word_1_260' title='bbox 2283 2061 2534 2132; x_wconf 75' lang='lat' dir='ltr'>praeclari</span> <span class='ocrx_word' id='word_1_261' title='bbox 2555 2063 2816 2123; x_wconf 88' lang='lat' dir='ltr'>doctoris.</span> <span class='ocrx_word' id='word_1_262' title='bbox 2847 2071 2904 2118; x_wconf 93' lang='lat' dir='ltr'>et</span> <span class='ocrx_word' id='word_1_263' title='bbox 2917 2071 3035 2119; x_wconf 85' lang='lat' dir='ltr'>tam</span> <span class='ocrx_word' id='word_1_264' title='bbox 3055 2066 3404 2120; x_wconf 86' lang='lat' dir='ltr'>salutiferam</span> 
     </span>
    </p>
   </div>
   <div class='ocr_carea' id='block_1_21' title="bbox 135 2147 3407 2224">
    <p class='ocr_par' dir='ltr' id='par_1_21' title="bbox 135 2147 3407 2224">
     <span class='ocr_line' id='line_1_21' title="bbox 135 2147 3407 2224; baseline 0 -15"><span class='ocrx_word' id='word_1_265' title='bbox 135 2155 378 2221; x_wconf 89' lang='lat' dir='ltr'>collatis,</span> <span class='ocrx_word' id='word_1_266' title='bbox 408 2154 845 2208; x_wconf 88' lang='lat' dir='ltr'>consolabantur</span> <span class='ocrx_word' id='word_1_267' title='bbox 873 2153 1200 2224; x_wconf 88' lang='lat' dir='ltr'>plurimum,</span> <span class='ocrx_word' id='word_1_268' title='bbox 1235 2169 1301 2206; x_wconf 78' lang='lat' dir='ltr'>ex</span> <span class='ocrx_word' id='word_1_269' title='bbox 1326 2151 1548 2221; x_wconf 87' lang='lat' dir='ltr'>quibus,</span> <span class='ocrx_word' id='word_1_270' title='bbox 1578 2149 1731 2204; x_wconf 87' lang='lat' dir='ltr'>verbi</span> <span class='ocrx_word' id='word_1_271' title='bbox 1813 2164 2040 2202; x_wconf 87' lang='lat' dir='ltr'>causam</span> <span class='ocrx_word' id='word_1_272' title='bbox 2070 2147 2306 2215; x_wconf 84' lang='lat' dir='ltr'>itineris,</span> <span class='ocrx_word' id='word_1_273' title='bbox 2340 2149 2596 2204; x_wconf 80' lang='lat' dir='ltr'>nubilosa</span> <span class='ocrx_word' id='word_1_274' title='bbox 2632 2153 2958 2207; x_wconf 89' lang='lat' dir='ltr'>confusione</span> <span class='ocrx_word' id='word_1_275' title='bbox 2990 2161 3210 2209; x_wconf 88' lang='lat' dir='ltr'>reatum</span> <span class='ocrx_word' id='word_1_276' title='bbox 3239 2172 3407 2211; x_wconf 89' lang='lat' dir='ltr'>suum</span> 
     </span>
    </p>
   </div>
   <div class='ocr_carea' id='block_1_22' title="bbox 133 2235 3407 2313">
    <p class='ocr_par' dir='ltr' id='par_1_22' title="bbox 133 2235 3407 2313">
     <span class='ocr_line' id='line_1_22' title="bbox 133 2235 3407 2313; baseline 0.001 -17"><span class='ocrx_word' id='word_1_277' title='bbox 133 2243 340 2312; x_wconf 87' lang='lat' dir='ltr'>gratia,</span> <span class='ocrx_word' id='word_1_278' title='bbox 377 2242 470 2296; x_wconf 90' lang='lat' dir='ltr'>hic</span> <span class='ocrx_word' id='word_1_279' title='bbox 506 2241 806 2295; x_wconf 86' lang='lat' dir='ltr'>inserimus</span> <span class='ocrx_word' id='word_1_280' title='bbox 835 2257 1032 2305; x_wconf 91' lang='lat' dir='ltr'>unum,</span> <span class='ocrx_word' id='word_1_281' title='bbox 1074 2239 1187 2294; x_wconf 91' lang='lat' dir='ltr'>imo</span> <span class='ocrx_word' id='word_1_282' title='bbox 1242 2239 1300 2292; x_wconf 91' lang='lat' dir='ltr'>in</span> <span class='ocrx_word' id='word_1_283' title='bbox 1342 2255 1456 2292; x_wconf 91' lang='lat' dir='ltr'>uno</span> <span class='ocrx_word' id='word_1_284' title='bbox 1495 2239 1727 2304; x_wconf 88' lang='lat' dir='ltr'>trinum,</span> <span class='ocrx_word' id='word_1_285' title='bbox 1813 2235 2166 2306; x_wconf 79' lang='lat' dir='ltr'>deplanxere,</span> <span class='ocrx_word' id='word_1_286' title='bbox 2192 2236 2340 2306; x_wconf 90' lang='lat' dir='ltr'>quod</span> <span class='ocrx_word' id='word_1_287' title='bbox 2369 2237 2574 2292; x_wconf 89' lang='lat' dir='ltr'>Christi</span> <span class='ocrx_word' id='word_1_288' title='bbox 2596 2239 2862 2307; x_wconf 84' lang='lat' dir='ltr'>legationi</span> <span class='ocrx_word' id='word_1_289' title='bbox 2887 2242 3126 2296; x_wconf 90' lang='lat' dir='ltr'>etsaluti</span> <span class='ocrx_word' id='word_1_290' title='bbox 3149 2243 3407 2313; x_wconf 88' lang='lat' dir='ltr'>gentium</span> 
     </span>
    </p>
   </div>
   <div class='ocr_carea' id='block_1_23' title="bbox 135 2323 3404 2408">
    <p class='ocr_par' dir='ltr' id='par_1_23' title="bbox 135 2323 3404 2408">
     <span class='ocr_line' id='line_1_23' title="bbox 135 2323 3404 2408; baseline 0 -22"><span class='ocrx_word' id='word_1_291' title='bbox 135 2331 400 2386; x_wconf 90' lang='lat' dir='ltr'>omnibus</span> <span class='ocrx_word' id='word_1_292' title='bbox 419 2332 543 2402; x_wconf 90' lang='lat' dir='ltr'>ejus</span> <span class='ocrx_word' id='word_1_293' title='bbox 571 2331 675 2384; x_wconf 90' lang='lat' dir='ltr'>loci</span> <span class='ocrx_word' id='word_1_294' title='bbox 698 2329 794 2408; x_wconf 87' lang='lat' dir='ltr'>ubi</span> <span class='ocrx_word' id='word_1_295' title='bbox 825 2330 1032 2384; x_wconf 88' lang='lat' dir='ltr'>factum</span> <span class='ocrx_word' id='word_1_296' title='bbox 1063 2335 1147 2383; x_wconf 90' lang='lat' dir='ltr'>est</span> <span class='ocrx_word' id='word_1_297' title='bbox 1174 2344 1399 2398; x_wconf 89' lang='lat' dir='ltr'>semper</span> <span class='ocrx_word' id='word_1_298' title='bbox 1438 2327 1734 2382; x_wconf 89' lang='lat' dir='ltr'>celeberri-</span> <span class='ocrx_word' id='word_1_299' title='bbox 1817 2330 1935 2378; x_wconf 88' lang='lat' dir='ltr'>tam</span> <span class='ocrx_word' id='word_1_300' title='bbox 1967 2323 2221 2394; x_wconf 89' lang='lat' dir='ltr'>improbe</span> <span class='ocrx_word' id='word_1_301' title='bbox 2251 2326 2526 2380; x_wconf 89' lang='lat' dir='ltr'>restitere.</span> <span class='ocrx_word' id='word_1_302' title='bbox 2561 2327 2681 2380; x_wconf 81' lang='lat' dir='ltr'>lleu</span> <span class='ocrx_word' id='word_1_303' title='bbox 2708 2344 2808 2381; x_wconf 91' lang='lat' dir='ltr'>nos</span> <span class='ocrx_word' id='word_1_304' title='bbox 2828 2327 3088 2395; x_wconf 85' lang='lat' dir='ltr'>furiosos,</span> <span class='ocrx_word' id='word_1_305' title='bbox 3126 2330 3404 2398; x_wconf 86' lang='lat' dir='ltr'>dicebant,</span> 
     </span>
    </p>
   </div>
   <div class='ocr_carea' id='block_1_24' title="bbox 136 2413 3412 2489">
    <p class='ocr_par' dir='ltr' id='par_1_24' title="bbox 136 2413 3412 2489">
     <span class='ocr_line' id='line_1_24' title="bbox 136 2413 3412 2489; baseline 0 -15"><span class='ocrx_word' id='word_1_306' title='bbox 136 2437 314 2486; x_wconf 81' lang='lat' dir='ltr'>mum,</span> <span class='ocrx_word' id='word_1_307' title='bbox 346 2425 519 2489; x_wconf 86' lang='lat' dir='ltr'>atque</span> <span class='ocrx_word' id='word_1_308' title='bbox 547 2419 716 2472; x_wconf 88' lang='lat' dir='ltr'>etiam</span> <span class='ocrx_word' id='word_1_309' title='bbox 739 2417 958 2488; x_wconf 89' lang='lat' dir='ltr'>scriptis</span> <span class='ocrx_word' id='word_1_310' title='bbox 979 2415 1513 2470; x_wconf 79' lang='lat' dir='ltr'>creditumJamille</span> <span class='ocrx_word' id='word_1_311' title='bbox 1534 2416 1737 2470; x_wconf 91' lang='lat' dir='ltr'>chorus</span> <span class='ocrx_word' id='word_1_312' title='bbox 1821 2413 1968 2482; x_wconf 92' lang='lat' dir='ltr'>quod</span> <span class='ocrx_word' id='word_1_313' title='bbox 2014 2419 2298 2468; x_wconf 88' lang='lat' dir='ltr'>tantorum</span> <span class='ocrx_word' id='word_1_314' title='bbox 2338 2415 2664 2484; x_wconf 90' lang='lat' dir='ltr'>angelorum</span> <span class='ocrx_word' id='word_1_315' title='bbox 2722 2433 2836 2470; x_wconf 91' lang='lat' dir='ltr'>non</span> <span class='ocrx_word' id='word_1_316' title='bbox 2881 2419 3189 2473; x_wconf 90' lang='lat' dir='ltr'>meruimus</span> <span class='ocrx_word' id='word_1_317' title='bbox 3237 2420 3412 2475; x_wconf 85' lang='lat' dir='ltr'>foveri</span> 
     </span>
    </p>
   </div>
   <div class='ocr_carea' id='block_1_25' title="bbox 137 2499 3413 2578">
    <p class='ocr_par' dir='ltr' id='par_1_25' title="bbox 137 2499 3413 2578">
     <span class='ocr_line' id='line_1_25' title="bbox 137 2499 3413 2578; baseline -0 -15"><span class='ocrx_word' id='word_1_318' title='bbox 137 2515 486 2572; x_wconf 83' lang='lat' dir='ltr'>sanctorum,</span> <span class='ocrx_word' id='word_1_319' title='bbox 535 2507 728 2578; x_wconf 89' lang='lat' dir='ltr'>legens</span> <span class='ocrx_word' id='word_1_320' title='bbox 767 2506 875 2560; x_wconf 86' lang='lat' dir='ltr'>iter</span> <span class='ocrx_word' id='word_1_321' title='bbox 906 2522 1006 2576; x_wconf 91' lang='lat' dir='ltr'>per</span> <span class='ocrx_word' id='word_1_322' title='bbox 1026 2505 1485 2574; x_wconf 84' lang='lat' dir='ltr'>Andegavensem</span> <span class='ocrx_word' id='word_1_323' title='bbox 1519 2504 1736 2574; x_wconf 84' lang='lat' dir='ltr'>provin-</span> <span class='ocrx_word' id='word_1_324' title='bbox 1818 2499 2225 2569; x_wconf 86' lang='lat' dir='ltr'>benedictione,</span> <span class='ocrx_word' id='word_1_325' title='bbox 2257 2518 2360 2556; x_wconf 91' lang='lat' dir='ltr'>nec</span> <span class='ocrx_word' id='word_1_326' title='bbox 2395 2501 2574 2558; x_wconf 90' lang='lat' dir='ltr'>imbui</span> <span class='ocrx_word' id='word_1_327' title='bbox 2611 2505 2934 2560; x_wconf 83' lang='lat' dir='ltr'>dulcedine!</span> <span class='ocrx_word' id='word_1_328' title='bbox 2966 2506 3276 2562; x_wconf 87' lang='lat' dir='ltr'>Condidere</span> <span class='ocrx_word' id='word_1_329' title='bbox 3304 2507 3413 2562; x_wconf 88' lang='lat' dir='ltr'>ita-</span> 
     </span>
    </p>
   </div>
   <div class='ocr_carea' id='block_1_26' title="bbox 137 2589 3408 2664">
    <p class='ocr_par' dir='ltr' id='par_1_26' title="bbox 137 2589 3408 2664">
     <span class='ocr_line' id='line_1_26' title="bbox 137 2589 3408 2664; baseline 0 -13"><span class='ocrx_word' id='word_1_330' title='bbox 137 2598 305 2663; x_wconf 81' lang='lat' dir='ltr'>ciam,</span> <span class='ocrx_word' id='word_1_331' title='bbox 355 2596 602 2650; x_wconf 88' lang='lat' dir='ltr'>subeunt</span> <span class='ocrx_word' id='word_1_332' title='bbox 641 2595 850 2659; x_wconf 86' lang='lat' dir='ltr'>villam,</span> <span class='ocrx_word' id='word_1_333' title='bbox 903 2595 996 2649; x_wconf 92' lang='lat' dir='ltr'>Sai</span> <span class='ocrx_word' id='word_1_334' title='bbox 1047 2590 1154 2663; x_wconf 57' lang='lat' dir='ltr'>(8’s)</span> <span class='ocrx_word' id='word_1_335' title='bbox 1184 2593 1542 2662; x_wconf 85' lang='lat' dir='ltr'>appellatam.</span> <span class='ocrx_word' id='word_1_336' title='bbox 1585 2591 1735 2656; x_wconf 87' lang='lat' dir='ltr'>Quos</span> <span class='ocrx_word' id='word_1_337' title='bbox 1819 2605 1928 2658; x_wconf 90' lang='lat' dir='ltr'>que</span> <span class='ocrx_word' id='word_1_338' title='bbox 1957 2589 2246 2643; x_wconf 85' lang='lat' dir='ltr'>ecclesiam</span> <span class='ocrx_word' id='word_1_339' title='bbox 2289 2591 2349 2644; x_wconf 89' lang='lat' dir='ltr'>in</span> <span class='ocrx_word' id='word_1_340' title='bbox 2397 2591 2594 2646; x_wconf 86' lang='lat' dir='ltr'>eodem</span> <span class='ocrx_word' id='word_1_341' title='bbox 2631 2593 2750 2647; x_wconf 93' lang='lat' dir='ltr'>loco</span> <span class='ocrx_word' id='word_1_342' title='bbox 2805 2594 3058 2648; x_wconf 88' lang='lat' dir='ltr'>unanimi</span> <span class='ocrx_word' id='word_1_343' title='bbox 3096 2595 3408 2664; x_wconf 84' lang='lat' dir='ltr'>devotione,</span> 
     </span>
    </p>
   </div>
   <div class='ocr_carea' id='block_1_27' title="bbox 136 2677 3414 2752">
    <p class='ocr_par' dir='ltr' id='par_1_27' title="bbox 136 2677 3414 2752">
     <span class='ocr_line' id='line_1_27' title="bbox 136 2677 3414 2752; baseline -0 -12"><span class='ocrx_word' id='word_1_344' title='bbox 136 2686 512 2742; x_wconf 89' lang='lat' dir='ltr'>ruricolarum</span> <span class='ocrx_word' id='word_1_345' title='bbox 540 2683 709 2739; x_wconf 87' lang='lat' dir='ltr'>turba</span> <span class='ocrx_word' id='word_1_346' title='bbox 736 2683 1026 2748; x_wconf 87' lang='lat' dir='ltr'>indomita,</span> <span class='ocrx_word' id='word_1_347' title='bbox 1059 2686 1123 2736; x_wconf 92' lang='lat' dir='ltr'>ut</span> <span class='ocrx_word' id='word_1_348' title='bbox 1147 2681 1368 2751; x_wconf 72' lang='lat' dir='ltr'>ignotos</span> <span class='ocrx_word' id='word_1_349' title='bbox 1407 2687 1465 2734; x_wconf 92' lang='lat' dir='ltr'>et</span> <span class='ocrx_word' id='word_1_350' title='bbox 1495 2684 1732 2744; x_wconf 84' lang='lat' dir='ltr'>exteros,</span> <span class='ocrx_word' id='word_1_351' title='bbox 1819 2684 1876 2731; x_wconf 90' lang='lat' dir='ltr'>ct</span> <span class='ocrx_word' id='word_1_352' title='bbox 1903 2677 1960 2731; x_wconf 91' lang='lat' dir='ltr'>in</span> <span class='ocrx_word' id='word_1_353' title='bbox 1993 2679 2200 2732; x_wconf 89' lang='lat' dir='ltr'>honore</span> <span class='ocrx_word' id='word_1_354' title='bbox 2251 2696 2316 2732; x_wconf 89' lang='lat' dir='ltr'>ac</span> <span class='ocrx_word' id='word_1_355' title='bbox 2361 2680 2588 2734; x_wconf 90' lang='lat' dir='ltr'>nomine</span> <span class='ocrx_word' id='word_1_356' title='bbox 2633 2682 2811 2734; x_wconf 87' lang='lat' dir='ltr'>sancti</span> <span class='ocrx_word' id='word_1_357' title='bbox 2859 2684 3158 2752; x_wconf 83' lang='lat' dir='ltr'>Augustini</span> <span class='ocrx_word' id='word_1_358' title='bbox 3189 2685 3414 2739; x_wconf 80' lang='lat' dir='ltr'>Christo</span> 
     </span>
    </p>
   </div>
   <div class='ocr_carea' id='block_1_28' title="bbox 139 2767 3410 2843">
    <p class='ocr_par' dir='ltr' id='par_1_28' title="bbox 139 2767 3410 2843">
     <span class='ocr_line' id='line_1_28' title="bbox 139 2767 3410 2843; baseline 0 -15"><span class='ocrx_word' id='word_1_359' title='bbox 139 2773 343 2830; x_wconf 87' lang='lat' dir='ltr'>humili</span> <span class='ocrx_word' id='word_1_360' title='bbox 391 2773 588 2828; x_wconf 89' lang='lat' dir='ltr'>habitu</span> <span class='ocrx_word' id='word_1_361' title='bbox 635 2789 699 2826; x_wconf 91' lang='lat' dir='ltr'>ac</span> <span class='ocrx_word' id='word_1_362' title='bbox 744 2771 986 2843; x_wconf 87' lang='lat' dir='ltr'>pedestri</span> <span class='ocrx_word' id='word_1_363' title='bbox 1023 2770 1244 2824; x_wconf 83' lang='lat' dir='ltr'>incessu</span> <span class='ocrx_word' id='word_1_364' title='bbox 1276 2770 1586 2839; x_wconf 89' lang='lat' dir='ltr'>despectos,</span> <span class='ocrx_word' id='word_1_365' title='bbox 1620 2768 1736 2822; x_wconf 85' lang='lat' dir='ltr'>risu</span> <span class='ocrx_word' id='word_1_366' title='bbox 1823 2767 2167 2820; x_wconf 86' lang='lat' dir='ltr'>dedicavere.</span> <span class='ocrx_word' id='word_1_367' title='bbox 2213 2767 2402 2821; x_wconf 85' lang='lat' dir='ltr'>Altare</span> <span class='ocrx_word' id='word_1_368' title='bbox 2443 2785 2592 2834; x_wconf 93' lang='lat' dir='ltr'>vero,</span> <span class='ocrx_word' id='word_1_369' title='bbox 2625 2769 2720 2824; x_wconf 89' lang='lat' dir='ltr'>ubi</span> <span class='ocrx_word' id='word_1_370' title='bbox 2746 2771 2866 2840; x_wconf 81' lang='lat' dir='ltr'>ejus</span> <span class='ocrx_word' id='word_1_371' title='bbox 2893 2772 3102 2842; x_wconf 86' lang='lat' dir='ltr'>scripta</span> <span class='ocrx_word' id='word_1_372' title='bbox 3137 2773 3410 2842; x_wconf 85' lang='lat' dir='ltr'>legerant,</span> 
     </span>
    </p>
   </div>
   <div class='ocr_carea' id='block_1_29' title="bbox 139 2856 3418 2933">
    <p class='ocr_par' dir='ltr' id='par_1_29' title="bbox 139 2856 3418 2933">
     <span class='ocr_line' id='line_1_29' title="bbox 139 2856 3418 2933; baseline -0.001 -16"><span class='ocrx_word' id='word_1_373' title='bbox 139 2868 194 2917; x_wconf 86' lang='lat' dir='ltr'>et</span> <span class='ocrx_word' id='word_1_374' title='bbox 220 2861 462 2933; x_wconf 85' lang='lat' dir='ltr'>apporia</span> <span class='ocrx_word' id='word_1_375' title='bbox 491 2859 786 2914; x_wconf 85' lang='lat' dir='ltr'>afﬁciebat.</span> <span class='ocrx_word' id='word_1_376' title='bbox 819 2860 888 2913; x_wconf 88' lang='lat' dir='ltr'>Et</span> <span class='ocrx_word' id='word_1_377' title='bbox 913 2857 1012 2912; x_wconf 88' lang='lat' dir='ltr'>viri</span> <span class='ocrx_word' id='word_1_378' title='bbox 1039 2857 1263 2928; x_wconf 90' lang='lat' dir='ltr'>quidem</span> <span class='ocrx_word' id='word_1_379' title='bbox 1305 2857 1376 2910; x_wconf 91' lang='lat' dir='ltr'>ad</span> <span class='ocrx_word' id='word_1_380' title='bbox 1403 2857 1739 2910; x_wconf 87' lang='lat' dir='ltr'>feminarum</span> <span class='ocrx_word' id='word_1_381' title='bbox 1822 2860 2090 2919; x_wconf 87' lang='lat' dir='ltr'>statuere,</span> <span class='ocrx_word' id='word_1_382' title='bbox 2112 2861 2176 2908; x_wconf 92' lang='lat' dir='ltr'>ut</span> <span class='ocrx_word' id='word_1_383' title='bbox 2193 2856 2352 2926; x_wconf 87' lang='lat' dir='ltr'>cujus</span> <span class='ocrx_word' id='word_1_384' title='bbox 2373 2873 2482 2910; x_wconf 90' lang='lat' dir='ltr'>non</span> <span class='ocrx_word' id='word_1_385' title='bbox 2503 2857 2864 2912; x_wconf 87' lang='lat' dir='ltr'>merebantur</span> <span class='ocrx_word' id='word_1_386' title='bbox 2880 2859 3154 2932; x_wconf 87' lang='lat' dir='ltr'>corporali</span> <span class='ocrx_word' id='word_1_387' title='bbox 3165 2861 3418 2931; x_wconf 89' lang='lat' dir='ltr'>gaudere</span> 
     </span>
    </p>
   </div>
   <div class='ocr_carea' id='block_1_30' title="bbox 139 2944 3416 3016">
    <p class='ocr_par' dir='ltr' id='par_1_30' title="bbox 139 2944 3416 3016">
     <span class='ocr_line' id='line_1_30' title="bbox 139 2944 3416 3016; baseline -0.001 -10"><span class='ocrx_word' id='word_1_388' title='bbox 139 2951 435 3006; x_wconf 76' lang='lat' dir='ltr'>vesaniam</span> <span class='ocrx_word' id='word_1_389' title='bbox 486 2949 780 3003; x_wconf 90' lang='lat' dir='ltr'>indemnes</span> <span class='ocrx_word' id='word_1_390' title='bbox 831 2947 1183 3001; x_wconf 87' lang='lat' dir='ltr'>videbantur.</span> <span class='ocrx_word' id='word_1_391' title='bbox 1240 2946 1354 3000; x_wconf 85' lang='lat' dir='ltr'>Illae</span> <span class='ocrx_word' id='word_1_392' title='bbox 1391 2962 1542 3008; x_wconf 89' lang='lat' dir='ltr'>vero,</span> <span class='ocrx_word' id='word_1_393' title='bbox 1588 2945 1740 2999; x_wconf 87' lang='lat' dir='ltr'>velut</span> <span class='ocrx_word' id='word_1_394' title='bbox 1823 2944 2141 3015; x_wconf 84' lang='lat' dir='ltr'>praesentia,</span> <span class='ocrx_word' id='word_1_395' title='bbox 2189 2949 2461 3015; x_wconf 90' lang='lat' dir='ltr'>perpetuo</span> <span class='ocrx_word' id='word_1_396' title='bbox 2501 2962 2632 2999; x_wconf 89' lang='lat' dir='ltr'>eum</span> <span class='ocrx_word' id='word_1_397' title='bbox 2679 2953 3010 3016; x_wconf 70' lang='lat' dir='ltr'>praesentem</span> <span class='ocrx_word' id='word_1_398' title='bbox 3043 2947 3315 3004; x_wconf 83' lang='lat' dir='ltr'>haberent</span> <span class='ocrx_word' id='word_1_399' title='bbox 3355 2952 3416 3004; x_wconf 90' lang='lat' dir='ltr'>in</span> 
     </span>
    </p>
   </div>
   <div class='ocr_carea' id='block_1_31' title="bbox 140 3032 3418 3110">
    <p class='ocr_par' dir='ltr' id='par_1_31' title="bbox 140 3032 3418 3110">
     <span class='ocr_line' id='line_1_31' title="bbox 140 3032 3418 3110; baseline 0 -16"><span class='ocrx_word' id='word_1_400' title='bbox 140 3041 472 3110; x_wconf 72' lang='lat' dir='ltr'>conjumtae,</span> <span class='ocrx_word' id='word_1_401' title='bbox 499 3038 559 3092; x_wconf 89' lang='lat' dir='ltr'>in</span> <span class='ocrx_word' id='word_1_402' title='bbox 585 3037 912 3091; x_wconf 88' lang='lat' dir='ltr'>innocentes</span> <span class='ocrx_word' id='word_1_403' title='bbox 939 3036 1182 3090; x_wconf 87' lang='lat' dir='ltr'>advenas</span> <span class='ocrx_word' id='word_1_404' title='bbox 1219 3040 1342 3088; x_wconf 86' lang='lat' dir='ltr'>tota</span> <span class='ocrx_word' id='word_1_405' title='bbox 1373 3033 1735 3088; x_wconf 87' lang='lat' dir='ltr'>insultatione</span> <span class='ocrx_word' id='word_1_406' title='bbox 1763 3032 1946 3110; x_wconf 51' lang='lat' dir='ltr'>“ipsa</span> <span class='ocrx_word' id='word_1_407' title='bbox 1966 3049 2071 3086; x_wconf 88' lang='lat' dir='ltr'>sua</span> <span class='ocrx_word' id='word_1_408' title='bbox 2091 3033 2342 3086; x_wconf 84' lang='lat' dir='ltr'>ecclesia.</span> <span class='ocrx_word' id='word_1_409' title='bbox 2378 3033 2461 3088; x_wconf 90' lang='lat' dir='ltr'>lbi</span> <span class='ocrx_word' id='word_1_410' title='bbox 2491 3034 2658 3088; x_wconf 90' lang='lat' dir='ltr'>etiam</span> <span class='ocrx_word' id='word_1_411' title='bbox 2691 3037 3070 3106; x_wconf 67' lang='lat' dir='ltr'>praecordialis</span> <span class='ocrx_word' id='word_1_412' title='bbox 3101 3039 3270 3092; x_wconf 87' lang='lat' dir='ltr'>Pater</span> <span class='ocrx_word' id='word_1_413' title='bbox 3287 3056 3418 3110; x_wconf 90' lang='lat' dir='ltr'>per-</span> 
     </span>
    </p>
   </div>
   <div class='ocr_carea' id='block_1_32' title="bbox 139 3088 3422 3196">
    <p class='ocr_par' dir='ltr' id='par_1_32' title="bbox 139 3088 3422 3196">
     <span class='ocr_line' id='line_1_32' title="bbox 139 3088 3422 3196; baseline -0 -13"><span class='ocrx_word' id='word_1_414' title='bbox 139 3088 491 3184; x_wconf 60' lang='lat' dir='ltr'>ferebantur.</span> <span class='ocrx_word' id='word_1_415' title='bbox 531 3127 770 3196; x_wconf 87' lang='lat' dir='ltr'>Jamque</span> <span class='ocrx_word' id='word_1_416' title='bbox 815 3141 947 3179; x_wconf 91' lang='lat' dir='ltr'>rure</span> <span class='ocrx_word' id='word_1_417' title='bbox 993 3125 1217 3194; x_wconf 85' lang='lat' dir='ltr'>ejectos,</span> <span class='ocrx_word' id='word_1_418' title='bbox 1245 3129 1309 3177; x_wconf 85' lang='lat' dir='ltr'>ut</span> <span class='ocrx_word' id='word_1_419' title='bbox 1344 3123 1550 3177; x_wconf 81' lang='lat' dir='ltr'>rabidae</span> <span class='ocrx_word' id='word_1_420' title='bbox 1575 3088 2003 3176; x_wconf 69' lang='lat' dir='ltr'>canescmulta</span> <span class='ocrx_word' id='word_1_421' title='bbox 2039 3138 2100 3176; x_wconf 89' lang='lat' dir='ltr'>se</span> <span class='ocrx_word' id='word_1_422' title='bbox 2141 3121 2496 3192; x_wconf 88' lang='lat' dir='ltr'>poscentibus</span> <span class='ocrx_word' id='word_1_423' title='bbox 2525 3088 3422 3194; x_wconf 70' lang='lat' dir='ltr'>repraesentat</span> 
     </span>
    </p>
   </div>
   <div class='ocr_carea' id='block_1_33' title="bbox 140 3209 3423 3286">
    <p class='ocr_par' dir='ltr' id='par_1_33' title="bbox 140 3209 3423 3286">
     <span class='ocr_line' id='line_1_33' title="bbox 140 3209 3423 3286; baseline -0.001 -14"><span class='ocrx_word' id='word_1_424' title='bbox 140 3218 387 3284; x_wconf 90' lang='lat' dir='ltr'>ululatu,</span> <span class='ocrx_word' id='word_1_425' title='bbox 409 3215 601 3286; x_wconf 83' lang='lat' dir='ltr'>rugitu</span> <span class='ocrx_word' id='word_1_426' title='bbox 623 3231 690 3268; x_wconf 89' lang='lat' dir='ltr'>ac</span> <span class='ocrx_word' id='word_1_427' title='bbox 711 3213 936 3268; x_wconf 86' lang='lat' dir='ltr'>fremitu</span> <span class='ocrx_word' id='word_1_428' title='bbox 955 3213 1396 3267; x_wconf 87' lang='lat' dir='ltr'>insectabantur.</span> <span class='ocrx_word' id='word_1_429' title='bbox 1423 3211 1741 3266; x_wconf 87' lang='lat' dir='ltr'>Proximam</span> <span class='ocrx_word' id='word_1_430' title='bbox 1823 3209 2130 3265; x_wconf 88' lang='lat' dir='ltr'>sanitatum</span> <span class='ocrx_word' id='word_1_431' title='bbox 2175 3209 2398 3264; x_wconf 81' lang='lat' dir='ltr'>exhibet</span> <span class='ocrx_word' id='word_1_432' title='bbox 2435 3210 2722 3266; x_wconf 89' lang='lat' dir='ltr'>miracula.</span> <span class='ocrx_word' id='word_1_433' title='bbox 2769 3213 3170 3270; x_wconf 84' lang='lat' dir='ltr'>Verumtamen</span> <span class='ocrx_word' id='word_1_434' title='bbox 3203 3215 3273 3269; x_wconf 85' lang='lat' dir='ltr'>ab</span> <span class='ocrx_word' id='word_1_435' title='bbox 3314 3215 3423 3270; x_wconf 89' lang='lat' dir='ltr'>hac</span> 
     </span>
    </p>
   </div>
   <div class='ocr_carea' id='block_1_34' title="bbox 140 3299 3420 3372">
    <p class='ocr_par' dir='ltr' id='par_1_34' title="bbox 140 3299 3420 3372">
     <span class='ocr_line' id='line_1_34' title="bbox 140 3299 3420 3372; baseline -0.001 -11"><span class='ocrx_word' id='word_1_436' title='bbox 140 3308 363 3361; x_wconf 90' lang='lat' dir='ltr'>ulmum</span> <span class='ocrx_word' id='word_1_437' title='bbox 394 3310 530 3360; x_wconf 90' lang='lat' dir='ltr'>tunc</span> <span class='ocrx_word' id='word_1_438' title='bbox 565 3309 845 3358; x_wconf 89' lang='lat' dir='ltr'>astantem</span> <span class='ocrx_word' id='word_1_439' title='bbox 885 3302 1019 3356; x_wconf 88' lang='lat' dir='ltr'>lassi</span> <span class='ocrx_word' id='word_1_440' title='bbox 1057 3302 1298 3355; x_wconf 89' lang='lat' dir='ltr'>viatores</span> <span class='ocrx_word' id='word_1_441' title='bbox 1343 3305 1631 3372; x_wconf 82' lang='lat' dir='ltr'>captantes</span> <span class='ocrx_word' id='word_1_442' title='bbox 1671 3299 1744 3354; x_wconf 90' lang='lat' dir='ltr'>ad</span> <span class='ocrx_word' id='word_1_443' title='bbox 1825 3299 2056 3353; x_wconf 88' lang='lat' dir='ltr'>ecclesia</span> <span class='ocrx_word' id='word_1_444' title='bbox 2085 3304 2354 3370; x_wconf 90' lang='lat' dir='ltr'>perpetuo</span> <span class='ocrx_word' id='word_1_445' title='bbox 2382 3300 2614 3370; x_wconf 89' lang='lat' dir='ltr'>repudio</span> <span class='ocrx_word' id='word_1_446' title='bbox 2653 3317 2819 3356; x_wconf 90' lang='lat' dir='ltr'>omne</span> <span class='ocrx_word' id='word_1_447' title='bbox 2857 3308 3082 3358; x_wconf 89' lang='lat' dir='ltr'>arcetur</span> <span class='ocrx_word' id='word_1_448' title='bbox 3115 3319 3295 3372; x_wconf 83' lang='lat' dir='ltr'>genus</span> <span class='ocrx_word' id='word_1_449' title='bbox 3335 3305 3420 3359; x_wconf 88' lang='lat' dir='ltr'>fe-</span> 
     </span>
    </p>
   </div>
   <div class='ocr_carea' id='block_1_35' title="bbox 142 3387 3422 3466">
    <p class='ocr_par' dir='ltr' id='par_1_35' title="bbox 142 3387 3422 3466">
     <span class='ocr_line' id='line_1_35' title="bbox 142 3387 3422 3466; baseline 0 -18"><span class='ocrx_word' id='word_1_450' title='bbox 142 3393 634 3466; x_wconf 89' lang='lat' dir='ltr'>requiescendum,</span> <span class='ocrx_word' id='word_1_451' title='bbox 683 3391 815 3446; x_wconf 92' lang='lat' dir='ltr'>inde</span> <span class='ocrx_word' id='word_1_452' title='bbox 873 3391 1044 3445; x_wconf 88' lang='lat' dir='ltr'>etiam</span> <span class='ocrx_word' id='word_1_453' title='bbox 1095 3407 1129 3444; x_wconf 91' lang='lat' dir='ltr'>a</span> <span class='ocrx_word' id='word_1_454' title='bbox 1178 3389 1483 3444; x_wconf 82' lang='lat' dir='ltr'>ludibriose</span> <span class='ocrx_word' id='word_1_455' title='bbox 1531 3389 1744 3460; x_wconf 87' lang='lat' dir='ltr'>impetu</span> <span class='ocrx_word' id='word_1_456' title='bbox 1826 3387 2129 3454; x_wconf 89' lang='lat' dir='ltr'>minarum,</span> <span class='ocrx_word' id='word_1_457' title='bbox 2170 3393 2235 3442; x_wconf 93' lang='lat' dir='ltr'>ut</span> <span class='ocrx_word' id='word_1_458' title='bbox 2297 3387 2556 3444; x_wconf 88' lang='lat' dir='ltr'>omnibus</span> <span class='ocrx_word' id='word_1_459' title='bbox 2619 3396 2945 3446; x_wconf 87' lang='lat' dir='ltr'>sanctorum</span> <span class='ocrx_word' id='word_1_460' title='bbox 2994 3392 3422 3464; x_wconf 88' lang='lat' dir='ltr'>injuriatoribus</span> 
     </span>
    </p>
   </div>
   <div class='ocr_carea' id='block_1_36' title="bbox 143 3475 2644 3552">
    <p class='ocr_par' dir='ltr' id='par_1_36' title="bbox 143 3475 2644 3552">
     <span class='ocr_line' id='line_1_36' title="bbox 143 3475 2644 3552; baseline -0.002 -14"><span class='ocrx_word' id='word_1_461' title='bbox 143 3483 524 3538; x_wconf 85' lang='lat' dir='ltr'>exturbantur</span> <span class='ocrx_word' id='word_1_462' title='bbox 579 3481 916 3552; x_wconf 88' lang='lat' dir='ltr'>viraginum.</span> <span class='ocrx_word' id='word_1_463' title='bbox 959 3482 1030 3534; x_wconf 86' lang='lat' dir='ltr'>At</span> <span class='ocrx_word' id='word_1_464' title='bbox 1067 3495 1238 3534; x_wconf 89' lang='lat' dir='ltr'>unam</span> <span class='ocrx_word' id='word_1_465' title='bbox 1279 3478 1414 3532; x_wconf 90' lang='lat' dir='ltr'>almi</span> <span class='ocrx_word' id='word_1_466' title='bbox 1451 3477 1608 3534; x_wconf 88' lang='lat' dir='ltr'>ducis</span> <span class='ocrx_word' id='word_1_467' title='bbox 1649 3494 1744 3530; x_wconf 86' lang='lat' dir='ltr'>ve-</span> <span class='ocrx_word' id='word_1_468' title='bbox 1825 3493 2049 3546; x_wconf 89' lang='lat' dir='ltr'>semper</span> <span class='ocrx_word' id='word_1_469' title='bbox 2076 3476 2189 3530; x_wconf 90' lang='lat' dir='ltr'>sint</span> <span class='ocrx_word' id='word_1_470' title='bbox 2220 3475 2279 3530; x_wconf 89' lang='lat' dir='ltr'>in</span> <span class='ocrx_word' id='word_1_471' title='bbox 2307 3478 2644 3549; x_wconf 83' lang='lat' dir='ltr'>exemplum.</span> 
     </span>
    </p>
   </div>
   <div class='ocr_carea' id='block_1_37' title="bbox 145 3565 3424 3645">
    <p class='ocr_par' dir='ltr' id='par_1_37' title="bbox 145 3565 3424 3645">
     <span class='ocr_line' id='line_1_37' title="bbox 145 3565 3424 3645; baseline 0 -19"><span class='ocrx_word' id='word_1_472' title='bbox 145 3572 337 3645; x_wconf 73' lang='lat' dir='ltr'>stigia,</span> <span class='ocrx_word' id='word_1_473' title='bbox 368 3569 768 3624; x_wconf 90' lang='lat' dir='ltr'>irreverentius</span> <span class='ocrx_word' id='word_1_474' title='bbox 817 3567 1245 3638; x_wconf 85' lang='lat' dir='ltr'>astringentem,</span> <span class='ocrx_word' id='word_1_475' title='bbox 1292 3583 1392 3620; x_wconf 90' lang='lat' dir='ltr'>seu</span> <span class='ocrx_word' id='word_1_476' title='bbox 1433 3565 1740 3632; x_wconf 88' lang='lat' dir='ltr'>colubram,</span> <span class='ocrx_word' id='word_1_477' title='bbox 1898 3565 2162 3628; x_wconf 69' lang='lat' dir='ltr'>Quaedam</span> <span class='ocrx_word' id='word_1_478' title='bbox 2186 3571 2447 3620; x_wconf 85' lang='lat' dir='ltr'>matrona</span> <span class='ocrx_word' id='word_1_479' title='bbox 2476 3566 2627 3622; x_wconf 91' lang='lat' dir='ltr'>dives</span> <span class='ocrx_word' id='word_1_480' title='bbox 2643 3567 2754 3622; x_wconf 89' lang='lat' dir='ltr'>huc</span> <span class='ocrx_word' id='word_1_481' title='bbox 2787 3584 2915 3624; x_wconf 91' lang='lat' dir='ltr'>cum</span> <span class='ocrx_word' id='word_1_482' title='bbox 2935 3586 3098 3625; x_wconf 89' lang='lat' dir='ltr'>cereo</span> <span class='ocrx_word' id='word_1_483' title='bbox 3123 3571 3424 3644; x_wconf 87' lang='lat' dir='ltr'>appetebat</span> 
     </span>
    </p>
   </div>
   <div class='ocr_carea' id='block_1_38' title="bbox 145 3655 3425 3734">
    <p class='ocr_par' dir='ltr' id='par_1_38' title="bbox 145 3655 3425 3734">
     <span class='ocr_line' id='line_1_38' title="bbox 145 3655 3425 3734; baseline 0.001 -20"><span class='ocrx_word' id='word_1_484' title='bbox 145 3677 274 3714; x_wconf 89' lang='lat' dir='ltr'>cum</span> <span class='ocrx_word' id='word_1_485' title='bbox 313 3659 412 3713; x_wconf 91' lang='lat' dir='ltr'>ille</span> <span class='ocrx_word' id='word_1_486' title='bbox 441 3662 712 3730; x_wconf 69' lang='lat' dir='ltr'>praetenta</span> <span class='ocrx_word' id='word_1_487' title='bbox 741 3657 940 3710; x_wconf 91' lang='lat' dir='ltr'>baculo</span> <span class='ocrx_word' id='word_1_488' title='bbox 970 3657 1133 3710; x_wconf 85' lang='lat' dir='ltr'>vellet</span> <span class='ocrx_word' id='word_1_489' title='bbox 1152 3657 1439 3726; x_wconf 84' lang='lat' dir='ltr'>repellere,</span> <span class='ocrx_word' id='word_1_490' title='bbox 1473 3661 1743 3724; x_wconf 90' lang='lat' dir='ltr'>tanquam</span> <span class='ocrx_word' id='word_1_491' title='bbox 1827 3655 2163 3725; x_wconf 83' lang='lat' dir='ltr'>ingressum,</span> <span class='ocrx_word' id='word_1_492' title='bbox 2235 3661 2293 3710; x_wconf 91' lang='lat' dir='ltr'>et</span> <span class='ocrx_word' id='word_1_493' title='bbox 2337 3656 2830 3714; x_wconf 88' lang='lat' dir='ltr'>interminantibus</span> <span class='ocrx_word' id='word_1_494' title='bbox 2882 3661 3141 3716; x_wconf 89' lang='lat' dir='ltr'>omnibus</span> <span class='ocrx_word' id='word_1_495' title='bbox 3187 3663 3425 3734; x_wconf 88' lang='lat' dir='ltr'>urgebat</span> 
     </span>
    </p>
   </div>
   <div class='ocr_carea' id='block_1_39' title="bbox 145 3743 3418 3817">
    <p class='ocr_par' dir='ltr' id='par_1_39' title="bbox 145 3743 3418 3817">
     <span class='ocr_line' id='line_1_39' title="bbox 145 3743 3418 3817; baseline 0.001 -14"><span class='ocrx_word' id='word_1_496' title='bbox 145 3751 348 3815; x_wconf 86' lang='lat' dir='ltr'>feram,</span> <span class='ocrx_word' id='word_1_497' title='bbox 397 3747 547 3802; x_wconf 90' lang='lat' dir='ltr'>illico</span> <span class='ocrx_word' id='word_1_498' title='bbox 583 3746 816 3800; x_wconf 86' lang='lat' dir='ltr'>baculus</span> <span class='ocrx_word' id='word_1_499' title='bbox 853 3745 923 3798; x_wconf 90' lang='lat' dir='ltr'>de</span> <span class='ocrx_word' id='word_1_500' title='bbox 951 3761 1121 3798; x_wconf 84' lang='lat' dir='ltr'>manu</span> <span class='ocrx_word' id='word_1_501' title='bbox 1152 3747 1294 3814; x_wconf 85' lang='lat' dir='ltr'>ejus,</span> <span class='ocrx_word' id='word_1_502' title='bbox 1339 3745 1487 3797; x_wconf 89' lang='lat' dir='ltr'>velut</span> <span class='ocrx_word' id='word_1_503' title='bbox 1513 3743 1582 3796; x_wconf 89' lang='lat' dir='ltr'>ab</span> <span class='ocrx_word' id='word_1_504' title='bbox 1613 3759 1745 3796; x_wconf 88' lang='lat' dir='ltr'>arcu</span> <span class='ocrx_word' id='word_1_505' title='bbox 1829 3743 2198 3814; x_wconf 59' lang='lat' dir='ltr'>proliositum,</span> <span class='ocrx_word' id='word_1_506' title='bbox 2241 3744 2431 3798; x_wconf 89' lang='lat' dir='ltr'>dicens</span> <span class='ocrx_word' id='word_1_507' title='bbox 2485 3762 2546 3799; x_wconf 88' lang='lat' dir='ltr'>se</span> <span class='ocrx_word' id='word_1_508' title='bbox 2588 3763 2699 3800; x_wconf 90' lang='lat' dir='ltr'>non</span> <span class='ocrx_word' id='word_1_509' title='bbox 2742 3764 3000 3817; x_wconf 85' lang='lat' dir='ltr'>peccasse</span> <span class='ocrx_word' id='word_1_510' title='bbox 3041 3749 3100 3802; x_wconf 90' lang='lat' dir='ltr'>in</span> <span class='ocrx_word' id='word_1_511' title='bbox 3139 3757 3418 3817; x_wconf 89' lang='lat' dir='ltr'>sanctum,</span> 
     </span>
    </p>
   </div>
   <div class='ocr_carea' id='block_1_40' title="bbox 147 3832 3422 3910">
    <p class='ocr_par' dir='ltr' id='par_1_40' title="bbox 147 3832 3422 3910">
     <span class='ocr_line' id='line_1_40' title="bbox 147 3832 3422 3910; baseline 0 -16"><span class='ocrx_word' id='word_1_512' title='bbox 147 3839 380 3910; x_wconf 83' lang='lat' dir='ltr'>sagitta,</span> <span class='ocrx_word' id='word_1_513' title='bbox 411 3835 710 3900; x_wconf 81' lang='lat' dir='ltr'>excutitur,</span> <span class='ocrx_word' id='word_1_514' title='bbox 738 3842 794 3889; x_wconf 88' lang='lat' dir='ltr'>et</span> <span class='ocrx_word' id='word_1_515' title='bbox 841 3851 942 3906; x_wconf 91' lang='lat' dir='ltr'>per</span> <span class='ocrx_word' id='word_1_516' title='bbox 977 3834 1088 3888; x_wconf 89' lang='lat' dir='ltr'>tria</span> <span class='ocrx_word' id='word_1_517' title='bbox 1128 3835 1246 3888; x_wconf 86' lang='lat' dir='ltr'>fere</span> <span class='ocrx_word' id='word_1_518' title='bbox 1287 3833 1470 3888; x_wconf 87' lang='lat' dir='ltr'>stadia</span> <span class='ocrx_word' id='word_1_519' title='bbox 1497 3833 1742 3896; x_wconf 87' lang='lat' dir='ltr'>evolans,</span> <span class='ocrx_word' id='word_1_520' title='bbox 1827 3832 1923 3885; x_wconf 90' lang='lat' dir='ltr'>sed</span> <span class='ocrx_word' id='word_1_521' title='bbox 1962 3832 2100 3886; x_wconf 85' lang='lat' dir='ltr'>velle</span> <span class='ocrx_word' id='word_1_522' title='bbox 2123 3848 2181 3885; x_wconf 90' lang='lat' dir='ltr'>se</span> <span class='ocrx_word' id='word_1_523' title='bbox 2213 3832 2487 3887; x_wconf 89' lang='lat' dir='ltr'>honorare</span> <span class='ocrx_word' id='word_1_524' title='bbox 2509 3850 2658 3888; x_wconf 88' lang='lat' dir='ltr'>eum.</span> <span class='ocrx_word' id='word_1_525' title='bbox 2691 3835 2794 3889; x_wconf 83' lang='lat' dir='ltr'>Vix</span> <span class='ocrx_word' id='word_1_526' title='bbox 2823 3845 3012 3891; x_wconf 90' lang='lat' dir='ltr'>autem</span> <span class='ocrx_word' id='word_1_527' title='bbox 3040 3837 3422 3894; x_wconf 89' lang='lat' dir='ltr'>inconcessam</span> 
     </span>
    </p>
   </div>
   <div class='ocr_carea' id='block_1_41' title="bbox 147 3921 3418 3999">
    <p class='ocr_par' dir='ltr' id='par_1_41' title="bbox 147 3921 3418 3999">
     <span class='ocr_line' id='line_1_41' title="bbox 147 3921 3418 3999; baseline 0 -17"><span class='ocrx_word' id='word_1_528' title='bbox 147 3927 310 3982; x_wconf 90' lang='lat' dir='ltr'>humi</span> <span class='ocrx_word' id='word_1_529' title='bbox 331 3924 599 3996; x_wconf 86' lang='lat' dir='ltr'>afﬁgitur.</span> <span class='ocrx_word' id='word_1_530' title='bbox 633 3923 1008 3994; x_wconf 89' lang='lat' dir='ltr'>Subsequitur</span> <span class='ocrx_word' id='word_1_531' title='bbox 1033 3923 1142 3976; x_wconf 85' lang='lat' dir='ltr'>dux</span> <span class='ocrx_word' id='word_1_532' title='bbox 1176 3939 1300 3976; x_wconf 91' lang='lat' dir='ltr'>cum</span> <span class='ocrx_word' id='word_1_533' title='bbox 1333 3923 1530 3975; x_wconf 88' lang='lat' dir='ltr'>devoto</span> <span class='ocrx_word' id='word_1_534' title='bbox 1555 3921 1742 3980; x_wconf 89' lang='lat' dir='ltr'>choro,</span> <span class='ocrx_word' id='word_1_535' title='bbox 1831 3925 2035 3974; x_wconf 89' lang='lat' dir='ltr'>metam</span> <span class='ocrx_word' id='word_1_536' title='bbox 2053 3921 2340 3991; x_wconf 88' lang='lat' dir='ltr'>attigerat,</span> <span class='ocrx_word' id='word_1_537' title='bbox 2365 3929 2422 3975; x_wconf 89' lang='lat' dir='ltr'>et</span> <span class='ocrx_word' id='word_1_538' title='bbox 2449 3922 2828 3994; x_wconf 87' lang='lat' dir='ltr'>subitoruptis</span> <span class='ocrx_word' id='word_1_539' title='bbox 2849 3925 3132 3981; x_wconf 89' lang='lat' dir='ltr'>intestinis</span> <span class='ocrx_word' id='word_1_540' title='bbox 3153 3928 3418 3999; x_wconf 82' lang='lat' dir='ltr'>exspirat;</span> 
     </span>
    </p>
   </div>
   <div class='ocr_carea' id='block_1_42' title="bbox 148 4009 3424 4088">
    <p class='ocr_par' dir='ltr' id='par_1_42' title="bbox 148 4009 3424 4088">
     <span class='ocr_line' id='line_1_42' title="bbox 148 4009 3424 4088; baseline 0 -17"><span class='ocrx_word' id='word_1_541' title='bbox 148 4016 313 4088; x_wconf 86' lang='lat' dir='ltr'>quasi</span> <span class='ocrx_word' id='word_1_542' title='bbox 344 4031 412 4070; x_wconf 86' lang='lat' dir='ltr'>eo</span> <span class='ocrx_word' id='word_1_543' title='bbox 439 4031 500 4069; x_wconf 89' lang='lat' dir='ltr'>se</span> <span class='ocrx_word' id='word_1_544' title='bbox 527 4018 758 4068; x_wconf 77' lang='lat' dir='ltr'>vocante</span> <span class='ocrx_word' id='word_1_545' title='bbox 795 4012 1054 4066; x_wconf 91' lang='lat' dir='ltr'>Domino.</span> <span class='ocrx_word' id='word_1_546' title='bbox 1101 4011 1450 4082; x_wconf 85' lang='lat' dir='ltr'>Augustinus</span> <span class='ocrx_word' id='word_1_547' title='bbox 1488 4010 1749 4064; x_wconf 87' lang='lat' dir='ltr'>baculum</span> <span class='ocrx_word' id='word_1_548' title='bbox 1830 4009 2090 4078; x_wconf 85' lang='lat' dir='ltr'>forasque</span> <span class='ocrx_word' id='word_1_549' title='bbox 2131 4015 2378 4064; x_wconf 81' lang='lat' dir='ltr'>extracta</span> <span class='ocrx_word' id='word_1_550' title='bbox 2423 4017 2666 4076; x_wconf 86' lang='lat' dir='ltr'>mortua,</span> <span class='ocrx_word' id='word_1_551' title='bbox 2709 4029 2904 4068; x_wconf 88' lang='lat' dir='ltr'>onmes</span> <span class='ocrx_word' id='word_1_552' title='bbox 2955 4015 3183 4070; x_wconf 85' lang='lat' dir='ltr'>credere</span> <span class='ocrx_word' id='word_1_553' title='bbox 3231 4017 3424 4072; x_wconf 88' lang='lat' dir='ltr'>docuit</span> 
     </span>
    </p>
   </div>
   <div class='ocr_carea' id='block_1_43' title="bbox 149 4098 3425 4172">
    <p class='ocr_par' dir='ltr' id='par_1_43' title="bbox 149 4098 3425 4172">
     <span class='ocr_line' id='line_1_43' title="bbox 149 4098 3425 4172; baseline 0.001 -14"><span class='ocrx_word' id='word_1_554' title='bbox 149 4104 360 4170; x_wconf 87' lang='lat' dir='ltr'>evellit,</span> <span class='ocrx_word' id='word_1_555' title='bbox 389 4108 448 4158; x_wconf 90' lang='lat' dir='ltr'>et</span> <span class='ocrx_word' id='word_1_556' title='bbox 485 4118 614 4156; x_wconf 86' lang='lat' dir='ltr'>cum</span> <span class='ocrx_word' id='word_1_557' title='bbox 649 4100 910 4156; x_wconf 89' lang='lat' dir='ltr'>baculum</span> <span class='ocrx_word' id='word_1_558' title='bbox 951 4106 1284 4172; x_wconf 88' lang='lat' dir='ltr'>perpetuum</span> <span class='ocrx_word' id='word_1_559' title='bbox 1333 4116 1492 4170; x_wconf 72' lang='lat' dir='ltr'>aqua:</span> <span class='ocrx_word' id='word_1_560' title='bbox 1539 4099 1748 4150; x_wconf 89' lang='lat' dir='ltr'>fontem</span> <span class='ocrx_word' id='word_1_561' title='bbox 1833 4098 1981 4168; x_wconf 91' lang='lat' dir='ltr'>quod</span> <span class='ocrx_word' id='word_1_562' title='bbox 2033 4099 2172 4152; x_wconf 91' lang='lat' dir='ltr'>nulli</span> <span class='ocrx_word' id='word_1_563' title='bbox 2209 4099 2543 4165; x_wconf 88' lang='lat' dir='ltr'>crediderat,</span> <span class='ocrx_word' id='word_1_564' title='bbox 2589 4105 2647 4154; x_wconf 89' lang='lat' dir='ltr'>et</span> <span class='ocrx_word' id='word_1_565' title='bbox 2681 4117 2804 4172; x_wconf 57' lang='lat' dir='ltr'>quas</span> <span class='ocrx_word' id='word_1_566' title='bbox 2851 4119 3046 4158; x_wconf 91' lang='lat' dir='ltr'>omnes</span> <span class='ocrx_word' id='word_1_567' title='bbox 3072 4103 3292 4160; x_wconf 84' lang='lat' dir='ltr'>vincere</span> <span class='ocrx_word' id='word_1_568' title='bbox 3320 4123 3425 4161; x_wconf 88' lang='lat' dir='ltr'>sua</span> 
     </span>
    </p>
   </div>
   <div class='ocr_carea' id='block_1_44' title="bbox 151 4187 3426 4262">
    <p class='ocr_par' dir='ltr' id='par_1_44' title="bbox 151 4187 3426 4262">
     <span class='ocr_line' id='line_1_44' title="bbox 151 4187 3426 4262; baseline 0.001 -14"><span class='ocrx_word' id='word_1_569' title='bbox 151 4191 414 4248; x_wconf 81' lang='lat' dir='ltr'>extrahit.</span> <span class='ocrx_word' id='word_1_570' title='bbox 450 4191 572 4256; x_wconf 85' lang='lat' dir='ltr'>Quo</span> <span class='ocrx_word' id='word_1_571' title='bbox 600 4190 814 4262; x_wconf 88' lang='lat' dir='ltr'>pariter</span> <span class='ocrx_word' id='word_1_572' title='bbox 839 4207 876 4244; x_wconf 89' lang='lat' dir='ltr'>a</span> <span class='ocrx_word' id='word_1_573' title='bbox 899 4189 1058 4261; x_wconf 85' lang='lat' dir='ltr'>gravi</span> <span class='ocrx_word' id='word_1_574' title='bbox 1088 4188 1181 4243; x_wconf 91' lang='lat' dir='ltr'>siti</span> <span class='ocrx_word' id='word_1_575' title='bbox 1226 4187 1474 4251; x_wconf 86' lang='lat' dir='ltr'>relevati,</span> <span class='ocrx_word' id='word_1_576' title='bbox 1508 4191 1750 4240; x_wconf 68' lang='lat' dir='ltr'>aeternas</span> <span class='ocrx_word' id='word_1_577' title='bbox 1833 4187 2048 4256; x_wconf 86' lang='lat' dir='ltr'>putavit</span> <span class='ocrx_word' id='word_1_578' title='bbox 2093 4187 2548 4259; x_wconf 82' lang='lat' dir='ltr'>praesumptione,</span> <span class='ocrx_word' id='word_1_579' title='bbox 2584 4189 2844 4245; x_wconf 89' lang='lat' dir='ltr'>omnibus</span> <span class='ocrx_word' id='word_1_580' title='bbox 2890 4193 3078 4262; x_wconf 87' lang='lat' dir='ltr'>palam</span> <span class='ocrx_word' id='word_1_581' title='bbox 3131 4192 3426 4250; x_wconf 85' lang='lat' dir='ltr'>interdixit</span> 
     </span>
    </p>
   </div>
   <div class='ocr_carea' id='block_1_45' title="bbox 151 4275 2665 4350">
    <p class='ocr_par' dir='ltr' id='par_1_45' title="bbox 151 4275 2665 4350">
     <span class='ocr_line' id='line_1_45' title="bbox 151 4275 2665 4350; baseline -0.002 -14"><span class='ocrx_word' id='word_1_582' title='bbox 151 4281 454 4336; x_wconf 87' lang='lat' dir='ltr'>immolant</span> <span class='ocrx_word' id='word_1_583' title='bbox 467 4279 680 4350; x_wconf 81' lang='lat' dir='ltr'>gratias</span> <span class='ocrx_word' id='word_1_584' title='bbox 698 4278 896 4334; x_wconf 68' lang='lat' dir='ltr'>divinae</span> <span class='ocrx_word' id='word_1_585' title='bbox 921 4277 1178 4332; x_wconf 87' lang='lat' dir='ltr'>bonitati.</span> <span class='ocrx_word' id='word_1_586' title='bbox 1211 4275 1296 4330; x_wconf 85' lang='lat' dir='ltr'>Ibi</span> <span class='ocrx_word' id='word_1_587' title='bbox 1315 4275 1561 4329; x_wconf 87' lang='lat' dir='ltr'>suaviter</span> <span class='ocrx_word' id='word_1_588' title='bbox 1576 4275 1750 4328; x_wconf 87' lang='lat' dir='ltr'>fessos</span> <span class='ocrx_word' id='word_1_589' title='bbox 1833 4275 1968 4330; x_wconf 87' lang='lat' dir='ltr'>talia</span> <span class='ocrx_word' id='word_1_590' title='bbox 1991 4291 2277 4345; x_wconf 88' lang='lat' dir='ltr'>nunquam</span> <span class='ocrx_word' id='word_1_591' title='bbox 2309 4293 2665 4346; x_wconf 66' lang='lat' dir='ltr'>praesumere.</span> 
     </span>
    </p>
   </div>
   <div class='ocr_carea' id='block_1_46' title="bbox 153 4357 3426 4442">
    <p class='ocr_par' dir='ltr' id='par_1_46' title="bbox 153 4357 3426 4442">
     <span class='ocr_line' id='line_1_46' title="bbox 153 4357 3426 4442; baseline 0.001 -18"><span class='ocrx_word' id='word_1_592' title='bbox 153 4377 312 4426; x_wconf 87' lang='lat' dir='ltr'>artus</span> <span class='ocrx_word' id='word_1_593' title='bbox 350 4369 668 4424; x_wconf 86' lang='lat' dir='ltr'>refoventes</span> <span class='ocrx_word' id='word_1_594' title='bbox 711 4357 944 4424; x_wconf 55' lang='lat' dir='ltr'>&#39;noctem</span> <span class='ocrx_word' id='word_1_595' title='bbox 997 4367 1177 4438; x_wconf 88' lang='lat' dir='ltr'>ipsam</span> <span class='ocrx_word' id='word_1_596' title='bbox 1229 4365 1289 4420; x_wconf 89' lang='lat' dir='ltr'>in</span> <span class='ocrx_word' id='word_1_597' title='bbox 1342 4365 1443 4420; x_wconf 93' lang='lat' dir='ltr'>Dei</span> <span class='ocrx_word' id='word_1_598' title='bbox 1489 4363 1812 4432; x_wconf 83' lang='lat' dir='ltr'>laudibusD</span> <span class='ocrx_word' id='word_1_599' title='bbox 1902 4363 2124 4418; x_wconf 84' lang='lat' dir='ltr'>Habent</span> <span class='ocrx_word' id='word_1_600' title='bbox 2179 4369 2368 4418; x_wconf 90' lang='lat' dir='ltr'>tamen</span> <span class='ocrx_word' id='word_1_601' title='bbox 2421 4363 2498 4418; x_wconf 90' lang='lat' dir='ltr'>ibi</span> <span class='ocrx_word' id='word_1_602' title='bbox 2541 4365 2762 4421; x_wconf 65' lang='lat' dir='ltr'>feminae</span> <span class='ocrx_word' id='word_1_603' title='bbox 2813 4385 2917 4423; x_wconf 87' lang='lat' dir='ltr'>sua</span> <span class='ocrx_word' id='word_1_604' title='bbox 2970 4373 3324 4442; x_wconf 88' lang='lat' dir='ltr'>receptacula</span> <span class='ocrx_word' id='word_1_605' title='bbox 3367 4378 3426 4428; x_wconf 86' lang='lat' dir='ltr'>et</span> 
     </span>
    </p>
   </div>
   <div class='ocr_carea' id='block_1_47' title="bbox 153 4451 3424 4530">
    <p class='ocr_par' dir='ltr' id='par_1_47' title="bbox 153 4451 3424 4530">
     <span class='ocr_line' id='line_1_47' title="bbox 153 4451 3424 4530; baseline 0.001 -16"><span class='ocrx_word' id='word_1_606' title='bbox 153 4475 410 4530; x_wconf 81' lang='lat' dir='ltr'>exegere.</span> <span class='ocrx_word' id='word_1_607' title='bbox 448 4457 600 4522; x_wconf 87' lang='lat' dir='ltr'>Quos</span> <span class='ocrx_word' id='word_1_608' title='bbox 627 4457 818 4528; x_wconf 87' lang='lat' dir='ltr'>pulsos</span> <span class='ocrx_word' id='word_1_609' title='bbox 846 4455 1110 4526; x_wconf 86' lang='lat' dir='ltr'>hospitio,</span> <span class='ocrx_word' id='word_1_610' title='bbox 1144 4453 1466 4524; x_wconf 88' lang='lat' dir='ltr'>residesque</span> <span class='ocrx_word' id='word_1_611' title='bbox 1495 4451 1598 4506; x_wconf 90' lang='lat' dir='ltr'>sub</span> <span class='ocrx_word' id='word_1_612' title='bbox 1619 4468 1750 4506; x_wconf 88' lang='lat' dir='ltr'>aere</span> <span class='ocrx_word' id='word_1_613' title='bbox 1829 4451 2092 4515; x_wconf 87' lang='lat' dir='ltr'>sacraria,</span> <span class='ocrx_word' id='word_1_614' title='bbox 2134 4451 2229 4504; x_wconf 86' lang='lat' dir='ltr'>ubi</span> <span class='ocrx_word' id='word_1_615' title='bbox 2271 4468 2432 4506; x_wconf 90' lang='lat' dir='ltr'>orare</span> <span class='ocrx_word' id='word_1_616' title='bbox 2463 4459 2520 4506; x_wconf 92' lang='lat' dir='ltr'>et</span> <span class='ocrx_word' id='word_1_617' title='bbox 2552 4455 2767 4524; x_wconf 88' lang='lat' dir='ltr'>gratias</span> <span class='ocrx_word' id='word_1_618' title='bbox 2801 4457 2916 4512; x_wconf 93' lang='lat' dir='ltr'>Deo</span> <span class='ocrx_word' id='word_1_619' title='bbox 2957 4475 3142 4530; x_wconf 87' lang='lat' dir='ltr'>agere,</span> <span class='ocrx_word' id='word_1_620' title='bbox 3169 4467 3302 4516; x_wconf 82' lang='lat' dir='ltr'>vota</span> <span class='ocrx_word' id='word_1_621' title='bbox 3320 4479 3424 4518; x_wconf 87' lang='lat' dir='ltr'>sua</span> 
     </span>
    </p>
   </div>
   <div class='ocr_carea' id='block_1_48' title="bbox 152 4539 3422 4618">
    <p class='ocr_par' dir='ltr' id='par_1_48' title="bbox 152 4539 3422 4618">
     <span class='ocr_line' id='line_1_48' title="bbox 152 4539 3422 4618; baseline 0.001 -16"><span class='ocrx_word' id='word_1_622' title='bbox 152 4549 326 4614; x_wconf 89' lang='lat' dir='ltr'>nudo,</span> <span class='ocrx_word' id='word_1_623' title='bbox 351 4563 576 4618; x_wconf 89' lang='lat' dir='ltr'>semper</span> <span class='ocrx_word' id='word_1_624' title='bbox 592 4545 867 4600; x_wconf 89' lang='lat' dir='ltr'>miserans</span> <span class='ocrx_word' id='word_1_625' title='bbox 885 4544 1160 4599; x_wconf 77' lang='lat' dir='ltr'>altissima</span> <span class='ocrx_word' id='word_1_626' title='bbox 1185 4542 1502 4612; x_wconf 87' lang='lat' dir='ltr'>benignitas</span> <span class='ocrx_word' id='word_1_627' title='bbox 1531 4539 1752 4612; x_wconf 89' lang='lat' dir='ltr'>operuit</span> <span class='ocrx_word' id='word_1_628' title='bbox 1829 4540 2080 4605; x_wconf 88' lang='lat' dir='ltr'>reddere,</span> <span class='ocrx_word' id='word_1_629' title='bbox 2107 4539 2296 4594; x_wconf 89' lang='lat' dir='ltr'>divina</span> <span class='ocrx_word' id='word_1_630' title='bbox 2319 4542 2592 4612; x_wconf 84' lang='lat' dir='ltr'>mysteria</span> <span class='ocrx_word' id='word_1_631' title='bbox 2618 4544 2834 4610; x_wconf 89' lang='lat' dir='ltr'>audire,</span> <span class='ocrx_word' id='word_1_632' title='bbox 2857 4552 2914 4602; x_wconf 88' lang='lat' dir='ltr'>et</span> <span class='ocrx_word' id='word_1_633' title='bbox 2933 4548 3207 4604; x_wconf 86' lang='lat' dir='ltr'>salutaria</span> <span class='ocrx_word' id='word_1_634' title='bbox 3234 4567 3422 4607; x_wconf 88' lang='lat' dir='ltr'>sacra-</span> 
     </span>
    </p>
   </div>
   <div class='ocr_carea' id='block_1_49' title="bbox 153 4631 1750 4708">
    <p class='ocr_par' dir='ltr' id='par_1_49' title="bbox 153 4631 1750 4708">
     <span class='ocr_line' id='line_1_49' title="bbox 153 4631 1750 4708; baseline -0.005 -18"><span class='ocrx_word' id='word_1_635' title='bbox 153 4637 340 4707; x_wconf 89' lang='lat' dir='ltr'>gloria</span> <span class='ocrx_word' id='word_1_636' title='bbox 377 4652 482 4708; x_wconf 90' lang='lat' dir='ltr'>pro</span> <span class='ocrx_word' id='word_1_637' title='bbox 527 4640 698 4702; x_wconf 80' lang='lat' dir='ltr'>tecto,</span> <span class='ocrx_word' id='word_1_638' title='bbox 747 4634 872 4689; x_wconf 85' lang='lat' dir='ltr'>fuso</span> <span class='ocrx_word' id='word_1_639' title='bbox 919 4633 1131 4688; x_wconf 89' lang='lat' dir='ltr'>scilicet</span> <span class='ocrx_word' id='word_1_640' title='bbox 1171 4633 1412 4703; x_wconf 89' lang='lat' dir='ltr'>desuper</span> <span class='ocrx_word' id='word_1_641' title='bbox 1455 4631 1750 4702; x_wconf 88' lang='lat' dir='ltr'>splendore</span> 
     </span>
    </p>
   </div>
   <div class='ocr_carea' id='block_1_50' title="bbox 155 4711 1752 4796">
    <p class='ocr_par' dir='ltr' id='par_1_50' title="bbox 155 4711 1752 4796">
     <span class='ocr_line' id='line_1_50' title="bbox 155 4711 1752 4796; baseline -0.006 -15"><span class='ocrx_word' id='word_1_642' title='bbox 155 4725 532 4796; x_wconf 70' lang='lat' dir='ltr'>:ethereo,qui</span> <span class='ocrx_word' id='word_1_643' title='bbox 567 4711 744 4779; x_wconf 82' lang='lat' dir='ltr'>solem</span> <span class='ocrx_word' id='word_1_644' title='bbox 771 4723 1018 4777; x_wconf 85' lang='lat' dir='ltr'>vinceret</span> <span class='ocrx_word' id='word_1_645' title='bbox 1047 4723 1264 4792; x_wconf 86' lang='lat' dir='ltr'>fulgore</span> <span class='ocrx_word' id='word_1_646' title='bbox 1293 4738 1454 4787; x_wconf 90' lang='lat' dir='ltr'>novo,</span> <span class='ocrx_word' id='word_1_647' title='bbox 1485 4737 1556 4774; x_wconf 90' lang='lat' dir='ltr'>ne</span> <span class='ocrx_word' id='word_1_648' title='bbox 1585 4719 1752 4773; x_wconf 87' lang='lat' dir='ltr'>indu-</span> 
     </span>
    </p>
   </div>
   <div class='ocr_carea' id='block_1_51' title="bbox 155 4809 1753 4882">
    <p class='ocr_par' dir='ltr' id='par_1_51' title="bbox 155 4809 1753 4882">
     <span class='ocr_line' id='line_1_51' title="bbox 155 4809 1753 4882; baseline -0.006 -11"><span class='ocrx_word' id='word_1_649' title='bbox 155 4825 248 4871; x_wconf 90' lang='lat' dir='ltr'>tos</span> <span class='ocrx_word' id='word_1_650' title='bbox 273 4831 437 4871; x_wconf 86' lang='lat' dir='ltr'>arma</span> <span class='ocrx_word' id='word_1_651' title='bbox 463 4813 604 4869; x_wconf 86' lang='lat' dir='ltr'>lucis</span> <span class='ocrx_word' id='word_1_652' title='bbox 631 4811 994 4868; x_wconf 88' lang='lat' dir='ltr'>tenebrarum</span> <span class='ocrx_word' id='word_1_653' title='bbox 1023 4817 1256 4882; x_wconf 89' lang='lat' dir='ltr'>augeret</span> <span class='ocrx_word' id='word_1_654' title='bbox 1284 4810 1516 4875; x_wconf 88' lang='lat' dir='ltr'>obsidio,</span> <span class='ocrx_word' id='word_1_655' title='bbox 1526 4809 1753 4880; x_wconf 87' lang='lat' dir='ltr'>pulchre</span> 
     </span>
    </p>
   </div>
   <div class='ocr_carea' id='block_1_52' title="bbox 159 4897 1754 4972">
    <p class='ocr_par' dir='ltr' id='par_1_52' title="bbox 159 4897 1754 4972">
     <span class='ocr_line' id='line_1_52' title="bbox 159 4897 1754 4972; baseline -0.005 -12"><span class='ocrx_word' id='word_1_656' title='bbox 159 4905 331 4960; x_wconf 89' lang='lat' dir='ltr'>etiam</span> <span class='ocrx_word' id='word_1_657' title='bbox 374 4905 635 4958; x_wconf 86' lang='lat' dir='ltr'>columna</span> <span class='ocrx_word' id='word_1_658' title='bbox 673 4901 835 4966; x_wconf 86' lang='lat' dir='ltr'>lucis,</span> <span class='ocrx_word' id='word_1_659' title='bbox 897 4917 1021 4972; x_wconf 68' lang='lat' dir='ltr'>quae</span> <span class='ocrx_word' id='word_1_660' title='bbox 1076 4901 1358 4971; x_wconf 86' lang='lat' dir='ltr'>quondam</span> <span class='ocrx_word' id='word_1_661' title='bbox 1405 4897 1754 4970; x_wconf 67' lang='lat' dir='ltr'>praecedebat</span> 
     </span>
    </p>
   </div>
   <div class='ocr_carea' id='block_1_53' title="bbox 159 4988 1754 5062">
    <p class='ocr_par' dir='ltr' id='par_1_53' title="bbox 159 4988 1754 5062">
     <span class='ocr_line' id='line_1_53' title="bbox 159 4988 1754 5062; baseline -0.006 -10"><span class='ocrx_word' id='word_1_662' title='bbox 159 4995 306 5052; x_wconf 85' lang='lat' dir='ltr'>ﬁlios</span> <span class='ocrx_word' id='word_1_663' title='bbox 343 4995 524 5051; x_wconf 88' lang='lat' dir='ltr'>Israel</span> <span class='ocrx_word' id='word_1_664' title='bbox 563 4994 636 5048; x_wconf 87' lang='lat' dir='ltr'>ad</span> <span class='ocrx_word' id='word_1_665' title='bbox 678 4999 890 5048; x_wconf 86' lang='lat' dir='ltr'>terram</span> <span class='ocrx_word' id='word_1_666' title='bbox 923 4991 1394 5062; x_wconf 88' lang='lat' dir='ltr'>repromissionis,</span> <span class='ocrx_word' id='word_1_667' title='bbox 1427 5005 1595 5060; x_wconf 90' lang='lat' dir='ltr'>super</span> <span class='ocrx_word' id='word_1_668' title='bbox 1616 4988 1754 5042; x_wconf 91' lang='lat' dir='ltr'>istos</span> 
     </span>
    </p>
   </div>
   <div class='ocr_carea' id='block_1_54' title="bbox 161 5078 1753 5155">
    <p class='ocr_par' dir='ltr' id='par_1_54' title="bbox 161 5078 1753 5155">
     <span class='ocr_line' id='line_1_54' title="bbox 161 5078 1753 5155; baseline -0.005 -16"><span class='ocrx_word' id='word_1_669' title='bbox 161 5085 398 5152; x_wconf 79' lang='lat' dir='ltr'>refulsit,</span> <span class='ocrx_word' id='word_1_670' title='bbox 433 5084 530 5155; x_wconf 89' lang='lat' dir='ltr'>qui</span> <span class='ocrx_word' id='word_1_671' title='bbox 559 5083 628 5138; x_wconf 91' lang='lat' dir='ltr'>de</span> <span class='ocrx_word' id='word_1_672' title='bbox 664 5083 904 5155; x_wconf 72' lang='lat' dir='ltr'>Egypto</span> <span class='ocrx_word' id='word_1_673' title='bbox 940 5097 1194 5145; x_wconf 87' lang='lat' dir='ltr'>erronea,</span> <span class='ocrx_word' id='word_1_674' title='bbox 1233 5081 1395 5151; x_wconf 86' lang='lat' dir='ltr'>juxta</span> <span class='ocrx_word' id='word_1_675' title='bbox 1435 5079 1524 5132; x_wconf 90' lang='lat' dir='ltr'>sui</span> <span class='ocrx_word' id='word_1_676' title='bbox 1584 5078 1753 5132; x_wconf 89' lang='lat' dir='ltr'>inter-</span> 
     </span>
    </p>
   </div>
   <div class='ocr_carea' id='block_1_55' title="bbox 161 5169 1753 5245">
    <p class='ocr_par' dir='ltr' id='par_1_55' title="bbox 161 5169 1753 5245">
     <span class='ocr_line' id='line_1_55' title="bbox 161 5169 1753 5245; baseline -0.004 -19"><span class='ocrx_word' id='word_1_677' title='bbox 161 5174 564 5245; x_wconf 62' lang='lat' dir='ltr'>pretationem,</span> <span class='ocrx_word' id='word_1_678' title='bbox 579 5171 897 5238; x_wconf 88' lang='lat' dir='ltr'>tenebrosa,</span> <span class='ocrx_word' id='word_1_679' title='bbox 927 5175 1015 5226; x_wconf 88' lang='lat' dir='ltr'>tot</span> <span class='ocrx_word' id='word_1_680' title='bbox 1040 5176 1240 5241; x_wconf 89' lang='lat' dir='ltr'>gentes</span> <span class='ocrx_word' id='word_1_681' title='bbox 1268 5169 1516 5230; x_wconf 82' lang='lat' dir='ltr'>eductas,</span> <span class='ocrx_word' id='word_1_682' title='bbox 1546 5183 1753 5238; x_wconf 68' lang='lat' dir='ltr'>praece-</span> 
     </span>
    </p>
   </div>
   <div class='ocr_carea' id='block_1_56' title="bbox 163 5255 1755 5318">
    <p class='ocr_par' dir='ltr' id='par_1_56' title="bbox 163 5255 1755 5318">
     <span class='ocr_line' id='line_1_56' title="bbox 163 5255 1755 5318; baseline -0.005 -2"><span class='ocrx_word' id='word_1_683' title='bbox 163 5261 334 5318; x_wconf 87' lang='lat' dir='ltr'>dente</span> <span class='ocrx_word' id='word_1_684' title='bbox 381 5261 512 5317; x_wconf 87' lang='lat' dir='ltr'>ﬁdei</span> <span class='ocrx_word' id='word_1_685' title='bbox 564 5261 690 5316; x_wconf 89' lang='lat' dir='ltr'>luce</span> <span class='ocrx_word' id='word_1_686' title='bbox 731 5259 955 5316; x_wconf 90' lang='lat' dir='ltr'>Christo</span> <span class='ocrx_word' id='word_1_687' title='bbox 1001 5259 1295 5314; x_wconf 89' lang='lat' dir='ltr'>credentes</span> <span class='ocrx_word' id='word_1_688' title='bbox 1337 5257 1672 5310; x_wconf 84' lang='lat' dir='ltr'>inducerent</span> <span class='ocrx_word' id='word_1_689' title='bbox 1700 5255 1755 5308; x_wconf 91' lang='lat' dir='ltr'>in</span> 
     </span>
    </p>
   </div>
   <div class='ocr_carea' id='block_1_57' title="bbox 1828 4627 3421 4708">
    <p class='ocr_par' dir='ltr' id='par_1_57' title="bbox 1828 4627 3421 4708">
     <span class='ocr_line' id='line_1_57' title="bbox 1828 4627 3421 4708; baseline 0.009 -24"><span class='ocrx_word' id='word_1_690' title='bbox 1828 4634 2016 4684; x_wconf 87' lang='lat' dir='ltr'>menta</span> <span class='ocrx_word' id='word_1_691' title='bbox 2045 4627 2261 4700; x_wconf 89' lang='lat' dir='ltr'>possint</span> <span class='ocrx_word' id='word_1_692' title='bbox 2285 4630 2588 4701; x_wconf 89' lang='lat' dir='ltr'>percipere.</span> <span class='ocrx_word' id='word_1_693' title='bbox 2623 4633 2846 4688; x_wconf 87' lang='lat' dir='ltr'>Habent</span> <span class='ocrx_word' id='word_1_694' title='bbox 2869 4644 2927 4690; x_wconf 91' lang='lat' dir='ltr'>et</span> <span class='ocrx_word' id='word_1_695' title='bbox 2953 4638 3330 4708; x_wconf 85' lang='lat' dir='ltr'>Augustinum</span> <span class='ocrx_word' id='word_1_696' title='bbox 3361 4641 3421 4698; x_wconf 89' lang='lat' dir='ltr'>in</span> 
     </span>
    </p>
   </div>
   <div class='ocr_carea' id='block_1_58' title="bbox 1833 4717 3448 4794">
    <p class='ocr_par' dir='ltr' id='par_1_58' title="bbox 1833 4717 3448 4794">
     <span class='ocr_line' id='line_1_58' title="bbox 1833 4717 3448 4794; baseline 0.009 -22"><span class='ocrx_word' id='word_1_697' title='bbox 1833 4717 2092 4772; x_wconf 88' lang='lat' dir='ltr'>omnibus</span> <span class='ocrx_word' id='word_1_698' title='bbox 2139 4718 2568 4774; x_wconf 86' lang='lat' dir='ltr'>necessitatibus</span> <span class='ocrx_word' id='word_1_699' title='bbox 2606 4721 2724 4776; x_wconf 89' lang='lat' dir='ltr'>suis</span> <span class='ocrx_word' id='word_1_700' title='bbox 2752 4721 3054 4794; x_wconf 86' lang='lat' dir='ltr'>benignum</span> <span class='ocrx_word' id='word_1_701' title='bbox 3080 4729 3448 4794; x_wconf 42' lang='lat' dir='ltr'>auditorem,‘</span> 
     </span>
    </p>
   </div>
   <div class='ocr_carea' id='block_1_59' title="bbox 1803 4807 3423 4890">
    <p class='ocr_par' dir='ltr' id='par_1_59' title="bbox 1803 4807 3423 4890">
     <span class='ocr_line' id='line_1_59' title="bbox 1803 4807 3423 4890; baseline 0.009 -32"><span class='ocrx_word' id='word_1_702' title='bbox 1803 4823 2175 4878; x_wconf 84' lang='lat' dir='ltr'>_precumque</span> <span class='ocrx_word' id='word_1_703' title='bbox 2210 4823 2276 4860; x_wconf 91' lang='lat' dir='ltr'>ac</span> <span class='ocrx_word' id='word_1_704' title='bbox 2325 4807 2730 4864; x_wconf 88' lang='lat' dir='ltr'>desideriorum</span> <span class='ocrx_word' id='word_1_705' title='bbox 2757 4812 3044 4880; x_wconf 88' lang='lat' dir='ltr'>justorum</span> <span class='ocrx_word' id='word_1_706' title='bbox 3103 4824 3423 4890; x_wconf 86' lang='lat' dir='ltr'>promptum</span> 
     </span>
    </p>
   </div>
   <div class='ocr_carea' id='block_1_60' title="bbox 1835 4896 3425 4967">
    <p class='ocr_par' dir='ltr' id='par_1_60' title="bbox 1835 4896 3425 4967">
     <span class='ocr_line' id='line_1_60' title="bbox 1835 4896 3425 4967; baseline 0.008 -17"><span class='ocrx_word' id='word_1_707' title='bbox 1835 4901 2251 4964; x_wconf 84' lang='lat' dir='ltr'>exsecutorem,</span> <span class='ocrx_word' id='word_1_708' title='bbox 2306 4902 2510 4967; x_wconf 64' lang='lat' dir='ltr'>praeter</span> <span class='ocrx_word' id='word_1_709' title='bbox 2569 4896 2945 4954; x_wconf 89' lang='lat' dir='ltr'>inviolabilem</span> <span class='ocrx_word' id='word_1_710' title='bbox 3001 4904 3246 4961; x_wconf 73' lang='lat' dir='ltr'>ecclesiae</span> <span class='ocrx_word' id='word_1_711' title='bbox 3309 4923 3425 4962; x_wconf 81' lang='lat' dir='ltr'>suae</span> 
     </span>
    </p>
   </div>
   <div class='ocr_carea' id='block_1_61' title="bbox 1835 4985 3428 5050">
    <p class='ocr_par' dir='ltr' id='par_1_61' title="bbox 1835 4985 3428 5050">
     <span class='ocr_line' id='line_1_61' title="bbox 1835 4985 3428 5050; baseline 0.008 -11"><span class='ocrx_word' id='word_1_712' title='bbox 1835 4985 2230 5041; x_wconf 88' lang='lat' dir='ltr'>conditionem.</span> <span class='ocrx_word' id='word_1_713' title='bbox 2284 4985 2658 5040; x_wconf 82' lang='lat' dir='ltr'>Vehementer</span> <span class='ocrx_word' id='word_1_714' title='bbox 2699 4992 2890 5042; x_wconf 89' lang='lat' dir='ltr'>autem</span> <span class='ocrx_word' id='word_1_715' title='bbox 2941 4991 3211 5047; x_wconf 90' lang='lat' dir='ltr'>admirari</span> <span class='ocrx_word' id='word_1_716' title='bbox 3241 4995 3428 5050; x_wconf 89' lang='lat' dir='ltr'>solent</span> 
     </span>
    </p>
   </div>
   <div class='ocr_carea' id='block_1_62' title="bbox 1836 5074 3425 5149">
    <p class='ocr_par' dir='ltr' id='par_1_62' title="bbox 1836 5074 3425 5149">
     <span class='ocr_line' id='line_1_62' title="bbox 1836 5074 3425 5149; baseline 0.008 -21"><span class='ocrx_word' id='word_1_717' title='bbox 1836 5075 2267 5144; x_wconf 87' lang='lat' dir='ltr'>Andegavenses</span> <span class='ocrx_word' id='word_1_718' title='bbox 2296 5074 2541 5140; x_wconf 66' lang='lat' dir='ltr'>advenae,</span> <span class='ocrx_word' id='word_1_719' title='bbox 2568 5074 2776 5146; x_wconf 90' lang='lat' dir='ltr'>aliique</span> <span class='ocrx_word' id='word_1_720' title='bbox 2813 5077 2980 5148; x_wconf 88' lang='lat' dir='ltr'>hujus</span> <span class='ocrx_word' id='word_1_721' title='bbox 3013 5081 3246 5149; x_wconf 66' lang='lat' dir='ltr'>notitiae,</span> <span class='ocrx_word' id='word_1_722' title='bbox 3287 5084 3425 5140; x_wconf 89' lang='lat' dir='ltr'>dum</span> 
     </span>
    </p>
   </div>
   <div class='ocr_carea' id='block_1_63' title="bbox 1837 5162 3425 5242">
    <p class='ocr_par' dir='ltr' id='par_1_63' title="bbox 1837 5162 3425 5242">
     <span class='ocr_line' id='line_1_63' title="bbox 1837 5162 3425 5242; baseline 0.007 -25"><span class='ocrx_word' id='word_1_723' title='bbox 1837 5163 2172 5235; x_wconf 86' lang='lat' dir='ltr'>apudipsius</span> <span class='ocrx_word' id='word_1_724' title='bbox 2189 5162 2488 5234; x_wconf 81' lang='lat' dir='ltr'>Augustini</span> <span class='ocrx_word' id='word_1_725' title='bbox 2507 5165 2852 5236; x_wconf 89' lang='lat' dir='ltr'>corporalem</span> <span class='ocrx_word' id='word_1_726' title='bbox 2870 5167 3118 5238; x_wconf 88' lang='lat' dir='ltr'>requiem</span> <span class='ocrx_word' id='word_1_727' title='bbox 3131 5171 3425 5242; x_wconf 84' lang='lat' dir='ltr'>aspiciant,</span> 
     </span>
    </p>
   </div>
   <div class='ocr_carea' id='block_1_64' title="bbox 1841 5255 3432 5328">
    <p class='ocr_par' dir='ltr' id='par_1_64' title="bbox 1841 5255 3432 5328">
     <span class='ocr_line' id='line_1_64' title="bbox 1841 5255 3432 5328; baseline 0.004 -18"><span class='ocrx_word' id='word_1_728' title='bbox 1841 5255 2119 5328; x_wconf 88' lang='lat' dir='ltr'>quaslibet</span> <span class='ocrx_word' id='word_1_729' title='bbox 2163 5255 2402 5309; x_wconf 83' lang='lat' dir='ltr'>feminas</span> <span class='ocrx_word' id='word_1_730' title='bbox 2452 5271 2630 5326; x_wconf 84' lang='lat' dir='ltr'>usque</span> <span class='ocrx_word' id='word_1_731' title='bbox 2675 5255 2746 5310; x_wconf 88' lang='lat' dir='ltr'>ad</span> <span class='ocrx_word' id='word_1_732' title='bbox 2785 5255 2960 5327; x_wconf 90' lang='lat' dir='ltr'>ipsius</span> <span class='ocrx_word' id='word_1_733' title='bbox 2994 5258 3201 5314; x_wconf 73' lang='lat' dir='ltr'>tumbae</span> <span class='ocrx_word' id='word_1_734' title='bbox 3241 5262 3432 5317; x_wconf 88' lang='lat' dir='ltr'>oscula</span> 
     </span>
    </p>
   </div>
   <div class='ocr_carea' id='block_1_65' title="bbox 163 5345 3434 5423">
    <p class='ocr_par' dir='ltr' id='par_1_65' title="bbox 163 5345 3434 5423">
     <span class='ocr_line' id='line_1_65' title="bbox 163 5345 3434 5423; baseline -0.001 -15"><span class='ocrx_word' id='word_1_735' title='bbox 163 5367 402 5423; x_wconf 83' lang='lat' dir='ltr'>regnum</span> <span class='ocrx_word' id='word_1_736' title='bbox 432 5349 706 5406; x_wconf 85' lang='lat' dir='ltr'>claritatis</span> <span class='ocrx_word' id='word_1_737' title='bbox 741 5354 1034 5405; x_wconf 64' lang='lat' dir='ltr'>aeternum.</span> <span class='ocrx_word' id='word_1_738' title='bbox 1075 5346 1379 5405; x_wconf 84' lang='lat' dir='ltr'>Adnotavit</span> <span class='ocrx_word' id='word_1_739' title='bbox 1424 5349 1611 5400; x_wconf 88' lang='lat' dir='ltr'>autem</span> <span class='ocrx_word' id='word_1_740' title='bbox 1651 5345 1760 5399; x_wconf 83' lang='lat' dir='ltr'>dux</span> <span class='ocrx_word' id='word_1_741' title='bbox 1843 5345 2124 5410; x_wconf 88' lang='lat' dir='ltr'>accedere,</span> <span class='ocrx_word' id='word_1_742' title='bbox 2169 5349 2227 5399; x_wconf 93' lang='lat' dir='ltr'>et</span> <span class='ocrx_word' id='word_1_743' title='bbox 2271 5345 2480 5398; x_wconf 87' lang='lat' dir='ltr'>nullam</span> <span class='ocrx_word' id='word_1_744' title='bbox 2524 5360 2772 5416; x_wconf 88' lang='lat' dir='ltr'>unquam</span> <span class='ocrx_word' id='word_1_745' title='bbox 2811 5347 2962 5418; x_wconf 86' lang='lat' dir='ltr'>apud</span> <span class='ocrx_word' id='word_1_746' title='bbox 2998 5346 3148 5419; x_wconf 89' lang='lat' dir='ltr'>ipsos</span> <span class='ocrx_word' id='word_1_747' title='bbox 3189 5350 3434 5406; x_wconf 79' lang='lat' dir='ltr'>ecclesiae</span> 
     </span>
    </p>
   </div>
   <div class='ocr_carea' id='block_1_66' title="bbox 247 5537 2585 5619">
    <p class='ocr_par' dir='ltr' id='par_1_66' title="bbox 247 5537 2585 5619">
     <span class='ocr_line' id='line_1_66' title="bbox 247 5537 2585 5619; baseline -0.004 -17"><span class='ocrx_word' id='word_1_748' title='bbox 247 5545 358 5619; x_wconf 73' lang='lat'>(83)</span> <span class='ocrx_word' id='word_1_749' title='bbox 383 5545 612 5602; x_wconf 86' lang='lat' dir='ltr'>Etherio</span> <span class='ocrx_word' id='word_1_750' title='bbox 635 5545 951 5619; x_wconf 79' lang='lat' dir='ltr'>Arelatensi</span> <span class='ocrx_word' id='word_1_751' title='bbox 977 5544 1150 5619; x_wconf 81' lang='lat' dir='ltr'>missa</span> <span class='ocrx_word' id='word_1_752' title='bbox 1173 5543 1407 5619; x_wconf 74' lang='lat' dir='ltr'>epistola</span> <span class='ocrx_word' id='word_1_753' title='bbox 1585 5541 1857 5612; x_wconf 86' lang='lat' dir='ltr'>Gregorio</span> <span class='ocrx_word' id='word_1_754' title='bbox 1882 5545 2063 5596; x_wconf 81' lang='lat' dir='ltr'>exstat</span> <span class='ocrx_word' id='word_1_755' title='bbox 2094 5539 2188 5594; x_wconf 84' lang='lat' dir='ltr'>lib.</span> <span class='ocrx_word' id='word_1_756' title='bbox 2220 5556 2268 5594; x_wconf 82' lang='lat' dir='ltr'>ix</span> <span class='ocrx_word' id='word_1_757' title='bbox 2301 5538 2462 5610; x_wconf 87' lang='lat' dir='ltr'>epist.</span> <span class='ocrx_word' id='word_1_758' title='bbox 2495 5537 2585 5596; x_wconf 80' lang='lat' dir='ltr'>(i3.</span> 
     </span>
    </p>
   </div>
   <div class='ocr_carea' id='block_1_67' title="bbox 252 5612 1563 5691">
    <p class='ocr_par' dir='ltr' id='par_1_67' title="bbox 252 5612 1563 5691">
     <span class='ocr_line' id='line_1_67' title="bbox 252 5612 1563 5691; baseline -0.006 -17"><span class='ocrx_word' id='word_1_759' title='bbox 252 5612 356 5691; x_wconf 71' lang='grc'>(84)</span> <span class='ocrx_word' id='word_1_760' title='bbox 386 5619 553 5674; x_wconf 83' lang='lat' dir='ltr'>Forte</span> <span class='ocrx_word' id='word_1_761' title='bbox 576 5633 718 5690; x_wconf 86' lang='lat' dir='ltr'>pons</span> <span class='ocrx_word' id='word_1_762' title='bbox 749 5615 1001 5685; x_wconf 68' lang='lat' dir='ltr'>Caesaris,</span> <span class='ocrx_word' id='word_1_763' title='bbox 1035 5616 1158 5670; x_wconf 89' lang='lat' dir='ltr'>Gal.</span> <span class='ocrx_word' id='word_1_764' title='bbox 1192 5612 1339 5670; x_wconf 85' lang='lat' dir='ltr'>Pent</span> <span class='ocrx_word' id='word_1_765' title='bbox 1366 5612 1434 5668; x_wconf 83' lang='lat' dir='ltr'>de</span> <span class='ocrx_word' id='word_1_766' title='bbox 1468 5613 1563 5668; x_wconf 80' lang='lat' dir='ltr'>Cé.</span> 
     </span>
    </p>
   </div>
   <div class='ocr_carea' id='block_1_68' title="bbox 413 5717 844 5780">
    <p class='ocr_par' dir='ltr' id='par_1_68' title="bbox 413 5717 844 5780">
     <span class='ocr_line' id='line_1_68' title="bbox 413 5717 844 5780; baseline -0.002 -2"><span class='ocrx_word' id='word_1_767' title='bbox 413 5717 679 5780; x_wconf 71' lang='lat' dir='ltr'>PATBOL.</span> <span class='ocrx_word' id='word_1_768' title='bbox 727 5717 844 5778; x_wconf 86' lang='lat' dir='ltr'>CL.</span> 
     </span>
    </p>
   </div>
  </div>
