3920 6360
559 307 666 369 ΠΊ

1512 306 1611 361 AD
1648 303 1891 360 OPERA
1924 303 1992 358 Β.
2033 303 2451 359 LANFBANCI
2486 301 2877 358 APPENDIX.

3728 297 3835 355 718

546 440 671 490 sua
701 431 881 487 limen
922 440 1090 501 posse
1130 430 1432 501 attingere,
1470 446 1575 484 nec
1612 429 1683 483 de
1732 428 1886 484 fonte
1926 427 2488 498 potare.AAngliam
2509 425 2802 498 suscepisti
2820 423 3193 493 filiam,quam
3213 423 3431 479 sidereo
3460 423 3602 493 Regi
3620 423 3837 478 formo—

553 521 770 586 Quibus
796 520 1170 591 respondetUr
1196 520 1333 573 istas
1362 519 1432 572 ad
1458 520 1607 573 hunc
1650 518 1757 572 rite
1788 517 2000 571 intrare
2028 524 2152 587 qua

554 618 691 665 eum
721 618 1005 679 recepere,
1044 608 1173 661 illas
1210 623 1340 661 vero
1372 606 1501 675 jure
1540 606 1738 677 repelli
1770 621 1891 676 qua
1921 620 2049 658 eum
2070 620 2154 657 re—

552 698 878 770 pudiavere.

625 785 909 857 Competit
933 784 1065 838 huic
1098 782 1330 853 antiquo
1348 782 1741 851 nuperrimum
1767 782 1891 851 ejus
1920 780 1998 834 ibi
2027 784 2156 843 ευ

546 884 776 945 gestum
805 873 1133 928 subnectere
1162 872 1845 940 miraculum,quanquam
1875 867 2153 923 morosius

554 976 963 1035 prosequamur
992 961 1176 1030 ipsum
1206 959 1503 1014 luciferum
1547 951 1906 1012 festinantem
1937 975 2002 1010 ac
2027 958 2144 1010 An-

550 1051 760 1122 glicum
789 1050 1094 1104 Oceanum.
1129 1048 1374 1101 Venerat
1405 1047 1625 1117 pridem
1660 1046 2147 1100 reverentissimus

551 1137 968 1208 Andegavensis
990 1137 1193 1207 prasul
1223 1136 1526 1190 Goiﬂ‘ridus
1558 1135 1986 1196 Doroberniam,
2007 1150 2148 1203 gau-

554 1228 693 1283 dens
716 1227 898 1296 ipeum
930 1226 1227 1295 antiquum
1245 1241 1360 1278 sua
1380 1224 1574 1295 patria
1604 1223 1880 1293 hospitem
1913 1222 2154 1276 revisere

552 1316 952 1387 Augustinum.
993 1314 1120 1379 Qui,
1167 1314 1401 1368 audiens
1439 1330 1474 1367 a
1520 1312 1789 1366 fratribus
1826 1308 2152 1365 monasterii

554 1404 776 1477 prascri
784 1411 881 1475 pta
908 1403 1135 1457 recitari
1160 1402 1449 1465 miracula,
1482 1401 1693 1471 optime
1720 1399 2062 1469 recognovit,
2094 1404 2154 1451 et

556 1493 877 1548 testimonio
906 1491 1058 1547 ﬁdeli
1078 1490 1432 1561 astipulando
1448 1488 1846 1559 comprobavit,
1881 1488 2151 1542 recentis-

555 1599 665 1654 que
692 1581 825 1635 iacti
856 1581 980 1650 ejus
1021 1580 1171 1650 apud
1210 1595 1289 1633 se.
1320 1584 1377 1632 et
1426 1578 1577 1649 apud
1608 1578 1792 1649 ipsam
1838 1576 2150 1630 Ecclesiam

554 1671 767 1727 relator
791 1667 1050 1738 egregius
1069 1667 1149 1721 ita
1179 1666 1429 1721 narravit
1459 1685 1471 1720 :

2234 532 2367 570 sam-
2407 516 2659 571 enutrias
2701 530 2987 584 sponsam.
3022 513 3147 566 Jam
3188 518 3314 582 post
3341 526 3612 582 magnum
3638 512 3838 566 orbem

2234 611 2418 669 terra,
2453 604 2685 659 intrasti
2711 604 2860 656 hunc
2885 600 3187 655 vastissimi
3218 600 3426 655 Oceani
3452 600 3657 654 orbem
3687 601 3835 655 alte-

2236 710 2383 757 rum,
2409 710 2609 747 serena
2635 692 2775 747 facie
2804 688 3246 761 pulcherrimum
3277 704 3341 742 ac
3369 687 3835 742 fecundissimum

2236 783 2402 847 arvis,
2439 783 2633 853 pratis,
2671 781 2913 851 pascuis,
2970 778 3173 841 ﬂuviis,
3220 778 3379 831 fretis
3432 776 3789 831 uberrimum
3823 796 3835 843 ;

2234 870 2539 935 montibus,
2581 869 2811 939 campis,
2845 867 2997 921 silvis
3019 866 3402 935 gratissimum
3429 883 3442 932 ;
3474 864 3709 918 urbibus
3735 880 3841 935 po-

2233 959 2446 1028 pulosis
2466 976 2532 1012 ac
2557 956 2951 1012 transmarinis
2980 956 3303 1008 institorum
3329 954 3570 1023 negotiis
3599 953 3840 1007 festivis-

2230 1048 2439 1102 simum
2462 1067 2474 1113 ;
2496 1053 2666 1116 gente
2685 1044 2945 1106 candida,
2971 1059 3273 1113 rerumque
3297 1042 3497 1113 Opibus
3513 1042 3838 1095 illustrissi-

2232 1152 2409 1189 mum.
2446 1137 2563 1189 lloc
2593 1135 2805 1188 scilicet
2833 1139 2950 1186 tam
2980 1132 3199 1201 ingens.
3235 1136 3291 1184 et
3336 1131 3671 1200 praclarum
3699 1131 3834 1201 Ely-

2235 1225 2520 1294 sium.jam
2552 1225 2686 1278 olim
2716 1222 2820 1277 tibi
2841 1222 3037 1275 electio
3062 1219 3285 1274 officiali
3305 1237 3425 1285 suo,
3450 1219 3705 1274 omnium
3728 1221 3837 1272 Ar-

2235 1314 2368 1366 tifex
2396 1310 2808 1383 praordinavit.
2845 1310 3003 1373 Quia
3032 1309 3339 1380 primordio
3370 1309 3649 1363 mundum
3679 1308 3837 1361 omni

2234 1406 2436 1455 ornatu
2466 1418 2531 1454 ac
2551 1401 2750 1453 decore
2780 1398 3265 1469 perfectum,edito
3293 1396 3507 1450 homini
3538 1395 3837 1466 possiden-

2231 1489 2367 1542 dum
2398 1488 2668 1542 exhibuit.
2692 1488 2823 1541 Hac
2849 1503 2989 1555 gens
3015 1485 3153 1539 facie
3179 1486 3443 1547 formosa,
3475 1484 3575 1537 sed
3603 1484 3840 1537 idolola-

2230 1579 2353 1633 tria
2379 1578 2612 1646 fuligine
2640 1576 2954 1646 denigrata,
2982 1580 3046 1627 ut
3063 1574 3242 1644 Moysi
3272 1573 3641 1643 Ethiopissa,
3673 1578 3838 1643 parte

2232 1667 2291 1720 in
2322 1667 2565 1721 Jordane
2590 1665 2803 1726 abluta,
2835 1663 3100 1718 ascendet
3125 1669 3246 1716 tota
3272 1661 3550 1716 dealbata.
3578 1662 3733 1724 Jam,
3766 1660 3836 1713 ad

630 1759 789 1812 Hanc
826 1772 975 1810 sane
1018 1755 1305 1810 ecclesiam
1353 1755 1411 1809 in
1462 1760 1656 1808 nostra
1697 1754 2015 1824 prasentia,
2083 1743 2213 1807 abB
2235 1756 2506 1823 maiorem
2538 1754 2635 1809 Dei
2657 1760 2716 1808 et
2746 1769 2962 1807 corona
2982 1760 3093 1805 tua
3112 1751 3476 1821 gloriam,illa
3506 1766 3674 1804 nova
3696 1749 3836 1803 lucis

556 1846 827 1903 amatrice
858 1846 1002 1900 tanti
1043 1845 1263 1915 patroni
1293 1844 1454 1915 plebe
1499 1843 1807 1898 solemnius
1852 1842 2152 1897 readiﬁca-

554 1940 694 2001 tam,
741 1949 845 2003 ego
884 1933 944 1986 in
990 1931 1170 2002 ipsius
1200 1932 1411 1985 honore
1437 1937 1493 1984 et
1522 1930 1768 1992 nomine,
1802 1936 1866 1982 ut
1891 1929 2150 2000 primitus

553 2028 690 2077 nata
722 2027 826 2087 est,
869 2021 1105 2075 Domino
1136 2020 1386 2091 proxime
1429 2019 1701 2073 dedicavi.
1745 2017 2151 2072 Adolescebant

503 2154 511 2161 .
547 2112 716 2182 longe
744 2111 969 2179 lateque
997 2108 1058 2162 in
1084 2107 1325 2161 circuitu
1370 2123 1632 2160 arvorum
1675 2114 1910 2175 segetes,
1945 2112 1999 2159 et
2027 2112 2151 2159 sata

542 2200 662 2269 jam
691 2199 752 2253 in
777 2198 959 2269 spicas
983 2203 1040 2250 et
1059 2196 1260 2250 aristas
1274 2193 2148 2249 maturescentialnundantibus

547 2294 740 2343 autem
768 2286 841 2340 ad
868 2284 1277 2339 dedicationem
1294 2284 1533 2354 populis,
1567 2284 1717 2336 velut
1743 2284 1862 2352 ipse
1891 2282 2144 2336 effunde-

549 2382 708 2429 retur
762 2372 965 2427 iluvius
1029 2372 1264 2441 Ligeris,
1316 2372 1394 2424 ita
1435 2371 1792 2434 conculcata,
1843 2369 2049 2423 attrita
2088 2374 2145 2422 et

548 2462 910 2518 comminuta
938 2466 1072 2515 sunt
1107 2461 1258 2513 illius
1296 2458 1501 2512 arvalis
1528 2459 1769 2528 aquoris
1796 2474 2051 2520 annona,
2082 2464 2147 2511 ut

544 2567 660 2606 non
704 2550 869 2604 modo
896 2555 1012 2602 tam
1044 2565 1338 2620 percussa,
1373 2548 1457 2600 vel
1490 2547 1784 2601 confracta
1813 2553 2147 2601 notarentur

542 2641 764 2711 stipula
794 2654 962 2709 quam
1007 2637 1212 2709 passim
1238 2637 1544 2699 exhausta,
1578 2636 1662 2689 vel
1699 2643 1939 2706 scopata
1976 2651 2139 2688 area.

539 2729 694 2783 Adeo
719 2728 778 2782 in
823 2728 927 2781 hoc
965 2726 1324 2781 desiderabili
1354 2741 1658 2794 congressu
1701 2724 2143 2794 Augustinensis

538 2815 936 2881 solemnitatis,
993 2832 1160 2869 nemo
1198 2813 1527 2868 attendebat
1563 2818 1840 2883 quatenus
1887 2812 1970 2865 vel
2001 2812 2137 2874 suis,

539 2906 627 2959 vel
655 2905 855 2959 alienis
894 2910 1150 2975 parceret
1190 2903 1430 2957 damnis.
1477 2903 1601 2957 Jam
1648 2902 1798 2955 illius
1847 2901 1984 2954 anni
2022 2901 2142 2954 vale

540 2994 720 3048 fecere
740 2994 1013 3048 defuncta
1047 2992 1167 3063 spei
1196 2998 1253 3045 et
1279 2990 1509 3054 fructui,
1543 3006 1720 3061 usque
1757 2990 1814 3044 in
1830 2990 2006 3044 alium
2030 2991 2143 3044 Au-

2234 1845 2515 1905 columna,
2547 1860 2672 1913 qua
2714 1842 2956 1913 priscum
2988 1840 3258 1910 populum
3286 1839 3475 1893 eduxit
3510 1839 3572 1892 in
3617 1838 3756 1904 fide,
3781 1843 3838 1891 et

2233 1949 2395 1985 cruce
2425 1932 2769 2001 resurgentis
2819 1930 3025 1983 Christi
3059 1934 3264 1991 erecta,
3299 1934 3360 1981 tu
3411 1928 3656 1981 educens
3693 1943 3834 1996 gen-

2234 2020 2373 2072 tium
2405 2020 2674 2089 p0pulum
2695 2019 2765 2071 de
2801 2017 3144 2088 Egyptiacis
3178 2016 3427 2070 tenebris
3455 2015 3830 2080 inﬁdelitatis,

2233 2113 2289 2161 et
2316 2108 2514 2161 umbra
2548 2107 2765 2173 mortis,
2799 2107 3122 2160 introduces
3176 2112 3302 2177 post
3345 2107 3535 2160 Jesum
3580 2107 3741 2159 Nave
3776 2105 3833 2159 in

2231 2203 2438 2250 terram
2472 2195 2947 2267 repromissionis,
2970 2201 3180 2248 terram
3206 2194 3367 2247 lactis
3392 2201 3449 2248 et
3470 2194 3673 2247 mellis.
3707 2194 3831 2248 Tibi

2228 2287 2378 2339 enim
2407 2286 2728 2355 evangelica
2745 2284 2875 2338 duci
2895 2284 3080 2353 gratia
3099 2282 3336 2336 contulit
3365 2282 3829 2353 Evangelii,quod

2226 2381 2491 2443 negatum
2507 2380 2591 2427 est
2606 2372 2835 2442 legifero
2861 2372 3057 2443 Moysi,
3079 2372 3339 2441 quodque
3359 2371 3451 2424 ille
3471 2370 3529 2424 in
3545 2369 3699 2441 Lege
3721 2387 3831 2425 non

2228 2463 2410 2531 potuit
2440 2462 2724 2532 consequi,
2762 2468 2825 2515 tu
2857 2461 2915 2516 in
2959 2477 3087 2514 vero
3126 2460 3288 2513 illum
3335 2466 3433 2513 tuo
3464 2460 3691 2530 explere
3720 2477 3831 2513 me-

2227 2550 2393 2604 ruisti
2444 2552 2567 2605 Jam
2591 2551 2660 2603 de
2690 2550 2884 2620 spoliis
2906 2549 3077 2603 vincti
3104 2548 3332 2618 tyranni
3356 2555 3412 2601 et
3437 2549 3507 2602 de
3534 2564 3715 2617 regno
3744 2565 3830 2602 ca-

2226 2638 2360 2708 ptivi
2388 2639 2683 2708 pradonis,
2717 2639 2887 2692 facies
2912 2639 3028 2692 Deo
3057 2642 3249 2690 nostro
3277 2651 3512 2705 regnum
3550 2639 3738 2704 (Apoc.
3772 2652 3823 2701 γ,

2225 2725 2336 2791 10),
2366 2732 2423 2780 et
2473 2728 2740 2797 populum
2791 2725 3177 2797 acquisitionis
3223 2727 3265 2793 (Ι
3310 2729 3455 2780 Petr.
3498 2739 3560 2788 II,
3589 2726 3668 2793 9).
3703 2724 3827 2778 Jam

2225 2821 2353 2885 post
2380 2816 2606 2869 caeleste
2637 2832 2874 2885 regnum
2916 2822 2972 2870 et
3010 2815 3262 2870 laborum
3290 2815 3538 2886 pramia,
3568 2814 3689 2868 hac
3719 2814 3830 2867 erit

2224 2911 2496 2973 perpetua
2522 2905 2799 2974 possessio
2828 2912 2946 2969 tua,
2979 2921 3103 2975 qua
3139 2922 3238 2975 per
3266 2912 3323 2959 te
3353 2904 3592 2959 Domino
3616 2909 3705 2957 est
3728 2920 3829 2956 ac-

2225 2992 2450 3061 quisita.
2501 2994 2569 3047 Et
2590 2995 2751 3063 cujus
2780 2994 2972 3063 fugisti
3000 2994 3334 3064 temporalia
3359 2992 3674 3049 commoda.
3708 2993 3829 3061 jam

543 3089 773 3152 gustum
802 3080 1165 3137 irremeabili.
1203 3080 1518 3151 Sperabant
1552 3079 1609 3132 in
1636 3078 1938 3149 Augustini
1965 3078 2197 3148 largioc
2222 3081 2531 3151 possidebis
2561 3082 2920 3136 hareditaria
2966 3084 3139 3137 lucra.
3185 3083 3290 3136 Hic
3328 3082 3543 3152 positus
3572 3081 3632 3135 in
3662 3086 3828 3134 ante-

538 3176 677 3236 tate,
717 3171 818 3225 sai
845 3170 905 3224 in
932 3170 1063 3233 alia,
1087 3185 1260 3239 quam
1281 3185 1406 3238 qua
1431 3173 1566 3222 tunc
1596 3172 1928 3231 eXcessemt,
1967 3166 2138 3220 bene-

539 3259 805 3314 dictione.
836 3259 1046 3313 Verum
1075 3275 1143 3312 ex
1171 3258 1274 3310 hac
1302 3257 1712 3327 desperatione,
1752 3257 1933 3326 major
1957 3256 2138 3310 admi-

539 3347 776 3402 rationis
818 3362 883 3401 ac
918 3347 1047 3401 fidei
1097 3351 1233 3400 nata
1269 3351 1356 3399 est
1402 3345 1616 3409 latitia,
1649 3344 1784 3398 dum
1828 3345 1944 3397 hac
1974 3344 2140 3398 tellus

541 3441 658 3489 tam
692 3435 1052 3506 pessumdata
1096 3440 1152 3487 et
1189 3434 1562 3487 condemnata
1599 3442 1795 3486 omnes
1836 3437 2014 3485 terras
2054 3432 2142 3503 ip-

540 3524 660 3579 sius
692 3522 987 3594 provincia
1010 3523 1270 3576 in-messe
1290 3523 1872 3592 supergrederetur,et
1899 3520 2144 3574 altitudi-

539 3629 614 3668 ne
643 3614 868 3683 frugum
898 3618 952 3665 et
990 3612 1172 3682 copia.
1204 3611 1364 3665 Unde
1390 3611 1538 3664 circa
1563 3616 1785 3664 tantum
1811 3610 2140 3663 advocatum

536 3718 708 3757 suum
744 3700 1142 3771 Augustinum,
1169 3705 1329 3753 tanta
1364 3698 1614 3753 omnium
1640 3698 1881 3753 excrevit
1908 3714 2141 3752 venera-

538 3792 621 3847 tio
652 3809 718 3847 ac
751 3792 884 3846 fidei
908 3792 1128 3846 devotio
1155 3796 1219 3846 ut
1245 3789 1480 3843 credant
1510 3804 1638 3843 eum
1679 3787 1858 3841 ubivis
1881 3788 2139 3857 gentium

538 3880 858 3936 invocatum
887 3879 1102 3945 adesse,
1135 3885 1192 3932 et
1219 3877 1491 3949 quidquid
1536 3893 1571 3930 a
1613 3876 1851 3930 Domino
1895 3877 2143 3946 postulet

538 3967 793 4023 obtinere
822 3974 880 4023 et
899 3969 1036 4022 dare
1061 3984 1246 4039 posse.
1280 3967 1379 4021 His
1417 3967 1487 4020 de
1531 3965 1703 4019 veteri
1733 3971 1791 4019 et
1815 3982 1957 4018 novo
1985 3981 2141 4019 com-

537 4063 798 4128 petenter
823 4056 1105 4127 expositis,
1132 4058 1252 4126 jam
1285 4055 1570 4111 Oceanum
1591 4059 1956 4124 occupantem
1984 4054 2142 4123 lega-

537 4151 661 4199 tum
692 4145 914 4199 Domini
934 4144 1369 4214 subsequamur.

611 4232 794 4286 Finito
810 4233 930 4302 jam
961 4232 1253 4302 principali
1275 4232 1407 4286 orbe
1423 4231 1675 4302 gentium
1698 4230 1953 4285 terrestri
1973 4231 2134 4295 calle,

537 4321 890 4391 Augustinus
918 4321 1146 4391 navigat
1165 4320 1221 4374 in
1243 4336 1567 4391 aquoreum
1591 4319 1783 4373 orbem
1812 4320 2133 4386 Britannia,

2222 3170 2427 3223 murali
2456 3170 2717 3224 turritam
2737 3170 2984 3224 servabis
2999 3170 3305 3241 speculam,
3330 3170 3478 3224 unde
3502 3169 3829 3224 universam

2216 3258 2430 3327 jugiter
2452 3259 2666 3313 tuearis
2699 3258 2800 3313 tibi
2820 3259 3061 3313 dicatam
3092 3260 3355 3330 patriam.

2296 3347 2640 3401 Prasidebat
2686 3347 2803 3415 (85)
2846 3347 3203 3402 Dorobernia
3233 3347 3591 3402 Edelbrithus
3619 3347 3829 3401 tertius

2224 3452 2422 3505 regum
2450 3437 2784 3506 Anglorum,
2815 3437 2913 3490 sed
2951 3437 3048 3507 qui
3083 3437 3298 3507 primus
3319 3436 3466 3490 foret
3490 3435 3626 3490 civis
3648 3452 3828 3505 ange-

2230 3523 2433 3579 lorum.
2470 3525 2620 3579 Uxor
2671 3525 2752 3578 illi
2783 3525 3283 3592 Christianissima,
3327 3525 3557 3579 nomine
3590 3525 3823 3589 Bertha,

2226 3612 2382 3681 regia
2432 3615 2637 3683 puella,
2682 3614 2851 3683 regiis
2881 3613 3211 3684 parentibus
3244 3630 3310 3668 ex
3338 3613 3566 3667 Francis
3594 3613 3825 3683 regibus

2225 3709 2537 3770 procreata,
2561 3703 2659 3756 tali
2681 3708 3032 3757 sacramento
3048 3709 3172 3757 erat
3193 3704 3821 3773 conjuncta,quatenus,

2222 3788 2284 3842 in
2339 3790 2782 3846 Christianitatis
2840 3791 3194 3846 observantia
3250 3791 3406 3846 nulla
3458 3792 3826 3845 infestaretur

2223 3879 2490 3934 versutia.
2521 3881 2651 3934 Hac
2690 3880 2918 3934 advenis
2946 3881 3157 3935 Christi
3181 3881 3359 3950 janua
3385 3880 3456 3933 ad
3485 3892 3679 3949 regem
3701 3884 3824 3935 erat

2223 3967 2432 4036 pervia.
2474 3969 2701 4023 Mandat
2730 3966 2867 4039 ergo
2893 3970 3011 4040 regi
3047 3969 3294 4040 prudens
3318 3968 3689 4038 Augustinus,
3724 3984 3823 4039 per

2222 4055 2452 4110 idoneos
2476 4058 2705 4112 nuntios
2734 4075 2794 4112 se
2821 4060 2890 4111 de
2920 4059 3100 4112 Roma
3119 4075 3233 4113 sua
3255 4074 3600 4128 suorumque
3619 4057 3819 4111 salutis

2219 4144 2405 4212 gratia
2433 4146 2634 4200 missos
2662 4163 2695 4199 a
2724 4147 2978 4201 Romano
3007 4146 3281 4213 antistite,
3313 4146 3363 4199 si
3391 4146 3560 4200 modo
3586 4145 3821 4215 dignen-

2220 4242 2316 4288 tur
2371 4234 2624 4289 beatiiico
2673 4236 2891 4300 nuntio,
2924 4253 3094 4307 quem
3147 4236 3390 4290 aderant
3436 4234 3813 4305 acquiescere.

2221 4322 2336 4376 Rex
2360 4323 2526 4393 jubet
2546 4331 2663 4378 tam
2694 4324 3038 4394 praestabiles
3061 4325 3323 4390 advenas,
3357 4323 3415 4378 in
3440 4323 3565 4393 ipsa
3593 4340 3706 4394 qua
3733 4340 3814 4376 re-

541 4415 601 4464 et
616 4409 1042 4479 excipitur,cum
1056 4410 1438 4481 suprascripto
1449 4425 1684 4463 numero
1704 4408 1982 4464 sociorum
2005 4425 2137 4478 qua-
2154 4400 2203 4458 D
2223 4412 2369 4481 cepti
2387 4420 2520 4467 sunt
2540 4413 2915 4478 insula,suum
2945 4413 3246 4467 adventum
3272 4418 3561 4467 maturum
3587 4412 3811 4484 opperi-

539 4498 858 4561 terdeno,in
880 4499 1123 4568 opimam
1149 4504 1206 4553 et
1231 4498 1616 4569 praegrandem
1633 4497 1876 4551 insulam
1903 4497 2134 4563 Cantia,

539 4587 817 4642 Tanetum
867 4586 1150 4641 vocabulo.
1202 4588 1332 4641 Hac
1373 4587 1610 4657 primam
1654 4602 1712 4639 se
1750 4585 2037 4642 Christum
2077 4586 2138 4639 in

540 4675 657 4730 suis
682 4675 967 4745 legatariis
1014 4676 1327 4747 suscepisse
1369 4675 1571 4728 merito
1609 4673 1925 4744 triumphat
1950 4674 2009 4728 in
2038 4674 2136 4728 be-

536 4763 876 4829 nedictione,
908 4765 1037 4819 felix
1064 4765 1233 4819 tellus
1251 4779 1356 4817 sua
1368 4763 1677 4828 fertilitate,
1701 4762 1799 4817 sed
1815 4763 2138 4817 felicissima

538 4858 624 4908 tot
664 4851 1004 4908 deiferorum
1061 4868 1127 4907 ac
1168 4851 1374 4905 civium
1424 4867 1797 4922 supernorum
1856 4851 2139 4922 primitiva

537 4941 938 5013 hospitalitate.
972 4941 1082 5005 Sic,
1116 4940 1370 5010 inquam,
1395 4939 1676 5009 dirigente
1707 4940 1919 5010 Spiritu
1949 4940 2135 4993 Domi-

535 5030 597 5085 ni
614 5030 736 5098 ejus
765 5029 931 5095 viam,
965 5028 1237 5099 applicuit
1255 5027 1505 5098 proxime
1530 5028 1687 5098 quasi
1713 5028 1816 5082 sub
1844 5029 2025 5099 ipsam
2049 5044 2134 5082 re-

532 5117 641 5189 gia
668 5116 997 5188 metropolis
1025 5122 1248 5187 portam
1273 5135 1286 5183 ;
1338 5115 1434 5171 ubi
1476 5117 1667 5171 sedem
1697 5117 1902 5170 habeat
1928 5134 2131 5188 perpe-

534 5213 712 5273 tuam,
747 5212 805 5261 et
826 5222 987 5261 secus
1015 5205 1197 5274 ipsam
1234 5205 1485 5276 requiem
1509 5205 1928 5276 sempiternam.

603 5293 766 5361 Ecce,
828 5294 989 5349 beate
1050 5301 1418 5365 protoparens
1454 5293 1896 5363 regenerationis
1944 5295 2128 5363 gentis

530 5382 797 5452 Anglica,
831 5384 1152 5454 relinquens
1192 5390 1491 5453 augustam
1533 5390 1824 5452 parentem
1870 5382 2125 5450 Romam,

605 5556 710 5628 (85)
742 5561 1077 5617 Cantuaria.
1132 5561 1490 5615 Edelbritbus
1536 5559 1969 5615 Cantuariorum
2008 5577 2122 5616 rex.

2221 4500 2291 4565 ri,
2312 4500 2502 4571 eisque
2532 4501 2655 4554 vita
2688 4502 2983 4555 commoda
3006 4501 3169 4572 plene
3196 4500 3525 4556 ministrari.
3557 4501 3689 4555 Hac
3715 4500 3810 4555 diu

2219 4598 2537 4643 remoratus
2558 4591 2710 4644 venit
2736 4589 2793 4643 in
2838 4591 3134 4654 Tanetum,
3174 4589 3556 4660 residensque,
3590 4588 3696 4645 sub
3724 4588 3811 4641 di-

2220 4693 2321 4744 vo;
2348 4695 2489 4733 vana
2519 4679 2669 4732 enim
2688 4679 3007 4749 suspicione
3034 4678 3239 4732 vetusti
3266 4676 3477 4732 erroris
3497 4676 3812 4746 auguraba-

2219 4771 2315 4819 tur
2350 4783 2410 4820 se
2448 4767 2599 4821 intra
2626 4769 2856 4821 domum
2889 4768 3080 4838 aliqua
3108 4766 3490 4821 incantatione
3528 4782 3694 4836 posse
3731 4782 3812 4819 sec

2218 4855 2364 4918 duci,
2408 4855 2714 4910 forinsewS
2739 4873 2867 4910 vero
2897 4874 3009 4911 non
3050 4856 3293 4927 possein
3334 4859 3637 4925 conspectu
3666 4854 3807 4910 eali.

2219 4942 2375 4996 Foris
2433 4942 2716 5014 praebebat
2756 4946 2965 4999 sanctis
3019 4944 3365 4999 audientiam
3400 4943 3507 4998 sui.
3555 4944 3810 4999 Absurde

2216 5031 2421 5102 quippe
2446 5049 2555 5086 nox
2580 5032 2816 5086 timebat
2830 5033 3117 5088 obscurari
3136 5050 3172 5087 a
3191 5016 3437 5087 luciferis
3465 5031 3569 5087 Dei
3598 5039 3658 5087 et
3682 5033 3809 5087 ﬁliis

2212 5119 2326 5173 diei
2337 5160 2348 5172 .

2280 5207 2653 5277 Augustinus,
2687 5209 2915 5264 afflatus
2939 5210 3155 5281 Spiritu
3185 5215 3398 5275 sancto,
3426 5209 3691 5279 ingerens
3716 5226 3810 5281 pa-

2211 5312 2331 5350 cem
2381 5304 2440 5351 et
2493 5298 2732 5351 salutem
2782 5299 2926 5368 regi,
2959 5300 3188 5370 suisque
3232 5298 3495 5353 omnibus
3523 5304 3583 5353 et
3611 5316 3805 5370 regno,

2211 5385 2382 5438 refert
2403 5402 2463 5438 se
2492 5403 2734 5457 suosque
2766 5395 3053 5442 consortes
3082 5389 3283 5442 missos
3310 5389 3383 5443 ad
3410 5388 3620 5459 ipsum,
3638 5404 3807 5459 seque

2208 5563 2566 5619 Malmesbur.
2605 5564 2641 5618 l.
2677 5581 2697 5621 ι
2727 5565 2985 5635 Regnum
3024 5566 3214 5636 Angl.,
3240 5582 3366 5639 cap.
3400 5564 3448 5625 i.
