3920 6380
98 331 183 388 749

1059 335 1230 390 VlTA
1269 338 1327 391 S.
1366 335 1761 391 AUGUSTINI
1801 330 2022 386 ANGL.
2062 331 2310 386 APOST.

3218 329 3327 390 750

96 458 241 512 etiam
267 456 516 510 ultronea
538 455 924 513 benevolentia
942 459 1179 523 venisse,
1196 467 1474 531 quatenus
1501 478 1637 531 gau-
1650 459 1706 518 A
1720 462 1925 527 portas,
1949 460 1999 509 et
2012 456 2371 523 ingrediatur
2383 470 2515 523 gens
2530 458 2709 523 juxta,
2727 458 3031 511 custodiens
3041 461 3329 514 veritatem

96 544 245 609 dium,
263 548 316 597 et
331 543 561 612 gloriam
573 547 630 597 et
645 561 883 616 regnum
906 549 1247 602 annuntient
1257 554 1527 603 aeternum
1538 547 1652 612 ,ubi

97 631 424 687 obaudientes
458 632 570 685 suis
592 632 754 687 dictis
773 650 888 687 sem
897 634 1250 704 piternaliter
1271 637 1458 689 vivant
1478 641 1535 690 et
1556 653 1650 688 ex-

97 720 295 775 sultent.
324 720 684 786 lndicatoo
713 722 963 776 omnium
990 730 1302 778 creatorem
1334 725 1513 779 Deum
1547 724 1651 779 Dei

97 809 499 880 omnipotentem
548 815 772 864 tantum
801 811 1056 866 homines
1085 830 1118 866 a
1147 830 1207 867 se
1235 814 1407 867 factos
1435 814 1654 866 dilexis-

97 914 163 963 se,
197 904 255 951 ut
288 898 449 951 homo
478 897 627 952 ﬁlius
672 898 934 964 hominis,
973 901 1130 955 salva
1170 918 1394 973 semper
1421 902 1648 968 deitate,

97 987 388 1056 dignaretur
411 987 550 1049 ﬁeri,
587 993 865 1057 quatenus
896 989 1151 1044 homines
1195 997 1377 1044 morte
1415 1008 1516 1045 sua
1563 1008 1654 1045 re-

98 1075 317 1145 demptos
355 1074 564 1129 faceret
601 1076 747 1130 ﬁlios
799 1077 899 1131 Dei
967 1079 1143 1148 Cujus
1184 1079 1465 1133 nativitati
1513 1097 1656 1134 nova

98 1164 233 1217 stella
256 1163 461 1225 alluxit,
496 1165 653 1234 cujus
675 1165 909 1236 pedibus
940 1182 1094 1221 mare
1119 1168 1383 1221 calcabile
1408 1168 1653 1231 servivit,

98 1253 229 1320 cujus
254 1251 523 1322 passionis
566 1252 775 1322 injuria
823 1255 906 1308 sol
946 1255 1134 1309 radios
1173 1273 1305 1310 suos
1344 1256 1656 1319 abscondit,

97 1341 232 1410 cujus
256 1340 571 1410 sepulturae,
603 1347 660 1395 et
686 1343 1104 1409 resurrectioni,
1128 1344 1310 1398 omnis
1339 1350 1491 1398 terra
1530 1361 1658 1398 con-

97 1429 299 1482 tremuit
342 1435 398 1483 et
449 1430 746 1501 acquievit.
799 1431 925 1503 Ipse
980 1438 1083 1497 est,
1135 1432 1338 1504 inquit,
1386 1434 1657 1487 Dominus

98 1517 232 1571 Jesus
258 1517 534 1586 Christus,
565 1519 634 1572 ab
665 1520 890 1574 exordio
922 1522 1135 1587 mundi,
1171 1522 1240 1575 ab
1274 1522 1532 1576 omnibus
1559 1538 1660 1593 pa—

100 1606 325 1660 triarchis
362 1614 416 1660 et
444 1607 755 1678 prophetis,
798 1610 899 1663 Dei
942 1611 1114 1665 Filius
1142 1612 1558 1681 pronuntiatus,
1594 1612 1663 1665 de

100 1694 281 1764 Spiritu
304 1696 506 1751 Sancto
523 1703 843 1768 conceptus,
866 1699 936 1752 de
954 1699 1185 1770 Virgine
1215 1707 1399 1762 natus,
1419 1706 1476 1754 et
1504 1701 1666 1754 innu-

1733 543 2031 614 legationis
2041 559 2173 597 suae.
2192 545 2353 596 Verus
2364 557 2525 596 error
2539 545 2674 597 abiit
2687 544 3036 609 ἱᾶοίοιατήαε(
3046 548 3324 617 Isaiam,

1730 633 1787 691 ‘2.
1813 632 1886 700 3),
1913 637 1977 686 ut
1996 632 2087 685 hic
2106 630 2308 685 amodo
2328 637 2586 684 servetur
2603 648 2709 701 pax
2728 633 2941 686 Christi
2971 639 3030 687 et
3048 634 3326 691 Ecclesiae.

1734 724 1858 777 Jam
1887 721 1978 775 hic
2004 735 2169 774 ruere
2204 719 2352 773 muri
2389 719 2723 774 videbantur
2759 721 2981 776 Jericho
3025 722 3123 778 ubi
3154 723 3332 778 (ediﬁ-

1735 814 1933 865 centur
1957 807 2106 861 muri
2149 806 2486 861 Jerusalem.
2520 809 2717 862 Ruunt
2759 810 2988 875 scilicet,
3021 826 3137 865 non
3166 827 3334 867 saxea

1736 898 1961 959 muenia,
1980 896 2075 950 sed
2096 896 2414 949 daemonum
2435 897 2796 961 munitiones,
2821 904 2879 952 et
2896 901 3329 967 saxeanumina,

1737 1000 1769 1038 a
1788 991 2109 1038 sanctorum
2129 991 2345 1037 terrore
2364 984 2655 1050 dissoluta,
2677 1002 2798 1056 quae
2814 987 3057 1042 cultores
3086 1005 3217 1043 suos
3238 1005 3333 1044 ca-

1736 1074 1993 1144 ptivitate
2023 1077 2080 1126 et
2108 1072 2393 1126 obsidione
2424 1073 2827 1128 damnaverant
2840 1081 3067 1130 aeterna.
3093 1077 3216 1131 lam
3239 1078 3332 1134 hic

1738 1164 1991 1232 Sponsus
2011 1162 2221 1231 gloriae,
2256 1160 2449 1215 urbem
2491 1161 2597 1215 sibi
2633 1179 2835 1217 novam
2874 1161 3186 1220 Jerusalem
3231 1182 3335 1238 per

1739 1252 2087 1321 archipolum
2112 1250 2747 1321 Augustinumsuosque
2769 1254 3068 1324 complices
3088 1255 3333 1310 artiﬁces

1741 1341 1990 1405 molitur,
2005 1340 2162 1409 cujus
2190 1339 2556 1392 fundamenta
2587 1346 2643 1393 et
2665 1341 2812 1394 muri
2842 1359 2908 1395 ex
2938 1359 3077 1397 auro
3100 1345 3328 1411 mundo,

1740 1435 1796 1484 et
1822 1429 1977 1483 omni
2005 1428 2189 1499 lapide
2218 1428 2463 1498 pretioso
2486 1446 2499 1495 ;
2532 1429 2693 1497 cujus
2719 1430 3121 1500 designatores,
3153 1433 3335 1504 patri-

1743 1519 1956 1585 archae;
1991 1518 2149 1587 cujus
2170 1532 2475 1581 mensores,
2500 1519 2813 1588 prophetae;
2846 1521 3004 1590 cujus
3031 1521 3336 1576 aediﬁcato-

1744 1625 1857 1675 res,
1879 1605 2172 1678 apostolici
2203 1606 2428 1670 Patres;
2461 1606 2623 1674 cujus
2646 1607 3018 1663 illustratores
3047 1615 3104 1664 et
3133 1611 3334 1681 polito-

1746 1713 1835 1750 res
1859 1694 2175 1767 gemmarii,
2206 1700 2500 1765 martyres;
2529 1696 2692 1765 cujus
2721 1696 3140 1753 instructissimi
3167 1699 3341 1754 dicta-
3416 1722 3425 1727 κ

102 1784 242 1837 meris
258 1785 426 1854 signis
450 1785 603 1840 Deus
624 1794 679 1840 et
700 1787 867 1841 homo
900 1787 1106 1858 ubique
1135 1790 1478 1855 declaratus;
1509 1791 1663 1859 jam-
1684 1771 1915 1848 Btores,
1955 1784 2337 1849 confessores;
2371 1784 2532 1853 cujus
2574 1784 2933 1854 pulchritudo
2978 1787 3039 1841 in
3070 1788 3340 1844 domibus

103 1887 189 1941 que
213 1871 275 1926 ab
286 1873 546 1929 omnibus
568 1875 834 1945 gentibus
847 1881 910 1929 ut
929 1877 1181 1931 omnium
1212 1876 1467 1932 Salvator
1490 1878 1665 1931 credi-

103 1968 192 2025 tus,
230 1963 494 2032 cognitus,
548 1980 612 2018 ac
658 1970 971 2035 susceptus.
1019 1966 1181 2019 Hunc
1225 1983 1379 2036 ergo,
1414 1967 1512 2020 illa
1562 1985 1666 2021 sua

105 2048 343 2104 charitate
373 2067 483 2106 non
527 2053 873 2120 stimulante,
908 2071 1021 2125 qua
1066 2072 1167 2125 pro
1207 2055 1368 2109 nobis
1417 2056 1665 2109 animam

105 2138 279 2205 posuit,
295 2155 625 2212 quaquevos
644 2142 701 2195 in
723 2148 932 2197 mtemo
948 2160 1119 2213 regno
1142 2160 1242 2197 suo
1264 2144 1470 2197 habere
1487 2144 1666 2197 socios

107 2226 215 2279 totis
239 2227 537 2283 visceribus
563 2229 948 2285 desideramus
974 2250 985 2298 ;
1013 2233 1159 2286 sicut
1190 2249 1253 2285 ex
1282 2248 1395 2286 uno
1442 2232 1669 2286 homine

107 2330 269 2368 omnes
296 2320 569 2389 procreati
595 2336 817 2375 sumus:
840 2321 1009 2383 hunc,
1030 2321 1282 2391 inquam,
1311 2321 1668 2374 Conditorem

107 2414 151 2460 et
192 2404 524 2461 Salvatorem
574 2409 849 2472 omnium,
896 2411 954 2462 in
996 2426 1162 2479 quem
1204 2409 1496 2463 credentes
1533 2409 1671 2463 salvi

108 2496 224 2561 sitis,
248 2495 395 2550 vobis
419 2497 845 2556 annuntiamus,
858 2498 990 2568 quia
1009 2498 1127 2551 sine
1145 2499 1258 2552 ulla
1278 2498 1665 2567 ambiguitate,

109 2585 349 2654 promissa
377 2585 611 2656 praemia
631 2586 965 2657 proveniunt
991 2586 1365 2646 credentibus,
1384 2587 1671 2641 etinﬁnita

109 2674 347 2745 supplicia
367 2674 877 2729 contemnentibus.
906 2677 1019 2728 Ista
1039 2680 1096 2728 et
1115 2676 1225 2729 alia
1244 2693 1408 2746 quam
1432 2676 1674 2746 plurima

111 2760 364 2815 Dominico
389 2763 578 2832 legato
617 2764 1004 2833 proloquente,
1038 2769 1095 2816 et
1119 2763 1432 2816 innumeris
1463 2764 1673 2817 divina-

109 2866 210 2902 rum
237 2850 495 2904 virtutum
511 2851 851 2905 testimoniis
882 2868 1011 2904 vera
1039 2852 1438 2921 comprobante
1473 2852 1673 2905 simul-

113 2954 199 3007 que
212 2938 502 3010 imaginem
518 2940 698 2993 sancti
710 2940 1101 3010 Redemptoris
1115 2941 1377 2994 decorose
1399 2945 1455 2994 et
1472 2956 1672 2994 aurose

108 3025 153 3079 in
177 3026 351 3082 tabula
369 3029 652 3100 depictam
677 3029 1020 3098 praelibante,
1052 3030 1160 3101 quo
1191 3030 1471 3083 discerent
1500 3029 1670 3083 etiam

111 3115 404 3187 alienigena:
455 3117 509 3171 ei
565 3117 779 3187 gratias
826 3118 1141 3172 immolare.
1192 3119 1307 3172 Rex
1361 3118 1671 3171 admiratus

108 3203 270 3259 laudat
297 3206 521 3276 quidem
553 3213 609 3259 et
645 3206 926 3260 beatiﬁcat
955 3212 1116 3261 tanta
1158 3207 1452 3277 promissa,
1482 3207 1675 3260 simul-

110 3309 196 3362 que
222 3295 424 3364 gratias
457 3294 645 3349 reddit
672 3301 995 3350 sanctorum
1028 3295 1424 3351 benevolentiae
1451 3295 1566 3366 qui,
1604 3295 1674 3348 de

109 3385 203 3433 tam
231 3382 532 3454 longinquo
565 3389 839 3437 venerunt
865 3400 980 3438 suae
1018 3385 1312 3438 salvationi
1345 3384 1664 3440 consulere.

111 3472 170 3521 At
188 3486 306 3525 vero
336 3489 400 3525 ex
429 3471 622 3525 nativa
658 3471 904 3526 caecitate
944 3472 1307 3544 lippientibus
1332 3474 1526 3538 oculis,
1565 3473 1676 3526 im-

111 3566 300 3635 patiens
325 3574 499 3623 tantaa
540 3569 679 3623 lucis
723 3570 1077 3641 splendorem
1104 3572 1266 3632 ferre,
1300 3570 1589 3642 respondit
1616 3587 1676 3624 se

114 3678 205 3717 non
229 3681 383 3736 posse
405 3672 627 3721 veteres
660 3671 884 3737 patrum
924 3684 1153 3722 suorum
1196 3669 1357 3734 ritus,
1392 3685 1530 3739 quos
1556 3674 1677 3721 tota

114 3760 287 3831 Anglia
312 3769 545 3818 eotenus
575 3764 857 3831 coluisset,
907 3783 1108 3820 exuere
1134 3786 1146 3831 ;
1199 3784 1264 3820 ac
1313 3767 1469 3820 novis
1500 3767 1677 3820 incer-

114 3856 271 3928 tisque
298 3861 645 3916 caeremoniis
679 3863 1060 3931 juvenescere.
1094 3864 1500 3919 Verumtamen
1528 3863 1677 3934 ipsos

112 3969 196 4023 pro
221 3957 357 4012 bona
390 3975 498 4015 sua
524 3958 805 4017 industria
844 3978 905 4016 se
940 3962 1081 4016 velle
1114 3961 1172 4016 in
1201 3978 1364 4016 suam
1396 3961 1676 4015 civitatem

114 4050 485 4112 Doroberniam
543 4057 726 4113 amica
776 4058 1046 4114 civilitate
1093 4060 1398 4130 suscipere,
1440 4059 1677 4129 vitaeque

114 4148 348 4208 subsidiis
370 4154 719 4211 sufﬁcienter
737 4156 983 4211 refovere
1001 4157 1166 4211 simul
1202 4157 1373 4211 etiam
1403 4162 1679 4228 quotquot

115 4253 600 4314 possentadsnam
646 4258 859 4307 sectam
898 4261 1246 4322 convertere,
1292 4256 1442 4310 ultro
1483 4272 1544 4309 se
1599 4255 1681 4309 eis

118 4357 354 4404 annuere.

1687 3081 1729 3140 Ο

1746 1872 2028 1935 eburneis,
2062 1871 2341 1941 virgines;
2385 1871 2544 1940 cujus
2588 1879 2940 1939 ornamenta,
2984 1886 3150 1930 omne
3190 1876 3341 1947 quod

1745 1960 1866 2014 visu
1902 1960 2198 2030 pulchrum
2228 1965 2330 2021 est,
2361 1959 2625 2012 theoricis
2673 1962 2848 2015 oculis
2894 1963 3242 2019 delectabile.
3274 1965 3342 2020 In

1746 2049 2093 2111 summitate,
2127 2053 2184 2100 et
2212 2046 2426 2100 ambitu
2458 2062 2769 2113 murorum,
2809 2051 2963 2121 jugis
3008 2057 3069 2106 et
3109 2053 3343 2135 pervigil

1750 2144 1863 2192 stat
1911 2137 2166 2191 custodia
2220 2136 2568 2206 angelorum.
2610 2138 2793 2208 Hujus
2839 2144 2959 2193 tam
3010 2142 3343 2197 decorabilis

1751 2226 1906 2280 urbis
1950 2227 2163 2297 primus
2201 2225 2493 2278 institutor
2527 2226 2819 2281 asciscitur
2865 2230 3231 2299 Augustinus,
3278 2238 3346 2287 ut

1752 2315 1953 2386 Sponsi
1984 2330 2096 2386 prae
2126 2314 2256 2368 ﬁliis
2278 2313 2574 2368 hominum
2595 2316 2850 2385 speciosi,
2875 2318 3093 2373 amicus
3105 2325 3163 2373 et
3178 2334 3346 2392 spon-

1752 2421 1827 2459 sa:
1856 2404 2038 2475 gloria
2077 2410 2134 2458 et
2172 2404 2386 2458 honore
2427 2412 2724 2471 coronatae,
2766 2410 3208 2480 paranympbus.
3243 2408 3348 2465 Hic

1754 2494 1920 2547 modo
1950 2494 2081 2547 dum
2115 2511 2216 2564 pro
2247 2494 2448 2549 castris
2494 2495 2802 2549 Dominicis
2831 2496 3257 2565 decertandum,
3290 2505 3350 2554 et

1755 2582 1998 2636 subactis
2038 2582 2340 2637 rebellibus
2376 2584 2638 2654 gentibus
2676 2585 2747 2638 ad
2790 2584 2989 2640 urbem
3013 2586 3127 2641 erit
3152 2588 3352 2642 trium-

1756 2671 2062 2742 phandum.
2091 2671 2206 2726 Istc
2238 2674 2591 2744 primicerius
2633 2675 2846 2735 consul,
2880 2680 2938 2728 et
2965 2676 3242 2731 Dominici
3269 2682 3351 2732 te-

1755 2762 2020 2814 stamenti
2048 2762 2302 2831 angelus,
2328 2767 2662 2833 perpetuum
2682 2762 3036 2817 haereditabit
3055 2766 3346 2833 thronum,

1756 2850 2123 2920 omniumque
2147 2867 2553 2915 successorum,
2582 2851 2718 2904 dum
2748 2852 2934 2905 veniat
2966 2852 3232 2925 Princeps
3252 2871 3352 2929 pa-

1755 2952 1990 3014 storum,
2015 2954 2078 3000 ut
2099 2954 2259 3017 pater
2278 2949 2521 3002 ﬁliorum
2545 2949 2759 3019 apicem
2780 2949 2983 3004 referet
2995 2950 3349 3021 primarium.

1754 3044 2057 3115 Postquam
2082 3049 2270 3098 autem
2293 3051 2545 3099 terrenos
2575 3045 2794 3099 labores
2828 3049 3350 3106 mutaveritcmlesti

1755 3159 1979 3209 corona,
2009 3148 2143 3196 tunc
2171 3143 2253 3198 uti
2289 3160 2437 3197 nunc
2475 3142 2643 3209 lucet,
2677 3144 2963 3215 potentius
3003 3145 3265 3221 regnabit
3291 3148 3352 3209 in

1756 3256 1881 3293 arce
1911 3239 2063 3304 Sion,
2095 3256 2222 3293 arce
2252 3256 2354 3294 sua
2381 3240 2692 3310 splendida,
2746 3258 2869 3312 quae
2910 3260 3083 3316 supra
3131 3245 3348 3315 urbem,

1757 3338 2026 3392 turritum
2057 3338 2267 3393 attollit
2296 3338 2557 3392 verticem
2586 3338 2645 3392 in
2669 3356 2824 3403 aera,
2856 3357 2980 3412 quae
3011 3347 3127 3401 tam
3151 3344 3356 3416 primi.

1757 3435 1899 3506 palis
1910 3435 2161 3490 thesauri
2176 3441 2373 3507 totque
2385 3437 2810 3497 conreconditor
2819 3438 3136 3510 principum
3146 3442 3352 3511 gratia,

1758 3538 1876 3587 tota
1906 3533 1963 3587 in
1989 3532 2218 3587 excelsis
2242 3533 2458 3602 fulgeat
2485 3550 2678 3600 aurea,
2713 3535 2865 3590 unde
2905 3552 3087 3607 usque
3113 3538 3175 3594 in
3202 3539 3356 3596 diem

1759 3630 2203 3700 regenerationis
2243 3631 2515 3697 omnium,
2548 3648 2709 3686 suam
2756 3638 3017 3704 protegat
3040 3636 3355 3693 Jerusalem

1758 3746 1885 3782 cum
1914 3734 2032 3782 tota
2062 3729 2264 3799 patria,
2295 3729 2519 3796 virtute,
2551 3736 2609 3784 et
2636 3731 2888 3786 oratione
2917 3740 3210 3804 perpetua.

1830 3827 2012 3896 Igitur
2040 3827 2167 3880 novi
2193 3827 2460 3898 armigeri
2484 3827 2704 3881 Domini
2735 3829 3007 3884 sedebant
3038 3831 3097 3885 in
3127 3832 3353 3888 mvitate

1759 3916 2049 3970 condenda
2090 3916 2334 3980 Christo,
2383 3916 2558 3969 donec
2610 3917 2983 3972 induerentur
3033 3920 3242 3976 virtute
3285 3936 3356 3977 ex

1760 4003 1892 4066 alto,
1929 4009 1986 4056 et
2021 4004 2228 4057 auxilio
2249 4012 2588 4074 opportuno.
2620 4005 2757 4068 Quis
2777 4012 2963 4059 autem
2996 4007 3231 4077 explicet
3250 4009 3354 4064 hos

1761 4091 2089 4162 nubigenas,
2131 4092 2343 4147 scilicet
2383 4099 2446 4146 ut
2490 4093 2666 4148 nubes
2708 4095 2979 4162 volantes,
3011 4099 3243 4167 angelos
3280 4099 3357 4154 vi-

1763 4188 1974 4246 ventes,
1999 4182 2166 4235 ﬁores
2197 4182 2389 4245 eremi,
2415 4183 2686 4236 Antonios
2713 4189 2769 4236 et
2786 4183 3122 4253 Macharios,
3141 4187 3199 4241 in
3217 4187 3356 4243 urbe

1764 4270 2088 4324 exhibentes
2130 4271 2320 4324 omnia
2360 4272 2554 4325 mundi
2585 4271 2995 4328 oblectamenta
3037 4275 3273 4346 pulchra
3300 4283 3358 4333 et

1763 4360 1977 4425 suavia,
1995 4360 2145 4413 velut
2164 4359 2483 4413 lethiferum
2500 4377 2780 4431 vaporem,
2808 4377 2919 4416 non
2935 4364 3119 4418 solum
3141 4364 3359 4436 fugien-

176 4442 255 4496 Sic
291 4462 423 4517 ergo
451 4447 557 4502 Dei
580 4447 998 4520 dispensatione
1035 4466 1130 4504 cor
1158 4450 1307 4521 regis
1336 4450 1673 4515 illustrante,
1700 4483 1747 4540 Β
1768 4453 2068 4512 tes,verum
2092 4448 2258 4502 etiam
2283 4464 2478 4502 omnes
2501 4450 2789 4504 auditores
2812 4453 3151 4521 parturienti
3174 4454 3362 4510 chari-

118 4529 440 4602 Augustinus
460 4553 588 4591 cum
619 4537 820 4608 pusillo
848 4540 1272 4610 gregeDomini,
1306 4541 1507 4610 quibus
1535 4554 1682 4593 com-

117 4618 300 4687 placuit
322 4624 473 4679 Patri
499 4626 812 4696 gratiarum
841 4627 976 4682 dare
1001 4645 1255 4698 regnum,
1290 4646 1415 4683 cum
1466 4630 1684 4682 canoris

120 4704 333 4766 letaniis
376 4715 606 4768 veniens
650 4715 1072 4784 Doroberniam,
1124 4718 1270 4771 hanc
1317 4719 1682 4788 antiphonam

119 4804 382 4862 gratanter
395 4802 705 4870 inchoat,et
715 4822 841 4859 cum
863 4806 1122 4860 omnibus
1137 4807 1285 4860 dulci
1304 4807 1683 4861 modulatione

119 4882 352 4944 decantat
384 4909 397 4944 :
432 4892 813 4963 Deprecamur
852 4900 927 4961 te,
969 4895 1224 4961 Domine,
1249 4896 1306 4949 in
1333 4896 1486 4950 omni
1520 4897 1677 4949 mise-

117 4972 331 5031 ricordia
357 4985 474 5046 tua,
503 4988 569 5035 ut
585 4983 878 5037 auferatur
905 4983 1061 5039 furor
1083 4992 1216 5039 tuus
1243 4991 1297 5039 et
1324 4985 1407 5038 ira
1436 4992 1536 5040 tua
1566 4985 1687 5039 aci-

121 5060 266 5118 Vitate
286 5066 412 5135 ista,
448 5075 506 5123 et
530 5085 567 5124 a
594 5071 760 5126 domo
791 5079 987 5127 sancta
1023 5079 1141 5138 tua,
1186 5074 1447 5145 quoniam
1489 5090 1685 5145 pecca-

121 5148 295 5207 vimus.
336 5179 358 5204 ο
388 5156 553 5213 Bene
579 5176 640 5213 se
668 5161 769 5214 tali
798 5161 1143 5216 confessione
1187 5162 1569 5233 peccatoribus
1598 5163 1686 5216 in-

123 5235 366 5310 ferebant,
408 5261 549 5315 quos
594 5249 711 5304 Deo
759 5250 1118 5305 reconciliare
1149 5256 1206 5304 et
1234 5252 1483 5305 relaxare
1528 5267 1688 5305 vene-

125 5329 370 5386 rant.Tali
386 5334 678 5391 devotione
701 5339 1205 5408 protodoctoribus,
1232 5346 1289 5394 et
1315 5340 1373 5393 in
1403 5341 1511 5394 ﬁde
1534 5339 1690 5394 Chri-

1765 4543 1900 4599 tate,
1926 4543 1984 4590 et
2014 4537 2766 4610 praicordialiparturitione,
2796 4541 2864 4594 ad
2893 4542 3362 4600 inﬁnitateterno-

1764 4642 1888 4680 rum
1917 4625 2255 4697 gaudiorum
2284 4627 2488 4679 sarcula
2526 4627 2911 4698 impellentes?
2933 4631 3024 4685 Nil
3056 4631 3125 4686 de
3155 4640 3362 4689 morta-

1763 4716 1901 4769 lium
1930 4714 2147 4785 Opibus,
2186 4721 2388 4784 przeter
2415 4714 2709 4769 salvandas
2753 4717 2971 4772 animas
3016 4719 3358 4790 ambiebant,

1764 4805 1885 4859 sola
1914 4803 2102 4857 divina
2131 4808 2186 4857 et
2214 4818 2460 4874 superna
2497 4803 2908 4874 inexplebiliter
2928 4809 3285 4878 appetebant.

1838 4895 2011 4948 Lucet
2038 4895 2109 4945 ab
2139 4892 2398 4946 orientali
2429 4892 2594 4963 plaga
2621 4893 2953 4949 confessoris
2983 4896 3192 4952 Christi
3219 4899 3363 4953 Mar-

1765 4983 1871 5037 tini
1900 4981 2398 5044 basilica,dimidio
2420 4981 2538 5035 fere
2568 4981 2748 5035 stadio
2780 4982 2850 5036 ab
2880 4984 3113 5039 ecclesia
3142 4987 3365 5043 Domini

1768 5071 2073 5126 Salvatoris
2102 5075 2338 5137 remota,
2357 5070 2490 5123 olim
2514 5085 2547 5123 a
2574 5068 2842 5126 Romanis
2868 5073 3202 5129 Christianis
3229 5088 3365 5130 con-

1769 5160 1904 5226 dita,
1932 5160 2209 5230 hodieque
2226 5158 2398 5213 sacris
2417 5158 2616 5213 ofﬁciis
2636 5161 2887 5230 praedita.
2926 5161 3070 5216 Nam
3106 5176 3207 5235 per
3236 5178 3372 5235 qua-

1770 5250 2097 5319 dringentos
2119 5248 2340 5301 circiter
2357 5264 2554 5315 annos,
2583 5263 2761 5319 usque
2783 5250 2851 5304 ad
2875 5248 3178 5306 Maximum
3198 5252 3372 5324 impe-

1769 5345 2041 5403 ratorem,
2089 5337 2443 5391 incoluerant
2488 5338 2724 5391 Romani
2754 5338 2872 5393 haec
2912 5340 3156 5407 climata,
3185 5342 3279 5415 qui
3305 5342 3375 5397 de

124 5414 187 5467 sti
225 5424 649 5494 protopatribus,
694 5427 908 5498 Anglia:
954 5428 1312 5499 metropolim
1355 5445 1514 5483 suam
1560 5445 1688 5483 cum
1773 5428 2042 5482 Gratiano
2108 5431 2165 5479 et
2220 5426 2618 5480 Valentiniano
2683 5428 2958 5497 augustis,
3024 5429 3169 5484 civili
3206 5414 3373 5486 bello

123 5502 424 5580 triumphali
460 5515 639 5569 crucis
682 5516 875 5571 labare
918 5517 1383 5588 ingredientibus,
1418 5524 1539 5573 erat
1588 5534 1689 5572 an-
1772 5523 1886 5582 εἰ.
1929 5516 2326 5586 triumphavit;
2370 5531 2480 5586 quo
2530 5515 2828 5570 abstractis
2858 5516 3130 5572 militibus
3166 5519 3377 5576 Britan-

126 5593 260 5659 80108
291 5601 552 5659 custodes
593 5603 783 5664 dicere
822 5605 1120 5675 credituris
1155 5606 1368 5661 civibus
1418 5624 1430 5659 :
1474 5609 1694 5677 Aperite
1774 5606 1930 5659 niam
1957 5604 2212 5660 Romano
2238 5603 2435 5658 robore
2460 5603 2738 5658 exhausit.
2753 5605 2818 5661 In
2842 5605 2966 5677 ipsa
2984 5606 3177 5679 itaque
3205 5609 3378 5666 eccle-
