  <div class='ocr_page' id='page_1' title='image "/cluster/home/n/w/nwhite01/storage/ocr_20150623/150/umn.31951002477443u/441.png"; bbox 0 0 3920 6382; ppageno 0'>
   <div class='ocr_carea' id='block_1_1' title="bbox 634 388 736 446">
    <p class='ocr_par' dir='ltr' id='par_1_1' title="bbox 634 388 736 446">
     <span class='ocr_line' id='line_1_1' title="bbox 634 388 736 446; baseline 0.02 -2"><span class='ocrx_word' id='word_1_1' title='bbox 634 388 736 446; x_wconf 80' lang='grc'>’751</span> 
     </span>
    </p>
   </div>
   <div class='ocr_carea' id='block_1_2' title="bbox 1588 383 2949 442">
    <p class='ocr_par' dir='ltr' id='par_1_2' title="bbox 1588 383 2949 442">
     <span class='ocr_line' id='line_1_2' title="bbox 1588 383 2949 442; baseline -0.002 -2"><span class='ocrx_word' id='word_1_2' title='bbox 1588 387 1686 441; x_wconf 90' lang='lat' dir='ltr'><strong>AD</strong></span> <span class='ocrx_word' id='word_1_3' title='bbox 1726 387 1964 442; x_wconf 86' lang='lat' dir='ltr'>OPERA</span> <span class='ocrx_word' id='word_1_4' title='bbox 2001 388 2064 442; x_wconf 90' lang='lat' dir='ltr'>B.</span> <span class='ocrx_word' id='word_1_5' title='bbox 2106 383 2524 441; x_wconf 83' lang='lat' dir='ltr'>LANFRANCI</span> <span class='ocrx_word' id='word_1_6' title='bbox 2563 383 2949 438; x_wconf 74' lang='lat' dir='ltr'>APPENDIX.</span> 
     </span>
    </p>
   </div>
   <div class='ocr_carea' id='block_1_3' title="bbox 3779 390 3857 446">
    <p class='ocr_par' dir='ltr' id='par_1_3' title="bbox 3779 390 3857 446">
     <span class='ocr_line' id='line_1_3' title="bbox 3779 390 3857 446; baseline 0.038 -3"><span class='ocrx_word' id='word_1_7' title='bbox 3779 390 3857 446; x_wconf 62' lang='lat'>75&#39;}</span> 
     </span>
    </p>
   </div>
   <div class='ocr_carea' id='block_1_4' title="bbox 637 505 3852 584">
    <p class='ocr_par' dir='ltr' id='par_1_4' title="bbox 637 505 3852 584">
     <span class='ocr_line' id='line_1_4' title="bbox 637 505 3852 584; baseline -0.001 -16"><span class='ocrx_word' id='word_1_8' title='bbox 637 515 725 568; x_wconf 91' lang='lat' dir='ltr'>sia</span> <span class='ocrx_word' id='word_1_9' title='bbox 751 512 1166 568; x_wconf 83' lang='lat' dir='ltr'>sacratissimus</span> <span class='ocrx_word' id='word_1_10' title='bbox 1194 512 1440 584; x_wconf 83' lang='lat' dir='ltr'>pontifex</span> <span class='ocrx_word' id='word_1_11' title='bbox 1453 509 1726 567; x_wconf 81' lang='lat' dir='ltr'>Letardus</span> <span class='ocrx_word' id='word_1_12' title='bbox 1741 509 2234 564; x_wconf 74' lang='lat' dir='ltr'>Christianissimae</span> <span class='ocrx_word' id='word_1_13' title='bbox 2254 513 2298 567; x_wconf 88' lang='lat' dir='ltr'>A</span> <span class='ocrx_word' id='word_1_14' title='bbox 2317 513 2750 578; x_wconf 82' lang='lat' dir='ltr'>persecutorem.</span> <span class='ocrx_word' id='word_1_15' title='bbox 2765 508 2866 563; x_wconf 91' lang='lat' dir='ltr'>lllc</span> <span class='ocrx_word' id='word_1_16' title='bbox 2891 507 3062 560; x_wconf 82' lang='lat' dir='ltr'>etiam</span> <span class='ocrx_word' id='word_1_17' title='bbox 3084 505 3361 575; x_wconf 82' lang='lat' dir='ltr'>subjectos</span> <span class='ocrx_word' id='word_1_18' title='bbox 3384 507 3488 562; x_wconf 86' lang='lat' dir='ltr'>sibi</span> <span class='ocrx_word' id='word_1_19' title='bbox 3502 525 3652 579; x_wconf 88' lang='lat' dir='ltr'>rcges</span> <span class='ocrx_word' id='word_1_20' title='bbox 3672 516 3724 564; x_wconf 90' lang='lat' dir='ltr'>et</span> <span class='ocrx_word' id='word_1_21' title='bbox 3740 516 3852 582; x_wconf 87' lang='lat' dir='ltr'>opti-</span> 
     </span>
    </p>
   </div>
   <div class='ocr_carea' id='block_1_5' title="bbox 640 597 2234 672">
    <p class='ocr_par' dir='ltr' id='par_1_5' title="bbox 640 597 2234 672">
     <span class='ocr_line' id='line_1_5' title="bbox 640 597 2234 672; baseline -0.003 -16"><span class='ocrx_word' id='word_1_22' title='bbox 640 602 852 672; x_wconf 69' lang='lat' dir='ltr'>rcginaa</span> <span class='ocrx_word' id='word_1_23' title='bbox 905 601 1126 656; x_wconf 84' lang='lat' dir='ltr'>Berthae</span> <span class='ocrx_word' id='word_1_24' title='bbox 1176 618 1364 655; x_wconf 85' lang='lat' dir='ltr'>sacras</span> <span class='ocrx_word' id='word_1_25' title='bbox 1413 600 1614 654; x_wconf 88' lang='lat' dir='ltr'>missas</span> <span class='ocrx_word' id='word_1_26' title='bbox 1661 597 1794 665; x_wconf 82' lang='lat'>(80&#39;,</span> <span class='ocrx_word' id='word_1_27' title='bbox 1843 603 1901 651; x_wconf 87' lang='lat' dir='ltr'>et</span> <span class='ocrx_word' id='word_1_28' title='bbox 1941 598 2234 652; x_wconf 90' lang='lat' dir='ltr'>Dominica</span> 
     </span>
    </p>
   </div>
   <div class='ocr_carea' id='block_1_6' title="bbox 2323 595 3855 670">
    <p class='ocr_par' dir='ltr' id='par_1_6' title="bbox 2323 595 3855 670">
     <span class='ocr_line' id='line_1_6' title="bbox 2323 595 3855 670; baseline 0.004 -22"><span class='ocrx_word' id='word_1_29' title='bbox 2323 603 2520 661; x_wconf 73' lang='lat' dir='ltr'>mutes,</span> <span class='ocrx_word' id='word_1_30' title='bbox 2554 613 2678 650; x_wconf 88' lang='lat' dir='ltr'>cum</span> <span class='ocrx_word' id='word_1_31' title='bbox 2710 595 2929 667; x_wconf 89' lang='lat' dir='ltr'>populis</span> <span class='ocrx_word' id='word_1_32' title='bbox 2958 595 3074 650; x_wconf 88' lang='lat' dir='ltr'>suis</span> <span class='ocrx_word' id='word_1_33' title='bbox 3090 596 3310 650; x_wconf 86' lang='lat' dir='ltr'>Christo</span> <span class='ocrx_word' id='word_1_34' title='bbox 3341 598 3595 667; x_wconf 82' lang='lat' dir='ltr'>acquirit,</span> <span class='ocrx_word' id='word_1_35' title='bbox 3626 615 3855 670; x_wconf 75' lang='lat' dir='ltr'>suumque</span> 
     </span>
    </p>
   </div>
   <div class='ocr_carea' id='block_1_7' title="bbox 638 684 3855 760">
    <p class='ocr_par' dir='ltr' id='par_1_7' title="bbox 638 684 3855 760">
     <span class='ocr_line' id='line_1_7' title="bbox 638 684 3855 760; baseline -0.001 -15"><span class='ocrx_word' id='word_1_36' title='bbox 638 691 822 744; x_wconf 84' lang='lat' dir='ltr'>ofﬁcia</span> <span class='ocrx_word' id='word_1_37' title='bbox 849 690 1175 744; x_wconf 88' lang='lat' dir='ltr'>assiduabat</span> <span class='ocrx_word' id='word_1_38' title='bbox 1198 707 1212 756; x_wconf 91' lang='lat'><strong>;</strong></span> <span class='ocrx_word' id='word_1_39' title='bbox 1243 691 1339 760; x_wconf 88' lang='lat' dir='ltr'>qui</span> <span class='ocrx_word' id='word_1_40' title='bbox 1362 689 1441 742; x_wconf 89' lang='lat' dir='ltr'>illi</span> <span class='ocrx_word' id='word_1_41' title='bbox 1467 705 1500 742; x_wconf 90' lang='lat' dir='ltr'>a</span> <span class='ocrx_word' id='word_1_42' title='bbox 1529 689 1684 759; x_wconf 88' lang='lat' dir='ltr'>regia</span> <span class='ocrx_word' id='word_1_43' title='bbox 1703 687 1939 742; x_wconf 77' lang='lat' dir='ltr'>Francia</span> <span class='ocrx_word' id='word_1_44' title='bbox 1965 687 2130 740; x_wconf 88' lang='lat' dir='ltr'>datus</span> <span class='ocrx_word' id='word_1_45' title='bbox 2151 693 2236 740; x_wconf 93' lang='lat' dir='ltr'>est</span> <span class='ocrx_word' id='word_1_46' title='bbox 2320 684 2474 754; x_wconf 91' lang='lat' dir='ltr'>prius</span> <span class='ocrx_word' id='word_1_47' title='bbox 2492 685 3017 755; x_wconf 86' lang='lat' dir='ltr'>imperiummavult</span> <span class='ocrx_word' id='word_1_48' title='bbox 3029 702 3150 738; x_wconf 89' lang='lat' dir='ltr'>esse</span> <span class='ocrx_word' id='word_1_49' title='bbox 3163 685 3446 740; x_wconf 79' lang='lat' dir='ltr'>dilatando</span> <span class='ocrx_word' id='word_1_50' title='bbox 3472 691 3528 740; x_wconf 91' lang='lat' dir='ltr'>et</span> <span class='ocrx_word' id='word_1_51' title='bbox 3547 690 3855 759; x_wconf 86' lang='lat' dir='ltr'>prepagando</span> 
     </span>
    </p>
   </div>
   <div class='ocr_carea' id='block_1_8' title="bbox 637 775 2230 848">
    <p class='ocr_par' dir='ltr' id='par_1_8' title="bbox 637 775 2230 848">
     <span class='ocr_line' id='line_1_8' title="bbox 637 775 2230 848; baseline -0.004 -15"><span class='ocrx_word' id='word_1_52' title='bbox 637 795 840 844; x_wconf 87' lang='lat' dir='ltr'>comes,</span> <span class='ocrx_word' id='word_1_53' title='bbox 875 784 934 832; x_wconf 88' lang='lat' dir='ltr'>et</span> <span class='ocrx_word' id='word_1_54' title='bbox 953 783 1140 832; x_wconf 87' lang='lat' dir='ltr'>custos</span> <span class='ocrx_word' id='word_1_55' title='bbox 1182 777 1608 848; x_wconf 89' lang='lat' dir='ltr'>probatissimus</span> <span class='ocrx_word' id='word_1_56' title='bbox 1637 777 1694 830; x_wconf 90' lang='lat' dir='ltr'>in</span> <span class='ocrx_word' id='word_1_57' title='bbox 1725 775 1876 830; x_wconf 87' lang='lat' dir='ltr'>omni</span> <span class='ocrx_word' id='word_1_58' title='bbox 1907 783 2103 830; x_wconf 88' lang='lat' dir='ltr'>sancta</span> <span class='ocrx_word' id='word_1_59' title='bbox 2131 775 2230 828; x_wconf 90' lang='lat' dir='ltr'>ob-</span> 
     </span>
    </p>
   </div>
   <div class='ocr_carea' id='block_1_9' title="bbox 637 865 2232 937">
    <p class='ocr_par' dir='ltr' id='par_1_9' title="bbox 637 865 2232 937">
     <span class='ocr_line' id='line_1_9' title="bbox 637 865 2232 937; baseline -0.003 -16"><span class='ocrx_word' id='word_1_60' title='bbox 637 868 936 934; x_wconf 79' lang='lat' dir='ltr'>servantia,</span> <span class='ocrx_word' id='word_1_61' title='bbox 969 884 1040 921; x_wconf 90' lang='lat' dir='ltr'>ne</span> <span class='ocrx_word' id='word_1_62' title='bbox 1066 883 1175 937; x_wconf 89' lang='lat' dir='ltr'>qua</span> <span class='ocrx_word' id='word_1_63' title='bbox 1206 866 1480 921; x_wconf 88' lang='lat' dir='ltr'>Dominici</span> <span class='ocrx_word' id='word_1_64' title='bbox 1511 865 1762 936; x_wconf 86' lang='lat' dir='ltr'>prestigii</span> <span class='ocrx_word' id='word_1_65' title='bbox 1793 865 1959 928; x_wconf 87' lang='lat' dir='ltr'>furia,</span> <span class='ocrx_word' id='word_1_66' title='bbox 1989 865 2232 935; x_wconf 85' lang='lat' dir='ltr'>splendi-</span> 
     </span>
    </p>
   </div>
   <div class='ocr_carea' id='block_1_10' title="bbox 639 953 2228 1024">
    <p class='ocr_par' dir='ltr' id='par_1_10' title="bbox 639 953 2228 1024">
     <span class='ocr_line' id='line_1_10' title="bbox 639 953 2228 1024; baseline -0.003 -13"><span class='ocrx_word' id='word_1_67' title='bbox 639 957 870 1011; x_wconf 89' lang='lat' dir='ltr'>dissima</span> <span class='ocrx_word' id='word_1_68' title='bbox 887 955 1016 1010; x_wconf 87' lang='lat' dir='ltr'>ﬁdei</span> <span class='ocrx_word' id='word_1_69' title='bbox 1035 955 1243 1010; x_wconf 88' lang='lat' dir='ltr'>Christi</span> <span class='ocrx_word' id='word_1_70' title='bbox 1273 955 1330 1008; x_wconf 92' lang='lat' dir='ltr'>in</span> <span class='ocrx_word' id='word_1_71' title='bbox 1361 971 1428 1008; x_wconf 91' lang='lat' dir='ltr'>ea</span> <span class='ocrx_word' id='word_1_72' title='bbox 1452 956 1751 1008; x_wconf 81' lang='lat' dir='ltr'>otfuscaret</span> <span class='ocrx_word' id='word_1_73' title='bbox 1783 953 2228 1024; x_wconf 89' lang='lat' dir='ltr'>monilia.thue</span> 
     </span>
    </p>
   </div>
   <div class='ocr_carea' id='block_1_11' title="bbox 636 1042 2230 1114">
    <p class='ocr_par' dir='ltr' id='par_1_11' title="bbox 636 1042 2230 1114">
     <span class='ocr_line' id='line_1_11' title="bbox 636 1042 2230 1114; baseline -0.002 -16"><span class='ocrx_word' id='word_1_74' title='bbox 636 1044 894 1098; x_wconf 81' lang='lat' dir='ltr'>maximis</span> <span class='ocrx_word' id='word_1_75' title='bbox 923 1043 1300 1098; x_wconf 83' lang='lat' dir='ltr'>assimilemus</span> <span class='ocrx_word' id='word_1_76' title='bbox 1331 1043 1570 1108; x_wconf 88' lang='lat' dir='ltr'>minora,</span> <span class='ocrx_word' id='word_1_77' title='bbox 1605 1048 1950 1114; x_wconf 77' lang='lat' dir='ltr'>przevenerat</span> <span class='ocrx_word' id='word_1_78' title='bbox 1981 1042 2071 1096; x_wconf 87' lang='lat' dir='ltr'>hic</span> <span class='ocrx_word' id='word_1_79' title='bbox 2101 1060 2230 1113; x_wconf 89' lang='lat' dir='ltr'>apo-</span> 
     </span>
    </p>
   </div>
   <div class='ocr_carea' id='block_1_12' title="bbox 633 1131 2226 1203">
    <p class='ocr_par' dir='ltr' id='par_1_12' title="bbox 633 1131 2226 1203">
     <span class='ocr_line' id='line_1_12' title="bbox 633 1131 2226 1203; baseline -0.001 -17"><span class='ocrx_word' id='word_1_80' title='bbox 633 1132 814 1186; x_wconf 88' lang='lat' dir='ltr'>stolici</span> <span class='ocrx_word' id='word_1_81' title='bbox 838 1132 1139 1203; x_wconf 81' lang='lat' dir='ltr'>Augustini</span> <span class='ocrx_word' id='word_1_82' title='bbox 1169 1132 1621 1203; x_wconf 66' lang='lat' dir='ltr'>praedicamenta,</span> <span class='ocrx_word' id='word_1_83' title='bbox 1648 1137 1714 1186; x_wconf 93' lang='lat' dir='ltr'>ut</span> <span class='ocrx_word' id='word_1_84' title='bbox 1735 1131 1932 1186; x_wconf 86' lang='lat' dir='ltr'>lucifer</span> <span class='ocrx_word' id='word_1_85' title='bbox 1943 1148 2226 1195; x_wconf 89' lang='lat' dir='ltr'>auroram,</span> 
     </span>
    </p>
   </div>
   <div class='ocr_carea' id='block_1_13' title="bbox 634 1219 2230 1290">
    <p class='ocr_par' dir='ltr' id='par_1_13' title="bbox 634 1219 2230 1290">
     <span class='ocr_line' id='line_1_13' title="bbox 634 1219 2230 1290; baseline -0.002 -14"><span class='ocrx_word' id='word_1_86' title='bbox 634 1227 694 1276; x_wconf 88' lang='lat' dir='ltr'>et</span> <span class='ocrx_word' id='word_1_87' title='bbox 715 1237 921 1276; x_wconf 90' lang='lat' dir='ltr'>aurora</span> <span class='ocrx_word' id='word_1_88' title='bbox 939 1223 1137 1288; x_wconf 86' lang='lat' dir='ltr'>solem,</span> <span class='ocrx_word' id='word_1_89' title='bbox 1155 1221 1315 1275; x_wconf 88' lang='lat' dir='ltr'>illum</span> <span class='ocrx_word' id='word_1_90' title='bbox 1331 1219 1591 1274; x_wconf 90' lang='lat' dir='ltr'>videlicet</span> <span class='ocrx_word' id='word_1_91' title='bbox 1609 1221 1816 1284; x_wconf 90' lang='lat' dir='ltr'>Solem,</span> <span class='ocrx_word' id='word_1_92' title='bbox 1838 1237 2002 1290; x_wconf 89' lang='lat' dir='ltr'>quem</span> <span class='ocrx_word' id='word_1_93' title='bbox 2023 1220 2230 1274; x_wconf 86' lang='lat' dir='ltr'>clarius</span> 
     </span>
    </p>
   </div>
   <div class='ocr_carea' id='block_1_14' title="bbox 633 1309 2228 1380">
    <p class='ocr_par' dir='ltr' id='par_1_14' title="bbox 633 1309 2228 1380">
     <span class='ocr_line' id='line_1_14' title="bbox 633 1309 2228 1380; baseline -0.001 -17"><span class='ocrx_word' id='word_1_94' title='bbox 633 1310 830 1364; x_wconf 82' lang='lat' dir='ltr'>extulit</span> <span class='ocrx_word' id='word_1_95' title='bbox 859 1311 1209 1380; x_wconf 84' lang='lat' dir='ltr'>Augustinus</span> <span class='ocrx_word' id='word_1_96' title='bbox 1233 1309 1474 1376; x_wconf 87' lang='lat' dir='ltr'>Oceano,</span> <span class='ocrx_word' id='word_1_97' title='bbox 1498 1314 1768 1380; x_wconf 85' lang='lat' dir='ltr'>tanquam</span> <span class='ocrx_word' id='word_1_98' title='bbox 1800 1325 2066 1379; x_wconf 90' lang='lat' dir='ltr'>sponsum</span> <span class='ocrx_word' id='word_1_99' title='bbox 2096 1326 2228 1380; x_wconf 88' lang='lat' dir='ltr'>pro-</span> 
     </span>
    </p>
   </div>
   <div class='ocr_carea' id='block_1_15' title="bbox 633 1397 2220 1468">
    <p class='ocr_par' dir='ltr' id='par_1_15' title="bbox 633 1397 2220 1468">
     <span class='ocr_line' id='line_1_15' title="bbox 633 1397 2220 1468; baseline 0 -16"><span class='ocrx_word' id='word_1_100' title='bbox 633 1398 924 1454; x_wconf 87' lang='lat' dir='ltr'>cedentem</span> <span class='ocrx_word' id='word_1_101' title='bbox 945 1399 1013 1453; x_wconf 89' lang='lat' dir='ltr'>de</span> <span class='ocrx_word' id='word_1_102' title='bbox 1025 1399 1273 1452; x_wconf 87' lang='lat' dir='ltr'>thalamo</span> <span class='ocrx_word' id='word_1_103' title='bbox 1294 1415 1394 1452; x_wconf 88' lang='lat' dir='ltr'>suo</span> <span class='ocrx_word' id='word_1_104' title='bbox 1418 1399 1582 1467; x_wconf 83' lang='lat' dir='ltr'>(Psal.</span> <span class='ocrx_word' id='word_1_105' title='bbox 1612 1409 1764 1464; x_wconf 86' lang='lat' dir='ltr'>xvm,</span> <span class='ocrx_word' id='word_1_106' title='bbox 1795 1397 1870 1466; x_wconf 85' lang='grc'>6).</span> <span class='ocrx_word' id='word_1_107' title='bbox 1897 1399 1950 1452; x_wconf 92' lang='lat' dir='ltr'>Is</span> <span class='ocrx_word' id='word_1_108' title='bbox 1979 1415 2220 1468; x_wconf 88' lang='lat' dir='ltr'>quoque,</span> 
     </span>
    </p>
   </div>
   <div class='ocr_carea' id='block_1_16' title="bbox 631 1485 2226 1559">
    <p class='ocr_par' dir='ltr' id='par_1_16' title="bbox 631 1485 2226 1559">
     <span class='ocr_line' id='line_1_16' title="bbox 631 1485 2226 1559; baseline -0.001 -18"><span class='ocrx_word' id='word_1_109' title='bbox 631 1492 698 1541; x_wconf 91' lang='lat' dir='ltr'>ut</span> <span class='ocrx_word' id='word_1_110' title='bbox 725 1504 1038 1559; x_wconf 79' lang='lat' dir='ltr'>praecursor</span> <span class='ocrx_word' id='word_1_111' title='bbox 1068 1492 1125 1540; x_wconf 90' lang='lat' dir='ltr'>et</span> <span class='ocrx_word' id='word_1_112' title='bbox 1133 1487 1366 1556; x_wconf 90' lang='lat' dir='ltr'>janitor,</span> <span class='ocrx_word' id='word_1_113' title='bbox 1397 1485 1681 1540; x_wconf 86' lang='lat' dir='ltr'>Christum</span> <span class='ocrx_word' id='word_1_114' title='bbox 1711 1486 2226 1556; x_wconf 84' lang='lat' dir='ltr'>ferentibuslegatis</span> 
     </span>
    </p>
   </div>
   <div class='ocr_carea' id='block_1_17' title="bbox 631 1573 2222 1648">
    <p class='ocr_par' dir='ltr' id='par_1_17' title="bbox 631 1573 2222 1648">
     <span class='ocr_line' id='line_1_17' title="bbox 631 1573 2222 1648; baseline -0.003 -18"><span class='ocrx_word' id='word_1_115' title='bbox 631 1577 784 1631; x_wconf 88' lang='lat' dir='ltr'>ultro</span> <span class='ocrx_word' id='word_1_116' title='bbox 797 1577 1039 1648; x_wconf 87' lang='lat' dir='ltr'>aperuit.</span> <span class='ocrx_word' id='word_1_117' title='bbox 1056 1577 1196 1630; x_wconf 91' lang='lat' dir='ltr'>Cum</span> <span class='ocrx_word' id='word_1_118' title='bbox 1225 1576 1330 1630; x_wconf 89' lang='lat' dir='ltr'>hoc</span> <span class='ocrx_word' id='word_1_119' title='bbox 1352 1593 1488 1630; x_wconf 86' lang='lat' dir='ltr'>sane</span> <span class='ocrx_word' id='word_1_120' title='bbox 1516 1575 1679 1628; x_wconf 89' lang='lat' dir='ltr'>beato</span> <span class='ocrx_word' id='word_1_121' title='bbox 1709 1575 1946 1644; x_wconf 67' lang='lat' dir='ltr'>praesule</span> <span class='ocrx_word' id='word_1_122' title='bbox 1960 1573 2222 1636; x_wconf 88' lang='lat' dir='ltr'>Letardo,</span> 
     </span>
    </p>
   </div>
   <div class='ocr_carea' id='block_1_18' title="bbox 634 1661 2224 1734">
    <p class='ocr_par' dir='ltr' id='par_1_18' title="bbox 634 1661 2224 1734">
     <span class='ocr_line' id='line_1_18' title="bbox 634 1661 2224 1734; baseline -0.003 -16"><span class='ocrx_word' id='word_1_123' title='bbox 634 1665 739 1719; x_wconf 89' lang='lat' dir='ltr'>Dei</span> <span class='ocrx_word' id='word_1_124' title='bbox 765 1663 1603 1734; x_wconf 87' lang='lat' dir='ltr'>famulusAugustinus,suique</span> <span class='ocrx_word' id='word_1_125' title='bbox 1634 1661 1786 1723; x_wconf 86' lang='lat' dir='ltr'>socii,</span> <span class='ocrx_word' id='word_1_126' title='bbox 1815 1662 2004 1715; x_wconf 87' lang='lat' dir='ltr'>addito</span> <span class='ocrx_word' id='word_1_127' title='bbox 2022 1678 2224 1731; x_wconf 85' lang='lat' dir='ltr'>magno</span> 
     </span>
    </p>
   </div>
   <div class='ocr_carea' id='block_1_19' title="bbox 2317 771 2813 842">
    <p class='ocr_par' dir='ltr' id='par_1_19' title="bbox 2317 771 2813 842">
     <span class='ocr_line' id='line_1_19' title="bbox 2317 771 2813 842; baseline 0.004 -18"><span class='ocrx_word' id='word_1_128' title='bbox 2317 771 2525 825; x_wconf 83' lang='lat' dir='ltr'>Christi</span> <span class='ocrx_word' id='word_1_129' title='bbox 2556 789 2813 842; x_wconf 84' lang='lat' dir='ltr'>regnum.</span> 
     </span>
    </p>
   </div>
   <div class='ocr_carea' id='block_1_20' title="bbox 2387 861 3858 934">
    <p class='ocr_par' dir='ltr' id='par_1_20' title="bbox 2387 861 3858 934">
     <span class='ocr_line' id='line_1_20' title="bbox 2387 861 3858 934; baseline 0.003 -21"><span class='ocrx_word' id='word_1_130' title='bbox 2387 861 2638 915; x_wconf 88' lang='lat' dir='ltr'>Primum</span> <span class='ocrx_word' id='word_1_131' title='bbox 2656 862 2846 933; x_wconf 87' lang='lat' dir='ltr'>itaque</span> <span class='ocrx_word' id='word_1_132' title='bbox 2866 862 3266 932; x_wconf 84' lang='lat' dir='ltr'>Augustinum,</span> <span class='ocrx_word' id='word_1_133' title='bbox 3289 862 3678 934; x_wconf 85' lang='lat' dir='ltr'>promptiorem</span> <span class='ocrx_word' id='word_1_134' title='bbox 3694 864 3755 918; x_wconf 89' lang='lat' dir='ltr'>ad</span> <span class='ocrx_word' id='word_1_135' title='bbox 3768 883 3858 918; x_wconf 91' lang='lat' dir='ltr'>om-</span> 
     </span>
    </p>
   </div>
   <div class='ocr_carea' id='block_1_21' title="bbox 2312 949 3858 1023">
    <p class='ocr_par' dir='ltr' id='par_1_21' title="bbox 2312 949 3858 1023">
     <span class='ocr_line' id='line_1_21' title="bbox 2312 949 3858 1023; baseline 0.003 -20"><span class='ocrx_word' id='word_1_136' title='bbox 2312 949 2468 1003; x_wconf 89' lang='lat' dir='ltr'>nium</span> <span class='ocrx_word' id='word_1_137' title='bbox 2499 951 2739 1004; x_wconf 84' lang='lat' dir='ltr'>salutem</span> <span class='ocrx_word' id='word_1_138' title='bbox 2771 969 2938 1022; x_wconf 89' lang='lat' dir='ltr'>quam</span> <span class='ocrx_word' id='word_1_139' title='bbox 2971 953 3039 1005; x_wconf 86' lang='lat' dir='ltr'>ad</span> <span class='ocrx_word' id='word_1_140' title='bbox 3068 951 3156 1005; x_wconf 91' lang='lat' dir='ltr'>sui</span> <span class='ocrx_word' id='word_1_141' title='bbox 3177 952 3576 1023; x_wconf 64' lang='lat' dir='ltr'>praelationem,</span> <span class='ocrx_word' id='word_1_142' title='bbox 3608 954 3674 1008; x_wconf 88' lang='lat' dir='ltr'>ad</span> <span class='ocrx_word' id='word_1_143' title='bbox 3702 953 3858 1008; x_wconf 54' lang='lat' dir='ltr'>[Ethe-</span> 
     </span>
    </p>
   </div>
   <div class='ocr_carea' id='block_1_22' title="bbox 2315 1038 3854 1112">
    <p class='ocr_par' dir='ltr' id='par_1_22' title="bbox 2315 1038 3854 1112">
     <span class='ocr_line' id='line_1_22' title="bbox 2315 1038 3854 1112; baseline 0.003 -21"><span class='ocrx_word' id='word_1_144' title='bbox 2315 1038 2462 1092; x_wconf 89' lang='lat' dir='ltr'>rium</span> <span class='ocrx_word' id='word_1_145' title='bbox 2514 1040 2758 1094; x_wconf 87' lang='lat' dir='ltr'>Arelatis</span> <span class='ocrx_word' id='word_1_146' title='bbox 2806 1041 3302 1112; x_wconf 86' lang='lat' dir='ltr'>archiepiscopum,</span> <span class='ocrx_word' id='word_1_147' title='bbox 3349 1041 3452 1094; x_wconf 89' lang='lat' dir='ltr'>sibi</span> <span class='ocrx_word' id='word_1_148' title='bbox 3485 1058 3700 1112; x_wconf 62' lang='lat' dir='ltr'>sumque</span> <span class='ocrx_word' id='word_1_149' title='bbox 3731 1045 3854 1112; x_wconf 82' lang='lat' dir='ltr'>genti</span> 
     </span>
    </p>
   </div>
   <div class='ocr_carea' id='block_1_23' title="bbox 2314 1128 3853 1198">
    <p class='ocr_par' dir='ltr' id='par_1_23' title="bbox 2314 1128 3853 1198">
     <span class='ocr_line' id='line_1_23' title="bbox 2314 1128 3853 1198; baseline 0.004 -19"><span class='ocrx_word' id='word_1_150' title='bbox 2314 1128 2754 1180; x_wconf 88' lang='lat' dir='ltr'>consecrandum</span> <span class='ocrx_word' id='word_1_151' title='bbox 2784 1128 3098 1198; x_wconf 86' lang='lat' dir='ltr'>apostolum</span> <span class='ocrx_word' id='word_1_152' title='bbox 3153 1128 3346 1193; x_wconf 89' lang='lat' dir='ltr'>mittit,</span> <span class='ocrx_word' id='word_1_153' title='bbox 3381 1129 3628 1183; x_wconf 80' lang='lat' dir='ltr'>videlicet</span> <span class='ocrx_word' id='word_1_154' title='bbox 3655 1136 3714 1184; x_wconf 93' lang='lat' dir='ltr'>ut</span> <span class='ocrx_word' id='word_1_155' title='bbox 3739 1132 3853 1185; x_wconf 82' lang='lat' dir='ltr'>Deus</span> 
     </span>
    </p>
   </div>
   <div class='ocr_carea' id='block_1_24' title="bbox 2312 1215 3854 1290">
    <p class='ocr_par' dir='ltr' id='par_1_24' title="bbox 2312 1215 3854 1290">
     <span class='ocr_line' id='line_1_24' title="bbox 2312 1215 3854 1290; baseline 0.003 -23"><span class='ocrx_word' id='word_1_156' title='bbox 2312 1215 2506 1280; x_wconf 88' lang='lat' dir='ltr'>voluit,</span> <span class='ocrx_word' id='word_1_157' title='bbox 2539 1221 2597 1269; x_wconf 91' lang='lat' dir='ltr'>et</span> <span class='ocrx_word' id='word_1_158' title='bbox 2624 1215 2822 1270; x_wconf 90' lang='lat' dir='ltr'>beatus</span> <span class='ocrx_word' id='word_1_159' title='bbox 2845 1234 2988 1288; x_wconf 90' lang='lat' dir='ltr'>papa</span> <span class='ocrx_word' id='word_1_160' title='bbox 3008 1217 3320 1287; x_wconf 86' lang='lat' dir='ltr'>Gregorius</span> <span class='ocrx_word' id='word_1_161' title='bbox 3347 1217 3554 1288; x_wconf 90' lang='lat' dir='ltr'>Spiritu</span> <span class='ocrx_word' id='word_1_162' title='bbox 3571 1219 3666 1272; x_wconf 87' lang='lat' dir='ltr'>Dei</span> <span class='ocrx_word' id='word_1_163' title='bbox 3691 1237 3854 1290; x_wconf 66' lang='lat' dir='ltr'>prazro-</span> 
     </span>
    </p>
   </div>
   <div class='ocr_carea' id='block_1_25' title="bbox 2307 1303 3852 1378">
    <p class='ocr_par' dir='ltr' id='par_1_25' title="bbox 2307 1303 3852 1378">
     <span class='ocr_line' id='line_1_25' title="bbox 2307 1303 3852 1378; baseline 0.004 -22"><span class='ocrx_word' id='word_1_164' title='bbox 2307 1303 2479 1371; x_wconf 84' lang='lat' dir='ltr'>gavit.</span> <span class='ocrx_word' id='word_1_165' title='bbox 2501 1305 2628 1370; x_wconf 88' lang='lat' dir='ltr'>Qui,</span> <span class='ocrx_word' id='word_1_166' title='bbox 2642 1307 3005 1359; x_wconf 87' lang='lat' dir='ltr'>transfretato</span> <span class='ocrx_word' id='word_1_167' title='bbox 3027 1323 3270 1376; x_wconf 67' lang='lat' dir='ltr'>aequore,</span> <span class='ocrx_word' id='word_1_168' title='bbox 3296 1313 3520 1378; x_wconf 85' lang='lat' dir='ltr'>accepto</span> <span class='ocrx_word' id='word_1_169' title='bbox 3533 1309 3812 1378; x_wconf 87' lang='lat' dir='ltr'>apostolatu</span> <span class='ocrx_word' id='word_1_170' title='bbox 3830 1327 3852 1362; x_wconf 85' lang='lat' dir='ltr'>a</span> 
     </span>
    </p>
   </div>
   <div class='ocr_carea' id='block_1_26' title="bbox 2309 1393 3851 1466">
    <p class='ocr_par' dir='ltr' id='par_1_26' title="bbox 2309 1393 3851 1466">
     <span class='ocr_line' id='line_1_26' title="bbox 2309 1393 3851 1466; baseline 0.003 -22"><span class='ocrx_word' id='word_1_171' title='bbox 2309 1393 3012 1458; x_wconf 89' lang='lat' dir='ltr'>domino,etbenedictione</span> <span class='ocrx_word' id='word_1_172' title='bbox 3023 1395 3275 1449; x_wconf 89' lang='lat' dir='ltr'>omnium</span> <span class='ocrx_word' id='word_1_173' title='bbox 3293 1396 3546 1466; x_wconf 87' lang='lat' dir='ltr'>gentium</span> <span class='ocrx_word' id='word_1_174' title='bbox 3568 1396 3851 1466; x_wconf 87' lang='lat' dir='ltr'>primarium</span> 
     </span>
    </p>
   </div>
   <div class='ocr_carea' id='block_1_27' title="bbox 2307 1481 3852 1556">
    <p class='ocr_par' dir='ltr' id='par_1_27' title="bbox 2307 1481 3852 1556">
     <span class='ocr_line' id='line_1_27' title="bbox 2307 1481 3852 1556; baseline 0.001 -22"><span class='ocrx_word' id='word_1_175' title='bbox 2307 1481 2554 1550; x_wconf 66' lang='lat' dir='ltr'>Anglican</span> <span class='ocrx_word' id='word_1_176' title='bbox 2573 1483 2730 1552; x_wconf 87' lang='lat' dir='ltr'>genti</span> <span class='ocrx_word' id='word_1_177' title='bbox 2751 1483 2944 1537; x_wconf 86' lang='lat' dir='ltr'>retulit</span> <span class='ocrx_word' id='word_1_178' title='bbox 2963 1484 3427 1554; x_wconf 86' lang='lat' dir='ltr'>patriarchatum,</span> <span class='ocrx_word' id='word_1_179' title='bbox 3453 1489 3508 1538; x_wconf 91' lang='lat' dir='ltr'>et</span> <span class='ocrx_word' id='word_1_180' title='bbox 3525 1485 3852 1556; x_wconf 83' lang='lat' dir='ltr'>patriarchalc</span> 
     </span>
    </p>
   </div>
   <div class='ocr_carea' id='block_1_28' title="bbox 2307 1571 3850 1644">
    <p class='ocr_par' dir='ltr' id='par_1_28' title="bbox 2307 1571 3850 1644">
     <span class='ocr_line' id='line_1_28' title="bbox 2307 1571 3850 1644; baseline 0.003 -23"><span class='ocrx_word' id='word_1_181' title='bbox 2307 1571 2704 1639; x_wconf 79' lang='lat' dir='ltr'>patrocinium.</span> <span class='ocrx_word' id='word_1_182' title='bbox 2738 1572 2915 1634; x_wconf 86' lang='lat' dir='ltr'>Quem</span> <span class='ocrx_word' id='word_1_183' title='bbox 2947 1573 3061 1627; x_wconf 81' lang='lat' dir='ltr'>Deo</span> <span class='ocrx_word' id='word_1_184' title='bbox 3090 1573 3348 1628; x_wconf 86' lang='lat' dir='ltr'>amabilis</span> <span class='ocrx_word' id='word_1_185' title='bbox 3395 1591 3510 1634; x_wconf 86' lang='lat' dir='ltr'>rex,</span> <span class='ocrx_word' id='word_1_186' title='bbox 3544 1579 3606 1626; x_wconf 93' lang='lat' dir='ltr'>ut</span> <span class='ocrx_word' id='word_1_187' title='bbox 3631 1575 3850 1644; x_wconf 82' lang='lat' dir='ltr'>angelum</span> 
     </span>
    </p>
   </div>
   <div class='ocr_carea' id='block_1_29' title="bbox 2306 1661 3848 1734">
    <p class='ocr_par' dir='ltr' id='par_1_29' title="bbox 2306 1661 3848 1734">
     <span class='ocr_line' id='line_1_29' title="bbox 2306 1661 3848 1734; baseline 0.005 -24"><span class='ocrx_word' id='word_1_188' title='bbox 2306 1661 2630 1712; x_wconf 84' lang='lat' dir='ltr'>testamenti</span> <span class='ocrx_word' id='word_1_189' title='bbox 2657 1661 2772 1724; x_wconf 86' lang='lat' dir='ltr'>Dei,</span> <span class='ocrx_word' id='word_1_190' title='bbox 2809 1663 3137 1732; x_wconf 87' lang='lat' dir='ltr'>triumphali</span> <span class='ocrx_word' id='word_1_191' title='bbox 3159 1663 3367 1732; x_wconf 91' lang='lat' dir='ltr'>gaudio</span> <span class='ocrx_word' id='word_1_192' title='bbox 3401 1663 3690 1734; x_wconf 82' lang='lat' dir='ltr'>excipiens,</span> <span class='ocrx_word' id='word_1_193' title='bbox 3707 1667 3848 1732; x_wconf 77' lang='lat' dir='ltr'>utque</span> 
     </span>
    </p>
   </div>
   <div class='ocr_carea' id='block_1_30' title="bbox 635 1747 3854 1824">
    <p class='ocr_par' dir='ltr' id='par_1_30' title="bbox 635 1747 3854 1824">
     <span class='ocr_line' id='line_1_30' title="bbox 635 1747 3854 1824; baseline -0.002 -16"><span class='ocrx_word' id='word_1_194' title='bbox 635 1753 834 1808; x_wconf 86' lang='lat' dir='ltr'>salutis</span> <span class='ocrx_word' id='word_1_195' title='bbox 861 1753 1086 1824; x_wconf 89' lang='lat' dir='ltr'>gaudio,</span> <span class='ocrx_word' id='word_1_196' title='bbox 1120 1753 1178 1807; x_wconf 90' lang='lat' dir='ltr'>in</span> <span class='ocrx_word' id='word_1_197' title='bbox 1199 1753 1458 1806; x_wconf 88' lang='lat' dir='ltr'>omnibus</span> <span class='ocrx_word' id='word_1_198' title='bbox 1485 1751 1792 1806; x_wconf 88' lang='lat' dir='ltr'>Dominicis</span> <span class='ocrx_word' id='word_1_199' title='bbox 1813 1749 2093 1820; x_wconf 81' lang='lat' dir='ltr'>mysteriis</span> <span class='ocrx_word' id='word_1_200' title='bbox 2111 1766 2224 1803; x_wconf 88' lang='lat' dir='ltr'>una</span> <span class='ocrx_word' id='word_1_201' title='bbox 2240 1818 2280 1824; x_wconf 83' lang='lat'><strong><em>_</em></strong></span> <span class='ocrx_word' id='word_1_202' title='bbox 2306 1747 2543 1816; x_wconf 90' lang='lat' dir='ltr'>pusillus</span> <span class='ocrx_word' id='word_1_203' title='bbox 2555 1749 2814 1803; x_wconf 74' lang='lat' dir='ltr'>Zachmus</span> <span class='ocrx_word' id='word_1_204' title='bbox 2833 1749 3154 1815; x_wconf 84' lang='lat' dir='ltr'>Dominum,</span> <span class='ocrx_word' id='word_1_205' title='bbox 3179 1751 3381 1806; x_wconf 87' lang='lat' dir='ltr'>statuit</span> <span class='ocrx_word' id='word_1_206' title='bbox 3399 1769 3527 1806; x_wconf 90' lang='lat' dir='ltr'>cum</span> <span class='ocrx_word' id='word_1_207' title='bbox 3555 1769 3662 1805; x_wconf 65' lang='lat' dir='ltr'>suae</span> <span class='ocrx_word' id='word_1_208' title='bbox 3686 1757 3854 1804; x_wconf 80' lang='lat' dir='ltr'>metro-</span> 
     </span>
    </p>
   </div>
   <div class='ocr_carea' id='block_1_31' title="bbox 635 1818 3852 1911">
    <p class='ocr_par' dir='ltr' id='par_1_31' title="bbox 635 1818 3852 1911">
     <span class='ocr_line' id='line_1_31' title="bbox 635 1818 3852 1911; baseline -0.002 -15"><span class='ocrx_word' id='word_1_209' title='bbox 635 1847 798 1896; x_wconf 88' lang='lat' dir='ltr'>erant</span> <span class='ocrx_word' id='word_1_210' title='bbox 828 1841 1074 1896; x_wconf 86' lang='lat' dir='ltr'>Ecclesia</span> <span class='ocrx_word' id='word_1_211' title='bbox 1118 1847 1176 1895; x_wconf 89' lang='lat' dir='ltr'>et</span> <span class='ocrx_word' id='word_1_212' title='bbox 1213 1841 1458 1906; x_wconf 88' lang='lat' dir='ltr'>collatio,</span> <span class='ocrx_word' id='word_1_213' title='bbox 1498 1857 1644 1895; x_wconf 91' lang='lat' dir='ltr'>unus</span> <span class='ocrx_word' id='word_1_214' title='bbox 1689 1839 1922 1911; x_wconf 87' lang='lat' dir='ltr'>spiritus</span> <span class='ocrx_word' id='word_1_215' title='bbox 1959 1839 2018 1893; x_wconf 90' lang='lat' dir='ltr'>in</span> <span class='ocrx_word' id='word_1_216' title='bbox 2059 1818 2449 1906; x_wconf 83' lang='lat' dir='ltr'>uniconolis</span> <span class='ocrx_word' id='word_1_217' title='bbox 2497 1835 2933 1892; x_wconf 89' lang='lat' dir='ltr'>ecclesiasticum</span> <span class='ocrx_word' id='word_1_218' title='bbox 2993 1840 3321 1910; x_wconf 80' lang='lat' dir='ltr'>praesidem;</span> <span class='ocrx_word' id='word_1_219' title='bbox 3376 1841 3434 1894; x_wconf 91' lang='lat' dir='ltr'>in</span> <span class='ocrx_word' id='word_1_220' title='bbox 3484 1857 3594 1911; x_wconf 90' lang='lat' dir='ltr'>qua</span> <span class='ocrx_word' id='word_1_221' title='bbox 3634 1839 3852 1910; x_wconf 76' lang='lat' dir='ltr'>primitus</span> 
     </span>
    </p>
   </div>
   <div class='ocr_carea' id='block_1_32' title="bbox 631 1925 3854 1998">
    <p class='ocr_par' dir='ltr' id='par_1_32' title="bbox 631 1925 3854 1998">
     <span class='ocr_line' id='line_1_32' title="bbox 631 1925 3854 1998; baseline -0.002 -13"><span class='ocrx_word' id='word_1_222' title='bbox 631 1931 872 1986; x_wconf 89' lang='lat' dir='ltr'>Domino</span> <span class='ocrx_word' id='word_1_223' title='bbox 911 1947 1033 1985; x_wconf 92' lang='lat' dir='ltr'>suo.</span> <span class='ocrx_word' id='word_1_224' title='bbox 1079 1931 1149 1984; x_wconf 89' lang='lat' dir='ltr'>Hi</span> <span class='ocrx_word' id='word_1_225' title='bbox 1189 1931 1360 1984; x_wconf 88' lang='lat' dir='ltr'>etiam</span> <span class='ocrx_word' id='word_1_226' title='bbox 1412 1930 1559 1996; x_wconf 90' lang='lat' dir='ltr'>novi,</span> <span class='ocrx_word' id='word_1_227' title='bbox 1603 1930 1754 1984; x_wconf 91' lang='lat' dir='ltr'>velut</span> <span class='ocrx_word' id='word_1_228' title='bbox 1790 1946 1940 1990; x_wconf 87' lang='lat' dir='ltr'>suos,</span> <span class='ocrx_word' id='word_1_229' title='bbox 1989 1927 2224 1998; x_wconf 66' lang='lat' dir='ltr'>praevios</span> <span class='ocrx_word' id='word_1_230' title='bbox 2307 1932 2629 1994; x_wconf 83' lang='lat' dir='ltr'>susceperat</span> <span class='ocrx_word' id='word_1_231' title='bbox 2653 1925 3070 1997; x_wconf 75' lang='lat' dir='ltr'>hospitemnec</span> <span class='ocrx_word' id='word_1_232' title='bbox 3086 1933 3306 1984; x_wconf 87' lang='lat' dir='ltr'>tantum</span> <span class='ocrx_word' id='word_1_233' title='bbox 3340 1929 3628 1990; x_wconf 88' lang='lat' dir='ltr'>urbis,sed</span> <span class='ocrx_word' id='word_1_234' title='bbox 3649 1928 3854 1984; x_wconf 81' lang='lat' dir='ltr'>ettotius</span> 
     </span>
    </p>
   </div>
   <div class='ocr_carea' id='block_1_33' title="bbox 628 2017 2221 2090">
    <p class='ocr_par' dir='ltr' id='par_1_33' title="bbox 628 2017 2221 2090">
     <span class='ocr_line' id='line_1_33' title="bbox 628 2017 2221 2090; baseline -0.003 -17"><span class='ocrx_word' id='word_1_235' title='bbox 628 2019 932 2090; x_wconf 88' lang='lat' dir='ltr'>prosecuti,</span> <span class='ocrx_word' id='word_1_236' title='bbox 947 2023 1004 2072; x_wconf 89' lang='lat' dir='ltr'>et</span> <span class='ocrx_word' id='word_1_237' title='bbox 1018 2024 1287 2089; x_wconf 89' lang='lat' dir='ltr'>tanquam</span> <span class='ocrx_word' id='word_1_238' title='bbox 1314 2035 1515 2072; x_wconf 89' lang='lat' dir='ltr'>aurum</span> <span class='ocrx_word' id='word_1_239' title='bbox 1543 2017 1944 2088; x_wconf 86' lang='lat' dir='ltr'>superductum</span> <span class='ocrx_word' id='word_1_240' title='bbox 1967 2022 2221 2085; x_wconf 86' lang='lat' dir='ltr'>argento,</span> 
     </span>
    </p>
   </div>
   <div class='ocr_carea' id='block_1_34' title="bbox 631 2105 2226 2178">
    <p class='ocr_par' dir='ltr' id='par_1_34' title="bbox 631 2105 2226 2178">
     <span class='ocr_line' id='line_1_34' title="bbox 631 2105 2226 2178; baseline -0.003 -17"><span class='ocrx_word' id='word_1_241' title='bbox 631 2106 972 2161; x_wconf 87' lang='lat' dir='ltr'>decorabant</span> <span class='ocrx_word' id='word_1_242' title='bbox 1005 2107 1156 2178; x_wconf 90' lang='lat' dir='ltr'>ipsos</span> <span class='ocrx_word' id='word_1_243' title='bbox 1198 2123 1564 2178; x_wconf 59' lang='lat' dir='ltr'>praeessores</span> <span class='ocrx_word' id='word_1_244' title='bbox 1590 2105 2052 2177; x_wconf 84' lang='lat' dir='ltr'>superveniendo.</span> <span class='ocrx_word' id='word_1_245' title='bbox 2088 2105 2226 2158; x_wconf 89' lang='lat' dir='ltr'>San-</span> 
     </span>
    </p>
   </div>
   <div class='ocr_carea' id='block_1_35' title="bbox 628 2194 2220 2266">
    <p class='ocr_par' dir='ltr' id='par_1_35' title="bbox 628 2194 2220 2266">
     <span class='ocr_line' id='line_1_35' title="bbox 628 2194 2220 2266; baseline -0.003 -16"><span class='ocrx_word' id='word_1_246' title='bbox 628 2201 752 2250; x_wconf 89' lang='lat' dir='ltr'>ctus</span> <span class='ocrx_word' id='word_1_247' title='bbox 764 2212 894 2250; x_wconf 91' lang='lat' dir='ltr'>vero</span> <span class='ocrx_word' id='word_1_248' title='bbox 914 2196 1282 2266; x_wconf 85' lang='lat' dir='ltr'>Augustinus,</span> <span class='ocrx_word' id='word_1_249' title='bbox 1300 2197 1500 2266; x_wconf 90' lang='lat' dir='ltr'>suique</span> <span class='ocrx_word' id='word_1_250' title='bbox 1521 2196 1578 2248; x_wconf 92' lang='lat' dir='ltr'>in</span> <span class='ocrx_word' id='word_1_251' title='bbox 1601 2194 1860 2248; x_wconf 89' lang='lat' dir='ltr'>omnibus</span> <span class='ocrx_word' id='word_1_252' title='bbox 1890 2197 2220 2257; x_wconf 89' lang='lat' dir='ltr'>sectatores,</span> 
     </span>
    </p>
   </div>
   <div class='ocr_carea' id='block_1_36' title="bbox 629 2281 2216 2356">
    <p class='ocr_par' dir='ltr' id='par_1_36' title="bbox 629 2281 2216 2356">
     <span class='ocr_line' id='line_1_36' title="bbox 629 2281 2216 2356; baseline -0.002 -19"><span class='ocrx_word' id='word_1_253' title='bbox 629 2301 836 2355; x_wconf 84' lang='lat' dir='ltr'>magna</span> <span class='ocrx_word' id='word_1_254' title='bbox 881 2284 1172 2355; x_wconf 90' lang='lat' dir='ltr'>signorum</span> <span class='ocrx_word' id='word_1_255' title='bbox 1203 2283 1390 2354; x_wconf 86' lang='lat' dir='ltr'>gratia</span> <span class='ocrx_word' id='word_1_256' title='bbox 1419 2283 1658 2356; x_wconf 79' lang='lat' dir='ltr'>praediti,</span> <span class='ocrx_word' id='word_1_257' title='bbox 1693 2300 1886 2337; x_wconf 90' lang='lat' dir='ltr'>omnes</span> <span class='ocrx_word' id='word_1_258' title='bbox 1925 2281 2216 2345; x_wconf 88' lang='lat' dir='ltr'>curabant,</span> 
     </span>
    </p>
   </div>
   <div class='ocr_carea' id='block_1_37' title="bbox 629 2370 2223 2444">
    <p class='ocr_par' dir='ltr' id='par_1_37' title="bbox 629 2370 2223 2444">
     <span class='ocr_line' id='line_1_37' title="bbox 629 2370 2223 2444; baseline -0.001 -20"><span class='ocrx_word' id='word_1_259' title='bbox 629 2373 720 2427; x_wconf 87' lang='lat' dir='ltr'>vel</span> <span class='ocrx_word' id='word_1_260' title='bbox 752 2372 860 2426; x_wconf 91' lang='lat' dir='ltr'>sibi</span> <span class='ocrx_word' id='word_1_261' title='bbox 900 2379 1287 2444; x_wconf 69' lang='lat' dir='ltr'>praesentatos,</span> <span class='ocrx_word' id='word_1_262' title='bbox 1329 2373 1417 2427; x_wconf 87' lang='lat' dir='ltr'>vel</span> <span class='ocrx_word' id='word_1_263' title='bbox 1455 2389 1488 2426; x_wconf 90' lang='lat' dir='ltr'>a</span> <span class='ocrx_word' id='word_1_264' title='bbox 1535 2390 1595 2426; x_wconf 90' lang='lat' dir='ltr'>se</span> <span class='ocrx_word' id='word_1_265' title='bbox 1639 2372 1896 2426; x_wconf 86' lang='lat' dir='ltr'>visitatos</span> <span class='ocrx_word' id='word_1_266' title='bbox 1925 2370 2136 2424; x_wconf 84' lang='lat' dir='ltr'>debiles</span> <span class='ocrx_word' id='word_1_267' title='bbox 2165 2375 2223 2422; x_wconf 88' lang='lat' dir='ltr'>et</span> 
     </span>
    </p>
   </div>
   <div class='ocr_carea' id='block_1_38' title="bbox 630 2459 2221 2532">
    <p class='ocr_par' dir='ltr' id='par_1_38' title="bbox 630 2459 2221 2532">
     <span class='ocr_line' id='line_1_38' title="bbox 630 2459 2221 2532; baseline -0.001 -18"><span class='ocrx_word' id='word_1_268' title='bbox 630 2466 884 2530; x_wconf 87' lang='lat' dir='ltr'>aegrotos.</span> <span class='ocrx_word' id='word_1_269' title='bbox 903 2461 1216 2532; x_wconf 85' lang='lat' dir='ltr'>Stupebant</span> <span class='ocrx_word' id='word_1_270' title='bbox 1233 2467 1450 2532; x_wconf 88' lang='lat' dir='ltr'>gentes,</span> <span class='ocrx_word' id='word_1_271' title='bbox 1469 2478 1503 2515; x_wconf 88' lang='lat' dir='ltr'>a</span> <span class='ocrx_word' id='word_1_272' title='bbox 1517 2466 1674 2515; x_wconf 86' lang='lat' dir='ltr'>tanto</span> <span class='ocrx_word' id='word_1_273' title='bbox 1693 2460 1963 2514; x_wconf 86' lang='lat' dir='ltr'>virtutum</span> <span class='ocrx_word' id='word_1_274' title='bbox 1985 2459 2221 2512; x_wconf 88' lang='lat' dir='ltr'>fulmine</span> 
     </span>
    </p>
   </div>
   <div class='ocr_carea' id='block_1_39' title="bbox 631 2548 2217 2621">
    <p class='ocr_par' dir='ltr' id='par_1_39' title="bbox 631 2548 2217 2621">
     <span class='ocr_line' id='line_1_39' title="bbox 631 2548 2217 2621; baseline -0.002 -18"><span class='ocrx_word' id='word_1_275' title='bbox 631 2549 927 2616; x_wconf 72' lang='lat' dir='ltr'>exterritae,</span> <span class='ocrx_word' id='word_1_276' title='bbox 968 2551 1316 2621; x_wconf 86' lang='lat' dir='ltr'>ambigentes</span> <span class='ocrx_word' id='word_1_277' title='bbox 1363 2550 1499 2620; x_wconf 90' lang='lat' dir='ltr'>quid</span> <span class='ocrx_word' id='word_1_278' title='bbox 1547 2549 1932 2604; x_wconf 86' lang='lat' dir='ltr'>vehementius</span> <span class='ocrx_word' id='word_1_279' title='bbox 1973 2548 2217 2602; x_wconf 84' lang='lat' dir='ltr'>admira-</span> 
     </span>
    </p>
   </div>
   <div class='ocr_carea' id='block_1_40' title="bbox 628 2637 2220 2709">
    <p class='ocr_par' dir='ltr' id='par_1_40' title="bbox 628 2637 2220 2709">
     <span class='ocr_line' id='line_1_40' title="bbox 628 2637 2220 2709; baseline -0.001 -17"><span class='ocrx_word' id='word_1_280' title='bbox 628 2645 843 2705; x_wconf 87' lang='lat' dir='ltr'>rentur,</span> <span class='ocrx_word' id='word_1_281' title='bbox 891 2657 963 2694; x_wconf 91' lang='lat' dir='ltr'>an</span> <span class='ocrx_word' id='word_1_282' title='bbox 1006 2641 1325 2709; x_wconf 88' lang='lat' dir='ltr'>terrigenas</span> <span class='ocrx_word' id='word_1_283' title='bbox 1373 2645 1732 2694; x_wconf 86' lang='lat' dir='ltr'>transeuntes</span> <span class='ocrx_word' id='word_1_284' title='bbox 1771 2639 1833 2692; x_wconf 87' lang='lat' dir='ltr'>in</span> <span class='ocrx_word' id='word_1_285' title='bbox 1865 2637 2096 2704; x_wconf 82' lang='lat' dir='ltr'>coclites,</span> <span class='ocrx_word' id='word_1_286' title='bbox 2147 2654 2220 2691; x_wconf 90' lang='lat' dir='ltr'>an</span> 
     </span>
    </p>
   </div>
   <div class='ocr_carea' id='block_1_41' title="bbox 627 2728 2218 2798">
    <p class='ocr_par' dir='ltr' id='par_1_41' title="bbox 627 2728 2218 2798">
     <span class='ocr_line' id='line_1_41' title="bbox 627 2728 2218 2798; baseline -0.001 -17"><span class='ocrx_word' id='word_1_287' title='bbox 627 2729 894 2783; x_wconf 85' lang='lat' dir='ltr'>mortales</span> <span class='ocrx_word' id='word_1_288' title='bbox 921 2728 1406 2783; x_wconf 76' lang='lat' dir='ltr'>immortalitatem</span> <span class='ocrx_word' id='word_1_289' title='bbox 1445 2728 1766 2781; x_wconf 88' lang='lat' dir='ltr'>animarum</span> <span class='ocrx_word' id='word_1_290' title='bbox 1809 2734 1867 2782; x_wconf 91' lang='lat' dir='ltr'>et</span> <span class='ocrx_word' id='word_1_291' title='bbox 1901 2744 2218 2798; x_wconf 88' lang='lat' dir='ltr'>corporum,</span> 
     </span>
    </p>
   </div>
   <div class='ocr_carea' id='block_1_42' title="bbox 633 2815 2220 2888">
    <p class='ocr_par' dir='ltr' id='par_1_42' title="bbox 633 2815 2220 2888">
     <span class='ocr_line' id='line_1_42' title="bbox 633 2815 2220 2888; baseline -0.001 -18"><span class='ocrx_word' id='word_1_292' title='bbox 633 2817 746 2871; x_wconf 90' lang='lat' dir='ltr'>vita</span> <span class='ocrx_word' id='word_1_293' title='bbox 790 2822 846 2870; x_wconf 89' lang='lat' dir='ltr'>et</span> <span class='ocrx_word' id='word_1_294' title='bbox 893 2817 1288 2888; x_wconf 80' lang='lat' dir='ltr'>praedicatione</span> <span class='ocrx_word' id='word_1_295' title='bbox 1343 2815 1657 2869; x_wconf 90' lang='lat' dir='ltr'>certissima</span> <span class='ocrx_word' id='word_1_296' title='bbox 1707 2815 2095 2886; x_wconf 87' lang='lat' dir='ltr'>astipulantes,</span> <span class='ocrx_word' id='word_1_297' title='bbox 2147 2831 2220 2868; x_wconf 87' lang='lat' dir='ltr'>an</span> 
     </span>
    </p>
   </div>
   <div class='ocr_carea' id='block_1_43' title="bbox 633 2903 2214 2977">
    <p class='ocr_par' dir='ltr' id='par_1_43' title="bbox 633 2903 2214 2977">
     <span class='ocr_line' id='line_1_43' title="bbox 633 2903 2214 2977; baseline -0.001 -17"><span class='ocrx_word' id='word_1_298' title='bbox 633 2905 1014 2972; x_wconf 87' lang='lat' dir='ltr'>dilectionem,</span> <span class='ocrx_word' id='word_1_299' title='bbox 1045 2923 1169 2977; x_wconf 80' lang='lat' dir='ltr'>quae</span> <span class='ocrx_word' id='word_1_300' title='bbox 1189 2906 1351 2959; x_wconf 85' lang='lat' dir='ltr'>tortis</span> <span class='ocrx_word' id='word_1_301' title='bbox 1381 2911 1466 2958; x_wconf 86' lang='lat' dir='ltr'>est</span> <span class='ocrx_word' id='word_1_302' title='bbox 1503 2911 1568 2958; x_wconf 92' lang='lat' dir='ltr'>ut</span> <span class='ocrx_word' id='word_1_303' title='bbox 1593 2921 1744 2958; x_wconf 91' lang='lat' dir='ltr'>mors</span> <span class='ocrx_word' id='word_1_304' title='bbox 1773 2905 1952 2960; x_wconf 53' lang='lat' dir='ltr'>illam.</span> <span class='ocrx_word' id='word_1_305' title='bbox 1994 2919 2109 2970; x_wconf 85' lang='lat' dir='ltr'>vm,</span> <span class='ocrx_word' id='word_1_306' title='bbox 2139 2903 2214 2970; x_wconf 71' lang='lat'>6:,</span> 
     </span>
    </p>
   </div>
   <div class='ocr_carea' id='block_1_44' title="bbox 589 2981 2220 3066">
    <p class='ocr_par' dir='ltr' id='par_1_44' title="bbox 589 2981 2220 3066">
     <span class='ocr_line' id='line_1_44' title="bbox 589 2981 2220 3066; baseline -0.002 -16"><span class='ocrx_word' id='word_1_307' title='bbox 589 2981 736 3066; x_wconf 25' lang='lat' dir='ltr'>iqua</span> <span class='ocrx_word' id='word_1_308' title='bbox 779 3011 970 3050; x_wconf 92' lang='lat' dir='ltr'>secum</span> <span class='ocrx_word' id='word_1_309' title='bbox 1015 3011 1210 3049; x_wconf 90' lang='lat' dir='ltr'>omnes</span> <span class='ocrx_word' id='word_1_310' title='bbox 1254 2994 1480 3048; x_wconf 87' lang='lat' dir='ltr'>trahere</span> <span class='ocrx_word' id='word_1_311' title='bbox 1527 2994 1599 3048; x_wconf 90' lang='lat' dir='ltr'>ad</span> <span class='ocrx_word' id='word_1_312' title='bbox 1649 3009 1892 3064; x_wconf 90' lang='lat' dir='ltr'>superna</span> <span class='ocrx_word' id='word_1_313' title='bbox 1939 2993 2220 3047; x_wconf 88' lang='lat' dir='ltr'>consortia</span> 
     </span>
    </p>
   </div>
   <div class='ocr_carea' id='block_1_45' title="bbox 624 3081 2217 3154">
    <p class='ocr_par' dir='ltr' id='par_1_45' title="bbox 624 3081 2217 3154">
     <span class='ocr_line' id='line_1_45' title="bbox 624 3081 2217 3154; baseline -0.001 -16"><span class='ocrx_word' id='word_1_314' title='bbox 624 3089 950 3148; x_wconf 72' lang='lat' dir='ltr'>zestuarent,</span> <span class='ocrx_word' id='word_1_315' title='bbox 982 3099 1092 3154; x_wconf 89' lang='lat' dir='ltr'>qua</span> <span class='ocrx_word' id='word_1_316' title='bbox 1121 3099 1221 3154; x_wconf 88' lang='lat' dir='ltr'>pro</span> <span class='ocrx_word' id='word_1_317' title='bbox 1253 3083 1498 3137; x_wconf 88' lang='lat' dir='ltr'>hostium</span> <span class='ocrx_word' id='word_1_318' title='bbox 1527 3083 1716 3148; x_wconf 87' lang='lat' dir='ltr'>etiam,</span> <span class='ocrx_word' id='word_1_319' title='bbox 1753 3083 1914 3153; x_wconf 86' lang='lat' dir='ltr'>quasi</span> <span class='ocrx_word' id='word_1_320' title='bbox 1960 3099 2061 3153; x_wconf 87' lang='lat' dir='ltr'>pro</span> <span class='ocrx_word' id='word_1_321' title='bbox 2109 3081 2217 3136; x_wconf 87' lang='lat' dir='ltr'>fra-</span> 
     </span>
    </p>
   </div>
   <div class='ocr_carea' id='block_1_46' title="bbox 620 3171 2215 3242">
    <p class='ocr_par' dir='ltr' id='par_1_46' title="bbox 620 3171 2215 3242">
     <span class='ocr_line' id='line_1_46' title="bbox 620 3171 2215 3242; baseline -0.001 -17"><span class='ocrx_word' id='word_1_322' title='bbox 620 3177 773 3226; x_wconf 89' lang='lat' dir='ltr'>trum</span> <span class='ocrx_word' id='word_1_323' title='bbox 803 3172 1005 3236; x_wconf 89' lang='lat' dir='ltr'>salute,</span> <span class='ocrx_word' id='word_1_324' title='bbox 1039 3188 1099 3226; x_wconf 90' lang='lat' dir='ltr'>se</span> <span class='ocrx_word' id='word_1_325' title='bbox 1125 3171 1415 3226; x_wconf 87' lang='lat' dir='ltr'>traderent</span> <span class='ocrx_word' id='word_1_326' title='bbox 1449 3191 1460 3224; x_wconf 94' lang='lat'><strong>:</strong></span> <span class='ocrx_word' id='word_1_327' title='bbox 1504 3188 1574 3226; x_wconf 84' lang='lat' dir='ltr'>an</span> <span class='ocrx_word' id='word_1_328' title='bbox 1621 3171 1846 3225; x_wconf 90' lang='lat' dir='ltr'>tandem</span> <span class='ocrx_word' id='word_1_329' title='bbox 1898 3172 2046 3242; x_wconf 91' lang='lat' dir='ltr'>quod</span> <span class='ocrx_word' id='word_1_330' title='bbox 2091 3171 2215 3242; x_wconf 84' lang='lat' dir='ltr'>ipsa</span> 
     </span>
    </p>
   </div>
   <div class='ocr_carea' id='block_1_47' title="bbox 2308 2012 3854 2088">
    <p class='ocr_par' dir='ltr' id='par_1_47' title="bbox 2308 2012 3854 2088">
     <span class='ocr_line' id='line_1_47' title="bbox 2308 2012 3854 2088; baseline 0.002 -23"><span class='ocrx_word' id='word_1_331' title='bbox 2308 2012 2457 2066; x_wconf 88' lang='lat' dir='ltr'>orbis</span> <span class='ocrx_word' id='word_1_332' title='bbox 2482 2014 2569 2068; x_wconf 91' lang='lat' dir='ltr'>sui</span> <span class='ocrx_word' id='word_1_333' title='bbox 2593 2016 2996 2085; x_wconf 85' lang='lat' dir='ltr'>speculativum</span> <span class='ocrx_word' id='word_1_334' title='bbox 3024 2018 3322 2088; x_wconf 84' lang='lat' dir='ltr'>praetendit</span> <span class='ocrx_word' id='word_1_335' title='bbox 3349 2019 3654 2072; x_wconf 89' lang='lat' dir='ltr'>custodem.</span> <span class='ocrx_word' id='word_1_336' title='bbox 3679 2017 3854 2072; x_wconf 88' lang='lat' dir='ltr'>Solium</span> 
     </span>
    </p>
   </div>
   <div class='ocr_carea' id='block_1_48' title="bbox 2305 2103 3852 2176">
    <p class='ocr_par' dir='ltr' id='par_1_48' title="bbox 2305 2103 3852 2176">
     <span class='ocr_line' id='line_1_48' title="bbox 2305 2103 3852 2176; baseline 0.003 -23"><span class='ocrx_word' id='word_1_337' title='bbox 2305 2103 2470 2170; x_wconf 86' lang='lat' dir='ltr'>regni</span> <span class='ocrx_word' id='word_1_338' title='bbox 2501 2103 2557 2156; x_wconf 91' lang='lat' dir='ltr'>in</span> <span class='ocrx_word' id='word_1_339' title='bbox 2605 2103 2982 2173; x_wconf 76' lang='lat' dir='ltr'>pontificalem</span> <span class='ocrx_word' id='word_1_340' title='bbox 3035 2107 3384 2172; x_wconf 81' lang='lat' dir='ltr'>cathedram,</span> <span class='ocrx_word' id='word_1_341' title='bbox 3427 2108 3613 2161; x_wconf 89' lang='lat' dir='ltr'>aulam</span> <span class='ocrx_word' id='word_1_342' title='bbox 3657 2105 3852 2176; x_wconf 86' lang='lat' dir='ltr'>regiam,</span> 
     </span>
    </p>
   </div>
   <div class='ocr_carea' id='block_1_49' title="bbox 2305 2189 3852 2264">
    <p class='ocr_par' dir='ltr' id='par_1_49' title="bbox 2305 2189 3852 2264">
     <span class='ocr_line' id='line_1_49' title="bbox 2305 2189 3852 2264; baseline 0.002 -23"><span class='ocrx_word' id='word_1_343' title='bbox 2305 2189 2619 2258; x_wconf 84' lang='lat' dir='ltr'>Augustino</span> <span class='ocrx_word' id='word_1_344' title='bbox 2647 2192 2987 2246; x_wconf 87' lang='lat' dir='ltr'>retormante</span> <span class='ocrx_word' id='word_1_345' title='bbox 3031 2209 3096 2246; x_wconf 90' lang='lat' dir='ltr'>ac</span> <span class='ocrx_word' id='word_1_346' title='bbox 3143 2193 3460 2260; x_wconf 89' lang='lat' dir='ltr'>dedicante,</span> <span class='ocrx_word' id='word_1_347' title='bbox 3511 2195 3568 2248; x_wconf 92' lang='lat' dir='ltr'>in</span> <span class='ocrx_word' id='word_1_348' title='bbox 3613 2195 3852 2264; x_wconf 83' lang='lat' dir='ltr'>regificam</span> 
     </span>
    </p>
   </div>
   <div class='ocr_carea' id='block_1_50' title="bbox 2307 2277 3851 2338">
    <p class='ocr_par' dir='ltr' id='par_1_50' title="bbox 2307 2277 3851 2338">
     <span class='ocr_line' id='line_1_50' title="bbox 2307 2277 3851 2338; baseline 0.003 -8"><span class='ocrx_word' id='word_1_349' title='bbox 2307 2277 2515 2332; x_wconf 83' lang='lat' dir='ltr'>Christi</span> <span class='ocrx_word' id='word_1_350' title='bbox 2539 2279 2708 2333; x_wconf 86' lang='lat' dir='ltr'>vertit</span> <span class='ocrx_word' id='word_1_351' title='bbox 2737 2281 3048 2338; x_wconf 86' lang='lat' dir='ltr'>ecclesiam.</span> <span class='ocrx_word' id='word_1_352' title='bbox 3065 2283 3150 2336; x_wconf 92' lang='lat' dir='ltr'>Ad</span> <span class='ocrx_word' id='word_1_353' title='bbox 3175 2283 3452 2337; x_wconf 90' lang='lat' dir='ltr'>orientem</span> <span class='ocrx_word' id='word_1_354' title='bbox 3467 2301 3594 2338; x_wconf 91' lang='lat' dir='ltr'>vero</span> <span class='ocrx_word' id='word_1_355' title='bbox 3614 2300 3670 2338; x_wconf 82' lang='lat' dir='ltr'>in</span> <span class='ocrx_word' id='word_1_356' title='bbox 3691 2282 3851 2337; x_wconf 88' lang='lat' dir='ltr'>subur-</span> 
     </span>
    </p>
   </div>
   <div class='ocr_carea' id='block_1_51' title="bbox 2303 2365 3853 2441">
    <p class='ocr_par' dir='ltr' id='par_1_51' title="bbox 2303 2365 3853 2441">
     <span class='ocr_line' id='line_1_51' title="bbox 2303 2365 3853 2441; baseline 0.002 -22"><span class='ocrx_word' id='word_1_357' title='bbox 2303 2365 2450 2420; x_wconf 88' lang='lat' dir='ltr'>bano</span> <span class='ocrx_word' id='word_1_358' title='bbox 2478 2368 2618 2421; x_wconf 91' lang='lat' dir='ltr'>colle</span> <span class='ocrx_word' id='word_1_359' title='bbox 2643 2370 2830 2439; x_wconf 87' lang='lat' dir='ltr'>regale</span> <span class='ocrx_word' id='word_1_360' title='bbox 2861 2376 2918 2423; x_wconf 89' lang='lat' dir='ltr'>et</span> <span class='ocrx_word' id='word_1_361' title='bbox 2948 2368 3321 2441; x_wconf 82' lang='lat' dir='ltr'>apostolicum</span> <span class='ocrx_word' id='word_1_362' title='bbox 3348 2373 3505 2426; x_wconf 90' lang='lat' dir='ltr'>Petri</span> <span class='ocrx_word' id='word_1_363' title='bbox 3546 2378 3601 2426; x_wconf 90' lang='lat' dir='ltr'>et</span> <span class='ocrx_word' id='word_1_364' title='bbox 3626 2372 3769 2426; x_wconf 86' lang='lat' dir='ltr'>Pauli</span> <span class='ocrx_word' id='word_1_365' title='bbox 3793 2377 3853 2423; x_wconf 83' lang='lat' dir='ltr'>at-</span> 
     </span>
    </p>
   </div>
   <div class='ocr_carea' id='block_1_52' title="bbox 2304 2455 3853 2533">
    <p class='ocr_par' dir='ltr' id='par_1_52' title="bbox 2304 2455 3853 2533">
     <span class='ocr_line' id='line_1_52' title="bbox 2304 2455 3853 2533; baseline 0.001 -25"><span class='ocrx_word' id='word_1_366' title='bbox 2304 2455 2451 2510; x_wconf 87' lang='lat' dir='ltr'>tollit</span> <span class='ocrx_word' id='word_1_367' title='bbox 2494 2459 2920 2524; x_wconf 87' lang='lat' dir='ltr'>monasterium,</span> <span class='ocrx_word' id='word_1_368' title='bbox 2968 2466 3237 2530; x_wconf 85' lang='lat' dir='ltr'>tanquam</span> <span class='ocrx_word' id='word_1_369' title='bbox 3279 2461 3438 2516; x_wconf 89' lang='lat' dir='ltr'>urbis</span> <span class='ocrx_word' id='word_1_370' title='bbox 3477 2461 3774 2533; x_wconf 70' lang='lat' dir='ltr'>prazsidium</span> <span class='ocrx_word' id='word_1_371' title='bbox 3812 2463 3853 2511; x_wconf 82' lang='lat' dir='ltr'>et</span> 
     </span>
    </p>
   </div>
   <div class='ocr_carea' id='block_1_53' title="bbox 2303 2543 3852 2621">
    <p class='ocr_par' dir='ltr' id='par_1_53' title="bbox 2303 2543 3852 2621">
     <span class='ocr_line' id='line_1_53' title="bbox 2303 2543 3852 2621; baseline 0.002 -25"><span class='ocrx_word' id='word_1_372' title='bbox 2303 2543 2739 2608; x_wconf 87' lang='lat' dir='ltr'>munimentum,</span> <span class='ocrx_word' id='word_1_373' title='bbox 2786 2548 2932 2617; x_wconf 89' lang='lat' dir='ltr'>quod</span> <span class='ocrx_word' id='word_1_374' title='bbox 2965 2548 3024 2601; x_wconf 93' lang='lat' dir='ltr'>in</span> <span class='ocrx_word' id='word_1_375' title='bbox 3053 2565 3257 2614; x_wconf 85' lang='lat' dir='ltr'>arcem,</span> <span class='ocrx_word' id='word_1_376' title='bbox 3297 2555 3354 2602; x_wconf 91' lang='lat' dir='ltr'>et</span> <span class='ocrx_word' id='word_1_377' title='bbox 3392 2551 3670 2621; x_wconf 89' lang='lat' dir='ltr'>speculam</span> <span class='ocrx_word' id='word_1_378' title='bbox 3704 2547 3852 2618; x_wconf 83' lang='lat' dir='ltr'>regni,</span> 
     </span>
    </p>
   </div>
   <div class='ocr_carea' id='block_1_54' title="bbox 2303 2633 3853 2708">
    <p class='ocr_par' dir='ltr' id='par_1_54' title="bbox 2303 2633 3853 2708">
     <span class='ocr_line' id='line_1_54' title="bbox 2303 2633 3853 2708; baseline 0.003 -24"><span class='ocrx_word' id='word_1_379' title='bbox 2303 2633 2511 2686; x_wconf 78' lang='lat' dir='ltr'>exultat</span> <span class='ocrx_word' id='word_1_380' title='bbox 2541 2633 2815 2701; x_wconf 87' lang='lat' dir='ltr'>bravium,</span> <span class='ocrx_word' id='word_1_381' title='bbox 2847 2637 2995 2705; x_wconf 88' lang='lat' dir='ltr'>quod</span> <span class='ocrx_word' id='word_1_382' title='bbox 3040 2637 3453 2707; x_wconf 89' lang='lat' dir='ltr'>pretiosissima</span> <span class='ocrx_word' id='word_1_383' title='bbox 3470 2641 3588 2708; x_wconf 88' lang='lat' dir='ltr'>jam</span> <span class='ocrx_word' id='word_1_384' title='bbox 3613 2639 3726 2692; x_wconf 81' lang='lat' dir='ltr'>coeli</span> <span class='ocrx_word' id='word_1_385' title='bbox 3761 2638 3853 2690; x_wconf 85' lang='lat' dir='ltr'>the-</span> 
     </span>
    </p>
   </div>
   <div class='ocr_carea' id='block_1_55' title="bbox 2305 2722 3854 2799">
    <p class='ocr_par' dir='ltr' id='par_1_55' title="bbox 2305 2722 3854 2799">
     <span class='ocr_line' id='line_1_55' title="bbox 2305 2722 3854 2799; baseline 0.003 -26"><span class='ocrx_word' id='word_1_386' title='bbox 2305 2722 2551 2776; x_wconf 87' lang='lat' dir='ltr'>saurizat</span> <span class='ocrx_word' id='word_1_387' title='bbox 2567 2731 2916 2789; x_wconf 85' lang='lat' dir='ltr'>ornamenta,</span> <span class='ocrx_word' id='word_1_388' title='bbox 2940 2725 3192 2780; x_wconf 88' lang='lat' dir='ltr'>videlicet</span> <span class='ocrx_word' id='word_1_389' title='bbox 3214 2727 3394 2797; x_wconf 91' lang='lat' dir='ltr'>ipsius</span> <span class='ocrx_word' id='word_1_390' title='bbox 3421 2728 3728 2799; x_wconf 87' lang='lat' dir='ltr'>Augustini,</span> <span class='ocrx_word' id='word_1_391' title='bbox 3757 2743 3854 2779; x_wconf 86' lang='lat' dir='ltr'>san-</span> 
     </span>
    </p>
   </div>
   <div class='ocr_carea' id='block_1_56' title="bbox 2301 2814 3852 2886">
    <p class='ocr_par' dir='ltr' id='par_1_56' title="bbox 2301 2814 3852 2886">
     <span class='ocr_line' id='line_1_56' title="bbox 2301 2814 3852 2886; baseline 0.003 -24"><span class='ocrx_word' id='word_1_392' title='bbox 2301 2814 2632 2880; x_wconf 88' lang='lat' dir='ltr'>ctorumque</span> <span class='ocrx_word' id='word_1_393' title='bbox 2685 2829 3070 2868; x_wconf 86' lang='lat' dir='ltr'>successorum</span> <span class='ocrx_word' id='word_1_394' title='bbox 3129 2816 3252 2885; x_wconf 86' lang='lat' dir='ltr'>ejus</span> <span class='ocrx_word' id='word_1_395' title='bbox 3313 2817 3659 2886; x_wconf 91' lang='lat' dir='ltr'>pontiﬁcum,</span> <span class='ocrx_word' id='word_1_396' title='bbox 3717 2821 3852 2884; x_wconf 85' lang='lat' dir='ltr'>atquc</span> 
     </span>
    </p>
   </div>
   <div class='ocr_carea' id='block_1_57' title="bbox 2301 2901 3853 2974">
    <p class='ocr_par' dir='ltr' id='par_1_57' title="bbox 2301 2901 3853 2974">
     <span class='ocr_line' id='line_1_57' title="bbox 2301 2901 3853 2974; baseline 0.002 -23"><span class='ocrx_word' id='word_1_397' title='bbox 2301 2915 2500 2968; x_wconf 88' lang='lat' dir='ltr'>regum</span> <span class='ocrx_word' id='word_1_398' title='bbox 2525 2901 2974 2970; x_wconf 83' lang='lat' dir='ltr'>splendidissima</span> <span class='ocrx_word' id='word_1_399' title='bbox 3003 2920 3256 2974; x_wconf 89' lang='lat' dir='ltr'>corpora,</span> <span class='ocrx_word' id='word_1_400' title='bbox 3279 2921 3404 2974; x_wconf 63' lang='lat' dir='ltr'>quae</span> <span class='ocrx_word' id='word_1_401' title='bbox 3454 2905 3512 2960; x_wconf 90' lang='lat' dir='ltr'>in</span> <span class='ocrx_word' id='word_1_402' title='bbox 3560 2905 3853 2960; x_wconf 81' lang='lat' dir='ltr'>revelatiouc</span> 
     </span>
    </p>
   </div>
   <div class='ocr_carea' id='block_1_58' title="bbox 2298 2987 3852 3064">
    <p class='ocr_par' dir='ltr' id='par_1_58' title="bbox 2298 2987 3852 3064">
     <span class='ocr_line' id='line_1_58' title="bbox 2298 2987 3852 3064; baseline 0.003 -24"><span class='ocrx_word' id='word_1_403' title='bbox 2298 2987 2491 3056; x_wconf 70' lang='lat' dir='ltr'>gloriae</span> <span class='ocrx_word' id='word_1_404' title='bbox 2519 2991 2938 3058; x_wconf 86' lang='lat' dir='ltr'>magniChristi</span> <span class='ocrx_word' id='word_1_405' title='bbox 2966 2993 3220 3046; x_wconf 83' lang='lat' dir='ltr'>resilient</span> <span class='ocrx_word' id='word_1_406' title='bbox 3242 2993 3300 3046; x_wconf 89' lang='lat' dir='ltr'>in</span> <span class='ocrx_word' id='word_1_407' title='bbox 3322 2994 3526 3064; x_wconf 88' lang='lat' dir='ltr'>gloria.</span> <span class='ocrx_word' id='word_1_408' title='bbox 3560 2995 3640 3049; x_wconf 95' lang='lat' dir='ltr'>Tu</span> <span class='ocrx_word' id='word_1_409' title='bbox 3670 3008 3852 3064; x_wconf 85' lang='lat' dir='ltr'>quoque</span> 
     </span>
    </p>
   </div>
   <div class='ocr_carea' id='block_1_59' title="bbox 2299 3075 3852 3153">
    <p class='ocr_par' dir='ltr' id='par_1_59' title="bbox 2299 3075 3852 3153">
     <span class='ocr_line' id='line_1_59' title="bbox 2299 3075 3852 3153; baseline 0.002 -25"><span class='ocrx_word' id='word_1_410' title='bbox 2299 3075 2596 3131; x_wconf 83' lang='lat' dir='ltr'>Rhofensis</span> <span class='ocrx_word' id='word_1_411' title='bbox 2635 3079 2970 3146; x_wconf 87' lang='lat' dir='ltr'>hierarcliia,</span> <span class='ocrx_word' id='word_1_412' title='bbox 3020 3081 3259 3136; x_wconf 66' lang='lat' dir='ltr'>Andreae</span> <span class='ocrx_word' id='word_1_413' title='bbox 3303 3083 3545 3153; x_wconf 87' lang='lat' dir='ltr'>apostoli</span> <span class='ocrx_word' id='word_1_414' title='bbox 3588 3088 3680 3137; x_wconf 90' lang='lat' dir='ltr'>tuo</span> <span class='ocrx_word' id='word_1_415' title='bbox 3723 3080 3852 3134; x_wconf 87' lang='lat' dir='ltr'>titulo</span> 
     </span>
    </p>
   </div>
   <div class='ocr_carea' id='block_1_60' title="bbox 2297 3164 3853 3237">
    <p class='ocr_par' dir='ltr' id='par_1_60' title="bbox 2297 3164 3853 3237">
     <span class='ocr_line' id='line_1_60' title="bbox 2297 3164 3853 3237; baseline 0.003 -21"><span class='ocrx_word' id='word_1_416' title='bbox 2297 3164 2526 3236; x_wconf 77' lang='lat' dir='ltr'>inclyta,</span> <span class='ocrx_word' id='word_1_417' title='bbox 2567 3171 2625 3220; x_wconf 90' lang='lat' dir='ltr'>et</span> <span class='ocrx_word' id='word_1_418' title='bbox 2648 3168 3088 3224; x_wconf 88' lang='lat' dir='ltr'>Dorobernensis</span> <span class='ocrx_word' id='word_1_419' title='bbox 3118 3171 3373 3226; x_wconf 68' lang='lat' dir='ltr'>Ecclesiae</span> <span class='ocrx_word' id='word_1_420' title='bbox 3405 3173 3598 3226; x_wconf 88' lang='lat' dir='ltr'>dextra</span> <span class='ocrx_word' id='word_1_421' title='bbox 3625 3171 3853 3237; x_wconf 73' lang='lat' dir='ltr'>suifraga-</span> 
     </span>
    </p>
   </div>
   <div class='ocr_carea' id='block_1_61' title="bbox 626 3257 3854 3332">
    <p class='ocr_par' dir='ltr' id='par_1_61' title="bbox 626 3257 3854 3332">
     <span class='ocr_line' id='line_1_61' title="bbox 626 3257 3854 3332; baseline 0.002 -26"><span class='ocrx_word' id='word_1_422' title='bbox 626 3265 951 3314; x_wconf 79' lang='lat' dir='ltr'>sanctorum</span> <span class='ocrx_word' id='word_1_423' title='bbox 997 3260 1274 3330; x_wconf 81' lang='lat' dir='ltr'>promissa</span> <span class='ocrx_word' id='word_1_424' title='bbox 1308 3266 1423 3314; x_wconf 84' lang='lat' dir='ltr'>tam</span> <span class='ocrx_word' id='word_1_425' title='bbox 1465 3259 1774 3331; x_wconf 74' lang='lat' dir='ltr'>perspicuis</span> <span class='ocrx_word' id='word_1_426' title='bbox 1814 3260 2212 3314; x_wconf 78' lang='lat' dir='ltr'>miraculorum</span> <span class='ocrx_word' id='word_1_427' title='bbox 2238 3257 2278 3270; x_wconf 68' lang='grc' dir='ltr'>ν</span> <span class='ocrx_word' id='word_1_428' title='bbox 2298 3269 2432 3320; x_wconf 87' lang='lat' dir='ltr'>nea;</span> <span class='ocrx_word' id='word_1_429' title='bbox 2465 3259 2639 3325; x_wconf 87' lang='lat' dir='ltr'>tuque</span> <span class='ocrx_word' id='word_1_430' title='bbox 2665 3257 2970 3311; x_wconf 63' lang='lat' dir='ltr'>Lundoniae</span> <span class='ocrx_word' id='word_1_431' title='bbox 3005 3259 3339 3328; x_wconf 83' lang='lat' dir='ltr'>pontiﬁcalis</span> <span class='ocrx_word' id='word_1_432' title='bbox 3363 3261 3740 3332; x_wconf 74' lang='lat' dir='ltr'>praerogativa,</span> <span class='ocrx_word' id='word_1_433' title='bbox 3765 3275 3854 3312; x_wconf 85' lang='lat' dir='ltr'>ma-</span> 
     </span>
    </p>
   </div>
   <div class='ocr_carea' id='block_1_62' title="bbox 620 3341 3848 3414">
    <p class='ocr_par' dir='ltr' id='par_1_62' title="bbox 620 3341 3848 3414">
     <span class='ocr_line' id='line_1_62' title="bbox 620 3341 3848 3414; baseline -0.001 -12"><span class='ocrx_word' id='word_1_434' title='bbox 620 3347 1101 3402; x_wconf 90' lang='lat' dir='ltr'>coruscationibus</span> <span class='ocrx_word' id='word_1_435' title='bbox 1125 3365 1190 3402; x_wconf 91' lang='lat' dir='ltr'>ac</span> <span class='ocrx_word' id='word_1_436' title='bbox 1215 3349 1555 3403; x_wconf 88' lang='lat' dir='ltr'>testimoniis</span> <span class='ocrx_word' id='word_1_437' title='bbox 1595 3349 1883 3404; x_wconf 88' lang='lat' dir='ltr'>credibilia</span> <span class='ocrx_word' id='word_1_438' title='bbox 1911 3349 2057 3403; x_wconf 83' lang='lat' dir='ltr'>facta</span> <span class='ocrx_word' id='word_1_439' title='bbox 2083 3353 2216 3402; x_wconf 91' lang='lat' dir='ltr'>sunt</span> <span class='ocrx_word' id='word_1_440' title='bbox 2294 3341 2388 3411; x_wconf 82' lang='lat' dir='ltr'>gni</span> <span class='ocrx_word' id='word_1_441' title='bbox 2405 3344 2771 3414; x_wconf 86' lang='lat' dir='ltr'>Pauligloria,</span> <span class='ocrx_word' id='word_1_442' title='bbox 2807 3354 3076 3402; x_wconf 84' lang='lat' dir='ltr'>coronata</span> <span class='ocrx_word' id='word_1_443' title='bbox 3093 3348 3272 3404; x_wconf 59' lang='lat' dir='ltr'>beata:</span> <span class='ocrx_word' id='word_1_444' title='bbox 3291 3352 3579 3405; x_wconf 65' lang='lat' dir='ltr'>memoriae</span> <span class='ocrx_word' id='word_1_445' title='bbox 3595 3349 3848 3404; x_wconf 86' lang='lat' dir='ltr'>Edelberto</span> 
     </span>
    </p>
   </div>
   <div class='ocr_carea' id='block_1_63' title="bbox 621 3431 3850 3509">
    <p class='ocr_par' dir='ltr' id='par_1_63' title="bbox 621 3431 3850 3509">
     <span class='ocr_line' id='line_1_63' title="bbox 621 3431 3850 3509; baseline 0.002 -25"><span class='ocrx_word' id='word_1_446' title='bbox 621 3436 808 3491; x_wconf 87' lang='lat' dir='ltr'>nimis.</span> <span class='ocrx_word' id='word_1_447' title='bbox 841 3437 1116 3492; x_wconf 83' lang='lat' dir='ltr'>Dicebant</span> <span class='ocrx_word' id='word_1_448' title='bbox 1131 3437 1355 3504; x_wconf 68' lang='lat' dir='ltr'>diversi,</span> <span class='ocrx_word' id='word_1_449' title='bbox 1387 3443 1488 3492; x_wconf 81' lang='lat' dir='ltr'>aut</span> <span class='ocrx_word' id='word_1_450' title='bbox 1513 3438 1768 3492; x_wconf 85' lang='lat' dir='ltr'>homines</span> <span class='ocrx_word' id='word_1_451' title='bbox 1789 3438 1846 3492; x_wconf 88' lang='lat' dir='ltr'>in</span> <span class='ocrx_word' id='word_1_452' title='bbox 1865 3439 2008 3492; x_wconf 82' lang='lat' dir='ltr'>Deos</span> <span class='ocrx_word' id='word_1_453' title='bbox 2035 3445 2215 3492; x_wconf 81' lang='lat' dir='ltr'>muta-</span> <span class='ocrx_word' id='word_1_454' title='bbox 2295 3431 2414 3502; x_wconf 88' lang='lat' dir='ltr'>regi</span> <span class='ocrx_word' id='word_1_455' title='bbox 2443 3443 2635 3487; x_wconf 85' lang='lat' dir='ltr'>nostro</span> <span class='ocrx_word' id='word_1_456' title='bbox 2673 3435 2968 3501; x_wconf 81' lang='lat' dir='ltr'>conditori,</span> <span class='ocrx_word' id='word_1_457' title='bbox 3003 3445 3171 3508; x_wconf 87' lang='lat' dir='ltr'>atque</span> <span class='ocrx_word' id='word_1_458' title='bbox 3202 3441 3519 3509; x_wconf 81' lang='lat' dir='ltr'>Augustino</span> <span class='ocrx_word' id='word_1_459' title='bbox 3560 3435 3850 3499; x_wconf 83' lang='lat' dir='ltr'>institutori,</span> 
     </span>
    </p>
   </div>
   <div class='ocr_carea' id='block_1_64' title="bbox 617 3519 3848 3610">
    <p class='ocr_par' dir='ltr' id='par_1_64' title="bbox 617 3519 3848 3610">
     <span class='ocr_line' id='line_1_64' title="bbox 617 3519 3848 3610; baseline -0.002 -30"><span class='ocrx_word' id='word_1_460' title='bbox 617 3529 728 3590; x_wconf 86' lang='lat' dir='ltr'>tos,</span> <span class='ocrx_word' id='word_1_461' title='bbox 757 3531 857 3580; x_wconf 89' lang='lat' dir='ltr'>aut</span> <span class='ocrx_word' id='word_1_462' title='bbox 882 3525 1030 3580; x_wconf 89' lang='lat' dir='ltr'>inter</span> <span class='ocrx_word' id='word_1_463' title='bbox 1067 3526 1324 3580; x_wconf 89' lang='lat' dir='ltr'>homines</span> <span class='ocrx_word' id='word_1_464' title='bbox 1369 3527 1620 3580; x_wconf 87' lang='lat' dir='ltr'>humana</span> <span class='ocrx_word' id='word_1_465' title='bbox 1664 3527 1848 3597; x_wconf 89' lang='lat' dir='ltr'>specie</span> <span class='ocrx_word' id='word_1_466' title='bbox 1897 3527 2214 3581; x_wconf 86' lang='lat' dir='ltr'>conversari</span> <span class='ocrx_word' id='word_1_467' title='bbox 2295 3519 2588 3610; x_wconf 44' lang='lat' dir='ltr'>debetisoin</span> <span class='ocrx_word' id='word_1_468' title='bbox 2620 3523 2856 3577; x_wconf 89' lang='lat' dir='ltr'>Domino</span> <span class='ocrx_word' id='word_1_469' title='bbox 2883 3529 3097 3579; x_wconf 77' lang='lat' dir='ltr'>aeterna</span> <span class='ocrx_word' id='word_1_470' title='bbox 3115 3526 3566 3583; x_wconf 88' lang='lat' dir='ltr'>benedictionum</span> <span class='ocrx_word' id='word_1_471' title='bbox 3590 3526 3848 3600; x_wconf 78' lang='lat' dir='ltr'>praeconia.</span> 
     </span>
    </p>
   </div>
   <div class='ocr_carea' id='block_1_65' title="bbox 616 3612 3852 3688">
    <p class='ocr_par' dir='ltr' id='par_1_65' title="bbox 616 3612 3852 3688">
     <span class='ocr_line' id='line_1_65' title="bbox 616 3612 3852 3688; baseline -0.001 -20"><span class='ocrx_word' id='word_1_472' title='bbox 616 3613 783 3671; x_wconf 89' lang='lat' dir='ltr'>Deos.</span> <span class='ocrx_word' id='word_1_473' title='bbox 814 3615 945 3668; x_wconf 87' lang='lat' dir='ltr'>Haec</span> <span class='ocrx_word' id='word_1_474' title='bbox 971 3631 1036 3668; x_wconf 84' lang='lat' dir='ltr'>ex</span> <span class='ocrx_word' id='word_1_475' title='bbox 1056 3620 1174 3668; x_wconf 92' lang='lat' dir='ltr'>toto</span> <span class='ocrx_word' id='word_1_476' title='bbox 1195 3613 1424 3668; x_wconf 77' lang='lat' dir='ltr'>fallebat</span> <span class='ocrx_word' id='word_1_477' title='bbox 1443 3614 1597 3668; x_wconf 90' lang='lat' dir='ltr'>rudis</span> <span class='ocrx_word' id='word_1_478' title='bbox 1613 3615 1762 3684; x_wconf 90' lang='lat' dir='ltr'>vulgi</span> <span class='ocrx_word' id='word_1_479' title='bbox 1780 3615 1988 3686; x_wconf 84' lang='lat' dir='ltr'>Opinio;</span> <span class='ocrx_word' id='word_1_480' title='bbox 2013 3617 2080 3669; x_wconf 93' lang='lat' dir='ltr'>de</span> <span class='ocrx_word' id='word_1_481' title='bbox 2098 3616 2216 3669; x_wconf 90' lang='lat' dir='ltr'>suis</span> <span class='ocrx_word' id='word_1_482' title='bbox 2367 3613 2442 3664; x_wconf 90' lang='lat' dir='ltr'>At</span> <span class='ocrx_word' id='word_1_483' title='bbox 2471 3629 2646 3665; x_wconf 88' lang='lat' dir='ltr'>novus</span> <span class='ocrx_word' id='word_1_484' title='bbox 2679 3612 2900 3667; x_wconf 87' lang='lat' dir='ltr'>Domini</span> <span class='ocrx_word' id='word_1_485' title='bbox 2931 3615 3192 3670; x_wconf 84' lang='lat' dir='ltr'>sacerdos</span> <span class='ocrx_word' id='word_1_486' title='bbox 3233 3617 3441 3672; x_wconf 91' lang='lat' dir='ltr'>ardens</span> <span class='ocrx_word' id='word_1_487' title='bbox 3487 3623 3643 3672; x_wconf 85' lang='lat' dir='ltr'>tanta</span> <span class='ocrx_word' id='word_1_488' title='bbox 3679 3614 3852 3688; x_wconf 82' lang='lat' dir='ltr'>gaudia</span> 
     </span>
    </p>
   </div>
   <div class='ocr_carea' id='block_1_66' title="bbox 617 3699 3848 3778">
    <p class='ocr_par' dir='ltr' id='par_1_66' title="bbox 617 3699 3848 3778">
     <span class='ocr_line' id='line_1_66' title="bbox 617 3699 3848 3778; baseline 0.002 -28"><span class='ocrx_word' id='word_1_489' title='bbox 617 3701 892 3774; x_wconf 77' lang='lat' dir='ltr'>adoptivis</span> <span class='ocrx_word' id='word_1_490' title='bbox 921 3703 1140 3758; x_wconf 76' lang='lat' dir='ltr'>dicente</span> <span class='ocrx_word' id='word_1_491' title='bbox 1168 3703 1406 3758; x_wconf 89' lang='lat' dir='ltr'>Domino</span> <span class='ocrx_word' id='word_1_492' title='bbox 1444 3721 1456 3757; x_wconf 72' lang='grc' dir='ltr'>ε</span> <span class='ocrx_word' id='word_1_493' title='bbox 1491 3703 1601 3772; x_wconf 86' lang='lat' dir='ltr'>Ego</span> <span class='ocrx_word' id='word_1_494' title='bbox 1637 3705 1764 3757; x_wconf 65' lang='lat' dir='ltr'>dixi</span> <span class='ocrx_word' id='word_1_495' title='bbox 1797 3721 1810 3758; x_wconf 74' lang='grc' dir='ltr'><strong>ε</strong></span> <span class='ocrx_word' id='word_1_496' title='bbox 1857 3706 1950 3758; x_wconf 74' lang='lat' dir='ltr'>Dii</span> <span class='ocrx_word' id='word_1_497' title='bbox 1977 3707 2122 3766; x_wconf 75' lang='lat' dir='ltr'>estis,</span> <span class='ocrx_word' id='word_1_498' title='bbox 2161 3709 2211 3758; x_wconf 78' lang='lat' dir='ltr'>et</span> <span class='ocrx_word' id='word_1_499' title='bbox 2292 3699 2668 3754; x_wconf 83' lang='lat' dir='ltr'>attentissime</span> <span class='ocrx_word' id='word_1_500' title='bbox 2711 3701 2982 3772; x_wconf 78' lang='lat' dir='ltr'>Gregorio</span> <span class='ocrx_word' id='word_1_501' title='bbox 3023 3704 3304 3771; x_wconf 89' lang='lat' dir='ltr'>nuntiare,</span> <span class='ocrx_word' id='word_1_502' title='bbox 3335 3705 3392 3760; x_wconf 92' lang='lat' dir='ltr'>in</span> <span class='ocrx_word' id='word_1_503' title='bbox 3426 3707 3547 3778; x_wconf 88' lang='lat' dir='ltr'>ipso</span> <span class='ocrx_word' id='word_1_504' title='bbox 3577 3708 3750 3762; x_wconf 88' lang='lat' dir='ltr'>reditu</span> <span class='ocrx_word' id='word_1_505' title='bbox 3771 3720 3848 3758; x_wconf 85' lang='lat' dir='ltr'>suo</span> 
     </span>
    </p>
   </div>
   <div class='ocr_carea' id='block_1_67' title="bbox 612 3787 3850 3862">
    <p class='ocr_par' dir='ltr' id='par_1_67' title="bbox 612 3787 3850 3862">
     <span class='ocr_line' id='line_1_67' title="bbox 612 3787 3850 3862; baseline -0 -16"><span class='ocrx_word' id='word_1_506' title='bbox 612 3793 726 3860; x_wconf 75' lang='lat' dir='ltr'>ﬁlii</span> <span class='ocrx_word' id='word_1_507' title='bbox 746 3792 956 3846; x_wconf 69' lang='grc' dir='ltr'>Επειδί</span> <span class='ocrx_word' id='word_1_508' title='bbox 979 3809 1164 3846; x_wconf 73' lang='lat' dir='ltr'>omnes</span> <span class='ocrx_word' id='word_1_509' title='bbox 1190 3793 1356 3851; x_wconf 73' lang='lat' dir='ltr'>(Psal.</span> <span class='ocrx_word' id='word_1_510' title='bbox 1389 3805 1573 3856; x_wconf 73' lang='lat' dir='ltr'><strong>LXXXI,</strong></span> <span class='ocrx_word' id='word_1_511' title='bbox 1605 3791 1681 3861; x_wconf 93' lang='lat'>6).</span> <span class='ocrx_word' id='word_1_512' title='bbox 1708 3791 2082 3846; x_wconf 86' lang='lat' dir='ltr'>Crediderunt</span> <span class='ocrx_word' id='word_1_513' title='bbox 2108 3792 2210 3846; x_wconf 89' lang='lat' dir='ltr'>ita-</span> <span class='ocrx_word' id='word_1_514' title='bbox 2290 3787 2466 3841; x_wconf 91' lang='lat' dir='ltr'>mittit</span> <span class='ocrx_word' id='word_1_515' title='bbox 2495 3789 2728 3843; x_wconf 84' lang='lat' dir='ltr'>Romam</span> <span class='ocrx_word' id='word_1_516' title='bbox 2755 3791 2971 3845; x_wconf 66' lang='lat' dir='ltr'>eximiae</span> <span class='ocrx_word' id='word_1_517' title='bbox 3001 3793 3314 3848; x_wconf 87' lang='lat' dir='ltr'>sanctitatis</span> <span class='ocrx_word' id='word_1_518' title='bbox 3332 3791 3499 3862; x_wconf 77' lang='lat' dir='ltr'>viros,</span> <span class='ocrx_word' id='word_1_519' title='bbox 3523 3795 3850 3852; x_wconf 80' lang='lat' dir='ltr'>Laurentium</span> 
     </span>
    </p>
   </div>
   <div class='ocr_carea' id='block_1_68' title="bbox 613 3877 3851 3954">
    <p class='ocr_par' dir='ltr' id='par_1_68' title="bbox 613 3877 3851 3954">
     <span class='ocr_line' id='line_1_68' title="bbox 613 3877 3851 3954; baseline 0.001 -19"><span class='ocrx_word' id='word_1_520' title='bbox 613 3895 725 3950; x_wconf 89' lang='lat' dir='ltr'>que</span> <span class='ocrx_word' id='word_1_521' title='bbox 751 3879 975 3935; x_wconf 87' lang='lat' dir='ltr'>Christo</span> <span class='ocrx_word' id='word_1_522' title='bbox 999 3881 1255 3952; x_wconf 90' lang='lat' dir='ltr'>plerique</span> <span class='ocrx_word' id='word_1_523' title='bbox 1281 3879 1426 3934; x_wconf 89' lang='lat' dir='ltr'>victa</span> <span class='ocrx_word' id='word_1_524' title='bbox 1456 3880 1685 3949; x_wconf 90' lang='lat' dir='ltr'>duritia,</span> <span class='ocrx_word' id='word_1_525' title='bbox 1729 3887 1900 3936; x_wconf 63' lang='lat' dir='ltr'>tantae</span> <span class='ocrx_word' id='word_1_526' title='bbox 1943 3881 2208 3936; x_wconf 77' lang='lat' dir='ltr'>novitatis</span> <span class='ocrx_word' id='word_1_527' title='bbox 2292 3882 2424 3930; x_wconf 86' lang='lat' dir='ltr'>tunc</span> <span class='ocrx_word' id='word_1_528' title='bbox 2448 3877 2858 3949; x_wconf 72' lang='lat' dir='ltr'>presbyterum,</span> <span class='ocrx_word' id='word_1_529' title='bbox 2883 3881 3111 3950; x_wconf 88' lang='lat' dir='ltr'>postsui</span> <span class='ocrx_word' id='word_1_530' title='bbox 3139 3883 3284 3936; x_wconf 90' lang='lat' dir='ltr'>sacri</span> <span class='ocrx_word' id='word_1_531' title='bbox 3307 3883 3586 3954; x_wconf 86' lang='lat' dir='ltr'>primatus</span> <span class='ocrx_word' id='word_1_532' title='bbox 3613 3899 3851 3940; x_wconf 81' lang='lat' dir='ltr'>successo-</span> 
     </span>
    </p>
   </div>
   <div class='ocr_carea' id='block_1_69' title="bbox 610 3965 3846 4046">
    <p class='ocr_par' dir='ltr' id='par_1_69' title="bbox 610 3965 3846 4046">
     <span class='ocr_line' id='line_1_69' title="bbox 610 3965 3846 4046; baseline 0.003 -31"><span class='ocrx_word' id='word_1_533' title='bbox 610 3969 1010 4024; x_wconf 70' lang='lat' dir='ltr'>admiratione,</span> <span class='ocrx_word' id='word_1_534' title='bbox 1868 3983 1876 3991; x_wconf 93' lang='grc'><strong>·</strong></span> <span class='ocrx_word' id='word_1_535' title='bbox 2292 3981 2410 4018; x_wconf 90' lang='lat' dir='ltr'>rem</span> <span class='ocrx_word' id='word_1_536' title='bbox 2427 3965 2692 4036; x_wconf 90' lang='lat' dir='ltr'>primum,</span> <span class='ocrx_word' id='word_1_537' title='bbox 2717 3967 2917 4039; x_wconf 91' lang='lat' dir='ltr'>suique</span> <span class='ocrx_word' id='word_1_538' title='bbox 2936 3969 3246 4026; x_wconf 88' lang='lat' dir='ltr'>suburbani</span> <span class='ocrx_word' id='word_1_539' title='bbox 3267 3975 3597 4030; x_wconf 87' lang='lat' dir='ltr'>monasterii</span> <span class='ocrx_word' id='word_1_540' title='bbox 3617 3974 3846 4046; x_wconf 90' lang='lat' dir='ltr'>primum,</span> 
     </span>
    </p>
   </div>
   <div class='ocr_carea' id='block_1_70' title="bbox 680 4053 3849 4129">
    <p class='ocr_par' dir='ltr' id='par_1_70' title="bbox 680 4053 3849 4129">
     <span class='ocr_line' id='line_1_70' title="bbox 680 4053 3849 4129; baseline 0.001 -18"><span class='ocrx_word' id='word_1_541' title='bbox 680 4057 876 4112; x_wconf 90' lang='lat' dir='ltr'>Tantis</span> <span class='ocrx_word' id='word_1_542' title='bbox 908 4057 1082 4112; x_wconf 91' lang='lat' dir='ltr'>etiam</span> <span class='ocrx_word' id='word_1_543' title='bbox 1110 4074 1300 4112; x_wconf 87' lang='lat' dir='ltr'>rerum</span> <span class='ocrx_word' id='word_1_544' title='bbox 1342 4057 1672 4128; x_wconf 88' lang='lat' dir='ltr'>fulgoribus,</span> <span class='ocrx_word' id='word_1_545' title='bbox 1712 4075 1807 4112; x_wconf 85' lang='lat' dir='ltr'>rex</span> <span class='ocrx_word' id='word_1_546' title='bbox 1844 4059 1964 4129; x_wconf 90' lang='lat' dir='ltr'>ipse</span> <span class='ocrx_word' id='word_1_547' title='bbox 2003 4075 2206 4129; x_wconf 85' lang='lat' dir='ltr'>pavore</span> <span class='ocrx_word' id='word_1_548' title='bbox 2289 4053 2548 4108; x_wconf 85' lang='lat' dir='ltr'>abbatem</span> <span class='ocrx_word' id='word_1_549' title='bbox 2577 4057 2828 4112; x_wconf 83' lang='lat' dir='ltr'>Petrum.</span> <span class='ocrx_word' id='word_1_550' title='bbox 2856 4058 2948 4124; x_wconf 90' lang='lat' dir='ltr'>Hi,</span> <span class='ocrx_word' id='word_1_551' title='bbox 2983 4059 3190 4114; x_wconf 90' lang='lat' dir='ltr'>volucri</span> <span class='ocrx_word' id='word_1_552' title='bbox 3221 4063 3412 4116; x_wconf 91' lang='lat' dir='ltr'>animo</span> <span class='ocrx_word' id='word_1_553' title='bbox 3442 4081 3509 4118; x_wconf 90' lang='lat' dir='ltr'>ac</span> <span class='ocrx_word' id='word_1_554' title='bbox 3537 4064 3714 4120; x_wconf 90' lang='lat' dir='ltr'>studio</span> <span class='ocrx_word' id='word_1_555' title='bbox 3741 4077 3849 4116; x_wconf 87' lang='lat' dir='ltr'>san-</span> 
     </span>
    </p>
   </div>
   <div class='ocr_carea' id='block_1_71' title="bbox 611 4145 3849 4224">
    <p class='ocr_par' dir='ltr' id='par_1_71' title="bbox 611 4145 3849 4224">
     <span class='ocr_line' id='line_1_71' title="bbox 611 4145 3849 4224; baseline 0.002 -25"><span class='ocrx_word' id='word_1_556' title='bbox 611 4149 670 4200; x_wconf 92' lang='lat' dir='ltr'>et</span> <span class='ocrx_word' id='word_1_557' title='bbox 727 4145 1101 4202; x_wconf 88' lang='lat' dir='ltr'>oblectatione</span> <span class='ocrx_word' id='word_1_558' title='bbox 1139 4146 1333 4201; x_wconf 88' lang='lat' dir='ltr'>divina</span> <span class='ocrx_word' id='word_1_559' title='bbox 1379 4147 1674 4214; x_wconf 87' lang='lat' dir='ltr'>attonitus,</span> <span class='ocrx_word' id='word_1_560' title='bbox 1721 4147 2038 4218; x_wconf 86' lang='lat' dir='ltr'>Augustino</span> <span class='ocrx_word' id='word_1_561' title='bbox 2082 4147 2206 4218; x_wconf 87' lang='lat' dir='ltr'>jugi</span> <span class='ocrx_word' id='word_1_562' title='bbox 2289 4147 2378 4196; x_wconf 84' lang='lat' dir='ltr'>cto</span> <span class='ocrx_word' id='word_1_563' title='bbox 2405 4159 2564 4214; x_wconf 66' lang='lat' dir='ltr'>papa:</span> <span class='ocrx_word' id='word_1_564' title='bbox 2594 4145 2848 4212; x_wconf 88' lang='lat' dir='ltr'>admissi,</span> <span class='ocrx_word' id='word_1_565' title='bbox 2880 4147 3135 4202; x_wconf 88' lang='lat' dir='ltr'>referunt</span> <span class='ocrx_word' id='word_1_566' title='bbox 3156 4157 3385 4220; x_wconf 88' lang='lat' dir='ltr'>gentem</span> <span class='ocrx_word' id='word_1_567' title='bbox 3409 4153 3720 4224; x_wconf 86' lang='lat' dir='ltr'>Anglorum</span> <span class='ocrx_word' id='word_1_568' title='bbox 3745 4164 3849 4204; x_wconf 90' lang='lat' dir='ltr'>cum</span> 
     </span>
    </p>
   </div>
   <div class='ocr_carea' id='block_1_72' title="bbox 609 4231 3843 4310">
    <p class='ocr_par' dir='ltr' id='par_1_72' title="bbox 609 4231 3843 4310">
     <span class='ocr_line' id='line_1_72' title="bbox 609 4231 3843 4310; baseline 0.003 -22"><span class='ocrx_word' id='word_1_569' title='bbox 609 4234 886 4291; x_wconf 84' lang='lat' dir='ltr'>instantia.</span> <span class='ocrx_word' id='word_1_570' title='bbox 933 4237 1329 4308; x_wconf 86' lang='lat' dir='ltr'>persuadente,</span> <span class='ocrx_word' id='word_1_571' title='bbox 1362 4236 1610 4290; x_wconf 89' lang='lat' dir='ltr'>Ecclesia</span> <span class='ocrx_word' id='word_1_572' title='bbox 1637 4243 1856 4302; x_wconf 87' lang='lat' dir='ltr'>orante,</span> <span class='ocrx_word' id='word_1_573' title='bbox 1894 4237 2108 4308; x_wconf 83' lang='lat' dir='ltr'>regina,</span> <span class='ocrx_word' id='word_1_574' title='bbox 2141 4242 2207 4291; x_wconf 93' lang='lat' dir='ltr'>ut</span> <span class='ocrx_word' id='word_1_575' title='bbox 2288 4245 2420 4300; x_wconf 80' lang='lat' dir='ltr'>rege</span> <span class='ocrx_word' id='word_1_576' title='bbox 2453 4247 2573 4298; x_wconf 71' lang='lat' dir='ltr'>SUO,</span> <span class='ocrx_word' id='word_1_577' title='bbox 2605 4232 2665 4284; x_wconf 80' lang='lat' dir='ltr'>in</span> <span class='ocrx_word' id='word_1_578' title='bbox 2695 4231 2906 4286; x_wconf 68' lang='lat' dir='ltr'>Christi</span> <span class='ocrx_word' id='word_1_579' title='bbox 2929 4235 3201 4304; x_wconf 86' lang='lat' dir='ltr'>populum</span> <span class='ocrx_word' id='word_1_580' title='bbox 3228 4238 3506 4294; x_wconf 84' lang='lat' dir='ltr'>transisse</span> <span class='ocrx_word' id='word_1_581' title='bbox 3534 4245 3592 4294; x_wconf 91' lang='lat' dir='ltr'>et</span> <span class='ocrx_word' id='word_1_582' title='bbox 3620 4251 3843 4310; x_wconf 60' lang='lat' dir='ltr'>regnum,</span> 
     </span>
    </p>
   </div>
   <div class='ocr_carea' id='block_1_73' title="bbox 607 4319 3844 4395">
    <p class='ocr_par' dir='ltr' id='par_1_73' title="bbox 607 4319 3844 4395">
     <span class='ocr_line' id='line_1_73' title="bbox 607 4319 3844 4395; baseline 0.001 -17"><span class='ocrx_word' id='word_1_583' title='bbox 607 4324 784 4378; x_wconf 91' lang='lat' dir='ltr'>sacris</span> <span class='ocrx_word' id='word_1_584' title='bbox 823 4325 1030 4379; x_wconf 89' lang='lat' dir='ltr'>litteris</span> <span class='ocrx_word' id='word_1_585' title='bbox 1058 4325 1298 4391; x_wconf 88' lang='lat' dir='ltr'>erudita,</span> <span class='ocrx_word' id='word_1_586' title='bbox 1333 4325 1736 4394; x_wconf 89' lang='lat' dir='ltr'>permulcente,</span> <span class='ocrx_word' id='word_1_587' title='bbox 1776 4325 1984 4380; x_wconf 88' lang='lat' dir='ltr'>sanctis</span> <span class='ocrx_word' id='word_1_588' title='bbox 2022 4325 2270 4395; x_wconf 74' lang='lat' dir='ltr'>Patri-h</span> <span class='ocrx_word' id='word_1_589' title='bbox 2287 4319 2666 4389; x_wconf 80' lang='lat' dir='ltr'>Augustinum</span> <span class='ocrx_word' id='word_1_590' title='bbox 2686 4319 2798 4374; x_wconf 86' lang='lat' dir='ltr'>illis</span> <span class='ocrx_word' id='word_1_591' title='bbox 2828 4322 3149 4393; x_wconf 83' lang='lat' dir='ltr'>pontificem</span> <span class='ocrx_word' id='word_1_592' title='bbox 3168 4333 3578 4395; x_wconf 86' lang='lat' dir='ltr'>consecratum,</span> <span class='ocrx_word' id='word_1_593' title='bbox 3598 4321 3844 4382; x_wconf 79' lang='lat' dir='ltr'>verude</span> 
     </span>
    </p>
   </div>
   <div class='ocr_carea' id='block_1_74' title="bbox 611 4409 3848 4486">
    <p class='ocr_par' dir='ltr' id='par_1_74' title="bbox 611 4409 3848 4486">
     <span class='ocr_line' id='line_1_74' title="bbox 611 4409 3848 4486; baseline 0.002 -20"><span class='ocrx_word' id='word_1_594' title='bbox 611 4412 713 4466; x_wconf 90' lang='lat' dir='ltr'>bus</span> <span class='ocrx_word' id='word_1_595' title='bbox 738 4413 1186 4483; x_wconf 84' lang='lat' dir='ltr'>gratiﬁcantibus</span> <span class='ocrx_word' id='word_1_596' title='bbox 1221 4419 1533 4484; x_wconf 89' lang='lat' dir='ltr'>opportune</span> <span class='ocrx_word' id='word_1_597' title='bbox 1565 4415 1648 4468; x_wconf 88' lang='lat' dir='ltr'>vel</span> <span class='ocrx_word' id='word_1_598' title='bbox 1679 4413 2016 4484; x_wconf 87' lang='lat' dir='ltr'>importune.</span> <span class='ocrx_word' id='word_1_599' title='bbox 2054 4415 2203 4469; x_wconf 90' lang='lat' dir='ltr'>ultro</span> <span class='ocrx_word' id='word_1_600' title='bbox 2220 4409 2267 4422; x_wconf 70' lang='lat'><strong><em>&quot;</em></strong></span> <span class='ocrx_word' id='word_1_601' title='bbox 2286 4413 2404 4462; x_wconf 82' lang='lat' dir='ltr'>tam</span> <span class='ocrx_word' id='word_1_602' title='bbox 2426 4409 2662 4463; x_wconf 89' lang='lat' dir='ltr'>multam</span> <span class='ocrx_word' id='word_1_603' title='bbox 2679 4427 2919 4465; x_wconf 90' lang='lat' dir='ltr'>messem</span> <span class='ocrx_word' id='word_1_604' title='bbox 2942 4413 3532 4486; x_wconf 86' lang='lat' dir='ltr'>credentium.paucas</span> <span class='ocrx_word' id='word_1_605' title='bbox 3553 4433 3743 4472; x_wconf 88' lang='lat' dir='ltr'>manus</span> <span class='ocrx_word' id='word_1_606' title='bbox 3755 4427 3848 4468; x_wconf 75' lang='lat'>11011</span> 
     </span>
    </p>
   </div>
   <div class='ocr_carea' id='block_1_75' title="bbox 605 4499 3846 4570">
    <p class='ocr_par' dir='ltr' id='par_1_75' title="bbox 605 4499 3846 4570">
     <span class='ocr_line' id='line_1_75' title="bbox 605 4499 3846 4570; baseline 0.002 -16"><span class='ocrx_word' id='word_1_607' title='bbox 605 4499 880 4556; x_wconf 89' lang='lat' dir='ltr'>abdicatis</span> <span class='ocrx_word' id='word_1_608' title='bbox 913 4502 1180 4556; x_wconf 89' lang='lat' dir='ltr'>feralibus</span> <span class='ocrx_word' id='word_1_609' title='bbox 1223 4503 1532 4557; x_wconf 88' lang='lat' dir='ltr'>inferorum</span> <span class='ocrx_word' id='word_1_610' title='bbox 1572 4502 1918 4566; x_wconf 90' lang='lat' dir='ltr'>numinibus,</span> <span class='ocrx_word' id='word_1_611' title='bbox 1960 4504 2204 4558; x_wconf 86' lang='lat' dir='ltr'>efﬁcitur</span> <span class='ocrx_word' id='word_1_612' title='bbox 2284 4499 2540 4552; x_wconf 72' lang='lat' dir='ltr'>sufficere</span> <span class='ocrx_word' id='word_1_613' title='bbox 2591 4499 2997 4570; x_wconf 65' lang='lat' dir='ltr'>operariorum.</span> <span class='ocrx_word' id='word_1_614' title='bbox 3037 4503 3340 4558; x_wconf 88' lang='lat' dir='ltr'>Proferunt</span> <span class='ocrx_word' id='word_1_615' title='bbox 3371 4510 3431 4560; x_wconf 90' lang='lat' dir='ltr'>et</span> <span class='ocrx_word' id='word_1_616' title='bbox 3470 4507 3710 4561; x_wconf 87' lang='lat' dir='ltr'>diversas</span> <span class='ocrx_word' id='word_1_617' title='bbox 3743 4499 3846 4556; x_wconf 64' lang='lat' dir='ltr'>novi</span> 
     </span>
    </p>
   </div>
   <div class='ocr_carea' id='block_1_76' title="bbox 605 4587 3847 4668">
    <p class='ocr_par' dir='ltr' id='par_1_76' title="bbox 605 4587 3847 4668">
     <span class='ocr_line' id='line_1_76' title="bbox 605 4587 3847 4668; baseline 0.002 -26"><span class='ocrx_word' id='word_1_618' title='bbox 605 4587 898 4644; x_wconf 88' lang='lat' dir='ltr'>inChristo</span> <span class='ocrx_word' id='word_1_619' title='bbox 928 4589 1126 4644; x_wconf 63' lang='lat' dir='ltr'>divinae</span> <span class='ocrx_word' id='word_1_620' title='bbox 1157 4589 1474 4660; x_wconf 84' lang='lat' dir='ltr'>adOptionis</span> <span class='ocrx_word' id='word_1_621' title='bbox 1503 4589 1672 4644; x_wconf 88' lang='lat' dir='ltr'>ﬁlius.</span> <span class='ocrx_word' id='word_1_622' title='bbox 1717 4591 1954 4662; x_wconf 88' lang='lat' dir='ltr'>Jamque</span> <span class='ocrx_word' id='word_1_623' title='bbox 1983 4593 2200 4646; x_wconf 90' lang='lat' dir='ltr'>cunctis</span> <span class='ocrx_word' id='word_1_624' title='bbox 2283 4588 2552 4657; x_wconf 60' lang='lat' dir='ltr'>praeconis</span> <span class='ocrx_word' id='word_1_625' title='bbox 2597 4589 2899 4658; x_wconf 83' lang='lat' dir='ltr'>Augustini</span> <span class='ocrx_word' id='word_1_626' title='bbox 2938 4591 3429 4664; x_wconf 86' lang='lat' dir='ltr'>interrogationes,</span> <span class='ocrx_word' id='word_1_627' title='bbox 3474 4595 3671 4668; x_wconf 89' lang='lat' dir='ltr'>quibus</span> <span class='ocrx_word' id='word_1_628' title='bbox 3718 4590 3847 4647; x_wconf 86' lang='lat' dir='ltr'>rudis</span> 
     </span>
    </p>
   </div>
   <div class='ocr_carea' id='block_1_77' title="bbox 603 4675 3846 4754">
    <p class='ocr_par' dir='ltr' id='par_1_77' title="bbox 603 4675 3846 4754">
     <span class='ocr_line' id='line_1_77' title="bbox 603 4675 3846 4754; baseline 0 -24"><span class='ocrx_word' id='word_1_629' title='bbox 603 4676 874 4730; x_wconf 63' lang='lat' dir='ltr'>caelorum</span> <span class='ocrx_word' id='word_1_630' title='bbox 900 4677 1201 4732; x_wconf 86' lang='lat' dir='ltr'>virtutibus</span> <span class='ocrx_word' id='word_1_631' title='bbox 1231 4675 1546 4730; x_wconf 89' lang='lat' dir='ltr'>sublimiter</span> <span class='ocrx_word' id='word_1_632' title='bbox 1572 4679 2114 4748; x_wconf 88' lang='lat' dir='ltr'>congratulantibus,</span> <span class='ocrx_word' id='word_1_633' title='bbox 2143 4685 2202 4734; x_wconf 91' lang='lat' dir='ltr'>et</span> <span class='ocrx_word' id='word_1_634' title='bbox 2281 4677 2521 4746; x_wconf 87' lang='lat' dir='ltr'>populus</span> <span class='ocrx_word' id='word_1_635' title='bbox 2549 4677 2756 4732; x_wconf 90' lang='lat' dir='ltr'>certius</span> <span class='ocrx_word' id='word_1_636' title='bbox 2787 4679 3104 4738; x_wconf 86' lang='lat' dir='ltr'>erudiatur.</span> <span class='ocrx_word' id='word_1_637' title='bbox 3143 4682 3299 4736; x_wconf 91' lang='lat' dir='ltr'>Tunc</span> <span class='ocrx_word' id='word_1_638' title='bbox 3333 4682 3846 4754; x_wconf 67' lang='lat' dir='ltr'>praecellentissimus</span> 
     </span>
    </p>
   </div>
   <div class='ocr_carea' id='block_1_78' title="bbox 600 4764 3844 4839">
    <p class='ocr_par' dir='ltr' id='par_1_78' title="bbox 600 4764 3844 4839">
     <span class='ocr_line' id='line_1_78' title="bbox 600 4764 3844 4839; baseline 0.002 -25"><span class='ocrx_word' id='word_1_639' title='bbox 600 4765 937 4835; x_wconf 86' lang='lat' dir='ltr'>populorum</span> <span class='ocrx_word' id='word_1_640' title='bbox 956 4765 1162 4820; x_wconf 85' lang='lat' dir='ltr'>turmis</span> <span class='ocrx_word' id='word_1_641' title='bbox 1193 4764 1264 4818; x_wconf 88' lang='lat' dir='ltr'>ad</span> <span class='ocrx_word' id='word_1_642' title='bbox 1292 4770 1452 4818; x_wconf 86' lang='lat' dir='ltr'>tanta</span> <span class='ocrx_word' id='word_1_643' title='bbox 1467 4764 2191 4835; x_wconf 81' lang='lat' dir='ltr'>solemniaoccurrentibus,</span> <span class='ocrx_word' id='word_1_644' title='bbox 2281 4765 2640 4836; x_wconf 88' lang='lat' dir='ltr'>apostolicus,</span> <span class='ocrx_word' id='word_1_645' title='bbox 2667 4766 3025 4822; x_wconf 64' lang='lat' dir='ltr'>ineﬂ’abiliter</span> <span class='ocrx_word' id='word_1_646' title='bbox 3045 4769 3410 4839; x_wconf 84' lang='lat' dir='ltr'>exhilaratus,</span> <span class='ocrx_word' id='word_1_647' title='bbox 3443 4773 3585 4829; x_wconf 87' lang='lat' dir='ltr'>fusis</span> <span class='ocrx_word' id='word_1_648' title='bbox 3611 4774 3720 4828; x_wconf 91' lang='lat' dir='ltr'>Deo</span> <span class='ocrx_word' id='word_1_649' title='bbox 3743 4770 3844 4824; x_wconf 86' lang='lat' dir='ltr'>inﬁ-</span> 
     </span>
    </p>
   </div>
   <div class='ocr_carea' id='block_1_79' title="bbox 598 4851 3841 4926">
    <p class='ocr_par' dir='ltr' id='par_1_79' title="bbox 598 4851 3841 4926">
     <span class='ocr_line' id='line_1_79' title="bbox 598 4851 3841 4926; baseline 0.002 -19"><span class='ocrx_word' id='word_1_650' title='bbox 598 4851 848 4924; x_wconf 89' lang='lat' dir='ltr'>baptizat</span> <span class='ocrx_word' id='word_1_651' title='bbox 877 4869 1084 4908; x_wconf 88' lang='lat' dir='ltr'>novum</span> <span class='ocrx_word' id='word_1_652' title='bbox 1109 4852 1541 4908; x_wconf 88' lang='lat' dir='ltr'>Constantinum</span> <span class='ocrx_word' id='word_1_653' title='bbox 1566 4853 1832 4909; x_wconf 88' lang='lat' dir='ltr'>Silvester</span> <span class='ocrx_word' id='word_1_654' title='bbox 1867 4872 2061 4910; x_wconf 87' lang='lat' dir='ltr'>novus.</span> <span class='ocrx_word' id='word_1_655' title='bbox 2093 4857 2201 4912; x_wconf 93' lang='lat' dir='ltr'>Un-</span> <span class='ocrx_word' id='word_1_656' title='bbox 2283 4854 2418 4908; x_wconf 83' lang='lat' dir='ltr'>uitis</span> <span class='ocrx_word' id='word_1_657' title='bbox 2431 4860 2554 4918; x_wconf 72' lang='lat'><strong>62</strong></span> <span class='ocrx_word' id='word_1_658' title='bbox 2567 4854 2880 4925; x_wconf 78' lang='lat' dir='ltr'>gratiarum</span> <span class='ocrx_word' id='word_1_659' title='bbox 2893 4858 3202 4926; x_wconf 83' lang='lat' dir='ltr'>sacriﬁciis,</span> <span class='ocrx_word' id='word_1_660' title='bbox 3218 4867 3275 4914; x_wconf 92' lang='lat' dir='ltr'>et</span> <span class='ocrx_word' id='word_1_661' title='bbox 3296 4867 3456 4917; x_wconf 90' lang='lat' dir='ltr'>orato</span> <span class='ocrx_word' id='word_1_662' title='bbox 3468 4862 3700 4918; x_wconf 90' lang='lat' dir='ltr'>Domino</span> <span class='ocrx_word' id='word_1_663' title='bbox 3719 4877 3841 4914; x_wconf 85' lang='lat' dir='ltr'>mes-</span> 
     </span>
    </p>
   </div>
   <div class='ocr_carea' id='block_1_80' title="bbox 595 4941 3843 5020">
    <p class='ocr_par' dir='ltr' id='par_1_80' title="bbox 595 4941 3843 5020">
     <span class='ocr_line' id='line_1_80' title="bbox 595 4941 3843 5020; baseline 0.001 -24"><span class='ocrx_word' id='word_1_664' title='bbox 595 4944 754 5012; x_wconf 88' lang='lat' dir='ltr'>gitur</span> <span class='ocrx_word' id='word_1_665' title='bbox 781 4943 1134 5013; x_wconf 89' lang='lat' dir='ltr'>evangelicus</span> <span class='ocrx_word' id='word_1_666' title='bbox 1163 4941 1339 4996; x_wconf 90' lang='lat' dir='ltr'>David</span> <span class='ocrx_word' id='word_1_667' title='bbox 1366 4941 1488 4996; x_wconf 92' lang='lat' dir='ltr'>oleo</span> <span class='ocrx_word' id='word_1_668' title='bbox 1509 4942 1736 5006; x_wconf 63' lang='lat' dir='ltr'>laetitiae,</span> <span class='ocrx_word' id='word_1_669' title='bbox 1756 4945 2200 5002; x_wconf 85' lang='lat' dir='ltr'>etintronizatur</span> <span class='ocrx_word' id='word_1_670' title='bbox 2282 4941 2360 4996; x_wconf 91' lang='lat' dir='ltr'>sis</span> <span class='ocrx_word' id='word_1_671' title='bbox 2389 4951 2452 4996; x_wconf 92' lang='lat' dir='ltr'>ut</span> <span class='ocrx_word' id='word_1_672' title='bbox 2480 4943 2670 4997; x_wconf 88' lang='lat' dir='ltr'>mittat</span> <span class='ocrx_word' id='word_1_673' title='bbox 2697 4945 2984 5014; x_wconf 87' lang='lat' dir='ltr'>operarios</span> <span class='ocrx_word' id='word_1_674' title='bbox 3013 4947 3074 5002; x_wconf 88' lang='lat' dir='ltr'>in</span> <span class='ocrx_word' id='word_1_675' title='bbox 3102 4965 3344 5004; x_wconf 89' lang='lat' dir='ltr'>messem</span> <span class='ocrx_word' id='word_1_676' title='bbox 3389 4968 3570 5020; x_wconf 91' lang='lat' dir='ltr'>suam,</span> <span class='ocrx_word' id='word_1_677' title='bbox 3617 4947 3843 5006; x_wconf 86' lang='lat' dir='ltr'>exhaurit</span> 
     </span>
    </p>
   </div>
   <div class='ocr_carea' id='block_1_81' title="bbox 595 5029 3844 5112">
    <p class='ocr_par' dir='ltr' id='par_1_81' title="bbox 595 5029 3844 5112">
     <span class='ocr_line' id='line_1_81' title="bbox 595 5029 3844 5112; baseline 0.003 -28"><span class='ocrx_word' id='word_1_678' title='bbox 595 5038 928 5086; x_wconf 87' lang='lat' dir='ltr'>mansuetus</span> <span class='ocrx_word' id='word_1_679' title='bbox 955 5031 1095 5085; x_wconf 92' lang='lat' dir='ltr'>solio</span> <span class='ocrx_word' id='word_1_680' title='bbox 1126 5029 1537 5084; x_wconf 67' lang='lat' dir='ltr'>misericordiae.</span> <span class='ocrx_word' id='word_1_681' title='bbox 1577 5032 1891 5088; x_wconf 90' lang='lat' dir='ltr'>Coronatur</span> <span class='ocrx_word' id='word_1_682' title='bbox 1935 5035 2193 5090; x_wconf 82' lang='lat' dir='ltr'>ecclesia-</span> <span class='ocrx_word' id='word_1_683' title='bbox 2280 5033 2625 5086; x_wconf 81' lang='lat' dir='ltr'>monasteria</span> <span class='ocrx_word' id='word_1_684' title='bbox 2652 5048 2756 5086; x_wconf 75' lang='lat' dir='ltr'>sua</span> <span class='ocrx_word' id='word_1_685' title='bbox 2774 5038 2832 5086; x_wconf 85' lang='lat' dir='ltr'>et</span> <span class='ocrx_word' id='word_1_686' title='bbox 2852 5036 3130 5106; x_wconf 85' lang='lat' dir='ltr'>ecclesias,</span> <span class='ocrx_word' id='word_1_687' title='bbox 3164 5044 3220 5092; x_wconf 89' lang='lat' dir='ltr'>et</span> <span class='ocrx_word' id='word_1_688' title='bbox 3241 5039 3514 5111; x_wconf 89' lang='lat' dir='ltr'>quidquid</span> <span class='ocrx_word' id='word_1_689' title='bbox 3531 5046 3712 5112; x_wconf 90' lang='lat' dir='ltr'>potest</span> <span class='ocrx_word' id='word_1_690' title='bbox 3733 5053 3844 5092; x_wconf 78' lang='lat' dir='ltr'>eru-</span> 
     </span>
    </p>
   </div>
   <div class='ocr_carea' id='block_1_82' title="bbox 595 5117 2189 5189">
    <p class='ocr_par' dir='ltr' id='par_1_82' title="bbox 595 5117 2189 5189">
     <span class='ocr_line' id='line_1_82' title="bbox 595 5117 2189 5189; baseline 0.004 -17"><span class='ocrx_word' id='word_1_691' title='bbox 595 5117 773 5172; x_wconf 89' lang='lat' dir='ltr'>sticus</span> <span class='ocrx_word' id='word_1_692' title='bbox 803 5119 1068 5172; x_wconf 88' lang='lat' dir='ltr'>Salomon</span> <span class='ocrx_word' id='word_1_693' title='bbox 1103 5133 1311 5171; x_wconf 89' lang='lat' dir='ltr'>corona</span> <span class='ocrx_word' id='word_1_694' title='bbox 1357 5117 1604 5188; x_wconf 87' lang='lat' dir='ltr'>paciﬁca,</span> <span class='ocrx_word' id='word_1_695' title='bbox 1637 5121 1693 5173; x_wconf 92' lang='lat' dir='ltr'>in</span> <span class='ocrx_word' id='word_1_696' title='bbox 1723 5122 1988 5189; x_wconf 65' lang='lat' dir='ltr'>aequitate</span> <span class='ocrx_word' id='word_1_697' title='bbox 2021 5128 2078 5176; x_wconf 89' lang='lat' dir='ltr'>et</span> <span class='ocrx_word' id='word_1_698' title='bbox 2099 5140 2189 5178; x_wconf 90' lang='lat' dir='ltr'>sa-</span> 
     </span>
    </p>
   </div>
   <div class='ocr_carea' id='block_1_83' title="bbox 592 5205 2190 5278">
    <p class='ocr_par' dir='ltr' id='par_1_83' title="bbox 592 5205 2190 5278">
     <span class='ocr_line' id='line_1_83' title="bbox 592 5205 2190 5278; baseline 0.004 -18"><span class='ocrx_word' id='word_1_699' title='bbox 592 5205 828 5278; x_wconf 88' lang='lat' dir='ltr'>pientia.</span> <span class='ocrx_word' id='word_1_700' title='bbox 863 5205 1084 5260; x_wconf 67' lang='lat' dir='ltr'>Praebet</span> <span class='ocrx_word' id='word_1_701' title='bbox 1111 5221 1170 5258; x_wconf 87' lang='lat' dir='ltr'>se</span> <span class='ocrx_word' id='word_1_702' title='bbox 1191 5205 1261 5259; x_wconf 91' lang='lat' dir='ltr'>de</span> <span class='ocrx_word' id='word_1_703' title='bbox 1289 5205 1525 5277; x_wconf 90' lang='lat' dir='ltr'>imperio</span> <span class='ocrx_word' id='word_1_704' title='bbox 1573 5225 1861 5264; x_wconf 91' lang='lat' dir='ltr'>servorum</span> <span class='ocrx_word' id='word_1_705' title='bbox 1890 5210 1990 5264; x_wconf 90' lang='lat' dir='ltr'>Dei</span> <span class='ocrx_word' id='word_1_706' title='bbox 2014 5212 2190 5267; x_wconf 83' lang='lat' dir='ltr'>famu-</span> 
     </span>
    </p>
   </div>
   <div class='ocr_carea' id='block_1_84' title="bbox 593 5293 2186 5367">
    <p class='ocr_par' dir='ltr' id='par_1_84' title="bbox 593 5293 2186 5367">
     <span class='ocr_line' id='line_1_84' title="bbox 593 5293 2186 5367; baseline 0.003 -19"><span class='ocrx_word' id='word_1_707' title='bbox 593 5294 733 5361; x_wconf 90' lang='lat' dir='ltr'>lum,</span> <span class='ocrx_word' id='word_1_708' title='bbox 783 5293 1129 5348; x_wconf 88' lang='lat' dir='ltr'>convertitur</span> <span class='ocrx_word' id='word_1_709' title='bbox 1163 5293 1423 5365; x_wconf 88' lang='lat' dir='ltr'>princeps</span> <span class='ocrx_word' id='word_1_710' title='bbox 1459 5295 1667 5349; x_wconf 89' lang='lat' dir='ltr'>ducum</span> <span class='ocrx_word' id='word_1_711' title='bbox 1707 5297 1767 5349; x_wconf 90' lang='lat' dir='ltr'>in</span> <span class='ocrx_word' id='word_1_712' title='bbox 1801 5298 2186 5367; x_wconf 86' lang='lat' dir='ltr'>evangelicum</span> 
     </span>
    </p>
   </div>
   <div class='ocr_carea' id='block_1_85' title="bbox 590 5373 2187 5454">
    <p class='ocr_par' dir='ltr' id='par_1_85' title="bbox 590 5373 2187 5454">
     <span class='ocr_line' id='line_1_85' title="bbox 590 5373 2187 5454; baseline 0.004 -22"><span class='ocrx_word' id='word_1_713' title='bbox 590 5379 908 5448; x_wconf 88' lang='lat' dir='ltr'>parvulum,</span> <span class='ocrx_word' id='word_1_714' title='bbox 947 5377 1365 5433; x_wconf 88' lang='lat' dir='ltr'>et.dominator</span> <span class='ocrx_word' id='word_1_715' title='bbox 1394 5373 1728 5450; x_wconf 76' lang='lat' dir='ltr'>populorum</span> <span class='ocrx_word' id='word_1_716' title='bbox 1767 5381 2094 5454; x_wconf 90' lang='lat' dir='ltr'>sociumque</span> <span class='ocrx_word' id='word_1_717' title='bbox 2127 5403 2187 5438; x_wconf 89' lang='lat' dir='ltr'>se</span> 
     </span>
    </p>
   </div>
   <div class='ocr_carea' id='block_1_86' title="bbox 591 5467 2188 5540">
    <p class='ocr_par' dir='ltr' id='par_1_86' title="bbox 591 5467 2188 5540">
     <span class='ocr_line' id='line_1_86' title="bbox 591 5467 2188 5540; baseline 0.005 -20"><span class='ocrx_word' id='word_1_718' title='bbox 591 5469 886 5536; x_wconf 87' lang='lat' dir='ltr'>proﬁtetur</span> <span class='ocrx_word' id='word_1_719' title='bbox 896 5484 1229 5540; x_wconf 88' lang='lat' dir='ltr'>pauperum.</span> <span class='ocrx_word' id='word_1_720' title='bbox 1248 5467 1470 5522; x_wconf 87' lang='lat' dir='ltr'>Gaudet</span> <span class='ocrx_word' id='word_1_721' title='bbox 1499 5469 1848 5538; x_wconf 88' lang='lat' dir='ltr'>Augustinus</span> <span class='ocrx_word' id='word_1_722' title='bbox 1865 5476 1922 5524; x_wconf 90' lang='lat' dir='ltr'>et</span> <span class='ocrx_word' id='word_1_723' title='bbox 1941 5472 2188 5528; x_wconf 87' lang='lat' dir='ltr'>Ecclesia</span> 
     </span>
    </p>
   </div>
   <div class='ocr_carea' id='block_1_87' title="bbox 590 5555 2188 5628">
    <p class='ocr_par' dir='ltr' id='par_1_87' title="bbox 590 5555 2188 5628">
     <span class='ocr_line' id='line_1_87' title="bbox 590 5555 2188 5628; baseline 0.007 -22"><span class='ocrx_word' id='word_1_724' title='bbox 590 5555 833 5624; x_wconf 89' lang='lat' dir='ltr'>amplius</span> <span class='ocrx_word' id='word_1_725' title='bbox 855 5573 915 5610; x_wconf 90' lang='lat' dir='ltr'>se</span> <span class='ocrx_word' id='word_1_726' title='bbox 943 5557 1151 5611; x_wconf 86' lang='lat' dir='ltr'>habere</span> <span class='ocrx_word' id='word_1_727' title='bbox 1176 5557 1493 5627; x_wconf 86' lang='lat' dir='ltr'>adjutorem</span> <span class='ocrx_word' id='word_1_728' title='bbox 1522 5573 1690 5628; x_wconf 89' lang='lat' dir='ltr'>quam</span> <span class='ocrx_word' id='word_1_729' title='bbox 1712 5565 1842 5612; x_wconf 83' lang='lat' dir='ltr'>ante</span> <span class='ocrx_word' id='word_1_730' title='bbox 1862 5559 2188 5618; x_wconf 89' lang='lat' dir='ltr'>timuissent</span> 
     </span>
    </p>
   </div>
   <div class='ocr_carea' id='block_1_88' title="bbox 2273 5119 3842 5200">
    <p class='ocr_par' dir='ltr' id='par_1_88' title="bbox 2273 5119 3842 5200">
     <span class='ocr_line' id='line_1_88' title="bbox 2273 5119 3842 5200; baseline 0.004 -27"><span class='ocrx_word' id='word_1_731' title='bbox 2273 5119 2520 5175; x_wconf 89' lang='lat' dir='ltr'>ditorum</span> <span class='ocrx_word' id='word_1_732' title='bbox 2539 5139 2604 5176; x_wconf 86' lang='lat' dir='ltr'>ac</span> <span class='ocrx_word' id='word_1_733' title='bbox 2628 5123 3021 5196; x_wconf 86' lang='lat' dir='ltr'>religiosorum</span> <span class='ocrx_word' id='word_1_734' title='bbox 3050 5127 3298 5182; x_wconf 88' lang='lat' dir='ltr'>virorum</span> <span class='ocrx_word' id='word_1_735' title='bbox 3327 5129 3388 5182; x_wconf 89' lang='lat' dir='ltr'>in</span> <span class='ocrx_word' id='word_1_736' title='bbox 3413 5146 3556 5200; x_wconf 91' lang='lat' dir='ltr'>opus</span> <span class='ocrx_word' id='word_1_737' title='bbox 3585 5123 3842 5198; x_wconf 86' lang='lat' dir='ltr'>Evangelii</span> 
     </span>
    </p>
   </div>
   <div class='ocr_carea' id='block_1_89' title="bbox 2272 5209 3842 5292">
    <p class='ocr_par' dir='ltr' id='par_1_89' title="bbox 2272 5209 3842 5292">
     <span class='ocr_line' id='line_1_89' title="bbox 2272 5209 3842 5292; baseline 0.006 -30"><span class='ocrx_word' id='word_1_738' title='bbox 2272 5209 2600 5280; x_wconf 84' lang='lat' dir='ltr'>efﬂagitare,</span> <span class='ocrx_word' id='word_1_739' title='bbox 2635 5217 2754 5268; x_wconf 90' lang='lat' dir='ltr'>toto</span> <span class='ocrx_word' id='word_1_740' title='bbox 2779 5216 2984 5270; x_wconf 89' lang='lat' dir='ltr'>mentis</span> <span class='ocrx_word' id='word_1_741' title='bbox 3010 5219 3228 5284; x_wconf 68' lang='lat' dir='ltr'>affectu,</span> <span class='ocrx_word' id='word_1_742' title='bbox 3263 5221 3426 5276; x_wconf 89' lang='lat' dir='ltr'>unico</span> <span class='ocrx_word' id='word_1_743' title='bbox 3454 5219 3842 5292; x_wconf 61' lang='lat' dir='ltr'>Augustino,,et</span> 
     </span>
    </p>
   </div>
   <div class='ocr_carea' id='block_1_90' title="bbox 2270 5297 3838 5380">
    <p class='ocr_par' dir='ltr' id='par_1_90' title="bbox 2270 5297 3838 5380">
     <span class='ocr_line' id='line_1_90' title="bbox 2270 5297 3838 5380; baseline 0.003 -30"><span class='ocrx_word' id='word_1_744' title='bbox 2270 5297 2448 5353; x_wconf 68' lang='lat' dir='ltr'>unicze</span> <span class='ocrx_word' id='word_1_745' title='bbox 2496 5306 2700 5356; x_wconf 67' lang='lat' dir='ltr'>amatze</span> <span class='ocrx_word' id='word_1_746' title='bbox 2738 5305 2894 5373; x_wconf 88' lang='lat' dir='ltr'>genti</span> <span class='ocrx_word' id='word_1_747' title='bbox 2941 5311 3119 5360; x_wconf 88' lang='lat' dir='ltr'>certat</span> <span class='ocrx_word' id='word_1_748' title='bbox 3158 5308 3438 5380; x_wconf 88' lang='lat' dir='ltr'>delegare.</span> <span class='ocrx_word' id='word_1_749' title='bbox 3490 5309 3634 5364; x_wconf 87' lang='lat' dir='ltr'>Huic</span> <span class='ocrx_word' id='word_1_750' title='bbox 3672 5308 3838 5362; x_wconf 82' lang='lat' dir='ltr'>sancto</span> 
     </span>
    </p>
   </div>
   <div class='ocr_carea' id='block_1_91' title="bbox 2269 5386 3837 5467">
    <p class='ocr_par' dir='ltr' id='par_1_91' title="bbox 2269 5386 3837 5467">
     <span class='ocr_line' id='line_1_91' title="bbox 2269 5386 3837 5467; baseline 0.008 -28"><span class='ocrx_word' id='word_1_751' title='bbox 2269 5386 2634 5444; x_wconf 89' lang='lat' dir='ltr'>contubernio</span> <span class='ocrx_word' id='word_1_752' title='bbox 2660 5393 3067 5462; x_wconf 69' lang='lat' dir='ltr'>praepollebant</span> <span class='ocrx_word' id='word_1_753' title='bbox 3087 5401 3332 5467; x_wconf 89' lang='lat' dir='ltr'>quatuor</span> <span class='ocrx_word' id='word_1_754' title='bbox 3353 5397 3708 5453; x_wconf 89' lang='lat' dir='ltr'>ecclesiastici</span> <span class='ocrx_word' id='word_1_755' title='bbox 3733 5407 3837 5466; x_wconf 81' lang='lat' dir='ltr'>pro-</span> 
     </span>
    </p>
   </div>
   <div class='ocr_carea' id='block_1_92' title="bbox 2267 5485 3836 5554">
    <p class='ocr_par' dir='ltr' id='par_1_92' title="bbox 2267 5485 3836 5554">
     <span class='ocr_line' id='line_1_92' title="bbox 2267 5485 3836 5554; baseline 0.009 -25"><span class='ocrx_word' id='word_1_756' title='bbox 2267 5492 2440 5540; x_wconf 88' lang='lat' dir='ltr'>ceres,</span> <span class='ocrx_word' id='word_1_757' title='bbox 2494 5495 2592 5532; x_wconf 90' lang='lat' dir='ltr'>seu</span> <span class='ocrx_word' id='word_1_758' title='bbox 2641 5487 2885 5549; x_wconf 90' lang='lat' dir='ltr'>quatuor</span> <span class='ocrx_word' id='word_1_759' title='bbox 2926 5485 3298 5554; x_wconf 71' lang='lat' dir='ltr'>cvangelistaa,</span> <span class='ocrx_word' id='word_1_760' title='bbox 3341 5487 3605 5548; x_wconf 83' lang='lat' dir='ltr'>Mellitus,</span> <span class='ocrx_word' id='word_1_761' title='bbox 3646 5487 3836 5543; x_wconf 59' lang='lat' dir='ltr'>Justusi</span> 
     </span>
    </p>
   </div>
   <div class='ocr_carea' id='block_1_93' title="bbox 2270 5563 3834 5632">
    <p class='ocr_par' dir='ltr' id='par_1_93' title="bbox 2270 5563 3834 5632">
     <span class='ocr_line' id='line_1_93' title="bbox 2270 5563 3834 5632; baseline 0.008 -16"><span class='ocrx_word' id='word_1_762' title='bbox 2270 5563 2562 5632; x_wconf 90' lang='lat' dir='ltr'>Paulinus,</span> <span class='ocrx_word' id='word_1_763' title='bbox 2605 5567 2898 5624; x_wconf 88' lang='lat' dir='ltr'>Rulianus.</span> <span class='ocrx_word' id='word_1_764' title='bbox 2939 5570 3186 5628; x_wconf 88' lang='lat' dir='ltr'>Mellitus</span> <span class='ocrx_word' id='word_1_765' title='bbox 3211 5574 3383 5631; x_wconf 87' lang='lat' dir='ltr'>abbas</span> <span class='ocrx_word' id='word_1_766' title='bbox 3401 5577 3698 5632; x_wconf 88' lang='lat' dir='ltr'>melliﬂuus</span> <span class='ocrx_word' id='word_1_767' title='bbox 3720 5581 3834 5626; x_wconf 80' lang='lat' dir='ltr'>tunc</span> 
     </span>
    </p>
   </div>
   <div class='ocr_carea' id='block_1_94' title="bbox 657 5655 3587 5758">
    <p class='ocr_par' dir='ltr' id='par_1_94' title="bbox 657 5655 3587 5758">
     <span class='ocr_line' id='line_1_94' title="bbox 657 5655 3587 5758; baseline 0.008 -42"><span class='ocrx_word' id='word_1_768' title='bbox 657 5655 772 5733; x_wconf 88' lang='lat'>(86)</span> <span class='ocrx_word' id='word_1_769' title='bbox 797 5661 1052 5720; x_wconf 80' lang='lat' dir='ltr'>Pontifex</span> <span class='ocrx_word' id='word_1_770' title='bbox 1079 5663 1354 5721; x_wconf 83' lang='lat' dir='ltr'>Letardus</span> <span class='ocrx_word' id='word_1_771' title='bbox 1382 5665 1602 5722; x_wconf 83' lang='lat' dir='ltr'>Berthae</span> <span class='ocrx_word' id='word_1_772' title='bbox 1624 5666 1836 5737; x_wconf 65' lang='lat' dir='ltr'>reginae</span> <span class='ocrx_word' id='word_1_773' title='bbox 1865 5667 2184 5725; x_wconf 83' lang='lat' dir='ltr'>Christiana</span> <span class='ocrx_word' id='word_1_774' title='bbox 2209 5669 2391 5724; x_wconf 68' lang='lat' dir='ltr'>cilicia</span> <span class='ocrx_word' id='word_1_775' title='bbox 2417 5672 2826 5731; x_wconf 83' lang='lat' dir='ltr'>subministrat.</span> <span class='ocrx_word' id='word_1_776' title='bbox 2851 5678 3211 5736; x_wconf 87' lang='lat' dir='ltr'>Malmesbur.</span> <span class='ocrx_word' id='word_1_777' title='bbox 3245 5681 3341 5741; x_wconf 89' lang='lat' dir='ltr'>ubi</span> <span class='ocrx_word' id='word_1_778' title='bbox 3367 5699 3587 5758; x_wconf 54' lang='lat' dir='ltr'>supra:</span> 
     </span>
    </p>
   </div>
  </div>
