3920 6354
104 307 187 365 753
484 346 489 353 ,
1084 305 1255 360 VlTA
1293 304 1350 358 S.
1393 303 1785 360 AUGUSTINI
1828 304 2043 360 ANGL.
2085 306 2336 362 APOST.

89 429 399 504 przelucebat
434 428 729 501 splendido
762 428 933 493 choro
982 429 1344 502 Gregoriano.
1388 430 1563 484 Mittit
1600 432 1722 489 etA
1743 436 2119 487 convertatur.
2152 431 2451 498 Animalia,
2482 449 2706 505 quoque
2726 449 2850 505 qum
2869 432 3124 487 solebant
3146 432 3353 488 daemo-

90 520 426 593 apostolicum
499 518 813 588 Augustino
865 520 1119 590 pallium,
1181 520 1394 588 grande
1450 520 1663 574 scilicet
1742 518 2250 588 nibus_immolare,
2277 523 2398 591 jam
2432 537 2546 576 non
2574 522 2634 575 in
2662 522 2872 577 cultum
2904 520 3130 588 diaboli,
3160 521 3261 576 sed
3287 520 3344 576 in

91 610 336 663 t‘liristict
357 607 611 661 Ecclesiae
632 613 1068 671 sacramentum,
1106 613 1375 679 tanquam
1405 608 1656 663 omnium
1741 608 1965 662 laudem
1997 609 2099 663 Dei
2129 610 2187 663 in
2215 627 2379 664 usum
2407 627 2571 665 suum
2606 611 2879 673 occidant,
2896 610 3234 664 etDonatori
3254 610 3349 663 de-

86 697 756 759 virtutumindumentum,
778 698 927 768 quod
941 698 1318 751 estvineulum
1339 698 1660 752 dilectionis
1741 698 2003 753 satietate
2032 716 2134 753 sua
2163 701 2376 769 gratias
2434 705 2623 770 agant.
2678 700 2768 754 Sic
2806 699 3106 754 [sraelitico
3141 698 3347 770 populo

3248 304 3353 366 754

84 788 183 852 Dei,
212 793 266 841 et
292 787 556 852 fratrum,
587 792 651 840 ut
677 786 885 841 Christi
913 786 1154 840 vicarius
1185 786 1258 840 sit
1281 787 1500 840 medius
1530 804 1656 840 con-
1739 787 1797 841 in

84 878 276 931 ciliator
311 875 413 930 Dei
444 881 504 929 et
530 876 840 942 hominum,
876 882 933 929 et
980 893 1119 929 zona
1150 883 1397 946 patemze
1420 876 1656 946 justitize

83 965 504 1031 circumcinctus,
558 965 785 1035 angelos
815 970 872 1019 et
898 965 1173 1027 homines,
1202 970 1412 1018 terram
1446 966 1653 1020 confm-

83 1057 215 1108 deret
232 1059 287 1107 et
305 1054 533 1107 cmlum.
568 1054 739 1107 Addit
767 1060 1120 1108 sacrosancta
1151 1055 1332 1117 xenia,
1367 1055 1650 1125 apostolo-

80 1160 183 1196 rum
208 1142 411 1196 scilicet
441 1147 501 1196 et
530 1148 844 1213 martyrum
872 1143 1084 1197 vivifica
1106 1144 1337 1213 pignera
1364 1142 1647 1216 [pignora]

80 1249 131 1284 ac
155 1232 358 1285 diversa
386 1248 513 1302 quae
540 1231 805 1295 ecelesize,
838 1248 960 1302 quae
990 1232 1388 1295 sacerdotibus,
1415 1249 1539 1302 quae
1568 1233 1649 1284 al-

80 1320 285 1385 taribus,
334 1337 399 1374 ac
452 1321 760 1374 Dominicis
791 1320 1060 1374 ministris
1092 1321 1446 1385 conveniant,
1482 1337 1648 1373 orna-

79 1416 258 1462 menta.
292 1409 592 1463 Librorum
623 1427 844 1480 quoque
875 1410 1132 1479 adjungit
1160 1411 1410 1480 Opimum
1460 1409 1651 1462 convi-

120 1515 221 1562 um,
264 1503 320 1551 et
361 1498 694 1552 indeﬁciens
752 1499 820 1551 ad
882 1499 1004 1552 vitae
1061 1500 1301 1568 patriam
1361 1499 1623 1552 viaticum

80 1587 228 1640 Mittit
264 1587 432 1641 etiam
493 1588 856 1658 prwfatarum
907 1588 1175 1641 enodatas
1221 1594 1276 1641 et
1322 1589 1649 1658 explanatas

79 1676 556 1747 interrogationum
583 1677 941 1746 quaestiones,
968 1693 1107 1746 quas
1127 1677 1185 1730 in
1211 1677 1457 1730 Historia
1488 1677 1649 1729 Beda:

1905 794 2074 859 gypto
2100 789 2365 842 Dominus
2388 790 2447 843 in
2476 806 2578 843 suo
2609 789 2898 854 sacriﬁcio,
2933 788 3219 853 animalia,
3245 788 3348 841 im-

1738 879 1949 931 molare
1980 877 2260 948 praecepit,
2293 883 2358 931 ut
2375 895 2506 932 vero
2536 878 2651 932 haec
2679 877 2813 940 Deo,
2863 895 2976 932 non
3026 876 3189 931 idolis
3236 876 3344 930 im-

1738 967 2036 1021 molarent.
2089 966 2235 1019 Data
2288 966 2377 1020 die
2434 966 2630 1037 quinto
2685 967 2901 1020 decimo
2959 966 3342 1021 Kalendarum

1736 1056 1996 1124 Augusti,
2029 1072 2177 1109 anno
2208 1054 2428 1127 imperii
2457 1055 2711 1108 Mauricii
2741 1055 2956 1109 decimo
2988 1072 3155 1109 nono.

1807 1148 1868 1200 In
1903 1146 2070 1199 tertia
2094 1162 2224 1199 vero
2254 1145 2491 1216 epistola
2514 1145 2683 1198 missa
2699 1144 3115 1218 Augustino(D.
3138 1145 3337 1210 Gram,

1733 1235 1830 1289 lib.
1864 1250 1937 1301 1x,
1975 1234 2121 1305 epist
2176 1235 2258 1303 58)
2289 1253 2299 1286 :
2332 1250 2395 1287 ex
2428 1250 2631 1304 magno
2667 1234 2874 1303 gaudio
2920 1250 3197 1288 conversae
3235 1250 3339 1304 per

1736 1342 1862 1378 eum
1925 1322 2129 1394 gentis,
2172 1324 2229 1376 in
2272 1323 2494 1376 laudem
2540 1322 2762 1377 Domini
2810 1324 3084 1376 exclamat
3122 1322 3202 1376 sic
3248 1323 3339 1376 in-

1735 1414 1944 1466 choans
2025 1434 2046 1463 ‹
2066 1414 2253 1467 Gloria
2284 1415 2346 1465 in
2376 1414 2594 1465 excelsis
2624 1413 2747 1477 Deo,
2781 1415 2913 1465 etin
2941 1417 3091 1465 terra
3109 1428 3228 1480 pax
3246 1412 3337 1465 ho-

1736 1505 1983 1556 minibus
2009 1504 2156 1555 bona:
2185 1504 2491 1555 voluntatis
2518 1503 2671 1572 (Luc.
2704 1515 2767 1566 II,
2787 1500 2905 1567 14);
2930 1500 3060 1571 quia
3091 1516 3334 1570 granum

1732 1590 1998 1644 frumenti
2027 1591 2231 1644 cadens
2259 1590 2316 1643 in
2351 1595 2505 1643 terra
2535 1595 2818 1643 mortuum
2836 1594 2940 1655 est,
2970 1588 3131 1659 cujus
3152 1594 3333 1643 morte

1732 1680 1988 1737 vivimus.
2019 1681 2179 1749 cujus
2208 1680 2536 1733 inﬁrmitate
2568 1680 2919 1741 roboramur,
2951 1679 3113 1747 cujus
3143 1694 3334 1735 amore

79 1766 222 1817 lector
248 1765 491 1835 reperiet
518 1764 651 1834 (87).
713 1766 789 1819 Ex
832 1765 1034 1835 quibus
1081 1782 1255 1819 unum
1303 1766 1393 1820 hic
1430 1765 1711 1837 videturB
1736 1770 1791 1823 in
1814 1770 2105 1824 Britannia
2132 1771 2331 1824 fratres
2352 1770 2674 1841 quaerimus,
2726 1786 2865 1840 quos
2908 1770 3334 1839 ignorabamus,

79 1854 539 1908 commentandum
599 1854 747 1924 quod
800 1854 1005 1907 diversi
1057 1872 1193 1908 usus
1248 1855 1637 1918 Ecclesiarum,

80 1961 397 2014 nequaquam
427 1944 638 1998 faciant
665 1944 813 2015 apud
858 1961 1023 1997 sanas
1062 1950 1278 1997 mentes
1317 1943 1642 2005 divortium,

80 2034 201 2085 salva
230 2034 390 2086 modo
420 2034 555 2098 ﬁde,
572 2040 624 2087 et
650 2034 1033 2086 observatione
1065 2034 1358 2096 catholica,
1382 2033 1478 2085 sed
1498 2033 1645 2085 sicut

79 2122 215 2175 unius
240 2123 485 2193 corporis
513 2122 737 2175 diversa
765 2129 893 2176 sunt
935 2122 1189 2175 membra
1228 2128 1284 2175 et
1321 2122 1525 2189 ofﬁcia,
1565 2121 1643 2174 sic

80 2211 241 2280 regina
264 2212 451 2281 sponsi
474 2211 705 2265 Domini
735 2211 1006 2264 varietate
1044 2211 1483 2271 circumamicta,
1523 2214 1640 2263 tam

80 2300 372 2354 multimoda
389 2317 564 2371 quam
592 2300 899 2353 multifaria
925 2300 1239 2370 triumphat
1260 2300 1316 2352 in
1332 2300 1531 2369 gloria.
1552 2300 1643 2353 Sic

80 2394 123 2441 et
145 2405 243 2442 una
285 2406 492 2443 corona
544 2389 988 2443 multicoloribus
1035 2388 1246 2442 texitur
1288 2389 1536 2449 ﬂoribus,
1586 2394 1642 2441 et

82 2493 220 2529 unum
243 2479 442 2531 monile
472 2494 710 2531 aureum
736 2477 899 2530 variis
936 2493 1291 2546 gemmarum
1322 2476 1641 2530 illustratur

80 2565 447 2633 splendoribus,
472 2572 533 2619 et
561 2566 793 2619 diversis
813 2582 1006 2619 vocum
1022 2564 1437 2618 discriminibus
1464 2581 1638 2618 unum

80 2662 368 2712 concentum
401 2657 717 2711 reddimus.

133 2790 312 2846 Scribit
338 2794 513 2847 etiam
547 2792 864 2863 Augustino
895 2791 963 2844 de
993 2807 1096 2845 sua
1123 2790 1356 2856 ditione,
1391 2789 1470 2843 sic
1498 2788 1637 2843 inci-

79 2879 205 2945 piens
232 2882 316 2947 (D.
344 2883 601 2937 Gnaeos.
636 2884 860 2950 cpistola
888 2883 963 2934 ad
1001 2883 1059 2934 Β.
1094 2880 1496 2946 Augustinum,
1536 2878 1632 2932 lib.

78 2973 308 3038 Junepist.
350 2970 429 3042 15)
468 2990 482 3024 :

1724 1860 1884 1928 cujus
1916 1876 2148 1912 munere
2176 1876 2315 1930 quos
2335 1860 2650 1913 nescientes
2677 1857 3084 1929 quaerebamus,
3112 1859 3333 1914 inveni-

1726 1965 1868 2002 mus.
1898 1948 2035 2011 Quis
2066 1954 2254 2001 autem
2288 1964 2520 2001 narrare
2544 1947 2802 2011 sufﬁciat,
2837 1953 3050 2018 quanta
3074 1948 3165 2002 hic
3193 1949 3332 2002 laeti-

1726 2037 1803 2089 tia
1830 2037 1888 2090 in
1917 2036 2166 2090 omnium
2190 2037 2355 2090 corde
2382 2036 2627 2089 ﬁdelium
2681 2036 2851 2089 fuerit
2896 2038 3122 2090 exorta?
3165 2036 3327 2101 Quod

1723 2143 1861 2195 gens
1890 2128 2199 2196 Anglorum
2218 2131 2484 2196 Operante
2510 2125 2917 2195 omnipotentis
2938 2126 3038 2180 Dei
3056 2125 3331 2195 gratia,et

1726 2221 1823 2269 tua
1846 2215 2199 2269 fraternitate
2228 2214 2538 2279 laborante,
2572 2214 2815 2284 expulsis
2865 2230 3117 2268 errorum
3168 2220 3326 2269 tene-

1724 2303 1857 2369 bris,
1907 2309 2111 2358 sanctze
2151 2304 2279 2357 ﬁdei
2322 2304 2445 2357 luce
2501 2302 2727 2373 perfusa
2773 2308 2876 2369 est,
2929 2303 3077 2373 quod
3135 2309 3325 2358 mente

1721 2402 2084 2472 integerrima
2109 2404 2227 2472 jam
2258 2403 2434 2456 calcat
2465 2401 2635 2467 idola,
2670 2401 2871 2472 quibus
2918 2402 3075 2473 prius
3122 2418 3325 2457 vesano

1724 2502 1925 2554 timore
1941 2500 2289 2570 subjacebat,
2305 2501 2451 2572 quod
2473 2499 2842 2572 omnipotenti
2858 2500 2973 2554 Deo
2992 2517 3136 2572 puro
3156 2501 3324 2556 corde

1722 2598 2195 2653 substernitur?»
2252 2599 2465 2652 Deinde
2511 2603 2638 2669 post
2683 2614 2860 2667 pauca
2913 2599 3320 2670 prosequitur:

1726 2715 1751 2748 α
1786 2697 1928 2761 Scio,
1963 2698 2139 2763 frater
2175 2697 2521 2761 charissime,
2566 2696 2713 2766 quod
2753 2696 3107 2767 omnipotens
3148 2698 3315 2763 Deus,

1718 2811 1820 2865 per
1848 2795 2201 2848 dilectionem
2241 2800 2419 2860 tuam,
2452 2795 2511 2848 in
2545 2799 2713 2865 gente
2747 2810 2916 2865 quam
2947 2794 3090 2865 elegi
3121 2796 3314 2862 voluit,

1718 2910 1924 2964 magna
1950 2893 2224 2947 miracula
2274 2891 2536 2945 ostendit.
2592 2910 2619 2943 ι)
2670 2892 2801 2945 Haec
2846 2891 3056 2959 dicens,
3108 2891 3318 2949 incutit

1716 2994 1817 3048 Dei
1856 2992 2121 3062 signifero
2175 2991 2466 3061 gaudium,
2519 2994 2576 3042 et
2641 2989 2922 3055 timorem,
2967 2994 3032 3043 ut
3070 2991 3317 3061 gaudeat

135 3122 152 3153 ι
179 3103 637 3159 Reverentissimo
667 3110 719 3159 et
742 3104 1095 3158 sanctissimo
1116 3103 1275 3157 fratri
1294 3105 1628 3168 AUGUSTINO,
1647 3090 1690 3153 C
1713 3092 1923 3159 Ληὲ-,νιοδ
1953 3107 2053 3161 Per
2081 3089 2352 3142 Πῖίιέιοιιῖα
2380 3087 2451 3141 δι]
2477 3087 2763 3143 Christum
2793 3087 3058 3154 converti,
3113 3088 3315 3145 timeat

80 3190 375 3262 Gneoomus,
408 3212 607 3250 servus
657 3211 945 3248 servorum
974 3193 1092 3247 Dei.
1134 3194 1273 3247 Cum
1314 3198 1528 3246 certum
1559 3191 1631 3245 sit

77 3296 153 3347 pro
178 3284 549 3355 omnipotente
579 3285 693 3338 Deo
713 3283 1095 3337 laborantibus
1114 3282 1417 3335 ineffabilia
1436 3281 1630 3334 aeterni

79 3372 204 3439 regni
227 3375 449 3444 praemia
479 3373 776 3437 reservari,
821 3372 979 3426 nobis
1025 3379 1215 3425 tamen
1272 3373 1352 3425 eis
1404 3388 1630 3425 necesse

77 3468 141 3513 est
162 3461 417 3518 honorum
445 3462 722 3517 beneﬁcia
758 3462 1023 3527 tribuere,
1064 3466 1129 3514 ut
1156 3462 1212 3515 in
1242 3460 1627 3531 spiritualibus

77 3551 225 3618 operis
251 3553 428 3607 studio
458 3570 530 3607 ex
571 3553 1024 3606 remuneratione
1070 3551 1221 3604 velut
1267 3550 1629 3620 multiplicius

77 3637 318 3697 insudare.
352 3644 421 3697 Et
449 3642 585 3715 quia
614 3659 755 3695 nova
783 3643 1093 3711 Anglorum
1125 3642 1385 3703 Ecclesia,
1420 3641 1486 3693 ad
1506 3657 1628 3693 om-

77 3726 337 3797 nipotentis
366 3731 466 3786 Dei
497 3731 761 3801 gratiam,
795 3732 990 3785 eodem
1007 3731 1247 3785 Domino
1270 3731 1629 3799 largiente,et

77 3820 117 3865 te
138 3815 400 3874 laborante
426 3821 698 3892 perducta
728 3825 831 3885 est,
864 3836 1028 3873 usum
1058 3819 1161 3872 tibi
1190 3819 1344 3889 pallii
1371 3819 1429 3871 in
1458 3834 1526 3870 ea
1552 3818 1623 3870 ad

78 3906 168 3959 sola
189 3909 471 3965 missarum
512 3910 785 3964 solemnia
808 3910 1026 3979 agenda
1054 3909 1431 3973 concedimus,
1458 3907 1537 3960 ita
1562 3913 1625 3961 ut

78 4008 153 4059 per
168 3996 273 4051 loca
287 3999 506 4070 singula
522 3998 813 4053 duodecim
835 3999 1121 4068 episcopos
1143 3997 1365 4051 ordines
1396 3997 1489 4068 qui
1514 4005 1624 4053 tuae

77 4081 355 4153 subjaceant
380 4088 600 4143 ditioni.
624 4089 745 4142 Tua
771 4103 901 4142 vero
928 4086 1252 4140 fraternitas
1290 4104 1402 4140 non
1440 4088 1624 4140 solum

76 4184 148 4223 eos
173 4175 437 4248 episcopos
468 4194 611 4248 quos
645 4177 1004 4237 ordinaverit,
1037 4192 1219 4246 neque
1249 4176 1350 4230 hos
1378 4182 1625 4230 tantum-

77 4261 207 4315 modo
250 4265 337 4335 qui
384 4284 483 4337 per
519 4265 785 4320 Eboracze
843 4266 1024 4335 (vulgo
1090 4267 1248 4335 Yorl.)
1299 4265 1619 4336 episc0pum

75 4345 244 4406 fuerint
256 4356 513 4415 ordinati.
535 4356 631 4409 sed
650 4356 818 4408 etiam
834 4372 1029 4408 omnes
1049 4354 1353 4408 Britannia:
1375 4355 1628 4408 sacerdo-

1712 3205 1842 3242 vcro
1874 3205 1945 3242 ne
1970 3189 2219 3242 humana
2250 3185 2602 3240 imbecillitas
2660 3185 2719 3239 in
2769 3185 3008 3241 aliorum
3060 3187 3313 3257 profectu

1712 3286 1946 3357 incipiat
1974 3284 2105 3339 labi.
2139 3283 2406 3354 Proponit
2461 3282 2539 3335 illi
2588 3298 2871 3337 summum
2915 3283 3160 3337 amicum
3207 3285 3311 3339 Dei

1712 3377 1941 3445 Moysen
1972 3375 2030 3427 in
2057 3373 2395 3444 exemplum.
2425 3371 2529 3424 Hic
2556 3388 2657 3441 per
2683 3376 2844 3425 tanta
2871 3371 3033 3441 signa
3069 3372 3311 3444 Egypto

1711 3481 1977 3534 percussa
2004 3469 2197 3535 aperto
2226 3463 2371 3516 mari
2393 3460 2585 3514 eduxit
2610 3461 2879 3531 populum
2926 3461 3120 3528 Israel,
3151 3461 3310 3516 siccis

1713 3555 2124 3623 vestigiis,duce
2140 3552 2276 3607 lucis
2298 3551 2578 3605 columna.
2606 3569 2633 3600 (ι
2654 3551 2925 3621 Jejunans
2936 3551 3311 3622 quadraginta

1709 3643 1905 3697 diebus
1934 3651 1990 3698 et
2019 3642 2296 3705 noctibus,
2327 3640 2549 3693 tabulas
2586 3640 2728 3710 legis
2752 3639 2984 3710 accepit.
3026 3640 3176 3694 inter
3213 3657 3307 3694 co-

1710 3750 1900 3787 ruscos
1927 3734 2173 3787 tonitrus
2203 3731 2632 3803 pertimescente
2655 3729 2881 3800 populo,
2933 3729 3085 3783 solus
3133 3729 3306 3783 etiam

1705 3823 1968 3876 familiari
2000 3822 2367 3876 collocutione
2417 3819 2518 3873 Dei
2558 3819 2709 3890 pasci
2750 3818 2974 3873 meruit.
3033 3819 3110 3872 De
3165 3819 3341 3872 ccelo'

1706 3927 1933 3972 manna,
1966 3912 2102 3965 item
2133 3927 2328 3964 carnes
2343 3910 2408 3963 ad
2434 3908 2752 3962 satietatem
2770 3907 3002 3961 nimiam
3020 3906 3304 3960 ministra-

1707 4001 1801 4053 vit.
1830 4001 1915 4054 Ad
1930 4001 2148 4069 jussum
2177 3999 2419 4062 Domini,
2449 3998 2579 4051 licet
2600 3997 2880 4061 difﬁdens,
2903 3997 3063 4066 larga
3090 3996 3303 4049 ﬂuenta

1707 4091 1775 4145 de
1806 4096 1965 4161 petra
1986 4088 2193 4143 eduxit.
2229 4087 2364 4142 Inde
2402 4102 2501 4156 per
2541 4084 2775 4153 triginta
2821 4090 2945 4139 octo
2987 4100 3165 4137 annos
3222 4084 3301 4137 si-

1704 4179 1832 4248 gnis
1863 4178 2072 4232 effulsit
2096 4177 2427 4231 innumeris.
2455 4175 2520 4229 In
2549 4173 2704 4227 omni
2735 4172 3087 4227 dubitatione
3113 4173 3302 4227 Domi-

1705 4283 1839 4319 num
1872 4267 2189 4331 consulens,
2213 4265 2328 4318 Deo
2358 4265 2641 4334 loquente,
2674 4261 2993 4315 docebatur.
3024 4260 3111 4315 Illi
3157 4260 3303 4314 resi-

1710 4360 1921 4409 stentes
1974 4360 2137 4408 terra;
2196 4354 2383 4408 hiatus
2439 4350 2745 4417 absorbuit,
2806 4350 3054 4405 victoriis
3111 4350 3303 4404 hostes

74 4442 137 4488 tes
162 4438 361 4503 habeat.
411 4446 531 4499 Deo
577 4450 635 4498 et
681 4444 922 4497 Domino
972 4450 1164 4497 nostro
1207 4444 1338 4497 Jesu
1395 4445 1683 4510 ChristoD
1704 4443 1999 4515 oppressit.
2031 4444 2190 4496 Hunc
2208 4459 2340 4511 ergo
2371 4448 2658 4497 tantarum
2680 4440 2994 4511 gratiarum
3018 4444 3307 4494 exsecutu-

75 4532 277 4593 auctore,
318 4532 617 4604 subjectos,
650 4539 926 4603 quatenus
956 4549 1022 4585 ex
1051 4533 1247 4602 lingua
1286 4538 1343 4586 et
1374 4533 1483 4586 vita
1514 4540 1623 4588 tua)

76 4618 363 4685 sanctitatis,
395 4629 452 4676 et
481 4627 632 4675 recte
662 4622 943 4683 credendi,
980 4627 1035 4675 et
1062 4621 1201 4675 bene
1247 4622 1464 4676 vivendi
1506 4624 1622 4676 for-

78 4715 192 4757 mam
210 4710 522 4781 percipiant.
547 4712 689 4764 Data
710 4711 799 4763 die
819 4710 1033 4764 decimo
1047 4711 1429 4765 Kalendarum
1452 4713 1478 4764 J
1488 4713 1623 4765 ulia-

78 4804 192 4857 l‘llm,
222 4812 356 4851 anno
407 4816 555 4854 nono
600 4800 815 4853 decimo
850 4800 1072 4870 imperii
1120 4799 1327 4853 Tiberii
1369 4800 1620 4855 Mauricii

78 4884 277 4949 augusti.
309 4905 334 4939 ι

131 4970 346 5043 Longius
373 4978 651 5048 digressos
671 4978 1059 5049 praedictorum
1077 4996 1367 5033 sacrorum
1396 4980 1622 5049 gerulos

80 5055 164 5110 alia
184 5060 418 5134 Gregorii
446 5067 807 5138 prosequitur
833 5068 1087 5138 epistola,
1121 5085 1231 5138 qua
1247 5086 1345 5139 per
1361 5068 1621 5135 abbatem

81 5144 306 5207 Mellitum
343 5157 570 5211 mandat
603 5158 941 5227 Augustino,
970 5165 1034 5211 ut
1067 5180 1088 5207 ιι
1139 5157 1270 5211 fana
1316 5175 1438 5229 quae
1481 5158 1622 5213 bene

83 5246 354 5297 constructa
381 5245 493 5299 sint
519 5252 738 5301 tantum
773 5247 934 5300 idolis
966 5248 1264 5301 destructis
1282 5248 1340 5301 in
1361 5248 1622 5301 ecclesias

85 5328 126 5373 0t
146 5328 331 5385 cultum
359 5335 470 5389 veri
501 5335 601 5389 Dei
649 5342 1065 5390 commutentur
1111 5343 1168 5390 et
1205 5344 1620 5400 consecrentur,

84 5421 313 5495 quatenus
333 5439 467 5491 gens
495 5424 615 5495 ipsa
647 5424 702 5478 in
732 5425 941 5479 eisdem
988 5426 1131 5479 fanis
1171 5426 1287 5479 suis
1336 5427 1620 5479 Christum

83 5490 338 5562 Dominum
379 5514 636 5576 adorans,
677 5514 747 5567 ad
793 5516 914 5568 loca
973 5521 1239 5568 consueta
1288 5516 1620 5569 familiarius

1706 4553 1843 4600 rem,
1876 4550 1990 4587 una
2009 4532 2333 4586 difﬁdentiae
2359 4532 2540 4603 culpa,
2575 4547 2686 4601 qua
2714 4530 2784 4583 ad
2813 4546 2988 4600 aquas
3016 4529 3302 4584 contradi-

1704 4623 1902 4677 ctionis
1929 4628 2058 4674 ante
2087 4620 2441 4691 prmscriptos
2492 4618 2730 4689 triginta
2766 4622 2888 4673 octo
2934 4634 3113 4673 annos
3158 4618 3304 4673 deli-

1704 4718 1920 4784 querat,
1958 4718 2012 4765 et
2052 4711 2108 4764 in
2166 4714 2325 4764 tanto
2367 4716 2621 4779 tempore
2668 4708 2817 4762 inter
2856 4713 3016 4762 tanta
3073 4714 3303 4779 tamque

1702 4802 1950 4856 beneﬁca
1979 4807 2036 4854 et
2066 4800 2245 4853 amica
2277 4798 2491 4851 Domini
2521 4797 2817 4867 colloquia,
2858 4797 3301 4865 recognitionem

1706 4893 2025 4960 neglexerat
2041 4890 2197 4959 justa
2233 4887 2335 4941 Dei
2366 4886 2664 4951 sententia,
2689 4886 2914 4939 tandem
2946 4902 2981 4938 a
3008 4890 3159 4939 terra
3202 4884 3300 4938 illa

1706 4978 2155 5051 repromissionis
2186 4982 2366 5031 morte
2387 4974 2694 5047 prieripuit.
2728 4993 2755 5025 η
2791 4973 3018 5027 Talibus
3072 4972 3303 5026 monitis

1704 5069 1936 5140 pervigil
1962 5068 2266 5137 Gregorius
2285 5066 2386 5120 Dei
2415 5064 2690 5119 famulum
2723 5103 2736 5128 ,
2765 5063 2884 5131 jam
2913 5061 3045 5115 olim
3071 5061 3128 5115 in
3147 5062 3306 5116 omni

1704 5158 2001 5215 sanctitate
2029 5156 2326 5209 fundatum
2352 5194 2365 5219 ,
2397 5153 2564 5207 altius
2592 5152 2651 5205 in
2669 5152 2873 5205 timore
2895 5190 2909 5216 ,
2944 5154 3001 5203 et
3029 5149 3138 5203 ﬁde
3167 5149 3303 5203 soli-

1706 5247 1839 5301 dare
1868 5246 2099 5301 curavit.
2138 5245 2314 5308 Quem
2335 5242 2564 5297 tandem
2591 5242 2888 5312 proﬁtetur
2901 5238 3301 5306 “electum,

1707 5337 1800 5406 qui
1831 5336 1998 5389 etiam
2033 5336 2101 5388 de
2132 5335 2440 5387 multorum
2463 5330 2822 5385 conversione
2841 5327 3107 5399 gaudium
3122 5326 3305 5380 facere

1705 5432 1940 5479 conatur
1970 5425 2026 5477 in
2041 5424 2196 5477 cmlo.
2233 5423 2301 5476 Et
2320 5422 2378 5474 in
2394 5423 2497 5474 hoc
2515 5421 2707 5489 itaque
2728 5419 2874 5479 coeli,
2897 5422 2953 5470 et
2973 5415 3304 5486 angelorum

1703 5516 1910 5584 gaudio
1936 5514 2254 5585 prmmissas
2284 5527 2444 5563 voces
2473 5509 2697 5587 repetit,
2717 5507 3011 5581 epistolam
3034 5505 3304 5561 ﬁniendo.

143 5609 228 5673 (37';
266 5615 485 5674 Exstant
512 5621 659 5691 apud
689 5622 755 5675 V.
783 5621 990 5677 Bedam
1021 5622 1115 5679 lib.
1151 5640 1186 5683 ι,
1215 5640 1263 5676 c.
1297 5623 1384 5685 1'8,
1409 5629 1464 5675 et
1494 5623 1588 5676 lib.
1622 5638 1723 5688 XII,
1757 5640 1845 5694 0P-
1882 5622 1971 5684 δί’
2002 5622 2069 5675 D'
2100 5619 2273 5687 (ἤθε’
