  <div class='ocr_page' id='page_1' title='image "/cluster/home/n/w/nwhite01/storage/ocr_20150623/150/umn.31951002477443u/443.png"; bbox 0 0 3920 6356; ppageno 0'>
   <div class='ocr_carea' id='block_1_1' title="bbox 531 360 638 421">
    <p class='ocr_par' dir='ltr' id='par_1_1' title="bbox 531 360 638 421">
     <span class='ocr_line' id='line_1_1' title="bbox 531 360 638 421; baseline 0.019 -2"><span class='ocrx_word' id='word_1_1' title='bbox 531 360 638 421; x_wconf 82' lang='grc'>755</span> 
     </span>
    </p>
   </div>
   <div class='ocr_carea' id='block_1_2' title="bbox 1462 360 2825 420">
    <p class='ocr_par' dir='ltr' id='par_1_2' title="bbox 1462 360 2825 420">
     <span class='ocr_line' id='line_1_2' title="bbox 1462 360 2825 420; baseline -0.003 -2"><span class='ocrx_word' id='word_1_2' title='bbox 1462 364 1560 419; x_wconf 77' lang='grc' dir='ltr'>ΑΒ</span> <span class='ocrx_word' id='word_1_3' title='bbox 1600 364 1838 420; x_wconf 87' lang='lat' dir='ltr'>OPERA</span> <span class='ocrx_word' id='word_1_4' title='bbox 1875 365 1939 419; x_wconf 92' lang='lat' dir='ltr'>B.</span> <span class='ocrx_word' id='word_1_5' title='bbox 1980 363 2399 420; x_wconf 81' lang='lat' dir='ltr'>LANFRANCI</span> <span class='ocrx_word' id='word_1_6' title='bbox 2439 360 2825 418; x_wconf 79' lang='lat' dir='ltr'>APPENDIX.</span> 
     </span>
    </p>
   </div>
   <div class='ocr_carea' id='block_1_3' title="bbox 3688 352 3799 411">
    <p class='ocr_par' dir='ltr' id='par_1_3' title="bbox 3688 352 3799 411">
     <span class='ocr_line' id='line_1_3' title="bbox 3688 352 3799 411; baseline 0 0"><span class='ocrx_word' id='word_1_7' title='bbox 3688 352 3799 411; x_wconf 83' lang='lat'>756</span> 
     </span>
    </p>
   </div>
   <div class='ocr_carea' id='block_1_4' title="bbox 534 481 3818 573">
    <p class='ocr_par' dir='ltr' id='par_1_4' title="bbox 534 481 3818 573">
     <span class='ocr_line' id='line_1_4' title="bbox 534 481 3818 573; baseline -0.005 -24"><span class='ocrx_word' id='word_1_8' title='bbox 534 490 728 555; x_wconf 66' lang='lat' dir='ltr'>Gloria</span> <span class='ocrx_word' id='word_1_9' title='bbox 756 495 819 553; x_wconf 76' lang='lat' dir='ltr'>in</span> <span class='ocrx_word' id='word_1_10' title='bbox 842 494 1061 555; x_wconf 62' lang='lat' dir='ltr'>multis</span> <span class='ocrx_word' id='word_1_11' title='bbox 1107 494 1233 559; x_wconf 68' lang='lat' dir='ltr'>Dea,</span> <span class='ocrx_word' id='word_1_12' title='bbox 1279 496 1327 547; x_wconf 74' lang='lat' dir='ltr'>et</span> <span class='ocrx_word' id='word_1_13' title='bbox 1370 493 1433 546; x_wconf 75' lang='lat' dir='ltr'>in</span> <span class='ocrx_word' id='word_1_14' title='bbox 1471 496 1625 545; x_wconf 81' lang='lat' dir='ltr'>terra</span> <span class='ocrx_word' id='word_1_15' title='bbox 1658 506 1772 563; x_wconf 70' lang='lat' dir='ltr'>pax</span> <span class='ocrx_word' id='word_1_16' title='bbox 1815 488 2289 573; x_wconf 66' lang='lat' dir='ltr'>hominibusAad</span> <span class='ocrx_word' id='word_1_17' title='bbox 2318 488 2696 543; x_wconf 77' lang='lat' dir='ltr'>Christianam</span> <span class='ocrx_word' id='word_1_18' title='bbox 2736 485 2905 541; x_wconf 87' lang='lat' dir='ltr'>ﬁdem</span> <span class='ocrx_word' id='word_1_19' title='bbox 2931 486 3098 540; x_wconf 88' lang='lat' dir='ltr'>corde</span> <span class='ocrx_word' id='word_1_20' title='bbox 3127 487 3509 542; x_wconf 89' lang='lat' dir='ltr'>Romanorum</span> <span class='ocrx_word' id='word_1_21' title='bbox 3536 481 3818 544; x_wconf 86' lang='lat' dir='ltr'>accendit,</span> 
     </span>
    </p>
   </div>
   <div class='ocr_carea' id='block_1_5' title="bbox 535 581 1088 645">
    <p class='ocr_par' dir='ltr' id='par_1_5' title="bbox 535 581 1088 645">
     <span class='ocr_line' id='line_1_5' title="bbox 535 581 1088 645; baseline 0.002 -11"><span class='ocrx_word' id='word_1_22' title='bbox 535 581 687 639; x_wconf 63' lang='lat' dir='ltr'>bona!</span> <span class='ocrx_word' id='word_1_23' title='bbox 709 584 1030 645; x_wconf 66' lang='lat' dir='ltr'>uoluntatis.</span> <span class='ocrx_word' id='word_1_24' title='bbox 1085 616 1088 620; x_wconf 53' lang='grc' dir='ltr'>λ</span> 
     </span>
    </p>
   </div>
   <div class='ocr_carea' id='block_1_6' title="bbox 609 668 2135 742">
    <p class='ocr_par' dir='ltr' id='par_1_6' title="bbox 609 668 2135 742">
     <span class='ocr_line' id='line_1_6' title="bbox 609 668 2135 742; baseline -0.003 -15"><span class='ocrx_word' id='word_1_25' title='bbox 609 670 819 740; x_wconf 80' lang='lat' dir='ltr'>Regem</span> <span class='ocrx_word' id='word_1_26' title='bbox 838 670 1207 727; x_wconf 86' lang='lat' dir='ltr'>nihilominus</span> <span class='ocrx_word' id='word_1_27' title='bbox 1218 671 1600 726; x_wconf 84' lang='lat' dir='ltr'>Ethelbertum</span> <span class='ocrx_word' id='word_1_28' title='bbox 1618 668 1733 742; x_wconf 83' lang='lat' dir='ltr'>[seu</span> <span class='ocrx_word' id='word_1_29' title='bbox 1756 668 2135 739; x_wconf 81' lang='lat' dir='ltr'>Aldibertum]</span> 
     </span>
    </p>
   </div>
   <div class='ocr_carea' id='block_1_7' title="bbox 538 758 2138 830">
    <p class='ocr_par' dir='ltr' id='par_1_7' title="bbox 538 758 2138 830">
     <span class='ocr_line' id='line_1_7' title="bbox 538 758 2138 830; baseline -0.003 -15"><span class='ocrx_word' id='word_1_30' title='bbox 538 764 668 830; x_wconf 79' lang='lat' dir='ltr'>post</span> <span class='ocrx_word' id='word_1_31' title='bbox 695 758 991 813; x_wconf 88' lang='lat' dir='ltr'>laudisona</span> <span class='ocrx_word' id='word_1_32' title='bbox 1027 759 1207 824; x_wconf 80' lang='lat' dir='ltr'>initia,</span> <span class='ocrx_word' id='word_1_33' title='bbox 1239 759 1318 812; x_wconf 91' lang='lat' dir='ltr'>sic</span> <span class='ocrx_word' id='word_1_34' title='bbox 1346 760 1606 814; x_wconf 79' lang='lat' dir='ltr'>hortatur</span> <span class='ocrx_word' id='word_1_35' title='bbox 1662 758 1969 812; x_wconf 86' lang='lat' dir='ltr'>blandiﬂua</span> <span class='ocrx_word' id='word_1_36' title='bbox 2024 758 2138 829; x_wconf 88' lang='lat' dir='ltr'>epi-</span> 
     </span>
    </p>
   </div>
   <div class='ocr_carea' id='block_1_8' title="bbox 538 842 2135 912">
    <p class='ocr_par' dir='ltr' id='par_1_8' title="bbox 538 842 2135 912">
     <span class='ocr_line' id='line_1_8' title="bbox 538 842 2135 912; baseline -0.003 -15"><span class='ocrx_word' id='word_1_37' title='bbox 538 842 682 903; x_wconf 84' lang='lat' dir='ltr'>stola</span> <span class='ocrx_word' id='word_1_38' title='bbox 705 842 786 909; x_wconf 55' lang='grc' dir='ltr'>(ο.</span> <span class='ocrx_word' id='word_1_39' title='bbox 813 843 984 899; x_wconf 78' lang='lat' dir='ltr'>Gneo.</span> <span class='ocrx_word' id='word_1_40' title='bbox 1012 846 1166 912; x_wconf 83' lang='lat' dir='ltr'>epist.</span> <span class='ocrx_word' id='word_1_41' title='bbox 1200 846 1621 897; x_wconf 80' lang='lat' dir='ltr'>commonitoria</span> <span class='ocrx_word' id='word_1_42' title='bbox 1649 845 1722 897; x_wconf 84' lang='lat' dir='ltr'>ad</span> <span class='ocrx_word' id='word_1_43' title='bbox 1742 859 1919 911; x_wconf 82' lang='lat' dir='ltr'>regem</span> <span class='ocrx_word' id='word_1_44' title='bbox 1950 844 2135 899; x_wconf 72' lang='lat' dir='ltr'>Ethel-</span> 
     </span>
    </p>
   </div>
   <div class='ocr_carea' id='block_1_9' title="bbox 544 930 2136 1003">
    <p class='ocr_par' dir='ltr' id='par_1_9' title="bbox 544 930 2136 1003">
     <span class='ocr_line' id='line_1_9' title="bbox 544 930 2136 1003; baseline 0.001 -18"><span class='ocrx_word' id='word_1_45' title='bbox 544 932 778 997; x_wconf 72' lang='lat' dir='ltr'>bertum,</span> <span class='ocrx_word' id='word_1_46' title='bbox 805 930 896 993; x_wconf 88' lang='lat'>60,</span> <span class='ocrx_word' id='word_1_47' title='bbox 928 932 965 987; x_wconf 92' lang='grc'>1.</span> <span class='ocrx_word' id='word_1_48' title='bbox 988 932 1086 1001; x_wconf 78' lang='lat' dir='ltr'>Ix).</span> <span class='ocrx_word' id='word_1_49' title='bbox 1116 932 1270 986; x_wconf 91' lang='lat' dir='ltr'>Eam.</span> <span class='ocrx_word' id='word_1_50' title='bbox 1306 932 1508 1003; x_wconf 86' lang='lat' dir='ltr'>inquit,</span> <span class='ocrx_word' id='word_1_51' title='bbox 1538 932 1781 1002; x_wconf 81' lang='lat' dir='ltr'>gloriose</span> <span class='ocrx_word' id='word_1_52' title='bbox 1832 932 1929 990; x_wconf 89' lang='lat' dir='ltr'>ﬁli.</span> <span class='ocrx_word' id='word_1_53' title='bbox 1967 948 2136 1002; x_wconf 88' lang='lat' dir='ltr'>quam</span> 
     </span>
    </p>
   </div>
   <div class='ocr_carea' id='block_1_10' title="bbox 542 1019 2134 1091">
    <p class='ocr_par' dir='ltr' id='par_1_10' title="bbox 542 1019 2134 1091">
     <span class='ocr_line' id='line_1_10' title="bbox 542 1019 2134 1091; baseline 0.001 -19"><span class='ocrx_word' id='word_1_54' title='bbox 542 1019 806 1089; x_wconf 81' lang='lat' dir='ltr'>accepisti</span> <span class='ocrx_word' id='word_1_55' title='bbox 836 1020 1102 1077; x_wconf 86' lang='lat' dir='ltr'>divinitus</span> <span class='ocrx_word' id='word_1_56' title='bbox 1122 1020 1389 1091; x_wconf 87' lang='lat' dir='ltr'>gratiam,</span> <span class='ocrx_word' id='word_1_57' title='bbox 1423 1021 1664 1075; x_wconf 90' lang='lat' dir='ltr'>sollicita</span> <span class='ocrx_word' id='word_1_58' title='bbox 1692 1027 1878 1077; x_wconf 80' lang='lat' dir='ltr'>mente</span> <span class='ocrx_word' id='word_1_59' title='bbox 1895 1020 2134 1075; x_wconf 86' lang='lat' dir='ltr'>custodi.</span> 
     </span>
    </p>
   </div>
   <div class='ocr_carea' id='block_1_11' title="bbox 544 1108 2137 1181">
    <p class='ocr_par' dir='ltr' id='par_1_11' title="bbox 544 1108 2137 1181">
     <span class='ocr_line' id='line_1_11' title="bbox 544 1108 2137 1181; baseline -0.001 -18"><span class='ocrx_word' id='word_1_60' title='bbox 544 1108 922 1169; x_wconf 80' lang='lat' dir='ltr'>Christianam</span> <span class='ocrx_word' id='word_1_61' title='bbox 944 1109 1110 1169; x_wconf 84' lang='lat' dir='ltr'>ﬁdem</span> <span class='ocrx_word' id='word_1_62' title='bbox 1128 1109 1186 1164; x_wconf 90' lang='lat' dir='ltr'>in</span> <span class='ocrx_word' id='word_1_63' title='bbox 1210 1110 1428 1181; x_wconf 83' lang='lat' dir='ltr'>pepulis</span> <span class='ocrx_word' id='word_1_64' title='bbox 1453 1110 1556 1164; x_wconf 86' lang='lat' dir='ltr'>tibi</span> <span class='ocrx_word' id='word_1_65' title='bbox 1575 1109 1815 1165; x_wconf 91' lang='lat' dir='ltr'>subditis</span> <span class='ocrx_word' id='word_1_66' title='bbox 1835 1110 2137 1164; x_wconf 80' lang='lat' dir='ltr'>extendere</span> 
     </span>
    </p>
   </div>
   <div class='ocr_carea' id='block_1_12' title="bbox 543 1196 2136 1263">
    <p class='ocr_par' dir='ltr' id='par_1_12' title="bbox 543 1196 2136 1263">
     <span class='ocr_line' id='line_1_12' title="bbox 543 1196 2136 1263; baseline 0.001 -12"><span class='ocrx_word' id='word_1_67' title='bbox 543 1196 766 1263; x_wconf 79' lang='lat' dir='ltr'>festina,</span> <span class='ocrx_word' id='word_1_68' title='bbox 798 1197 978 1255; x_wconf 84' lang='lat' dir='ltr'>zelum</span> <span class='ocrx_word' id='word_1_69' title='bbox 1018 1198 1368 1257; x_wconf 88' lang='lat' dir='ltr'>rectitudinis</span> <span class='ocrx_word' id='word_1_70' title='bbox 1398 1205 1509 1253; x_wconf 84' lang='lat' dir='ltr'>tuae</span> <span class='ocrx_word' id='word_1_71' title='bbox 1552 1199 1611 1253; x_wconf 91' lang='lat' dir='ltr'>in</span> <span class='ocrx_word' id='word_1_72' title='bbox 1668 1216 1860 1253; x_wconf 89' lang='lat' dir='ltr'>eorum</span> <span class='ocrx_word' id='word_1_73' title='bbox 1911 1215 2136 1255; x_wconf 89' lang='lat' dir='ltr'>conver-</span> 
     </span>
    </p>
   </div>
   <div class='ocr_carea' id='block_1_13' title="bbox 543 1286 2143 1359">
    <p class='ocr_par' dir='ltr' id='par_1_13' title="bbox 543 1286 2143 1359">
     <span class='ocr_line' id='line_1_13' title="bbox 543 1286 2143 1359; baseline -0.001 -18"><span class='ocrx_word' id='word_1_74' title='bbox 543 1287 702 1343; x_wconf 83' lang='lat' dir='ltr'>sione</span> <span class='ocrx_word' id='word_1_75' title='bbox 729 1286 1062 1359; x_wconf 89' lang='lat' dir='ltr'>multiplica,</span> <span class='ocrx_word' id='word_1_76' title='bbox 1103 1286 1381 1341; x_wconf 80' lang='lat' dir='ltr'>idolorum</span> <span class='ocrx_word' id='word_1_77' title='bbox 1414 1288 1598 1342; x_wconf 90' lang='lat' dir='ltr'>cultus</span> <span class='ocrx_word' id='word_1_78' title='bbox 1626 1288 1944 1358; x_wconf 79' lang='lat' dir='ltr'>insequere,</span> <span class='ocrx_word' id='word_1_79' title='bbox 1990 1288 2143 1341; x_wconf 86' lang='lat' dir='ltr'>fano-</span> 
     </span>
    </p>
   </div>
   <div class='ocr_carea' id='block_1_14' title="bbox 544 1376 2143 1447">
    <p class='ocr_par' dir='ltr' id='par_1_14' title="bbox 544 1376 2143 1447">
     <span class='ocr_line' id='line_1_14' title="bbox 544 1376 2143 1447; baseline 0.001 -18"><span class='ocrx_word' id='word_1_80' title='bbox 544 1390 676 1430; x_wconf 86' lang='lat' dir='ltr'>rum</span> <span class='ocrx_word' id='word_1_81' title='bbox 704 1376 937 1431; x_wconf 67' lang='lat' dir='ltr'>aadiﬁcia</span> <span class='ocrx_word' id='word_1_82' title='bbox 965 1382 1171 1439; x_wconf 82' lang='lat' dir='ltr'>everte,</span> <span class='ocrx_word' id='word_1_83' title='bbox 1207 1376 1559 1431; x_wconf 84' lang='lat' dir='ltr'>subditorum</span> <span class='ocrx_word' id='word_1_84' title='bbox 1591 1394 1774 1430; x_wconf 90' lang='lat' dir='ltr'>mores</span> <span class='ocrx_word' id='word_1_85' title='bbox 1826 1377 1884 1433; x_wconf 91' lang='lat' dir='ltr'>in</span> <span class='ocrx_word' id='word_1_86' title='bbox 1939 1394 2143 1447; x_wconf 87' lang='lat' dir='ltr'>magna</span> 
     </span>
    </p>
   </div>
   <div class='ocr_carea' id='block_1_15' title="bbox 542 1464 2147 1535">
    <p class='ocr_par' dir='ltr' id='par_1_15' title="bbox 542 1464 2147 1535">
     <span class='ocr_line' id='line_1_15' title="bbox 542 1464 2147 1535; baseline 0.002 -19"><span class='ocrx_word' id='word_1_87' title='bbox 542 1465 671 1521; x_wconf 73' lang='lat' dir='ltr'>vita:</span> <span class='ocrx_word' id='word_1_88' title='bbox 701 1464 982 1523; x_wconf 81' lang='lat' dir='ltr'>munditia</span> <span class='ocrx_word' id='word_1_89' title='bbox 1009 1466 1353 1520; x_wconf 82' lang='lat' dir='ltr'>exhortando</span> <span class='ocrx_word' id='word_1_90' title='bbox 1405 1466 1688 1531; x_wconf 87' lang='lat' dir='ltr'>terrendo,</span> <span class='ocrx_word' id='word_1_91' title='bbox 1715 1466 2065 1535; x_wconf 87' lang='lat' dir='ltr'>corrigendo.</span> <span class='ocrx_word' id='word_1_92' title='bbox 2090 1472 2147 1520; x_wconf 89' lang='lat' dir='ltr'>et</span> 
     </span>
    </p>
   </div>
   <div class='ocr_carea' id='block_1_16' title="bbox 546 1552 2142 1626">
    <p class='ocr_par' dir='ltr' id='par_1_16' title="bbox 546 1552 2142 1626">
     <span class='ocr_line' id='line_1_16' title="bbox 546 1552 2142 1626; baseline 0 -17"><span class='ocrx_word' id='word_1_93' title='bbox 546 1552 680 1615; x_wconf 85' lang='lat' dir='ltr'>boni</span> <span class='ocrx_word' id='word_1_94' title='bbox 710 1553 895 1624; x_wconf 87' lang='lat' dir='ltr'>operis</span> <span class='ocrx_word' id='word_1_95' title='bbox 924 1554 1178 1626; x_wconf 87' lang='lat' dir='ltr'>exempla</span> <span class='ocrx_word' id='word_1_96' title='bbox 1205 1554 1590 1616; x_wconf 83' lang='lat' dir='ltr'>monstrando.</span> <span class='ocrx_word' id='word_1_97' title='bbox 1623 1555 1836 1611; x_wconf 81' lang='lat' dir='ltr'>aediﬁca</span> <span class='ocrx_word' id='word_1_98' title='bbox 1876 1562 1938 1608; x_wconf 89' lang='lat' dir='ltr'>ut</span> <span class='ocrx_word' id='word_1_99' title='bbox 1982 1556 2142 1609; x_wconf 89' lang='lat' dir='ltr'>illum</span> 
     </span>
    </p>
   </div>
   <div class='ocr_carea' id='block_1_17' title="bbox 548 1640 2145 1713">
    <p class='ocr_par' dir='ltr' id='par_1_17' title="bbox 548 1640 2145 1713">
     <span class='ocr_line' id='line_1_17' title="bbox 548 1640 2145 1713; baseline 0.001 -19"><span class='ocrx_word' id='word_1_100' title='bbox 548 1640 946 1697; x_wconf 84' lang='lat' dir='ltr'>retributorem</span> <span class='ocrx_word' id='word_1_101' title='bbox 970 1642 1220 1697; x_wconf 82' lang='lat' dir='ltr'>invenias</span> <span class='ocrx_word' id='word_1_102' title='bbox 1246 1642 1303 1696; x_wconf 91' lang='lat' dir='ltr'>in</span> <span class='ocrx_word' id='word_1_103' title='bbox 1334 1643 1491 1697; x_wconf 67' lang='lat' dir='ltr'>caelo.</span> <span class='ocrx_word' id='word_1_104' title='bbox 1524 1644 1685 1712; x_wconf 85' lang='lat' dir='ltr'>cujus</span> <span class='ocrx_word' id='word_1_105' title='bbox 1736 1660 1939 1698; x_wconf 91' lang='lat' dir='ltr'>nomen</span> <span class='ocrx_word' id='word_1_106' title='bbox 1976 1650 2145 1713; x_wconf 87' lang='lat' dir='ltr'>atque</span> 
     </span>
    </p>
   </div>
   <div class='ocr_carea' id='block_1_18' title="bbox 551 1729 2145 1800">
    <p class='ocr_par' dir='ltr' id='par_1_18' title="bbox 551 1729 2145 1800">
     <span class='ocr_line' id='line_1_18' title="bbox 551 1729 2145 1800; baseline 0.001 -18"><span class='ocrx_word' id='word_1_107' title='bbox 551 1729 928 1799; x_wconf 80' lang='lat' dir='ltr'>cognitionem</span> <span class='ocrx_word' id='word_1_108' title='bbox 957 1730 1279 1784; x_wconf 87' lang='lat' dir='ltr'>dilataveris</span> <span class='ocrx_word' id='word_1_109' title='bbox 1304 1730 1359 1791; x_wconf 88' lang='lat' dir='ltr'>in</span> <span class='ocrx_word' id='word_1_110' title='bbox 1399 1735 1553 1785; x_wconf 89' lang='lat' dir='ltr'>terra</span> <span class='ocrx_word' id='word_1_111' title='bbox 1607 1732 1731 1800; x_wconf 90' lang='lat' dir='ltr'>Ipse</span> <span class='ocrx_word' id='word_1_112' title='bbox 1759 1732 1909 1785; x_wconf 88' lang='lat' dir='ltr'>enim</span> <span class='ocrx_word' id='word_1_113' title='bbox 1950 1740 2145 1785; x_wconf 76' lang='lat' dir='ltr'>vestrae</span> 
     </span>
    </p>
   </div>
   <div class='ocr_carea' id='block_1_19' title="bbox 2218 573 3820 648">
    <p class='ocr_par' dir='ltr' id='par_1_19' title="bbox 2218 573 3820 648">
     <span class='ocr_line' id='line_1_19' title="bbox 2218 573 3820 648; baseline -0.007 -16"><span class='ocrx_word' id='word_1_114' title='bbox 2218 578 2294 632; x_wconf 86' lang='lat' dir='ltr'>ita</span> <span class='ocrx_word' id='word_1_115' title='bbox 2327 584 2384 632; x_wconf 89' lang='lat' dir='ltr'>et</span> <span class='ocrx_word' id='word_1_116' title='bbox 2412 594 2512 648; x_wconf 88' lang='lat' dir='ltr'>per</span> <span class='ocrx_word' id='word_1_117' title='bbox 2537 577 2730 647; x_wconf 72' lang='lat' dir='ltr'>gloriae</span> <span class='ocrx_word' id='word_1_118' title='bbox 2745 581 2942 629; x_wconf 72' lang='lat' dir='ltr'>vestrae</span> <span class='ocrx_word' id='word_1_119' title='bbox 2956 575 3227 639; x_wconf 87' lang='lat' dir='ltr'>studium,</span> <span class='ocrx_word' id='word_1_120' title='bbox 3246 574 3306 629; x_wconf 91' lang='lat' dir='ltr'>in</span> <span class='ocrx_word' id='word_1_121' title='bbox 3322 573 3634 643; x_wconf 84' lang='lat' dir='ltr'>Anglorum</span> <span class='ocrx_word' id='word_1_122' title='bbox 3646 575 3820 641; x_wconf 88' lang='lat' dir='ltr'>gente</span> 
     </span>
    </p>
   </div>
   <div class='ocr_carea' id='block_1_20' title="bbox 2220 660 3822 738">
    <p class='ocr_par' dir='ltr' id='par_1_20' title="bbox 2220 660 3822 738">
     <span class='ocr_line' id='line_1_20' title="bbox 2220 660 3822 738; baseline -0.006 -18"><span class='ocrx_word' id='word_1_123' title='bbox 2220 670 2342 738; x_wconf 84' lang='lat' dir='ltr'>ejus</span> <span class='ocrx_word' id='word_1_124' title='bbox 2370 666 2809 721; x_wconf 90' lang='lat' dir='ltr'>misericordiam</span> <span class='ocrx_word' id='word_1_125' title='bbox 2841 663 3173 719; x_wconf 88' lang='lat' dir='ltr'>conﬁdimus</span> <span class='ocrx_word' id='word_1_126' title='bbox 3192 662 3433 735; x_wconf 88' lang='lat' dir='ltr'>operari.</span> <span class='ocrx_word' id='word_1_127' title='bbox 3462 662 3530 721; x_wconf 75' lang='lat' dir='ltr'>Et,</span> <span class='ocrx_word' id='word_1_128' title='bbox 3545 660 3822 732; x_wconf 86' lang='lat' dir='ltr'>quoniam</span> 
     </span>
    </p>
   </div>
   <div class='ocr_carea' id='block_1_21' title="bbox 2218 750 3823 828">
    <p class='ocr_par' dir='ltr' id='par_1_21' title="bbox 2218 750 3823 828">
     <span class='ocr_line' id='line_1_21' title="bbox 2218 750 3823 828; baseline -0.006 -18"><span class='ocrx_word' id='word_1_129' title='bbox 2218 754 2529 828; x_wconf 68' lang='lat' dir='ltr'>prudentiae</span> <span class='ocrx_word' id='word_1_130' title='bbox 2557 755 2724 820; x_wconf 93' lang='lat' dir='ltr'>bono,</span> <span class='ocrx_word' id='word_1_131' title='bbox 2757 755 2903 808; x_wconf 86' lang='lat' dir='ltr'>sicut</span> <span class='ocrx_word' id='word_1_132' title='bbox 2929 769 3124 807; x_wconf 86' lang='lat' dir='ltr'>revera</span> <span class='ocrx_word' id='word_1_133' title='bbox 3159 751 3513 816; x_wconf 64' lang='lat' dir='ltr'>Christianae,</span> <span class='ocrx_word' id='word_1_134' title='bbox 3560 755 3620 805; x_wconf 87' lang='lat' dir='ltr'>et</span> <span class='ocrx_word' id='word_1_135' title='bbox 3664 750 3823 803; x_wconf 64' lang='lat' dir='ltr'>recte</span> 
     </span>
    </p>
   </div>
   <div class='ocr_carea' id='block_1_22' title="bbox 2219 839 3823 917">
    <p class='ocr_par' dir='ltr' id='par_1_22' title="bbox 2219 839 3823 917">
     <span class='ocr_line' id='line_1_22' title="bbox 2219 839 3823 917; baseline -0.007 -16"><span class='ocrx_word' id='word_1_136' title='bbox 2219 847 2349 904; x_wconf 90' lang='lat' dir='ltr'>ﬁde.</span> <span class='ocrx_word' id='word_1_137' title='bbox 2371 846 2553 917; x_wconf 81' lang='lat' dir='ltr'>gloria</span> <span class='ocrx_word' id='word_1_138' title='bbox 2590 849 2775 899; x_wconf 88' lang='lat' dir='ltr'>vestra</span> <span class='ocrx_word' id='word_1_139' title='bbox 2804 842 3038 907; x_wconf 87' lang='lat' dir='ltr'>munita,</span> <span class='ocrx_word' id='word_1_140' title='bbox 3067 847 3124 896; x_wconf 92' lang='lat' dir='ltr'>et</span> <span class='ocrx_word' id='word_1_141' title='bbox 3160 840 3364 896; x_wconf 87' lang='lat' dir='ltr'>litteris</span> <span class='ocrx_word' id='word_1_142' title='bbox 3417 839 3586 893; x_wconf 88' lang='lat' dir='ltr'>docta</span> <span class='ocrx_word' id='word_1_143' title='bbox 3616 844 3730 901; x_wconf 88' lang='lat' dir='ltr'>est,</span> <span class='ocrx_word' id='word_1_144' title='bbox 3766 844 3823 890; x_wconf 91' lang='lat' dir='ltr'>et</span> 
     </span>
    </p>
   </div>
   <div class='ocr_carea' id='block_1_23' title="bbox 2220 926 3825 1004">
    <p class='ocr_par' dir='ltr' id='par_1_23' title="bbox 2220 926 3825 1004">
     <span class='ocr_line' id='line_1_23' title="bbox 2220 926 3825 1004; baseline -0.006 -14"><span class='ocrx_word' id='word_1_145' title='bbox 2220 936 2337 990; x_wconf 93' lang='lat' dir='ltr'>Deo</span> <span class='ocrx_word' id='word_1_146' title='bbox 2364 936 2585 989; x_wconf 89' lang='lat' dir='ltr'>volente</span> <span class='ocrx_word' id='word_1_147' title='bbox 2612 940 2808 1004; x_wconf 87' lang='lat' dir='ltr'>aptum</span> <span class='ocrx_word' id='word_1_148' title='bbox 2823 947 2973 985; x_wconf 91' lang='lat' dir='ltr'>nunc</span> <span class='ocrx_word' id='word_1_149' title='bbox 2992 937 3218 1002; x_wconf 85' lang='lat' dir='ltr'>tempus</span> <span class='ocrx_word' id='word_1_150' title='bbox 3230 935 3332 994; x_wconf 88' lang='lat' dir='ltr'>est,</span> <span class='ocrx_word' id='word_1_151' title='bbox 3348 928 3499 999; x_wconf 80' lang='lat' dir='ltr'>agite</span> <span class='ocrx_word' id='word_1_152' title='bbox 3521 933 3606 990; x_wconf 88' lang='lat' dir='ltr'>ut,</span> <span class='ocrx_word' id='word_1_153' title='bbox 3628 926 3825 981; x_wconf 88' lang='lat' dir='ltr'>divina</span> 
     </span>
    </p>
   </div>
   <div class='ocr_carea' id='block_1_24' title="bbox 2216 1017 3823 1095">
    <p class='ocr_par' dir='ltr' id='par_1_24' title="bbox 2216 1017 3823 1095">
     <span class='ocr_line' id='line_1_24' title="bbox 2216 1017 3823 1095; baseline -0.006 -16"><span class='ocrx_word' id='word_1_154' title='bbox 2216 1025 2404 1095; x_wconf 85' lang='lat' dir='ltr'>gratia</span> <span class='ocrx_word' id='word_1_155' title='bbox 2455 1027 2808 1093; x_wconf 85' lang='lat' dir='ltr'>cooperante,</span> <span class='ocrx_word' id='word_1_156' title='bbox 2852 1036 2981 1075; x_wconf 91' lang='lat' dir='ltr'>cum</span> <span class='ocrx_word' id='word_1_157' title='bbox 3036 1024 3339 1090; x_wconf 86' lang='lat' dir='ltr'>augmento</span> <span class='ocrx_word' id='word_1_158' title='bbox 3398 1017 3626 1091; x_wconf 87' lang='lat' dir='ltr'>possitis</span> <span class='ocrx_word' id='word_1_159' title='bbox 3668 1017 3823 1087; x_wconf 89' lang='lat' dir='ltr'>quod</span> 
     </span>
    </p>
   </div>
   <div class='ocr_carea' id='block_1_25' title="bbox 2224 1105 3826 1185">
    <p class='ocr_par' dir='ltr' id='par_1_25' title="bbox 2224 1105 3826 1185">
     <span class='ocr_line' id='line_1_25' title="bbox 2224 1105 3826 1185; baseline -0.005 -18"><span class='ocrx_word' id='word_1_160' title='bbox 2224 1115 2539 1185; x_wconf 86' lang='lat' dir='ltr'>neglectum</span> <span class='ocrx_word' id='word_1_161' title='bbox 2583 1118 2667 1165; x_wconf 90' lang='lat' dir='ltr'>est</span> <span class='ocrx_word' id='word_1_162' title='bbox 2720 1125 3001 1181; x_wconf 84' lang='lat' dir='ltr'>reparare.</span> <span class='ocrx_word' id='word_1_163' title='bbox 3052 1109 3251 1179; x_wconf 81' lang='lat' dir='ltr'>Itaque</span> <span class='ocrx_word' id='word_1_164' title='bbox 3301 1113 3547 1165; x_wconf 79' lang='lat' dir='ltr'>mentem</span> <span class='ocrx_word' id='word_1_165' title='bbox 3589 1105 3826 1176; x_wconf 85' lang='lat' dir='ltr'>gloriosi</span> 
     </span>
    </p>
   </div>
   <div class='ocr_carea' id='block_1_26' title="bbox 2225 1195 3828 1273">
    <p class='ocr_par' dir='ltr' id='par_1_26' title="bbox 2225 1195 3828 1273">
     <span class='ocr_line' id='line_1_26' title="bbox 2225 1195 3828 1273; baseline -0.005 -17"><span class='ocrx_word' id='word_1_166' title='bbox 2225 1203 2477 1273; x_wconf 86' lang='lat' dir='ltr'>conjugis</span> <span class='ocrx_word' id='word_1_167' title='bbox 2532 1201 2701 1254; x_wconf 82' lang='lat' dir='ltr'>vestri</span> <span class='ocrx_word' id='word_1_168' title='bbox 2758 1200 2815 1253; x_wconf 91' lang='lat' dir='ltr'>in</span> <span class='ocrx_word' id='word_1_169' title='bbox 2869 1198 3226 1252; x_wconf 89' lang='lat' dir='ltr'>dilectionem</span> <span class='ocrx_word' id='word_1_170' title='bbox 3284 1196 3619 1250; x_wconf 72' lang='lat' dir='ltr'>Christianae</span> <span class='ocrx_word' id='word_1_171' title='bbox 3692 1195 3828 1249; x_wconf 84' lang='lat' dir='ltr'>ﬁdei</span> 
     </span>
    </p>
   </div>
   <div class='ocr_carea' id='block_1_27' title="bbox 2225 1283 3832 1346">
    <p class='ocr_par' dir='ltr' id='par_1_27' title="bbox 2225 1283 3832 1346">
     <span class='ocr_line' id='line_1_27' title="bbox 2225 1283 3832 1346; baseline -0.007 0"><span class='ocrx_word' id='word_1_172' title='bbox 2225 1291 2617 1346; x_wconf 83' lang='lat' dir='ltr'>adhortatione</span> <span class='ocrx_word' id='word_1_173' title='bbox 2644 1289 2871 1343; x_wconf 89' lang='lat' dir='ltr'>assidua</span> <span class='ocrx_word' id='word_1_174' title='bbox 2898 1287 3177 1341; x_wconf 90' lang='lat' dir='ltr'>roborate.</span> <span class='ocrx_word' id='word_1_175' title='bbox 3237 1286 3441 1339; x_wconf 81' lang='lat' dir='ltr'>Vestra</span> <span class='ocrx_word' id='word_1_176' title='bbox 3482 1284 3564 1338; x_wconf 91' lang='lat' dir='ltr'>illi</span> <span class='ocrx_word' id='word_1_177' title='bbox 3621 1283 3832 1338; x_wconf 80' lang='lat' dir='ltr'>sollici-</span> 
     </span>
    </p>
   </div>
   <div class='ocr_carea' id='block_1_28' title="bbox 2223 1374 3829 1449">
    <p class='ocr_par' dir='ltr' id='par_1_28' title="bbox 2223 1374 3829 1449">
     <span class='ocr_line' id='line_1_28' title="bbox 2223 1374 3829 1449; baseline -0.007 -14"><span class='ocrx_word' id='word_1_178' title='bbox 2223 1382 2359 1435; x_wconf 88' lang='lat' dir='ltr'>tudo</span> <span class='ocrx_word' id='word_1_179' title='bbox 2385 1381 2442 1434; x_wconf 93' lang='lat' dir='ltr'>in</span> <span class='ocrx_word' id='word_1_180' title='bbox 2470 1383 2837 1449; x_wconf 87' lang='lat' dir='ltr'>augmentum</span> <span class='ocrx_word' id='word_1_181' title='bbox 2866 1377 2921 1429; x_wconf 92' lang='lat' dir='ltr'>in</span> <span class='ocrx_word' id='word_1_182' title='bbox 2954 1376 3069 1429; x_wconf 94' lang='lat' dir='ltr'>Deo</span> <span class='ocrx_word' id='word_1_183' title='bbox 3099 1375 3305 1431; x_wconf 86' lang='lat' dir='ltr'>amoris</span> <span class='ocrx_word' id='word_1_184' title='bbox 3333 1374 3625 1443; x_wconf 83' lang='lat' dir='ltr'>infundat;</span> <span class='ocrx_word' id='word_1_185' title='bbox 3653 1379 3829 1442; x_wconf 83' lang='lat' dir='ltr'>atque</span> 
     </span>
    </p>
   </div>
   <div class='ocr_carea' id='block_1_29' title="bbox 2228 1461 3833 1537">
    <p class='ocr_par' dir='ltr' id='par_1_29' title="bbox 2228 1461 3833 1537">
     <span class='ocr_line' id='line_1_29' title="bbox 2228 1461 3833 1537; baseline -0.007 -13"><span class='ocrx_word' id='word_1_186' title='bbox 2228 1471 2309 1524; x_wconf 83' lang='lat' dir='ltr'>ita</span> <span class='ocrx_word' id='word_1_187' title='bbox 2327 1470 2547 1523; x_wconf 89' lang='lat' dir='ltr'>animos</span> <span class='ocrx_word' id='word_1_188' title='bbox 2569 1470 2690 1537; x_wconf 86' lang='lat' dir='ltr'>ejus</span> <span class='ocrx_word' id='word_1_189' title='bbox 2711 1467 2880 1520; x_wconf 89' lang='lat' dir='ltr'>etiam</span> <span class='ocrx_word' id='word_1_190' title='bbox 2906 1482 3002 1536; x_wconf 88' lang='lat' dir='ltr'>pro</span> <span class='ocrx_word' id='word_1_191' title='bbox 3029 1464 3294 1533; x_wconf 60' lang='lat' dir='ltr'>subjectae</span> <span class='ocrx_word' id='word_1_192' title='bbox 3306 1463 3607 1534; x_wconf 87' lang='lat' dir='ltr'>sibigentis</span> <span class='ocrx_word' id='word_1_193' title='bbox 3625 1461 3833 1534; x_wconf 87' lang='lat' dir='ltr'>plenis-</span> 
     </span>
    </p>
   </div>
   <div class='ocr_carea' id='block_1_30' title="bbox 2226 1550 3835 1621">
    <p class='ocr_par' dir='ltr' id='par_1_30' title="bbox 2226 1550 3835 1621">
     <span class='ocr_line' id='line_1_30' title="bbox 2226 1550 3835 1621; baseline -0.006 -9"><span class='ocrx_word' id='word_1_194' title='bbox 2226 1561 2371 1614; x_wconf 89' lang='lat' dir='ltr'>sima</span> <span class='ocrx_word' id='word_1_195' title='bbox 2400 1557 2760 1611; x_wconf 86' lang='lat' dir='ltr'>conversione</span> <span class='ocrx_word' id='word_1_196' title='bbox 2791 1554 3113 1613; x_wconf 89' lang='lat' dir='ltr'>succendat.</span> <span class='ocrx_word' id='word_1_197' title='bbox 3146 1560 3211 1606; x_wconf 91' lang='lat' dir='ltr'>ut</span> <span class='ocrx_word' id='word_1_198' title='bbox 3240 1559 3297 1607; x_wconf 90' lang='lat' dir='ltr'>et</span> <span class='ocrx_word' id='word_1_199' title='bbox 3344 1567 3611 1621; x_wconf 87' lang='lat' dir='ltr'>magnum</span> <span class='ocrx_word' id='word_1_200' title='bbox 3652 1550 3835 1604; x_wconf 90' lang='lat' dir='ltr'>omni-</span> 
     </span>
    </p>
   </div>
   <div class='ocr_carea' id='block_1_31' title="bbox 2227 1640 3830 1719">
    <p class='ocr_par' dir='ltr' id='par_1_31' title="bbox 2227 1640 3830 1719">
     <span class='ocr_line' id='line_1_31' title="bbox 2227 1640 3830 1719; baseline -0.007 -16"><span class='ocrx_word' id='word_1_201' title='bbox 2227 1648 2441 1719; x_wconf 88' lang='lat' dir='ltr'>potenti</span> <span class='ocrx_word' id='word_1_202' title='bbox 2470 1648 2582 1699; x_wconf 89' lang='lat' dir='ltr'>Deo</span> <span class='ocrx_word' id='word_1_203' title='bbox 2608 1646 2676 1698; x_wconf 92' lang='lat' dir='ltr'>de</span> <span class='ocrx_word' id='word_1_204' title='bbox 2704 1644 3013 1698; x_wconf 87' lang='lat' dir='ltr'>devotionis</span> <span class='ocrx_word' id='word_1_205' title='bbox 3045 1650 3244 1697; x_wconf 73' lang='lat' dir='ltr'>vestrze</span> <span class='ocrx_word' id='word_1_206' title='bbox 3269 1641 3456 1696; x_wconf 87' lang='lat' dir='ltr'>studio</span> <span class='ocrx_word' id='word_1_207' title='bbox 3487 1640 3830 1695; x_wconf 87' lang='lat' dir='ltr'>sacriﬁcium</span> 
     </span>
    </p>
   </div>
   <div class='ocr_carea' id='block_1_32' title="bbox 2228 1732 3833 1804">
    <p class='ocr_par' dir='ltr' id='par_1_32' title="bbox 2228 1732 3833 1804">
     <span class='ocr_line' id='line_1_32' title="bbox 2228 1732 3833 1804; baseline -0.006 -13"><span class='ocrx_word' id='word_1_208' title='bbox 2228 1736 2496 1797; x_wconf 74' lang='lat' dir='ltr'>olieratis,</span> <span class='ocrx_word' id='word_1_209' title='bbox 2521 1743 2578 1788; x_wconf 88' lang='lat' dir='ltr'>et</span> <span class='ocrx_word' id='word_1_210' title='bbox 2609 1751 2675 1787; x_wconf 86' lang='lat' dir='ltr'>ea</span> <span class='ocrx_word' id='word_1_211' title='bbox 2700 1750 2824 1804; x_wconf 57' lang='lat' dir='ltr'>quas</span> <span class='ocrx_word' id='word_1_212' title='bbox 2860 1733 2930 1786; x_wconf 91' lang='lat' dir='ltr'>de</span> <span class='ocrx_word' id='word_1_213' title='bbox 2960 1732 3113 1786; x_wconf 88' lang='lat' dir='ltr'>vobis</span> <span class='ocrx_word' id='word_1_214' title='bbox 3142 1738 3374 1786; x_wconf 86' lang='lat' dir='ltr'>narrata</span> <span class='ocrx_word' id='word_1_215' title='bbox 3402 1735 3553 1793; x_wconf 84' lang='lat' dir='ltr'>sunt,</span> <span class='ocrx_word' id='word_1_216' title='bbox 3589 1734 3648 1784; x_wconf 89' lang='lat' dir='ltr'>et</span> <span class='ocrx_word' id='word_1_217' title='bbox 3686 1746 3833 1782; x_wconf 88' lang='lat' dir='ltr'>cres-</span> 
     </span>
    </p>
   </div>
   <div class='ocr_carea' id='block_1_33' title="bbox 551 1817 3834 1901">
    <p class='ocr_par' dir='ltr' id='par_1_33' title="bbox 551 1817 3834 1901">
     <span class='ocr_line' id='line_1_33' title="bbox 551 1817 3834 1901; baseline -0.003 -20"><span class='ocrx_word' id='word_1_218' title='bbox 551 1817 744 1889; x_wconf 66' lang='lat' dir='ltr'>gloriae</span> <span class='ocrx_word' id='word_1_219' title='bbox 772 1835 976 1872; x_wconf 79' lang='lat' dir='ltr'>nomen</span> <span class='ocrx_word' id='word_1_220' title='bbox 1004 1818 1174 1875; x_wconf 78' lang='lat' dir='ltr'>etiam</span> <span class='ocrx_word' id='word_1_221' title='bbox 1202 1819 1440 1891; x_wconf 71' lang='lat' dir='ltr'>posteris</span> <span class='ocrx_word' id='word_1_222' title='bbox 1453 1819 1753 1888; x_wconf 85' lang='lat' dir='ltr'>gloriosius</span> <span class='ocrx_word' id='word_1_223' title='bbox 1784 1821 1967 1874; x_wconf 90' lang='lat' dir='ltr'>reddit</span> <span class='ocrx_word' id='word_1_224' title='bbox 1990 1822 2147 1890; x_wconf 83' lang='lat' dir='ltr'>cujus</span> <span class='ocrx_word' id='word_1_225' title='bbox 2166 1844 2209 1901; x_wconf 80' lang='grc' dir='ltr'>Β</span> <span class='ocrx_word' id='word_1_226' title='bbox 2229 1833 2359 1879; x_wconf 86' lang='lat' dir='ltr'>cant</span> <span class='ocrx_word' id='word_1_227' title='bbox 2403 1831 2460 1877; x_wconf 91' lang='lat' dir='ltr'>et</span> <span class='ocrx_word' id='word_1_228' title='bbox 2488 1839 2618 1877; x_wconf 85' lang='lat' dir='ltr'>vera</span> <span class='ocrx_word' id='word_1_229' title='bbox 2636 1839 2758 1876; x_wconf 87' lang='lat' dir='ltr'>esse</span> <span class='ocrx_word' id='word_1_230' title='bbox 2777 1822 2958 1876; x_wconf 89' lang='lat' dir='ltr'>modis</span> <span class='ocrx_word' id='word_1_231' title='bbox 2986 1819 3663 1891; x_wconf 81' lang='lat' dir='ltr'>omnibusapprobentur,</span> <span class='ocrx_word' id='word_1_232' title='bbox 3696 1818 3834 1888; x_wconf 79' lang='lat' dir='ltr'>quia</span> 
     </span>
    </p>
   </div>
   <div class='ocr_carea' id='block_1_34' title="bbox 551 1907 3837 1980">
    <p class='ocr_par' dir='ltr' id='par_1_34' title="bbox 551 1907 3837 1980">
     <span class='ocr_line' id='line_1_34' title="bbox 551 1907 3837 1980; baseline -0 -21"><span class='ocrx_word' id='word_1_233' title='bbox 551 1922 649 1961; x_wconf 86' lang='lat' dir='ltr'>vos</span> <span class='ocrx_word' id='word_1_234' title='bbox 679 1907 948 1965; x_wconf 70' lang='lat' dir='ltr'>honorém</span> <span class='ocrx_word' id='word_1_235' title='bbox 971 1909 1240 1978; x_wconf 64' lang='lat' dir='ltr'>quaeritis,</span> <span class='ocrx_word' id='word_1_236' title='bbox 1260 1916 1317 1965; x_wconf 93' lang='lat' dir='ltr'>et</span> <span class='ocrx_word' id='word_1_237' title='bbox 1340 1911 1638 1964; x_wconf 85' lang='lat' dir='ltr'>reservatis</span> <span class='ocrx_word' id='word_1_238' title='bbox 1665 1909 1723 1963; x_wconf 92' lang='lat' dir='ltr'>in</span> <span class='ocrx_word' id='word_1_239' title='bbox 1743 1909 2025 1980; x_wconf 83' lang='lat' dir='ltr'>gentibus.</span> <span class='ocrx_word' id='word_1_240' title='bbox 2059 1909 2149 1963; x_wconf 89' lang='lat' dir='ltr'>Sic</span> <span class='ocrx_word' id='word_1_241' title='bbox 2235 1914 2377 1968; x_wconf 89' lang='lat' dir='ltr'>bona</span> <span class='ocrx_word' id='word_1_242' title='bbox 2405 1918 2606 1973; x_wconf 89' lang='lat' dir='ltr'>vestra,</span> <span class='ocrx_word' id='word_1_243' title='bbox 2644 1928 2753 1964; x_wconf 90' lang='lat' dir='ltr'>non</span> <span class='ocrx_word' id='word_1_244' title='bbox 2787 1911 2967 1965; x_wconf 89' lang='lat' dir='ltr'>solum</span> <span class='ocrx_word' id='word_1_245' title='bbox 2988 1911 3106 1980; x_wconf 84' lang='lat' dir='ltr'>jam</span> <span class='ocrx_word' id='word_1_246' title='bbox 3125 1910 3272 1980; x_wconf 85' lang='lat' dir='ltr'>apud</span> <span class='ocrx_word' id='word_1_247' title='bbox 3295 1910 3596 1967; x_wconf 89' lang='lat' dir='ltr'>Romanos,</span> <span class='ocrx_word' id='word_1_248' title='bbox 3606 1924 3710 1978; x_wconf 84' lang='lat' dir='ltr'>pro</span> <span class='ocrx_word' id='word_1_249' title='bbox 3724 1907 3837 1959; x_wconf 87' lang='lat' dir='ltr'>vita</span> 
     </span>
    </p>
   </div>
   <div class='ocr_carea' id='block_1_35' title="bbox 554 1995 3839 2072">
    <p class='ocr_par' dir='ltr' id='par_1_35' title="bbox 554 1995 3839 2072">
     <span class='ocr_line' id='line_1_35' title="bbox 554 1995 3839 2072; baseline 0 -23"><span class='ocrx_word' id='word_1_250' title='bbox 554 1995 705 2051; x_wconf 88' lang='lat' dir='ltr'>enim</span> <span class='ocrx_word' id='word_1_251' title='bbox 730 1997 1131 2053; x_wconf 81' lang='lat' dir='ltr'>Constantinus</span> <span class='ocrx_word' id='word_1_252' title='bbox 1157 1999 1439 2069; x_wconf 89' lang='lat' dir='ltr'>quondam</span> <span class='ocrx_word' id='word_1_253' title='bbox 1479 1999 1764 2070; x_wconf 88' lang='lat' dir='ltr'>piissimus</span> <span class='ocrx_word' id='word_1_254' title='bbox 1819 2000 2144 2069; x_wconf 70' lang='lat' dir='ltr'>imperator.</span> <span class='ocrx_word' id='word_1_255' title='bbox 2229 2005 2433 2058; x_wconf 88' lang='lat' dir='ltr'>fortius</span> <span class='ocrx_word' id='word_1_256' title='bbox 2461 2000 2883 2061; x_wconf 88' lang='lat' dir='ltr'>oraverunt,sed</span> <span class='ocrx_word' id='word_1_257' title='bbox 2911 2000 3078 2052; x_wconf 86' lang='lat' dir='ltr'>etiam</span> <span class='ocrx_word' id='word_1_258' title='bbox 3106 2016 3206 2072; x_wconf 90' lang='lat' dir='ltr'>per</span> <span class='ocrx_word' id='word_1_259' title='bbox 3227 1999 3447 2052; x_wconf 88' lang='lat' dir='ltr'>diversa</span> <span class='ocrx_word' id='word_1_260' title='bbox 3478 1998 3687 2057; x_wconf 83' lang='lat' dir='ltr'>loca.et</span> <span class='ocrx_word' id='word_1_261' title='bbox 3750 2012 3839 2049; x_wconf 89' lang='lat' dir='ltr'>us-</span> 
     </span>
    </p>
   </div>
   <div class='ocr_carea' id='block_1_36' title="bbox 553 2084 3831 2163">
    <p class='ocr_par' dir='ltr' id='par_1_36' title="bbox 553 2084 3831 2163">
     <span class='ocr_line' id='line_1_36' title="bbox 553 2084 3831 2163; baseline -0.003 -16"><span class='ocrx_word' id='word_1_262' title='bbox 553 2084 872 2141; x_wconf 72' lang='lat' dir='ltr'>Romaﬂam</span> <span class='ocrx_word' id='word_1_263' title='bbox 901 2087 1322 2156; x_wconf 73' lang='lat' dir='ltr'>rempublicam,</span> <span class='ocrx_word' id='word_1_264' title='bbox 1354 2104 1386 2140; x_wconf 77' lang='grc' dir='ltr'>ει</span> <span class='ocrx_word' id='word_1_265' title='bbox 1415 2088 1686 2159; x_wconf 76' lang='lat' dir='ltr'>perversis</span> <span class='ocrx_word' id='word_1_266' title='bbox 1708 2088 1986 2143; x_wconf 77' lang='lat' dir='ltr'>idolorum</span> <span class='ocrx_word' id='word_1_267' title='bbox 2029 2088 2148 2141; x_wconf 74' lang='grc'>0111·-</span> <span class='ocrx_word' id='word_1_268' title='bbox 2234 2110 2342 2163; x_wconf 90' lang='lat' dir='ltr'>que</span> <span class='ocrx_word' id='word_1_269' title='bbox 2374 2088 2915 2159; x_wconf 84' lang='lat' dir='ltr'>Constantinopolim</span> <span class='ocrx_word' id='word_1_270' title='bbox 2949 2089 3018 2142; x_wconf 89' lang='lat' dir='ltr'>ad</span> <span class='ocrx_word' id='word_1_271' title='bbox 3046 2088 3470 2142; x_wconf 88' lang='lat' dir='ltr'>serenissimum</span> <span class='ocrx_word' id='word_1_272' title='bbox 3511 2085 3831 2157; x_wconf 90' lang='lat' dir='ltr'>principem</span> 
     </span>
    </p>
   </div>
   <div class='ocr_carea' id='block_1_37' title="bbox 555 2172 3837 2252">
    <p class='ocr_par' dir='ltr' id='par_1_37' title="bbox 555 2172 3837 2252">
     <span class='ocr_line' id='line_1_37' title="bbox 555 2172 3837 2252; baseline 0 -26"><span class='ocrx_word' id='word_1_273' title='bbox 555 2172 706 2231; x_wconf 89' lang='lat' dir='ltr'>tibus</span> <span class='ocrx_word' id='word_1_274' title='bbox 734 2190 1019 2242; x_wconf 86' lang='lat' dir='ltr'>revocans,</span> <span class='ocrx_word' id='word_1_275' title='bbox 1053 2177 1424 2247; x_wconf 89' lang='lat' dir='ltr'>omnipotenti</span> <span class='ocrx_word' id='word_1_276' title='bbox 1484 2178 1616 2238; x_wconf 84' lang='lat' dir='ltr'>Deo,</span> <span class='ocrx_word' id='word_1_277' title='bbox 1672 2177 1901 2230; x_wconf 78' lang='lat' dir='ltr'>Domino</span> <span class='ocrx_word' id='word_1_278' title='bbox 1959 2185 2151 2230; x_wconf 88' lang='lat' dir='ltr'>nostro</span> <span class='ocrx_word' id='word_1_279' title='bbox 2234 2184 2624 2252; x_wconf 84' lang='lat' dir='ltr'>pervenerunt.</span> <span class='ocrx_word' id='word_1_280' title='bbox 2706 2179 2861 2232; x_wconf 87' lang='lat' dir='ltr'>Unde</span> <span class='ocrx_word' id='word_1_281' title='bbox 2919 2178 3160 2248; x_wconf 88' lang='lat' dir='ltr'>petimus</span> <span class='ocrx_word' id='word_1_282' title='bbox 3209 2183 3291 2241; x_wconf 90' lang='lat' dir='ltr'>ut,</span> <span class='ocrx_word' id='word_1_283' title='bbox 3353 2176 3497 2229; x_wconf 87' lang='lat' dir='ltr'>sicut</span> <span class='ocrx_word' id='word_1_284' title='bbox 3548 2174 3713 2245; x_wconf 89' lang='lat' dir='ltr'>nobis</span> <span class='ocrx_word' id='word_1_285' title='bbox 3771 2174 3837 2227; x_wconf 89' lang='lat' dir='ltr'>de</span> 
     </span>
    </p>
   </div>
   <div class='ocr_carea' id='block_1_38' title="bbox 551 2260 3837 2335">
    <p class='ocr_par' dir='ltr' id='par_1_38' title="bbox 551 2260 3837 2335">
     <span class='ocr_line' id='line_1_38' title="bbox 551 2260 3837 2335; baseline 0 -20"><span class='ocrx_word' id='word_1_286' title='bbox 551 2260 685 2318; x_wconf 86' lang='lat' dir='ltr'>Jesu</span> <span class='ocrx_word' id='word_1_287' title='bbox 716 2262 958 2330; x_wconf 83' lang='lat' dir='ltr'>Christo,</span> <span class='ocrx_word' id='word_1_288' title='bbox 985 2280 1172 2319; x_wconf 89' lang='lat' dir='ltr'>secum</span> <span class='ocrx_word' id='word_1_289' title='bbox 1203 2264 1469 2329; x_wconf 90' lang='lat' dir='ltr'>subdidit,</span> <span class='ocrx_word' id='word_1_290' title='bbox 1517 2282 1688 2335; x_wconf 87' lang='lat' dir='ltr'>seque</span> <span class='ocrx_word' id='word_1_291' title='bbox 1717 2283 1842 2319; x_wconf 88' lang='lat' dir='ltr'>cum</span> <span class='ocrx_word' id='word_1_292' title='bbox 1887 2265 2153 2331; x_wconf 86' lang='lat' dir='ltr'>subiectis</span> <span class='ocrx_word' id='word_1_293' title='bbox 2235 2266 2678 2322; x_wconf 87' lang='lat' dir='ltr'>Christianitatis</span> <span class='ocrx_word' id='word_1_294' title='bbox 2707 2272 2901 2320; x_wconf 73' lang='lat' dir='ltr'>vestrae</span> <span class='ocrx_word' id='word_1_295' title='bbox 2939 2266 3152 2319; x_wconf 89' lang='lat' dir='ltr'>solatiis</span> <span class='ocrx_word' id='word_1_296' title='bbox 3197 2264 3394 2319; x_wconf 82' lang='lat' dir='ltr'>laetitia</span> <span class='ocrx_word' id='word_1_297' title='bbox 3422 2265 3571 2318; x_wconf 86' lang='lat' dir='ltr'>facta</span> <span class='ocrx_word' id='word_1_298' title='bbox 3596 2270 3704 2329; x_wconf 90' lang='lat' dir='ltr'>est,</span> <span class='ocrx_word' id='word_1_299' title='bbox 3762 2261 3837 2316; x_wconf 80' lang='lat' dir='ltr'>ita</span> 
     </span>
    </p>
   </div>
   <div class='ocr_carea' id='block_1_39' title="bbox 557 2351 2154 2424">
    <p class='ocr_par' dir='ltr' id='par_1_39' title="bbox 557 2351 2154 2424">
     <span class='ocr_line' id='line_1_39' title="bbox 557 2351 2154 2424; baseline 0.003 -21"><span class='ocrx_word' id='word_1_300' title='bbox 557 2351 798 2424; x_wconf 89' lang='lat' dir='ltr'>populis,</span> <span class='ocrx_word' id='word_1_301' title='bbox 827 2357 948 2405; x_wconf 79' lang='lat' dir='ltr'>tota</span> <span class='ocrx_word' id='word_1_302' title='bbox 967 2352 1038 2406; x_wconf 90' lang='lat' dir='ltr'>ad</span> <span class='ocrx_word' id='word_1_303' title='bbox 1069 2370 1195 2408; x_wconf 91' lang='lat' dir='ltr'>eum</span> <span class='ocrx_word' id='word_1_304' title='bbox 1224 2361 1410 2407; x_wconf 91' lang='lat' dir='ltr'>mente</span> <span class='ocrx_word' id='word_1_305' title='bbox 1437 2355 1727 2407; x_wconf 87' lang='lat' dir='ltr'>convertit.</span> <span class='ocrx_word' id='word_1_306' title='bbox 1757 2356 1915 2409; x_wconf 87' lang='lat' dir='ltr'>Unde</span> <span class='ocrx_word' id='word_1_307' title='bbox 1947 2355 2154 2408; x_wconf 89' lang='lat' dir='ltr'>factum</span> 
     </span>
    </p>
   </div>
   <div class='ocr_carea' id='block_1_40' title="bbox 561 2440 2158 2513">
    <p class='ocr_par' dir='ltr' id='par_1_40' title="bbox 561 2440 2158 2513">
     <span class='ocr_line' id='line_1_40' title="bbox 561 2440 2158 2513; baseline 0.001 -20"><span class='ocrx_word' id='word_1_308' title='bbox 561 2445 649 2493; x_wconf 87' lang='lat' dir='ltr'>est</span> <span class='ocrx_word' id='word_1_309' title='bbox 674 2445 737 2493; x_wconf 89' lang='lat' dir='ltr'>ut</span> <span class='ocrx_word' id='word_1_310' title='bbox 785 2440 1145 2510; x_wconf 89' lang='lat' dir='ltr'>antiquorum</span> <span class='ocrx_word' id='word_1_311' title='bbox 1184 2442 1500 2513; x_wconf 86' lang='lat' dir='ltr'>principum</span> <span class='ocrx_word' id='word_1_312' title='bbox 1528 2459 1735 2497; x_wconf 88' lang='lat' dir='ltr'>nomen</span> <span class='ocrx_word' id='word_1_313' title='bbox 1782 2443 1900 2496; x_wconf 91' lang='lat' dir='ltr'>suis</span> <span class='ocrx_word' id='word_1_314' title='bbox 1955 2444 2037 2496; x_wconf 92' lang='lat' dir='ltr'>vir</span> <span class='ocrx_word' id='word_1_315' title='bbox 2064 2443 2158 2495; x_wconf 91' lang='lat' dir='ltr'>ille</span> 
     </span>
    </p>
   </div>
   <div class='ocr_carea' id='block_1_41' title="bbox 559 2528 2156 2602">
    <p class='ocr_par' dir='ltr' id='par_1_41' title="bbox 559 2528 2156 2602">
     <span class='ocr_line' id='line_1_41' title="bbox 559 2528 2156 2602; baseline 0.002 -21"><span class='ocrx_word' id='word_1_316' title='bbox 559 2528 824 2582; x_wconf 90' lang='lat' dir='ltr'>laudibus</span> <span class='ocrx_word' id='word_1_317' title='bbox 842 2528 1099 2588; x_wconf 86' lang='lat' dir='ltr'>vinceret.</span> <span class='ocrx_word' id='word_1_318' title='bbox 1123 2534 1180 2584; x_wconf 91' lang='lat' dir='ltr'>et</span> <span class='ocrx_word' id='word_1_319' title='bbox 1200 2537 1356 2584; x_wconf 87' lang='lat' dir='ltr'>tanto</span> <span class='ocrx_word' id='word_1_320' title='bbox 1378 2530 1434 2583; x_wconf 91' lang='lat' dir='ltr'>in</span> <span class='ocrx_word' id='word_1_321' title='bbox 1449 2531 1707 2602; x_wconf 87' lang='lat' dir='ltr'>Opinione</span> <span class='ocrx_word' id='word_1_322' title='bbox 1724 2531 2156 2602; x_wconf 70' lang='lat' dir='ltr'>praedecessores</span> 
     </span>
    </p>
   </div>
   <div class='ocr_carea' id='block_1_42' title="bbox 562 2618 2159 2691">
    <p class='ocr_par' dir='ltr' id='par_1_42' title="bbox 562 2618 2159 2691">
     <span class='ocr_line' id='line_1_42' title="bbox 562 2618 2159 2691; baseline 0.003 -20"><span class='ocrx_word' id='word_1_323' title='bbox 562 2632 712 2683; x_wconf 83' lang='lat' dir='ltr'>suos,</span> <span class='ocrx_word' id='word_1_324' title='bbox 749 2624 959 2688; x_wconf 80' lang='lat' dir='ltr'>quanto</span> <span class='ocrx_word' id='word_1_325' title='bbox 975 2627 1032 2672; x_wconf 86' lang='lat' dir='ltr'>et</span> <span class='ocrx_word' id='word_1_326' title='bbox 1060 2618 1117 2672; x_wconf 88' lang='lat' dir='ltr'>in</span> <span class='ocrx_word' id='word_1_327' title='bbox 1147 2618 1293 2672; x_wconf 92' lang='lat' dir='ltr'>bono</span> <span class='ocrx_word' id='word_1_328' title='bbox 1324 2636 1491 2690; x_wconf 84' lang='lat' dir='ltr'>Opere</span> <span class='ocrx_word' id='word_1_329' title='bbox 1520 2627 1831 2691; x_wconf 86' lang='lat' dir='ltr'>superaret.</span> <span class='ocrx_word' id='word_1_330' title='bbox 1889 2621 1959 2675; x_wconf 91' lang='lat' dir='ltr'>Et</span> <span class='ocrx_word' id='word_1_331' title='bbox 2011 2638 2159 2675; x_wconf 92' lang='lat' dir='ltr'>nunc</span> 
     </span>
    </p>
   </div>
   <div class='ocr_carea' id='block_1_43' title="bbox 563 2707 2158 2778">
    <p class='ocr_par' dir='ltr' id='par_1_43' title="bbox 563 2707 2158 2778">
     <span class='ocr_line' id='line_1_43' title="bbox 563 2707 2158 2778; baseline 0.003 -18"><span class='ocrx_word' id='word_1_332' title='bbox 563 2707 758 2777; x_wconf 82' lang='lat' dir='ltr'>itaque</span> <span class='ocrx_word' id='word_1_333' title='bbox 786 2712 969 2760; x_wconf 83' lang='lat' dir='ltr'>vestra</span> <span class='ocrx_word' id='word_1_334' title='bbox 1004 2707 1185 2777; x_wconf 84' lang='lat' dir='ltr'>gloria</span> <span class='ocrx_word' id='word_1_335' title='bbox 1211 2708 1584 2778; x_wconf 89' lang='lat' dir='ltr'>cognitionem</span> <span class='ocrx_word' id='word_1_336' title='bbox 1615 2709 1781 2764; x_wconf 90' lang='lat' dir='ltr'>unius</span> <span class='ocrx_word' id='word_1_337' title='bbox 1810 2709 1912 2764; x_wconf 91' lang='lat' dir='ltr'>Dei</span> <span class='ocrx_word' id='word_1_338' title='bbox 1955 2711 2158 2776; x_wconf 81' lang='lat' dir='ltr'>Patris,</span> 
     </span>
    </p>
   </div>
   <div class='ocr_carea' id='block_1_44' title="bbox 2240 2352 3840 2429">
    <p class='ocr_par' dir='ltr' id='par_1_44' title="bbox 2240 2352 3840 2429">
     <span class='ocr_line' id='line_1_44' title="bbox 2240 2352 3840 2429; baseline -0.004 -18"><span class='ocrx_word' id='word_1_339' title='bbox 2240 2374 2463 2429; x_wconf 90' lang='lat' dir='ltr'>quoque</span> <span class='ocrx_word' id='word_1_340' title='bbox 2495 2357 2564 2409; x_wconf 91' lang='lat' dir='ltr'>de</span> <span class='ocrx_word' id='word_1_341' title='bbox 2596 2355 2844 2427; x_wconf 86' lang='lat' dir='ltr'>perfecta</span> <span class='ocrx_word' id='word_1_342' title='bbox 2868 2355 3193 2425; x_wconf 84' lang='lat' dir='ltr'>operatione</span> <span class='ocrx_word' id='word_1_343' title='bbox 3231 2361 3417 2407; x_wconf 84' lang='lat' dir='ltr'>vestra</span> <span class='ocrx_word' id='word_1_344' title='bbox 3470 2352 3688 2422; x_wconf 87' lang='lat' dir='ltr'>angelis</span> <span class='ocrx_word' id='word_1_345' title='bbox 3743 2352 3840 2406; x_wconf 87' lang='lat' dir='ltr'>ﬁat</span> 
     </span>
    </p>
   </div>
   <div class='ocr_carea' id='block_1_45' title="bbox 2239 2442 3842 2516">
    <p class='ocr_par' dir='ltr' id='par_1_45' title="bbox 2239 2442 3842 2516">
     <span class='ocr_line' id='line_1_45' title="bbox 2239 2442 3842 2516; baseline -0.006 -14"><span class='ocrx_word' id='word_1_346' title='bbox 2239 2447 2510 2516; x_wconf 88' lang='lat' dir='ltr'>gaudium</span> <span class='ocrx_word' id='word_1_347' title='bbox 2542 2445 2599 2499; x_wconf 92' lang='lat' dir='ltr'>in</span> <span class='ocrx_word' id='word_1_348' title='bbox 2661 2443 2833 2498; x_wconf 66' lang='lat' dir='ltr'>caelis.</span> <span class='ocrx_word' id='word_1_349' title='bbox 2889 2444 2979 2498; x_wconf 90' lang='lat' dir='ltr'>Sic</span> <span class='ocrx_word' id='word_1_350' title='bbox 3018 2461 3113 2497; x_wconf 89' lang='lat' dir='ltr'>vos</span> <span class='ocrx_word' id='word_1_351' title='bbox 3159 2444 3217 2496; x_wconf 91' lang='lat' dir='ltr'>in</span> <span class='ocrx_word' id='word_1_352' title='bbox 3265 2442 3608 2513; x_wconf 88' lang='lat' dir='ltr'>adjutorium</span> <span class='ocrx_word' id='word_1_353' title='bbox 3668 2456 3842 2511; x_wconf 85' lang='lat' dir='ltr'>supra</span> 
     </span>
    </p>
   </div>
   <div class='ocr_carea' id='block_1_46' title="bbox 2240 2526 3837 2605">
    <p class='ocr_par' dir='ltr' id='par_1_46' title="bbox 2240 2526 3837 2605">
     <span class='ocr_line' id='line_1_46' title="bbox 2240 2526 3837 2605; baseline -0.004 -16"><span class='ocrx_word' id='word_1_354' title='bbox 2240 2534 2430 2605; x_wconf 88' lang='lat' dir='ltr'>scripti</span> <span class='ocrx_word' id='word_1_355' title='bbox 2471 2526 3143 2596; x_wconf 65' lang='lat' dir='ltr'>reverentissieratris,</span> <span class='ocrx_word' id='word_1_356' title='bbox 3186 2537 3243 2585; x_wconf 88' lang='lat' dir='ltr'>et</span> <span class='ocrx_word' id='word_1_357' title='bbox 3269 2531 3580 2602; x_wconf 89' lang='lat' dir='ltr'>coepiscopi</span> <span class='ocrx_word' id='word_1_358' title='bbox 3636 2530 3837 2595; x_wconf 86' lang='lat' dir='ltr'>nostri,</span> 
     </span>
    </p>
   </div>
   <div class='ocr_carea' id='block_1_47' title="bbox 2242 2619 3844 2690">
    <p class='ocr_par' dir='ltr' id='par_1_47' title="bbox 2242 2619 3844 2690">
     <span class='ocr_line' id='line_1_47' title="bbox 2242 2619 3844 2690; baseline -0.003 -13"><span class='ocrx_word' id='word_1_359' title='bbox 2242 2628 2299 2677; x_wconf 90' lang='lat' dir='ltr'>et</span> <span class='ocrx_word' id='word_1_360' title='bbox 2334 2639 2622 2676; x_wconf 87' lang='lat' dir='ltr'>servorum</span> <span class='ocrx_word' id='word_1_361' title='bbox 2662 2622 2761 2674; x_wconf 93' lang='lat' dir='ltr'>Dei</span> <span class='ocrx_word' id='word_1_362' title='bbox 2786 2637 2924 2690; x_wconf 90' lang='lat' dir='ltr'>quos</span> <span class='ocrx_word' id='word_1_363' title='bbox 2954 2621 3086 2673; x_wconf 91' lang='lat' dir='ltr'>illuc</span> <span class='ocrx_word' id='word_1_364' title='bbox 3116 2620 3372 2673; x_wconf 87' lang='lat' dir='ltr'>misimus</span> <span class='ocrx_word' id='word_1_365' title='bbox 3404 2620 3459 2672; x_wconf 92' lang='lat' dir='ltr'>in</span> <span class='ocrx_word' id='word_1_366' title='bbox 3477 2619 3844 2673; x_wconf 90' lang='lat' dir='ltr'>conversione</span> 
     </span>
    </p>
   </div>
   <div class='ocr_carea' id='block_1_48' title="bbox 2241 2707 3844 2782">
    <p class='ocr_par' dir='ltr' id='par_1_48' title="bbox 2241 2707 3844 2782">
     <span class='ocr_line' id='line_1_48' title="bbox 2241 2707 3844 2782; baseline -0.003 -17"><span class='ocrx_word' id='word_1_367' title='bbox 2241 2712 2425 2782; x_wconf 89' lang='lat' dir='ltr'>gentis</span> <span class='ocrx_word' id='word_1_368' title='bbox 2454 2716 2665 2768; x_wconf 67' lang='lat' dir='ltr'>vestrae.</span> <span class='ocrx_word' id='word_1_369' title='bbox 2696 2710 2891 2763; x_wconf 89' lang='lat' dir='ltr'>devote</span> <span class='ocrx_word' id='word_1_370' title='bbox 2918 2726 2983 2762; x_wconf 90' lang='lat' dir='ltr'>ac</span> <span class='ocrx_word' id='word_1_371' title='bbox 3002 2708 3133 2762; x_wconf 90' lang='lat' dir='ltr'>totis</span> <span class='ocrx_word' id='word_1_372' title='bbox 3161 2708 3369 2761; x_wconf 90' lang='lat' dir='ltr'>viribus</span> <span class='ocrx_word' id='word_1_373' title='bbox 3390 2707 3668 2761; x_wconf 87' lang='lat' dir='ltr'>exhibete.</span> <span class='ocrx_word' id='word_1_374' title='bbox 3694 2709 3774 2761; x_wconf 95' lang='lat' dir='ltr'>Ut</span> <span class='ocrx_word' id='word_1_375' title='bbox 3793 2716 3844 2760; x_wconf 89' lang='lat' dir='ltr'>et</span> 
     </span>
    </p>
   </div>
   <div class='ocr_carea' id='block_1_49' title="bbox 565 2792 3844 2870">
    <p class='ocr_par' dir='ltr' id='par_1_49' title="bbox 565 2792 3844 2870">
     <span class='ocr_line' id='line_1_49' title="bbox 565 2792 3844 2870; baseline -0 -22"><span class='ocrx_word' id='word_1_376' title='bbox 565 2801 625 2849; x_wconf 80' lang='lat' dir='ltr'>et</span> <span class='ocrx_word' id='word_1_377' title='bbox 682 2792 829 2861; x_wconf 73' lang='lat' dir='ltr'>Filii,</span> <span class='ocrx_word' id='word_1_378' title='bbox 889 2800 946 2848; x_wconf 88' lang='lat' dir='ltr'>et</span> <span class='ocrx_word' id='word_1_379' title='bbox 983 2796 1224 2866; x_wconf 85' lang='lat' dir='ltr'>Spiritus</span> <span class='ocrx_word' id='word_1_380' title='bbox 1293 2798 1490 2862; x_wconf 86' lang='lat' dir='ltr'>sancti,</span> <span class='ocrx_word' id='word_1_381' title='bbox 1550 2798 1773 2868; x_wconf 77' lang='lat' dir='ltr'>regibus</span> <span class='ocrx_word' id='word_1_382' title='bbox 1826 2814 1891 2852; x_wconf 85' lang='lat' dir='ltr'>ac</span> <span class='ocrx_word' id='word_1_383' title='bbox 1942 2799 2164 2870; x_wconf 89' lang='lat' dir='ltr'>populis</span> <span class='ocrx_word' id='word_1_384' title='bbox 2246 2801 2337 2854; x_wconf 90' lang='lat' dir='ltr'>hic</span> <span class='ocrx_word' id='word_1_385' title='bbox 2365 2799 2603 2852; x_wconf 88' lang='lat' dir='ltr'>feliciter</span> <span class='ocrx_word' id='word_1_386' title='bbox 2625 2813 2752 2851; x_wconf 91' lang='lat' dir='ltr'>cum</span> <span class='ocrx_word' id='word_1_387' title='bbox 2782 2798 3026 2867; x_wconf 90' lang='lat' dir='ltr'>glorioso</span> <span class='ocrx_word' id='word_1_388' title='bbox 3054 2797 3168 2850; x_wconf 89' lang='lat' dir='ltr'>ﬁlio</span> <span class='ocrx_word' id='word_1_389' title='bbox 3188 2797 3629 2865; x_wconf 87' lang='lat' dir='ltr'>nostroconjuge</span> <span class='ocrx_word' id='word_1_390' title='bbox 3660 2803 3844 2849; x_wconf 84' lang='lat' dir='ltr'>vestro</span> 
     </span>
    </p>
   </div>
   <div class='ocr_carea' id='block_1_50' title="bbox 566 2881 3846 2959">
    <p class='ocr_par' dir='ltr' id='par_1_50' title="bbox 566 2881 3846 2959">
     <span class='ocr_line' id='line_1_50' title="bbox 566 2881 3846 2959; baseline -0.001 -19"><span class='ocrx_word' id='word_1_391' title='bbox 566 2881 794 2940; x_wconf 76' lang='lat' dir='ltr'>sibimet</span> <span class='ocrx_word' id='word_1_392' title='bbox 820 2884 1104 2955; x_wconf 83' lang='lat' dir='ltr'>subjectis,</span> <span class='ocrx_word' id='word_1_393' title='bbox 1126 2885 1353 2939; x_wconf 75' lang='lat' dir='ltr'>festinet</span> <span class='ocrx_word' id='word_1_394' title='bbox 1379 2887 1695 2952; x_wconf 88' lang='lat' dir='ltr'>infundere,</span> <span class='ocrx_word' id='word_1_395' title='bbox 1729 2894 1792 2942; x_wconf 90' lang='lat' dir='ltr'>ut</span> <span class='ocrx_word' id='word_1_396' title='bbox 1820 2894 1877 2941; x_wconf 87' lang='lat' dir='ltr'>et</span> <span class='ocrx_word' id='word_1_397' title='bbox 1905 2888 2166 2958; x_wconf 88' lang='lat' dir='ltr'>antiquos</span> <span class='ocrx_word' id='word_1_398' title='bbox 2247 2888 2515 2959; x_wconf 88' lang='lat' dir='ltr'>regnetis,</span> <span class='ocrx_word' id='word_1_399' title='bbox 2551 2893 2607 2941; x_wconf 89' lang='lat' dir='ltr'>et</span> <span class='ocrx_word' id='word_1_400' title='bbox 2632 2893 2759 2957; x_wconf 92' lang='lat' dir='ltr'>post</span> <span class='ocrx_word' id='word_1_401' title='bbox 2786 2887 2953 2956; x_wconf 87' lang='lat' dir='ltr'>longa</span> <span class='ocrx_word' id='word_1_402' title='bbox 3001 2902 3277 2939; x_wconf 88' lang='lat' dir='ltr'>annorum</span> <span class='ocrx_word' id='word_1_403' title='bbox 3310 2892 3581 2955; x_wconf 88' lang='lat' dir='ltr'>tempora,</span> <span class='ocrx_word' id='word_1_404' title='bbox 3642 2882 3846 2938; x_wconf 72' lang='lat' dir='ltr'>futura:</span> 
     </span>
    </p>
   </div>
   <div class='ocr_carea' id='block_1_51' title="bbox 566 2974 3843 3049">
    <p class='ocr_par' dir='ltr' id='par_1_51' title="bbox 566 2974 3843 3049">
     <span class='ocr_line' id='line_1_51' title="bbox 566 2974 3843 3049; baseline -0.002 -16"><span class='ocrx_word' id='word_1_405' title='bbox 566 2977 755 3048; x_wconf 68' lang='lat' dir='ltr'>gentis</span> <span class='ocrx_word' id='word_1_406' title='bbox 782 2994 898 3033; x_wconf 71' lang='lat' dir='ltr'>sum</span> <span class='ocrx_word' id='word_1_407' title='bbox 924 2993 1086 3047; x_wconf 87' lang='lat' dir='ltr'>reges</span> <span class='ocrx_word' id='word_1_408' title='bbox 1107 2975 1368 3031; x_wconf 88' lang='lat' dir='ltr'>laudibus</span> <span class='ocrx_word' id='word_1_409' title='bbox 1418 2994 1483 3033; x_wconf 90' lang='lat' dir='ltr'>ac</span> <span class='ocrx_word' id='word_1_410' title='bbox 1534 2977 1751 3032; x_wconf 89' lang='lat' dir='ltr'>meritis</span> <span class='ocrx_word' id='word_1_411' title='bbox 1807 2984 2080 3045; x_wconf 86' lang='lat' dir='ltr'>transeat,</span> <span class='ocrx_word' id='word_1_412' title='bbox 2111 2982 2168 3031; x_wconf 86' lang='lat' dir='ltr'>et</span> <span class='ocrx_word' id='word_1_413' title='bbox 2251 2994 2471 3049; x_wconf 90' lang='lat' dir='ltr'>quoque</span> <span class='ocrx_word' id='word_1_414' title='bbox 2499 2976 2708 3046; x_wconf 88' lang='lat' dir='ltr'>gaudia</span> <span class='ocrx_word' id='word_1_415' title='bbox 2736 2977 2878 3038; x_wconf 65' lang='lat' dir='ltr'>vitae,</span> <span class='ocrx_word' id='word_1_416' title='bbox 2907 2992 3030 3045; x_wconf 79' lang='lat' dir='ltr'>quae</span> <span class='ocrx_word' id='word_1_417' title='bbox 3082 2976 3251 3028; x_wconf 89' lang='lat' dir='ltr'>ﬁnem</span> <span class='ocrx_word' id='word_1_418' title='bbox 3302 2974 3510 3027; x_wconf 88' lang='lat' dir='ltr'>habere</span> <span class='ocrx_word' id='word_1_419' title='bbox 3562 2974 3843 3037; x_wconf 84' lang='lat' dir='ltr'>nesciunt,</span> 
     </span>
    </p>
   </div>
   <div class='ocr_carea' id='block_1_52' title="bbox 570 3063 3848 3138">
    <p class='ocr_par' dir='ltr' id='par_1_52' title="bbox 570 3063 3848 3138">
     <span class='ocr_line' id='line_1_52' title="bbox 570 3063 3848 3138; baseline -0.002 -15"><span class='ocrx_word' id='word_1_420' title='bbox 570 3072 783 3138; x_wconf 78' lang='lat' dir='ltr'>quanto</span> <span class='ocrx_word' id='word_1_421' title='bbox 807 3067 867 3129; x_wconf 85' lang='lat' dir='ltr'>in</span> <span class='ocrx_word' id='word_1_422' title='bbox 904 3066 1132 3137; x_wconf 85' lang='lat' dir='ltr'>sujectis</span> <span class='ocrx_word' id='word_1_423' title='bbox 1184 3065 1302 3123; x_wconf 86' lang='lat' dir='ltr'>suis</span> <span class='ocrx_word' id='word_1_424' title='bbox 1349 3066 1532 3127; x_wconf 78' lang='lat' dir='ltr'>aliena</span> <span class='ocrx_word' id='word_1_425' title='bbox 1572 3073 1801 3138; x_wconf 87' lang='lat' dir='ltr'>peccata</span> <span class='ocrx_word' id='word_1_426' title='bbox 1847 3067 2164 3133; x_wconf 86' lang='lat' dir='ltr'>deterserit,</span> <span class='ocrx_word' id='word_1_427' title='bbox 2249 3084 2375 3122; x_wconf 91' lang='lat' dir='ltr'>cum</span> <span class='ocrx_word' id='word_1_428' title='bbox 2427 3067 2612 3120; x_wconf 87' lang='lat' dir='ltr'>fructu</span> <span class='ocrx_word' id='word_1_429' title='bbox 2668 3070 2889 3119; x_wconf 58' lang='lat' dir='ltr'>aeternae</span> <span class='ocrx_word' id='word_1_430' title='bbox 2945 3063 3219 3118; x_wconf 90' lang='lat' dir='ltr'>mercedis</span> <span class='ocrx_word' id='word_1_431' title='bbox 3257 3063 3510 3135; x_wconf 89' lang='lat' dir='ltr'>capiatis.</span> <span class='ocrx_word' id='word_1_432' title='bbox 3566 3063 3713 3118; x_wconf 88' lang='lat' dir='ltr'>Data</span> <span class='ocrx_word' id='word_1_433' title='bbox 3764 3064 3848 3117; x_wconf 90' lang='lat' dir='ltr'>die</span> 
     </span>
    </p>
   </div>
   <div class='ocr_carea' id='block_1_53' title="bbox 569 3152 3849 3231">
    <p class='ocr_par' dir='ltr' id='par_1_53' title="bbox 569 3152 3849 3231">
     <span class='ocr_line' id='line_1_53' title="bbox 569 3152 3849 3231; baseline -0.006 -6"><span class='ocrx_word' id='word_1_434' title='bbox 569 3163 731 3225; x_wconf 66' lang='lat' dir='ltr'>tanta</span> <span class='ocrx_word' id='word_1_435' title='bbox 758 3157 929 3217; x_wconf 85' lang='lat' dir='ltr'>etiam</span> <span class='ocrx_word' id='word_1_436' title='bbox 958 3159 1028 3216; x_wconf 89' lang='lat' dir='ltr'>de</span> <span class='ocrx_word' id='word_1_437' title='bbox 1047 3158 1287 3231; x_wconf 84' lang='lat' dir='ltr'>peccatis</span> <span class='ocrx_word' id='word_1_438' title='bbox 1340 3156 1581 3228; x_wconf 81' lang='lat' dir='ltr'>propriis</span> <span class='ocrx_word' id='word_1_439' title='bbox 1611 3163 1741 3212; x_wconf 90' lang='lat' dir='ltr'>ante</span> <span class='ocrx_word' id='word_1_440' title='bbox 1771 3154 2171 3228; x_wconf 86' lang='lat' dir='ltr'>omnipotentis</span> <span class='ocrx_word' id='word_1_441' title='bbox 2190 3158 2234 3218; x_wconf 85' lang='lat' dir='ltr'>C</span> <span class='ocrx_word' id='word_1_442' title='bbox 2252 3157 2466 3211; x_wconf 89' lang='lat' dir='ltr'>decimo</span> <span class='ocrx_word' id='word_1_443' title='bbox 2488 3154 2869 3215; x_wconf 87' lang='lat' dir='ltr'>Kalendarum</span> <span class='ocrx_word' id='word_1_444' title='bbox 2905 3154 3203 3221; x_wconf 73' lang='lat' dir='ltr'>Iuliarum,</span> <span class='ocrx_word' id='word_1_445' title='bbox 3233 3152 3546 3224; x_wconf 86' lang='lat' dir='ltr'>imperante</span> <span class='ocrx_word' id='word_1_446' title='bbox 3578 3152 3849 3208; x_wconf 85' lang='lat' dir='ltr'>Mauricio</span> 
     </span>
    </p>
   </div>
   <div class='ocr_carea' id='block_1_54' title="bbox 574 3246 2168 3313">
    <p class='ocr_par' dir='ltr' id='par_1_54' title="bbox 574 3246 2168 3313">
     <span class='ocr_line' id='line_1_54' title="bbox 574 3246 2168 3313; baseline -0.003 -9"><span class='ocrx_word' id='word_1_447' title='bbox 574 3250 677 3309; x_wconf 87' lang='lat' dir='ltr'>Dei</span> <span class='ocrx_word' id='word_1_448' title='bbox 703 3248 957 3313; x_wconf 83' lang='lat' dir='ltr'>terribile</span> <span class='ocrx_word' id='word_1_449' title='bbox 976 3265 1212 3305; x_wconf 87' lang='lat' dir='ltr'>examen</span> <span class='ocrx_word' id='word_1_450' title='bbox 1233 3248 1485 3302; x_wconf 89' lang='lat' dir='ltr'>securior</span> <span class='ocrx_word' id='word_1_451' title='bbox 1506 3248 1624 3301; x_wconf 87' lang='lat' dir='ltr'>ﬁat.</span> <span class='ocrx_word' id='word_1_452' title='bbox 1649 3246 2168 3309; x_wconf 85' lang='lat' dir='ltr'>Reverendissimus</span> 
     </span>
    </p>
   </div>
   <div class='ocr_carea' id='block_1_55' title="bbox 576 3335 2174 3407">
    <p class='ocr_par' dir='ltr' id='par_1_55' title="bbox 576 3335 2174 3407">
     <span class='ocr_line' id='line_1_55' title="bbox 576 3335 2174 3407; baseline -0.009 -5"><span class='ocrx_word' id='word_1_453' title='bbox 576 3343 766 3401; x_wconf 78' lang='lat' dir='ltr'>autem</span> <span class='ocrx_word' id='word_1_454' title='bbox 796 3336 969 3393; x_wconf 81' lang='lat' dir='ltr'>frater</span> <span class='ocrx_word' id='word_1_455' title='bbox 985 3336 1531 3407; x_wconf 83' lang='lat' dir='ltr'>nosterAugustinus</span> <span class='ocrx_word' id='word_1_456' title='bbox 1556 3336 1614 3391; x_wconf 90' lang='lat' dir='ltr'>in</span> <span class='ocrx_word' id='word_1_457' title='bbox 1638 3335 2174 3404; x_wconf 87' lang='lat' dir='ltr'>monasteriiregula</span> 
     </span>
    </p>
   </div>
   <div class='ocr_carea' id='block_1_56' title="bbox 579 3423 2173 3497">
    <p class='ocr_par' dir='ltr' id='par_1_56' title="bbox 579 3423 2173 3497">
     <span class='ocr_line' id='line_1_56' title="bbox 579 3423 2173 3497; baseline -0.004 -14"><span class='ocrx_word' id='word_1_458' title='bbox 579 3426 830 3493; x_wconf 81' lang='lat' dir='ltr'>edoctus,</span> <span class='ocrx_word' id='word_1_459' title='bbox 863 3442 1032 3487; x_wconf 78' lang='lat' dir='ltr'>sacrae</span> <span class='ocrx_word' id='word_1_460' title='bbox 1061 3424 1365 3497; x_wconf 67' lang='lat' dir='ltr'>Scriptura:</span> <span class='ocrx_word' id='word_1_461' title='bbox 1404 3425 1640 3487; x_wconf 82' lang='lat' dir='ltr'>scientia,</span> <span class='ocrx_word' id='word_1_462' title='bbox 1693 3425 1959 3496; x_wconf 88' lang='lat' dir='ltr'>repletus,</span> <span class='ocrx_word' id='word_1_463' title='bbox 2012 3423 2173 3479; x_wconf 89' lang='lat' dir='ltr'>bonis</span> 
     </span>
    </p>
   </div>
   <div class='ocr_carea' id='block_1_57' title="bbox 581 3514 2177 3587">
    <p class='ocr_par' dir='ltr' id='par_1_57' title="bbox 581 3514 2177 3587">
     <span class='ocr_line' id='line_1_57' title="bbox 581 3514 2177 3587; baseline -0.003 -16"><span class='ocrx_word' id='word_1_464' title='bbox 581 3522 814 3577; x_wconf 84' lang='lat' dir='ltr'>auctore</span> <span class='ocrx_word' id='word_1_465' title='bbox 842 3515 957 3570; x_wconf 89' lang='lat' dir='ltr'>Deo</span> <span class='ocrx_word' id='word_1_466' title='bbox 988 3514 1249 3587; x_wconf 81' lang='lat' dir='ltr'>operibus</span> <span class='ocrx_word' id='word_1_467' title='bbox 1279 3514 1569 3585; x_wconf 54' lang='lat' dir='ltr'>praeditus,</span> <span class='ocrx_word' id='word_1_468' title='bbox 1602 3530 1834 3586; x_wconf 64' lang='lat' dir='ltr'>quaeque</span> <span class='ocrx_word' id='word_1_469' title='bbox 1864 3530 1958 3567; x_wconf 91' lang='lat' dir='ltr'>vos</span> <span class='ocrx_word' id='word_1_470' title='bbox 1989 3514 2177 3567; x_wconf 92' lang='lat' dir='ltr'>admo-</span> 
     </span>
    </p>
   </div>
   <div class='ocr_carea' id='block_1_58' title="bbox 582 3601 2177 3674">
    <p class='ocr_par' dir='ltr' id='par_1_58' title="bbox 582 3601 2177 3674">
     <span class='ocr_line' id='line_1_58' title="bbox 582 3601 2177 3674; baseline -0.003 -14"><span class='ocrx_word' id='word_1_471' title='bbox 582 3609 699 3671; x_wconf 83' lang='lat' dir='ltr'>net,</span> <span class='ocrx_word' id='word_1_472' title='bbox 731 3602 974 3660; x_wconf 89' lang='lat' dir='ltr'>libenter</span> <span class='ocrx_word' id='word_1_473' title='bbox 1004 3604 1216 3671; x_wconf 89' lang='lat' dir='ltr'>audite,</span> <span class='ocrx_word' id='word_1_474' title='bbox 1245 3603 1441 3659; x_wconf 87' lang='lat' dir='ltr'>devote</span> <span class='ocrx_word' id='word_1_475' title='bbox 1501 3603 1771 3674; x_wconf 84' lang='lat' dir='ltr'>peragite,</span> <span class='ocrx_word' id='word_1_476' title='bbox 1818 3602 2067 3657; x_wconf 85' lang='lat' dir='ltr'>studiose</span> <span class='ocrx_word' id='word_1_477' title='bbox 2119 3601 2177 3656; x_wconf 93' lang='lat' dir='ltr'>in</span> 
     </span>
    </p>
   </div>
   <div class='ocr_carea' id='block_1_59' title="bbox 583 3691 2179 3765">
    <p class='ocr_par' dir='ltr' id='par_1_59' title="bbox 583 3691 2179 3765">
     <span class='ocr_line' id='line_1_59' title="bbox 583 3691 2179 3765; baseline -0.004 -16"><span class='ocrx_word' id='word_1_478' title='bbox 583 3693 916 3753; x_wconf 83' lang='lat' dir='ltr'>memoriam</span> <span class='ocrx_word' id='word_1_479' title='bbox 949 3701 1247 3755; x_wconf 86' lang='lat' dir='ltr'>reservate,</span> <span class='ocrx_word' id='word_1_480' title='bbox 1292 3692 1424 3765; x_wconf 86' lang='lat' dir='ltr'>quia</span> <span class='ocrx_word' id='word_1_481' title='bbox 1477 3692 1524 3746; x_wconf 89' lang='lat' dir='ltr'>si</span> <span class='ocrx_word' id='word_1_482' title='bbox 1575 3709 1669 3747; x_wconf 90' lang='lat' dir='ltr'>vos</span> <span class='ocrx_word' id='word_1_483' title='bbox 1716 3709 1845 3746; x_wconf 90' lang='lat' dir='ltr'>eum</span> <span class='ocrx_word' id='word_1_484' title='bbox 1892 3691 2040 3762; x_wconf 89' lang='lat' dir='ltr'>quod</span> <span class='ocrx_word' id='word_1_485' title='bbox 2078 3706 2179 3765; x_wconf 90' lang='lat' dir='ltr'>pro</span> 
     </span>
    </p>
   </div>
   <div class='ocr_carea' id='block_1_60' title="bbox 585 3780 2181 3853">
    <p class='ocr_par' dir='ltr' id='par_1_60' title="bbox 585 3780 2181 3853">
     <span class='ocr_line' id='line_1_60' title="bbox 585 3780 2181 3853; baseline -0.003 -16"><span class='ocrx_word' id='word_1_486' title='bbox 585 3784 972 3853; x_wconf 79' lang='lat' dir='ltr'>omnipotente</span> <span class='ocrx_word' id='word_1_487' title='bbox 997 3782 1113 3839; x_wconf 90' lang='lat' dir='ltr'>Deo</span> <span class='ocrx_word' id='word_1_488' title='bbox 1136 3781 1385 3853; x_wconf 85' lang='lat' dir='ltr'>loquitur</span> <span class='ocrx_word' id='word_1_489' title='bbox 1404 3781 1629 3847; x_wconf 84' lang='lat' dir='ltr'>auditis,</span> <span class='ocrx_word' id='word_1_490' title='bbox 1652 3780 1801 3836; x_wconf 89' lang='lat' dir='ltr'>idem</span> <span class='ocrx_word' id='word_1_491' title='bbox 1827 3780 2181 3853; x_wconf 89' lang='lat' dir='ltr'>omnipotens</span> 
     </span>
    </p>
   </div>
   <div class='ocr_carea' id='block_1_61' title="bbox 585 3869 2182 3945">
    <p class='ocr_par' dir='ltr' id='par_1_61' title="bbox 585 3869 2182 3945">
     <span class='ocr_line' id='line_1_61' title="bbox 585 3869 2182 3945; baseline -0.003 -16"><span class='ocrx_word' id='word_1_492' title='bbox 585 3873 738 3937; x_wconf 80' lang='lat' dir='ltr'>Deus</span> <span class='ocrx_word' id='word_1_493' title='bbox 768 3873 919 3935; x_wconf 79' lang='lat' dir='ltr'>hunc</span> <span class='ocrx_word' id='word_1_494' title='bbox 962 3888 1064 3945; x_wconf 89' lang='lat' dir='ltr'>pro</span> <span class='ocrx_word' id='word_1_495' title='bbox 1112 3870 1267 3927; x_wconf 86' lang='lat' dir='ltr'>vobis</span> <span class='ocrx_word' id='word_1_496' title='bbox 1296 3877 1619 3933; x_wconf 71' lang='lat' dir='ltr'>exorantem</span> <span class='ocrx_word' id='word_1_497' title='bbox 1663 3871 1898 3925; x_wconf 89' lang='lat' dir='ltr'>celerius</span> <span class='ocrx_word' id='word_1_498' title='bbox 1937 3869 2182 3924; x_wconf 90' lang='lat' dir='ltr'>exaudit.</span> 
     </span>
    </p>
   </div>
   <div class='ocr_carea' id='block_1_62' title="bbox 586 3959 2183 4030">
    <p class='ocr_par' dir='ltr' id='par_1_62' title="bbox 586 3959 2183 4030">
     <span class='ocr_line' id='line_1_62' title="bbox 586 3959 2183 4030; baseline -0.006 -12"><span class='ocrx_word' id='word_1_499' title='bbox 586 3963 769 4018; x_wconf 88' lang='lat' dir='ltr'>Parva</span> <span class='ocrx_word' id='word_1_500' title='bbox 796 3968 987 4021; x_wconf 80' lang='lat' dir='ltr'>autem</span> <span class='ocrx_word' id='word_1_501' title='bbox 1018 3961 1180 4016; x_wconf 84' lang='lat' dir='ltr'>xenia</span> <span class='ocrx_word' id='word_1_502' title='bbox 1206 3960 1516 4019; x_wconf 88' lang='lat' dir='ltr'>transmisi.</span> <span class='ocrx_word' id='word_1_503' title='bbox 1542 3977 1664 4030; x_wconf 72' lang='lat' dir='ltr'>quae</span> <span class='ocrx_word' id='word_1_504' title='bbox 1694 3959 1847 4013; x_wconf 88' lang='lat' dir='ltr'>vobis</span> <span class='ocrx_word' id='word_1_505' title='bbox 1871 3974 2040 4030; x_wconf 89' lang='lat' dir='ltr'>parva</span> <span class='ocrx_word' id='word_1_506' title='bbox 2069 3973 2183 4010; x_wconf 91' lang='lat' dir='ltr'>non</span> 
     </span>
    </p>
   </div>
   <div class='ocr_carea' id='block_1_63' title="bbox 590 4045 2189 4123">
    <p class='ocr_par' dir='ltr' id='par_1_63' title="bbox 590 4045 2189 4123">
     <span class='ocr_line' id='line_1_63' title="bbox 590 4045 2189 4123; baseline -0.004 -17"><span class='ocrx_word' id='word_1_507' title='bbox 590 4057 777 4117; x_wconf 85' lang='lat' dir='ltr'>erunt,</span> <span class='ocrx_word' id='word_1_508' title='bbox 808 4068 938 4113; x_wconf 80' lang='lat' dir='ltr'>cum</span> <span class='ocrx_word' id='word_1_509' title='bbox 967 4066 1002 4104; x_wconf 89' lang='lat' dir='ltr'>a</span> <span class='ocrx_word' id='word_1_510' title='bbox 1030 4048 1182 4105; x_wconf 83' lang='lat' dir='ltr'>vobis</span> <span class='ocrx_word' id='word_1_511' title='bbox 1208 4066 1271 4109; x_wconf 76' lang='lat' dir='ltr'>ex</span> <span class='ocrx_word' id='word_1_512' title='bbox 1318 4049 1467 4104; x_wconf 88' lang='lat' dir='ltr'>beati</span> <span class='ocrx_word' id='word_1_513' title='bbox 1498 4049 1650 4105; x_wconf 91' lang='lat' dir='ltr'>Petri</span> <span class='ocrx_word' id='word_1_514' title='bbox 1696 4048 1934 4123; x_wconf 89' lang='lat' dir='ltr'>apostoli</span> <span class='ocrx_word' id='word_1_515' title='bbox 1977 4045 2189 4100; x_wconf 89' lang='lat' dir='ltr'>fuerint</span> 
     </span>
    </p>
   </div>
   <div class='ocr_carea' id='block_1_64' title="bbox 589 4135 2187 4209">
    <p class='ocr_par' dir='ltr' id='par_1_64' title="bbox 589 4135 2187 4209">
     <span class='ocr_line' id='line_1_64' title="bbox 589 4135 2187 4209; baseline -0.005 -12"><span class='ocrx_word' id='word_1_516' title='bbox 589 4139 979 4201; x_wconf 79' lang='lat' dir='ltr'>benedictione</span> <span class='ocrx_word' id='word_1_517' title='bbox 1009 4142 1284 4208; x_wconf 87' lang='lat' dir='ltr'>suscepta.</span> <span class='ocrx_word' id='word_1_518' title='bbox 1315 4136 1685 4209; x_wconf 82' lang='lat' dir='ltr'>Omnipotens</span> <span class='ocrx_word' id='word_1_519' title='bbox 1708 4137 1897 4206; x_wconf 85' lang='lat' dir='ltr'>itaque</span> <span class='ocrx_word' id='word_1_520' title='bbox 1933 4138 2094 4201; x_wconf 88' lang='lat' dir='ltr'>Deus,</span> <span class='ocrx_word' id='word_1_521' title='bbox 2128 4135 2187 4190; x_wconf 90' lang='lat' dir='ltr'>in</span> 
     </span>
    </p>
   </div>
   <div class='ocr_carea' id='block_1_65' title="bbox 589 4226 2187 4301">
    <p class='ocr_par' dir='ltr' id='par_1_65' title="bbox 589 4226 2187 4301">
     <span class='ocr_line' id='line_1_65' title="bbox 589 4226 2187 4301; baseline -0.006 -12"><span class='ocrx_word' id='word_1_522' title='bbox 589 4228 750 4289; x_wconf 72' lang='lat' dir='ltr'>vobis</span> <span class='ocrx_word' id='word_1_523' title='bbox 797 4228 1045 4301; x_wconf 80' lang='lat' dir='ltr'>gratiam</span> <span class='ocrx_word' id='word_1_524' title='bbox 1101 4244 1260 4281; x_wconf 85' lang='lat' dir='ltr'>suam</span> <span class='ocrx_word' id='word_1_525' title='bbox 1292 4243 1459 4297; x_wconf 88' lang='lat' dir='ltr'>quam</span> <span class='ocrx_word' id='word_1_526' title='bbox 1490 4227 1677 4297; x_wconf 79' lang='lat' dir='ltr'>ccepit,</span> <span class='ocrx_word' id='word_1_527' title='bbox 1713 4226 1985 4297; x_wconf 88' lang='lat' dir='ltr'>perﬁciat,</span> <span class='ocrx_word' id='word_1_528' title='bbox 2018 4231 2187 4296; x_wconf 85' lang='lat' dir='ltr'>atque</span> 
     </span>
    </p>
   </div>
   <div class='ocr_carea' id='block_1_66' title="bbox 591 4315 2191 4389">
    <p class='ocr_par' dir='ltr' id='par_1_66' title="bbox 591 4315 2191 4389">
     <span class='ocr_line' id='line_1_66' title="bbox 591 4315 2191 4389; baseline -0.002 -17"><span class='ocrx_word' id='word_1_529' title='bbox 591 4317 765 4384; x_wconf 79' lang='lat' dir='ltr'>vitam</span> <span class='ocrx_word' id='word_1_530' title='bbox 797 4324 1040 4372; x_wconf 88' lang='lat' dir='ltr'>vestram</span> <span class='ocrx_word' id='word_1_531' title='bbox 1065 4321 1121 4370; x_wconf 91' lang='lat' dir='ltr'>et</span> <span class='ocrx_word' id='word_1_532' title='bbox 1146 4316 1237 4371; x_wconf 93' lang='lat' dir='ltr'>hic</span> <span class='ocrx_word' id='word_1_533' title='bbox 1264 4332 1364 4389; x_wconf 90' lang='lat' dir='ltr'>per</span> <span class='ocrx_word' id='word_1_534' title='bbox 1386 4316 1692 4370; x_wconf 91' lang='lat' dir='ltr'>multorum</span> <span class='ocrx_word' id='word_1_535' title='bbox 1722 4330 1997 4368; x_wconf 90' lang='lat' dir='ltr'>annorum</span> <span class='ocrx_word' id='word_1_536' title='bbox 2017 4315 2191 4369; x_wconf 91' lang='lat' dir='ltr'>curri-</span> 
     </span>
    </p>
   </div>
   <div class='ocr_carea' id='block_1_67' title="bbox 594 4402 2189 4476">
    <p class='ocr_par' dir='ltr' id='par_1_67' title="bbox 594 4402 2189 4476">
     <span class='ocr_line' id='line_1_67' title="bbox 594 4402 2189 4476; baseline -0.003 -14"><span class='ocrx_word' id='word_1_537' title='bbox 594 4407 723 4469; x_wconf 81' lang='lat' dir='ltr'>cuia</span> <span class='ocrx_word' id='word_1_538' title='bbox 752 4406 1033 4475; x_wconf 78' lang='lat' dir='ltr'>extendat,</span> <span class='ocrx_word' id='word_1_539' title='bbox 1062 4411 1119 4459; x_wconf 88' lang='lat' dir='ltr'>et</span> <span class='ocrx_word' id='word_1_540' title='bbox 1146 4411 1272 4476; x_wconf 92' lang='lat' dir='ltr'>post</span> <span class='ocrx_word' id='word_1_541' title='bbox 1326 4406 1493 4476; x_wconf 84' lang='lat' dir='ltr'>longa</span> <span class='ocrx_word' id='word_1_542' title='bbox 1542 4410 1800 4476; x_wconf 91' lang='lat' dir='ltr'>tempora</span> <span class='ocrx_word' id='word_1_543' title='bbox 1844 4402 1902 4456; x_wconf 92' lang='lat' dir='ltr'>in</span> <span class='ocrx_word' id='word_1_544' title='bbox 1948 4404 2189 4458; x_wconf 69' lang='lat' dir='ltr'>caelestis</span> 
     </span>
    </p>
   </div>
   <div class='ocr_carea' id='block_1_68' title="bbox 594 4492 1756 4566">
    <p class='ocr_par' dir='ltr' id='par_1_68' title="bbox 594 4492 1756 4566">
     <span class='ocr_line' id='line_1_68' title="bbox 594 4492 1756 4566; baseline -0.005 -16"><span class='ocrx_word' id='word_1_545' title='bbox 594 4512 692 4557; x_wconf 73' lang='lat' dir='ltr'>vos</span> <span class='ocrx_word' id='word_1_546' title='bbox 720 4494 917 4566; x_wconf 66' lang='lat' dir='ltr'>patriae</span> <span class='ocrx_word' id='word_1_547' title='bbox 945 4494 1376 4565; x_wconf 84' lang='lat' dir='ltr'>congregatione</span> <span class='ocrx_word' id='word_1_548' title='bbox 1406 4492 1694 4563; x_wconf 88' lang='lat' dir='ltr'>suscipiat.</span> <span class='ocrx_word' id='word_1_549' title='bbox 1730 4512 1756 4544; x_wconf 65' lang='grc' dir='ltr'><strong>λ)</strong></span> 
     </span>
    </p>
   </div>
   <div class='ocr_carea' id='block_1_69' title="bbox 660 4581 2194 4654">
    <p class='ocr_par' dir='ltr' id='par_1_69' title="bbox 660 4581 2194 4654">
     <span class='ocr_line' id='line_1_69' title="bbox 660 4581 2194 4654; baseline -0.002 -15"><span class='ocrx_word' id='word_1_550' title='bbox 660 4584 930 4645; x_wconf 59' lang='lat' dir='ltr'>Gloriosa;</span> <span class='ocrx_word' id='word_1_551' title='bbox 960 4600 1183 4654; x_wconf 85' lang='lat' dir='ltr'>quoque</span> <span class='ocrx_word' id='word_1_552' title='bbox 1212 4583 1422 4653; x_wconf 68' lang='lat' dir='ltr'>regina:</span> <span class='ocrx_word' id='word_1_553' title='bbox 1448 4582 1667 4637; x_wconf 69' lang='lat' dir='ltr'>Berthaa</span> <span class='ocrx_word' id='word_1_554' title='bbox 1699 4582 1821 4651; x_wconf 82' lang='lat' dir='ltr'>[al.,</span> <span class='ocrx_word' id='word_1_555' title='bbox 1854 4581 2194 4652; x_wconf 81' lang='lat' dir='ltr'>Aldibregae]</span> 
     </span>
    </p>
   </div>
   <div class='ocr_carea' id='block_1_70' title="bbox 598 4670 2188 4745">
    <p class='ocr_par' dir='ltr' id='par_1_70' title="bbox 598 4670 2188 4745">
     <span class='ocr_line' id='line_1_70' title="bbox 598 4670 2188 4745; baseline -0.004 -15"><span class='ocrx_word' id='word_1_556' title='bbox 598 4672 795 4731; x_wconf 77' lang='lat' dir='ltr'>scribit</span> <span class='ocrx_word' id='word_1_557' title='bbox 824 4672 954 4745; x_wconf 86' lang='lat'>(88).</span> <span class='ocrx_word' id='word_1_558' title='bbox 985 4672 1144 4729; x_wconf 89' lang='lat' dir='ltr'>Unde</span> <span class='ocrx_word' id='word_1_559' title='bbox 1169 4672 1286 4725; x_wconf 65' lang='lat' dir='ltr'>haec</span> <span class='ocrx_word' id='word_1_560' title='bbox 1314 4670 1696 4740; x_wconf 87' lang='lat' dir='ltr'>excerpsimus</span> <span class='ocrx_word' id='word_1_561' title='bbox 1721 4689 1733 4724; x_wconf 88' lang='lat'><strong>:</strong></span> <span class='ocrx_word' id='word_1_562' title='bbox 1774 4690 1796 4721; x_wconf 73' lang='grc' dir='ltr'>ι</span> <span class='ocrx_word' id='word_1_563' title='bbox 1832 4670 2188 4734; x_wconf 83' lang='lat' dir='ltr'>Remeantes,</span> 
     </span>
    </p>
   </div>
   <div class='ocr_carea' id='block_1_71' title="bbox 601 4759 2197 4831">
    <p class='ocr_par' dir='ltr' id='par_1_71' title="bbox 601 4759 2197 4831">
     <span class='ocr_line' id='line_1_71' title="bbox 601 4759 2197 4831; baseline -0.004 -10"><span class='ocrx_word' id='word_1_564' title='bbox 601 4762 1005 4831; x_wconf 78' lang='lat' dir='ltr'>dilectissimus</span> <span class='ocrx_word' id='word_1_565' title='bbox 1034 4761 1184 4817; x_wconf 89' lang='lat' dir='ltr'>ﬁlius</span> <span class='ocrx_word' id='word_1_566' title='bbox 1215 4765 1407 4815; x_wconf 85' lang='lat' dir='ltr'>noster</span> <span class='ocrx_word' id='word_1_567' title='bbox 1439 4759 1773 4814; x_wconf 87' lang='lat' dir='ltr'>Laurentius</span> <span class='ocrx_word' id='word_1_568' title='bbox 1793 4759 2105 4831; x_wconf 84' lang='lat' dir='ltr'>presbyter,</span> <span class='ocrx_word' id='word_1_569' title='bbox 2139 4766 2197 4814; x_wconf 90' lang='lat' dir='ltr'>et</span> 
     </span>
    </p>
   </div>
   <div class='ocr_carea' id='block_1_72' title="bbox 597 4847 2195 4921">
    <p class='ocr_par' dir='ltr' id='par_1_72' title="bbox 597 4847 2195 4921">
     <span class='ocr_line' id='line_1_72' title="bbox 597 4847 2195 4921; baseline -0.001 -15"><span class='ocrx_word' id='word_1_570' title='bbox 597 4853 799 4921; x_wconf 76' lang='lat' dir='ltr'>Petrus</span> <span class='ocrx_word' id='word_1_571' title='bbox 849 4851 1176 4915; x_wconf 87' lang='lat' dir='ltr'>monachus,</span> <span class='ocrx_word' id='word_1_572' title='bbox 1245 4847 1428 4921; x_wconf 87' lang='lat' dir='ltr'>qualis</span> <span class='ocrx_word' id='word_1_573' title='bbox 1481 4864 1616 4917; x_wconf 91' lang='lat' dir='ltr'>erga</span> <span class='ocrx_word' id='word_1_574' title='bbox 1683 4848 2195 4905; x_wconf 90' lang='lat' dir='ltr'>reverentissimum</span> 
     </span>
    </p>
   </div>
   <div class='ocr_carea' id='block_1_73' title="bbox 598 4936 2198 5011">
    <p class='ocr_par' dir='ltr' id='par_1_73' title="bbox 598 4936 2198 5011">
     <span class='ocr_line' id='line_1_73' title="bbox 598 4936 2198 5011; baseline -0.003 -16"><span class='ocrx_word' id='word_1_575' title='bbox 598 4940 831 5007; x_wconf 75' lang='lat' dir='ltr'>fratrem</span> <span class='ocrx_word' id='word_1_576' title='bbox 865 4945 924 4995; x_wconf 90' lang='lat' dir='ltr'>et</span> <span class='ocrx_word' id='word_1_577' title='bbox 946 4938 1335 5011; x_wconf 86' lang='lat' dir='ltr'>coepiscopum</span> <span class='ocrx_word' id='word_1_578' title='bbox 1348 4941 1601 4990; x_wconf 89' lang='lat' dir='ltr'>nostrum</span> <span class='ocrx_word' id='word_1_579' title='bbox 1615 4936 1992 5005; x_wconf 88' lang='lat' dir='ltr'>Augustinum</span> <span class='ocrx_word' id='word_1_580' title='bbox 2015 4938 2198 5007; x_wconf 88' lang='lat' dir='ltr'>gloria</span> 
     </span>
    </p>
   </div>
   <div class='ocr_carea' id='block_1_74' title="bbox 595 5020 2197 5096">
    <p class='ocr_par' dir='ltr' id='par_1_74' title="bbox 595 5020 2197 5096">
     <span class='ocr_line' id='line_1_74' title="bbox 595 5020 2197 5096; baseline -0.004 -11"><span class='ocrx_word' id='word_1_581' title='bbox 595 5036 784 5091; x_wconf 70' lang='lat' dir='ltr'>vestra</span> <span class='ocrx_word' id='word_1_582' title='bbox 811 5028 1089 5093; x_wconf 77' lang='lat' dir='ltr'>exstiterit</span> <span class='ocrx_word' id='word_1_583' title='bbox 1108 5030 1430 5096; x_wconf 85' lang='lat' dir='ltr'>quantaque</span> <span class='ocrx_word' id='word_1_584' title='bbox 1458 5020 1539 5079; x_wconf 83' lang='lat' dir='ltr'>illi</span> <span class='ocrx_word' id='word_1_585' title='bbox 1591 5026 1810 5091; x_wconf 88' lang='lat' dir='ltr'>solatia,</span> <span class='ocrx_word' id='word_1_586' title='bbox 1843 5027 1928 5079; x_wconf 90' lang='lat' dir='ltr'>vel</span> <span class='ocrx_word' id='word_1_587' title='bbox 1974 5027 2197 5096; x_wconf 88' lang='lat' dir='ltr'>qualem</span> 
     </span>
    </p>
   </div>
   <div class='ocr_carea' id='block_1_75' title="bbox 600 5114 2200 5190">
    <p class='ocr_par' dir='ltr' id='par_1_75' title="bbox 600 5114 2200 5190">
     <span class='ocr_line' id='line_1_75' title="bbox 600 5114 2200 5190; baseline -0.004 -15"><span class='ocrx_word' id='word_1_588' title='bbox 600 5119 933 5181; x_wconf 81' lang='lat' dir='ltr'>charitatem</span> <span class='ocrx_word' id='word_1_589' title='bbox 958 5114 1317 5190; x_wconf 86' lang='lat' dir='ltr'>impenderit,</span> <span class='ocrx_word' id='word_1_590' title='bbox 1346 5116 1682 5181; x_wconf 86' lang='lat' dir='ltr'>retulerunt.</span> <span class='ocrx_word' id='word_1_591' title='bbox 1731 5116 1799 5169; x_wconf 90' lang='lat' dir='ltr'>Et</span> <span class='ocrx_word' id='word_1_592' title='bbox 1850 5115 2200 5186; x_wconf 88' lang='lat' dir='ltr'>omnipoten-</span> 
     </span>
    </p>
   </div>
   <div class='ocr_carea' id='block_1_76' title="bbox 599 5204 2197 5280">
    <p class='ocr_par' dir='ltr' id='par_1_76' title="bbox 599 5204 2197 5280">
     <span class='ocr_line' id='line_1_76' title="bbox 599 5204 2197 5280; baseline -0.004 -16"><span class='ocrx_word' id='word_1_593' title='bbox 599 5216 718 5280; x_wconf 80' lang='lat' dir='ltr'>tem</span> <span class='ocrx_word' id='word_1_594' title='bbox 751 5209 923 5264; x_wconf 87' lang='lat' dir='ltr'>Deum</span> <span class='ocrx_word' id='word_1_595' title='bbox 949 5204 1355 5267; x_wconf 80' lang='lat' dir='ltr'>benediximus.</span> <span class='ocrx_word' id='word_1_596' title='bbox 1389 5204 1486 5274; x_wconf 91' lang='lat' dir='ltr'>qui</span> <span class='ocrx_word' id='word_1_597' title='bbox 1534 5205 1954 5258; x_wconf 87' lang='lat' dir='ltr'>conversionem</span> <span class='ocrx_word' id='word_1_598' title='bbox 2009 5204 2197 5273; x_wconf 89' lang='lat' dir='ltr'>gentis</span> 
     </span>
    </p>
   </div>
   <div class='ocr_carea' id='block_1_77' title="bbox 598 5292 2196 5371">
    <p class='ocr_par' dir='ltr' id='par_1_77' title="bbox 598 5292 2196 5371">
     <span class='ocr_line' id='line_1_77' title="bbox 598 5292 2196 5371; baseline -0.008 -13"><span class='ocrx_word' id='word_1_599' title='bbox 598 5299 911 5371; x_wconf 64' lang='lat' dir='ltr'>Anglomm</span> <span class='ocrx_word' id='word_1_600' title='bbox 934 5295 1176 5355; x_wconf 84' lang='lat' dir='ltr'>mercedi</span> <span class='ocrx_word' id='word_1_601' title='bbox 1226 5301 1421 5351; x_wconf 70' lang='lat' dir='ltr'>vestrae</span> <span class='ocrx_word' id='word_1_602' title='bbox 1468 5293 1732 5364; x_wconf 87' lang='lat' dir='ltr'>dignatus</span> <span class='ocrx_word' id='word_1_603' title='bbox 1788 5298 1874 5346; x_wconf 88' lang='lat' dir='ltr'>est</span> <span class='ocrx_word' id='word_1_604' title='bbox 1922 5292 2196 5364; x_wconf 91' lang='lat' dir='ltr'>propitius</span> 
     </span>
    </p>
   </div>
   <div class='ocr_carea' id='block_1_78' title="bbox 599 5381 2196 5457">
    <p class='ocr_par' dir='ltr' id='par_1_78' title="bbox 599 5381 2196 5457">
     <span class='ocr_line' id='line_1_78' title="bbox 599 5381 2196 5457; baseline -0.003 -15"><span class='ocrx_word' id='word_1_605' title='bbox 599 5404 907 5456; x_wconf 74' lang='lat' dir='ltr'>reservare.</span> <span class='ocrx_word' id='word_1_606' title='bbox 955 5388 1100 5443; x_wconf 89' lang='lat' dir='ltr'>Nam</span> <span class='ocrx_word' id='word_1_607' title='bbox 1157 5385 1303 5443; x_wconf 89' lang='lat' dir='ltr'>sicut</span> <span class='ocrx_word' id='word_1_608' title='bbox 1351 5401 1452 5457; x_wconf 93' lang='lat' dir='ltr'>per</span> <span class='ocrx_word' id='word_1_609' title='bbox 1510 5381 1868 5437; x_wconf 77' lang='lat' dir='ltr'>recordandae</span> <span class='ocrx_word' id='word_1_610' title='bbox 1913 5383 2196 5437; x_wconf 81' lang='lat' dir='ltr'>memoriae</span> 
     </span>
    </p>
   </div>
   <div class='ocr_carea' id='block_1_79' title="bbox 599 5471 2195 5547">
    <p class='ocr_par' dir='ltr' id='par_1_79' title="bbox 599 5471 2195 5547">
     <span class='ocr_line' id='line_1_79' title="bbox 599 5471 2195 5547; baseline -0.004 -15"><span class='ocrx_word' id='word_1_611' title='bbox 599 5478 875 5533; x_wconf 82' lang='lat' dir='ltr'>Helenam</span> <span class='ocrx_word' id='word_1_612' title='bbox 913 5481 1151 5537; x_wconf 86' lang='lat' dir='ltr'>matrem</span> <span class='ocrx_word' id='word_1_613' title='bbox 1173 5474 1408 5547; x_wconf 89' lang='lat' dir='ltr'>piissimi</span> <span class='ocrx_word' id='word_1_614' title='bbox 1435 5472 1789 5529; x_wconf 87' lang='lat' dir='ltr'>Constantini</span> <span class='ocrx_word' id='word_1_615' title='bbox 1838 5471 2195 5542; x_wconf 84' lang='lat' dir='ltr'>imperatoris</span> 
     </span>
    </p>
   </div>
   <div class='ocr_carea' id='block_1_80' title="bbox 2248 3243 3190 3318">
    <p class='ocr_par' dir='ltr' id='par_1_80' title="bbox 2248 3243 3190 3318">
     <span class='ocr_line' id='line_1_80' title="bbox 2248 3243 3190 3318; baseline -0.005 -18"><span class='ocrx_word' id='word_1_616' title='bbox 2248 3245 2511 3318; x_wconf 82' lang='lat' dir='ltr'>Tyberio,</span> <span class='ocrx_word' id='word_1_617' title='bbox 2545 3259 2693 3301; x_wconf 86' lang='lat' dir='ltr'>anno</span> <span class='ocrx_word' id='word_1_618' title='bbox 2713 3259 2861 3299; x_wconf 89' lang='lat' dir='ltr'>nono</span> <span class='ocrx_word' id='word_1_619' title='bbox 2889 3243 3127 3296; x_wconf 89' lang='lat' dir='ltr'>decimo.</span> <span class='ocrx_word' id='word_1_620' title='bbox 3164 3262 3190 3295; x_wconf 75' lang='grc' dir='ltr'>ι)</span> 
     </span>
    </p>
   </div>
   <div class='ocr_carea' id='block_1_81' title="bbox 2324 3366 3855 3438">
    <p class='ocr_par' dir='ltr' id='par_1_81' title="bbox 2324 3366 3855 3438">
     <span class='ocr_line' id='line_1_81' title="bbox 2324 3366 3855 3438; baseline -0.003 -15"><span class='ocrx_word' id='word_1_621' title='bbox 2324 3370 2404 3424; x_wconf 91' lang='lat' dir='ltr'>De</span> <span class='ocrx_word' id='word_1_622' title='bbox 2435 3368 2518 3421; x_wconf 90' lang='lat' dir='ltr'>his</span> <span class='ocrx_word' id='word_1_623' title='bbox 2540 3367 2709 3420; x_wconf 89' lang='lat' dir='ltr'>etiam</span> <span class='ocrx_word' id='word_1_624' title='bbox 2731 3383 2862 3437; x_wconf 69' lang='lat' dir='ltr'>quae</span> <span class='ocrx_word' id='word_1_625' title='bbox 2900 3367 3242 3421; x_wconf 90' lang='lat' dir='ltr'>Francorum</span> <span class='ocrx_word' id='word_1_626' title='bbox 3294 3366 3567 3438; x_wconf 88' lang='lat' dir='ltr'>episcopis</span> <span class='ocrx_word' id='word_1_627' title='bbox 3630 3367 3855 3437; x_wconf 85' lang='lat' dir='ltr'>scripsit</span> 
     </span>
    </p>
   </div>
   <div class='ocr_carea' id='block_1_82' title="bbox 2255 3456 3850 3528">
    <p class='ocr_par' dir='ltr' id='par_1_82' title="bbox 2255 3456 3850 3528">
     <span class='ocr_line' id='line_1_82' title="bbox 2255 3456 3850 3528; baseline -0.003 -15"><span class='ocrx_word' id='word_1_628' title='bbox 2255 3460 2402 3513; x_wconf 88' lang='lat' dir='ltr'>idem</span> <span class='ocrx_word' id='word_1_629' title='bbox 2462 3472 2606 3528; x_wconf 88' lang='lat' dir='ltr'>papa</span> <span class='ocrx_word' id='word_1_630' title='bbox 2661 3456 2966 3509; x_wconf 80' lang='lat' dir='ltr'>melliﬁuus</span> <span class='ocrx_word' id='word_1_631' title='bbox 3026 3456 3143 3509; x_wconf 69' lang='lat' dir='ltr'>haec</span> <span class='ocrx_word' id='word_1_632' title='bbox 3207 3472 3386 3527; x_wconf 75' lang='lat' dir='ltr'>pauca</span> <span class='ocrx_word' id='word_1_633' title='bbox 3449 3457 3850 3526; x_wconf 79' lang='lat' dir='ltr'>excerpsimus.</span> 
     </span>
    </p>
   </div>
   <div class='ocr_carea' id='block_1_83' title="bbox 2264 3544 3852 3616">
    <p class='ocr_par' dir='ltr' id='par_1_83' title="bbox 2264 3544 3852 3616">
     <span class='ocr_line' id='line_1_83' title="bbox 2264 3544 3852 3616; baseline -0.002 -15"><span class='ocrx_word' id='word_1_634' title='bbox 2264 3570 2287 3601; x_wconf 73' lang='grc' dir='ltr'>ι</span> <span class='ocrx_word' id='word_1_635' title='bbox 2342 3547 2498 3602; x_wconf 90' lang='lat' dir='ltr'>Sicut</span> <span class='ocrx_word' id='word_1_636' title='bbox 2540 3546 2705 3616; x_wconf 90' lang='lat' dir='ltr'>ignis,</span> <span class='ocrx_word' id='word_1_637' title='bbox 2734 3562 2873 3601; x_wconf 88' lang='lat' dir='ltr'>aura</span> <span class='ocrx_word' id='word_1_638' title='bbox 2914 3546 3105 3610; x_wconf 84' lang='lat' dir='ltr'>ﬂante,</span> <span class='ocrx_word' id='word_1_639' title='bbox 3131 3547 3195 3599; x_wconf 91' lang='lat' dir='ltr'>ﬁt</span> <span class='ocrx_word' id='word_1_640' title='bbox 3225 3545 3512 3615; x_wconf 87' lang='lat' dir='ltr'>grandior,</span> <span class='ocrx_word' id='word_1_641' title='bbox 3564 3546 3646 3598; x_wconf 89' lang='lat' dir='ltr'>ita</span> <span class='ocrx_word' id='word_1_642' title='bbox 3700 3544 3852 3598; x_wconf 62' lang='lat' dir='ltr'>bonae</span> 
     </span>
    </p>
   </div>
   <div class='ocr_carea' id='block_1_84' title="bbox 2260 3634 3853 3705">
    <p class='ocr_par' dir='ltr' id='par_1_84' title="bbox 2260 3634 3853 3705">
     <span class='ocr_line' id='line_1_84' title="bbox 2260 3634 3853 3705; baseline -0.003 -14"><span class='ocrx_word' id='word_1_643' title='bbox 2260 3637 2465 3691; x_wconf 85' lang='lat' dir='ltr'>mentis</span> <span class='ocrx_word' id='word_1_644' title='bbox 2528 3635 2716 3690; x_wconf 89' lang='lat' dir='ltr'>studia</span> <span class='ocrx_word' id='word_1_645' title='bbox 2780 3634 3267 3689; x_wconf 85' lang='lat' dir='ltr'>commendatione</span> <span class='ocrx_word' id='word_1_646' title='bbox 3331 3635 3649 3705; x_wconf 86' lang='lat' dir='ltr'>proﬁciunt.</span> <span class='ocrx_word' id='word_1_647' title='bbox 3713 3635 3853 3698; x_wconf 81' lang='lat' dir='ltr'>Quia</span> 
     </span>
    </p>
   </div>
   <div class='ocr_carea' id='block_1_85' title="bbox 2261 3724 3855 3798">
    <p class='ocr_par' dir='ltr' id='par_1_85' title="bbox 2261 3724 3855 3798">
     <span class='ocr_line' id='line_1_85' title="bbox 2261 3724 3855 3798; baseline -0.004 -17"><span class='ocrx_word' id='word_1_648' title='bbox 2261 3728 2455 3798; x_wconf 89' lang='lat' dir='ltr'>igitur.</span> <span class='ocrx_word' id='word_1_649' title='bbox 2475 3725 2866 3796; x_wconf 87' lang='lat' dir='ltr'>Redemptoris</span> <span class='ocrx_word' id='word_1_650' title='bbox 2892 3724 3071 3778; x_wconf 88' lang='lat' dir='ltr'>nostri</span> <span class='ocrx_word' id='word_1_651' title='bbox 3099 3724 3285 3794; x_wconf 87' lang='lat' dir='ltr'>gratia</span> <span class='ocrx_word' id='word_1_652' title='bbox 3312 3728 3667 3794; x_wconf 87' lang='lat' dir='ltr'>cooperante,</span> <span class='ocrx_word' id='word_1_653' title='bbox 3700 3729 3855 3777; x_wconf 84' lang='lat' dir='ltr'>tanta</span> 
     </span>
    </p>
   </div>
   <div class='ocr_carea' id='block_1_86' title="bbox 2267 3812 3855 3885">
    <p class='ocr_par' dir='ltr' id='par_1_86' title="bbox 2267 3812 3855 3885">
     <span class='ocr_line' id='line_1_86' title="bbox 2267 3812 3855 3885; baseline -0.004 -14"><span class='ocrx_word' id='word_1_654' title='bbox 2267 3816 2336 3871; x_wconf 87' lang='lat' dir='ltr'>de</span> <span class='ocrx_word' id='word_1_655' title='bbox 2365 3816 2674 3885; x_wconf 87' lang='lat' dir='ltr'>Anglorum</span> <span class='ocrx_word' id='word_1_656' title='bbox 2715 3818 2885 3883; x_wconf 82' lang='lat' dir='ltr'>gente</span> <span class='ocrx_word' id='word_1_657' title='bbox 2941 3814 3012 3867; x_wconf 85' lang='lat' dir='ltr'>ad</span> <span class='ocrx_word' id='word_1_658' title='bbox 3051 3813 3383 3868; x_wconf 70' lang='lat' dir='ltr'>Christianae</span> <span class='ocrx_word' id='word_1_659' title='bbox 3437 3812 3566 3867; x_wconf 90' lang='lat' dir='ltr'>ﬁdei</span> <span class='ocrx_word' id='word_1_660' title='bbox 3611 3812 3855 3882; x_wconf 86' lang='lat' dir='ltr'>gratiam</span> 
     </span>
    </p>
   </div>
   <div class='ocr_carea' id='block_1_87' title="bbox 2268 3898 3859 3965">
    <p class='ocr_par' dir='ltr' id='par_1_87' title="bbox 2268 3898 3859 3965">
     <span class='ocr_line' id='line_1_87' title="bbox 2268 3898 3859 3965; baseline -0.004 -10"><span class='ocrx_word' id='word_1_661' title='bbox 2268 3900 2571 3955; x_wconf 89' lang='lat' dir='ltr'>multitudo</span> <span class='ocrx_word' id='word_1_662' title='bbox 2601 3900 2963 3965; x_wconf 88' lang='lat' dir='ltr'>convertitur,</span> <span class='ocrx_word' id='word_1_663' title='bbox 2995 3905 3059 3953; x_wconf 93' lang='lat' dir='ltr'>ut</span> <span class='ocrx_word' id='word_1_664' title='bbox 3077 3898 3560 3952; x_wconf 87' lang='lat' dir='ltr'>reverentissimus</span> <span class='ocrx_word' id='word_1_665' title='bbox 3598 3898 3779 3952; x_wconf 74' lang='lat' dir='ltr'>frater</span> <span class='ocrx_word' id='word_1_666' title='bbox 3805 3904 3859 3949; x_wconf 85' lang='lat' dir='ltr'>et</span> 
     </span>
    </p>
   </div>
   <div class='ocr_carea' id='block_1_88' title="bbox 2268 3987 3855 4060">
    <p class='ocr_par' dir='ltr' id='par_1_88' title="bbox 2268 3987 3855 4060">
     <span class='ocr_line' id='line_1_88' title="bbox 2268 3987 3855 4060; baseline -0.003 -17"><span class='ocrx_word' id='word_1_667' title='bbox 2268 3990 2625 4060; x_wconf 88' lang='lat' dir='ltr'>coepiscopus</span> <span class='ocrx_word' id='word_1_668' title='bbox 2652 3996 2845 4042; x_wconf 89' lang='lat' dir='ltr'>noster</span> <span class='ocrx_word' id='word_1_669' title='bbox 2870 3987 3346 4058; x_wconf 87' lang='lat' dir='ltr'>Augustinus,eos</span> <span class='ocrx_word' id='word_1_670' title='bbox 3377 3987 3473 4057; x_wconf 89' lang='lat' dir='ltr'>qui</span> <span class='ocrx_word' id='word_1_671' title='bbox 3501 4002 3693 4041; x_wconf 90' lang='lat' dir='ltr'>secum</span> <span class='ocrx_word' id='word_1_672' title='bbox 3708 3991 3855 4047; x_wconf 84' lang='lat' dir='ltr'>sunt,</span> 
     </span>
    </p>
   </div>
   <div class='ocr_carea' id='block_1_89' title="bbox 2269 4074 3857 4149">
    <p class='ocr_par' dir='ltr' id='par_1_89' title="bbox 2269 4074 3857 4149">
     <span class='ocr_line' id='line_1_89' title="bbox 2269 4074 3857 4149; baseline -0.004 -15"><span class='ocrx_word' id='word_1_673' title='bbox 2269 4080 2337 4134; x_wconf 89' lang='lat' dir='ltr'>ad</span> <span class='ocrx_word' id='word_1_674' title='bbox 2362 4080 2466 4133; x_wconf 91' lang='lat' dir='ltr'>hoc</span> <span class='ocrx_word' id='word_1_675' title='bbox 2503 4095 2642 4149; x_wconf 92' lang='lat' dir='ltr'>opus</span> <span class='ocrx_word' id='word_1_676' title='bbox 2668 4079 3106 4148; x_wconf 83' lang='lat' dir='ltr'>exsequendum,</span> <span class='ocrx_word' id='word_1_677' title='bbox 3128 4081 3344 4132; x_wconf 85' lang='lat' dir='ltr'>asserat</span> <span class='ocrx_word' id='word_1_678' title='bbox 3374 4093 3487 4131; x_wconf 91' lang='lat' dir='ltr'>non</span> <span class='ocrx_word' id='word_1_679' title='bbox 3517 4091 3680 4146; x_wconf 87' lang='lat' dir='ltr'>posse</span> <span class='ocrx_word' id='word_1_680' title='bbox 3705 4074 3857 4128; x_wconf 77' lang='lat' dir='ltr'>sufﬁ-</span> 
     </span>
    </p>
   </div>
   <div class='ocr_carea' id='block_1_90' title="bbox 2269 4162 3858 4238">
    <p class='ocr_par' dir='ltr' id='par_1_90' title="bbox 2269 4162 3858 4238">
     <span class='ocr_line' id='line_1_90' title="bbox 2269 4162 3858 4238; baseline -0.005 -15"><span class='ocrx_word' id='word_1_681' title='bbox 2269 4185 2415 4234; x_wconf 87' lang='lat' dir='ltr'>cere,</span> <span class='ocrx_word' id='word_1_682' title='bbox 2456 4168 2773 4238; x_wconf 89' lang='lat' dir='ltr'>aliquantos</span> <span class='ocrx_word' id='word_1_683' title='bbox 2805 4168 2872 4220; x_wconf 88' lang='lat' dir='ltr'>ad</span> <span class='ocrx_word' id='word_1_684' title='bbox 2906 4184 3034 4221; x_wconf 89' lang='lat' dir='ltr'>eum</span> <span class='ocrx_word' id='word_1_685' title='bbox 3066 4168 3366 4220; x_wconf 87' lang='lat' dir='ltr'>monachos</span> <span class='ocrx_word' id='word_1_686' title='bbox 3399 4183 3524 4219; x_wconf 90' lang='lat' dir='ltr'>cum</span> <span class='ocrx_word' id='word_1_687' title='bbox 3571 4162 3858 4220; x_wconf 88' lang='lat' dir='ltr'>dilectissi-</span> 
     </span>
    </p>
   </div>
   <div class='ocr_carea' id='block_1_91' title="bbox 2272 4251 3859 4324">
    <p class='ocr_par' dir='ltr' id='par_1_91' title="bbox 2272 4251 3859 4324">
     <span class='ocr_line' id='line_1_91' title="bbox 2272 4251 3859 4324; baseline -0.004 -13"><span class='ocrx_word' id='word_1_688' title='bbox 2272 4259 2399 4321; x_wconf 89' lang='lat' dir='ltr'>mis,</span> <span class='ocrx_word' id='word_1_689' title='bbox 2432 4262 2488 4309; x_wconf 90' lang='lat' dir='ltr'>et</span> <span class='ocrx_word' id='word_1_690' title='bbox 2515 4256 2907 4309; x_wconf 86' lang='lat' dir='ltr'>communibus</span> <span class='ocrx_word' id='word_1_691' title='bbox 2934 4256 3086 4314; x_wconf 77' lang='lat' dir='ltr'>ﬁliis.</span> <span class='ocrx_word' id='word_1_692' title='bbox 3109 4254 3409 4309; x_wconf 86' lang='lat' dir='ltr'>Laurentio</span> <span class='ocrx_word' id='word_1_693' title='bbox 3439 4251 3785 4324; x_wconf 85' lang='lat' dir='ltr'>presbytero.</span> <span class='ocrx_word' id='word_1_694' title='bbox 3808 4260 3859 4304; x_wconf 91' lang='lat' dir='ltr'>et</span> 
     </span>
    </p>
   </div>
   <div class='ocr_carea' id='block_1_92' title="bbox 2272 4342 3859 4414">
    <p class='ocr_par' dir='ltr' id='par_1_92' title="bbox 2272 4342 3859 4414">
     <span class='ocr_line' id='line_1_92' title="bbox 2272 4342 3859 4414; baseline -0.005 -12"><span class='ocrx_word' id='word_1_695' title='bbox 2272 4346 2483 4402; x_wconf 91' lang='lat' dir='ltr'>Mellito</span> <span class='ocrx_word' id='word_1_696' title='bbox 2521 4343 2723 4397; x_wconf 85' lang='lat' dir='ltr'>abbate</span> <span class='ocrx_word' id='word_1_697' title='bbox 2754 4344 3109 4414; x_wconf 66' lang='lat' dir='ltr'>praevidimus</span> <span class='ocrx_word' id='word_1_698' title='bbox 3136 4342 3619 4397; x_wconf 87' lang='lat' dir='ltr'>transmittendos.</span> <span class='ocrx_word' id='word_1_699' title='bbox 3642 4342 3712 4396; x_wconf 90' lang='lat' dir='ltr'>Et</span> <span class='ocrx_word' id='word_1_700' title='bbox 3740 4342 3859 4395; x_wconf 83' lang='lat' dir='ltr'>ideo</span> 
     </span>
    </p>
   </div>
   <div class='ocr_carea' id='block_1_93' title="bbox 2208 4430 3856 4533">
    <p class='ocr_par' dir='ltr' id='par_1_93' title="bbox 2208 4430 3856 4533">
     <span class='ocr_line' id='line_1_93' title="bbox 2208 4430 3856 4533; baseline -0.005 -44"><span class='ocrx_word' id='word_1_701' title='bbox 2208 4473 2258 4533; x_wconf 83' lang='lat' dir='ltr'><strong>D</strong></span> <span class='ocrx_word' id='word_1_702' title='bbox 2274 4435 2604 4488; x_wconf 87' lang='lat' dir='ltr'>fraternitas</span> <span class='ocrx_word' id='word_1_703' title='bbox 2629 4442 2811 4486; x_wconf 87' lang='lat' dir='ltr'>vestra</span> <span class='ocrx_word' id='word_1_704' title='bbox 2836 4433 3187 4491; x_wconf 86' lang='lat' dir='ltr'>charitatem,</span> <span class='ocrx_word' id='word_1_705' title='bbox 3212 4448 3379 4502; x_wconf 88' lang='lat' dir='ltr'>quam</span> <span class='ocrx_word' id='word_1_706' title='bbox 3401 4430 3856 4495; x_wconf 76' lang='lat' dir='ltr'>decet,exhibeat.</span> 
     </span>
    </p>
   </div>
   <div class='ocr_carea' id='block_1_94' title="bbox 2275 4520 3858 4592">
    <p class='ocr_par' dir='ltr' id='par_1_94' title="bbox 2275 4520 3858 4592">
     <span class='ocr_line' id='line_1_94' title="bbox 2275 4520 3858 4592; baseline -0.005 -14"><span class='ocrx_word' id='word_1_707' title='bbox 2275 4526 2557 4578; x_wconf 69' lang='lat' dir='ltr'>Praeterea</span> <span class='ocrx_word' id='word_1_708' title='bbox 2591 4538 2713 4592; x_wconf 56' lang='lat' dir='ltr'>quae</span> <span class='ocrx_word' id='word_1_709' title='bbox 2739 4522 2856 4592; x_wconf 84' lang='lat' dir='ltr'>regi</span> <span class='ocrx_word' id='word_1_710' title='bbox 2878 4523 3222 4576; x_wconf 89' lang='lat' dir='ltr'>Francorum</span> <span class='ocrx_word' id='word_1_711' title='bbox 3252 4520 3519 4575; x_wconf 89' lang='lat' dir='ltr'>Lothario</span> <span class='ocrx_word' id='word_1_712' title='bbox 3551 4520 3621 4574; x_wconf 89' lang='lat' dir='ltr'>de</span> <span class='ocrx_word' id='word_1_713' title='bbox 3651 4526 3858 4574; x_wconf 80' lang='lat' dir='ltr'>sancto-</span> 
     </span>
    </p>
   </div>
   <div class='ocr_carea' id='block_1_95' title="bbox 2275 4608 3861 4683">
    <p class='ocr_par' dir='ltr' id='par_1_95' title="bbox 2275 4608 3861 4683">
     <span class='ocr_line' id='line_1_95' title="bbox 2275 4608 3861 4683; baseline -0.004 -16"><span class='ocrx_word' id='word_1_714' title='bbox 2275 4630 2402 4667; x_wconf 89' lang='lat' dir='ltr'>rum</span> <span class='ocrx_word' id='word_1_715' title='bbox 2433 4612 2802 4683; x_wconf 87' lang='lat' dir='ltr'>susceptione.</span> <span class='ocrx_word' id='word_1_716' title='bbox 2846 4610 3200 4665; x_wconf 87' lang='lat' dir='ltr'>Brunechildi</span> <span class='ocrx_word' id='word_1_717' title='bbox 3228 4610 3298 4664; x_wconf 90' lang='lat' dir='ltr'>de</span> <span class='ocrx_word' id='word_1_718' title='bbox 3355 4610 3609 4680; x_wconf 89' lang='lat' dir='ltr'>ipsorum</span> <span class='ocrx_word' id='word_1_719' title='bbox 3664 4608 3861 4677; x_wconf 89' lang='lat' dir='ltr'>ubique</span> 
     </span>
    </p>
   </div>
   <div class='ocr_carea' id='block_1_96' title="bbox 2276 4696 3862 4770">
    <p class='ocr_par' dir='ltr' id='par_1_96' title="bbox 2276 4696 3862 4770">
     <span class='ocr_line' id='line_1_96' title="bbox 2276 4696 3862 4770; baseline -0.004 -14"><span class='ocrx_word' id='word_1_720' title='bbox 2276 4703 2414 4757; x_wconf 89' lang='lat' dir='ltr'>fusis</span> <span class='ocrx_word' id='word_1_721' title='bbox 2441 4700 2741 4764; x_wconf 87' lang='lat' dir='ltr'>miraculis,</span> <span class='ocrx_word' id='word_1_722' title='bbox 2768 4700 3038 4770; x_wconf 88' lang='lat' dir='ltr'>gratiﬁcis</span> <span class='ocrx_word' id='word_1_723' title='bbox 3061 4699 3282 4770; x_wconf 89' lang='lat' dir='ltr'>scriptis</span> <span class='ocrx_word' id='word_1_724' title='bbox 3306 4699 3739 4770; x_wconf 88' lang='lat' dir='ltr'>suggesserit.in</span> <span class='ocrx_word' id='word_1_725' title='bbox 3753 4696 3862 4751; x_wconf 82' lang='lat' dir='ltr'>suis</span> 
     </span>
    </p>
   </div>
   <div class='ocr_carea' id='block_1_97' title="bbox 2277 4789 3120 4864">
    <p class='ocr_par' dir='ltr' id='par_1_97' title="bbox 2277 4789 3120 4864">
     <span class='ocr_line' id='line_1_97' title="bbox 2277 4789 3120 4864; baseline -0.005 -18"><span class='ocrx_word' id='word_1_726' title='bbox 2277 4791 2525 4864; x_wconf 84' lang='lat' dir='ltr'>epistolis</span> <span class='ocrx_word' id='word_1_727' title='bbox 2553 4790 2764 4861; x_wconf 91' lang='lat' dir='ltr'>liquide</span> <span class='ocrx_word' id='word_1_728' title='bbox 2784 4789 3057 4843; x_wconf 86' lang='lat' dir='ltr'>clarescit.</span> <span class='ocrx_word' id='word_1_729' title='bbox 3092 4809 3120 4841; x_wconf 67' lang='grc' dir='ltr'><strong>ι</strong></span> 
     </span>
    </p>
   </div>
   <div class='ocr_carea' id='block_1_98' title="bbox 2352 4913 3865 4988">
    <p class='ocr_par' dir='ltr' id='par_1_98' title="bbox 2352 4913 3865 4988">
     <span class='ocr_line' id='line_1_98' title="bbox 2352 4913 3865 4988; baseline -0.005 -16"><span class='ocrx_word' id='word_1_730' title='bbox 2352 4918 2480 4972; x_wconf 88' lang='lat' dir='ltr'>Haec</span> <span class='ocrx_word' id='word_1_731' title='bbox 2516 4918 2706 4988; x_wconf 78' lang='lat' dir='ltr'>itaque</span> <span class='ocrx_word' id='word_1_732' title='bbox 2752 4916 3069 4986; x_wconf 64' lang='lat' dir='ltr'>apostolicae</span> <span class='ocrx_word' id='word_1_733' title='bbox 3122 4913 3622 4970; x_wconf 89' lang='lat' dir='ltr'>commendationis</span> <span class='ocrx_word' id='word_1_734' title='bbox 3668 4913 3865 4982; x_wconf 87' lang='lat' dir='ltr'>scripta</span> 
     </span>
    </p>
   </div>
   <div class='ocr_carea' id='block_1_99' title="bbox 2281 5003 3865 5077">
    <p class='ocr_par' dir='ltr' id='par_1_99' title="bbox 2281 5003 3865 5077">
     <span class='ocr_line' id='line_1_99' title="bbox 2281 5003 3865 5077; baseline -0.006 -14"><span class='ocrx_word' id='word_1_735' title='bbox 2281 5009 2584 5064; x_wconf 63' lang='lat' dir='ltr'>Britanniae</span> <span class='ocrx_word' id='word_1_736' title='bbox 2611 5023 2822 5077; x_wconf 88' lang='lat' dir='ltr'>regem,</span> <span class='ocrx_word' id='word_1_737' title='bbox 2853 5013 2908 5060; x_wconf 91' lang='lat' dir='ltr'>et</span> <span class='ocrx_word' id='word_1_738' title='bbox 2936 5006 3187 5076; x_wconf 88' lang='lat' dir='ltr'>reginam</span> <span class='ocrx_word' id='word_1_739' title='bbox 3215 5023 3339 5060; x_wconf 90' lang='lat' dir='ltr'>cum</span> <span class='ocrx_word' id='word_1_740' title='bbox 3370 5021 3592 5059; x_wconf 90' lang='lat' dir='ltr'>summo</span> <span class='ocrx_word' id='word_1_741' title='bbox 3623 5003 3865 5058; x_wconf 89' lang='lat' dir='ltr'>antistite</span> 
     </span>
    </p>
   </div>
   <div class='ocr_carea' id='block_1_100' title="bbox 2281 5095 3864 5167">
    <p class='ocr_par' dir='ltr' id='par_1_100' title="bbox 2281 5095 3864 5167">
     <span class='ocr_line' id='line_1_100' title="bbox 2281 5095 3864 5167; baseline -0.006 -15"><span class='ocrx_word' id='word_1_742' title='bbox 2281 5116 2402 5162; x_wconf 90' lang='lat' dir='ltr'>suo,</span> <span class='ocrx_word' id='word_1_743' title='bbox 2436 5115 2547 5151; x_wconf 91' lang='lat' dir='ltr'>non</span> <span class='ocrx_word' id='word_1_744' title='bbox 2574 5097 2755 5151; x_wconf 90' lang='lat' dir='ltr'>solum</span> <span class='ocrx_word' id='word_1_745' title='bbox 2784 5096 2971 5151; x_wconf 90' lang='lat' dir='ltr'>divino</span> <span class='ocrx_word' id='word_1_746' title='bbox 3008 5095 3213 5166; x_wconf 83' lang='lat' dir='ltr'>gaudio</span> <span class='ocrx_word' id='word_1_747' title='bbox 3247 5096 3623 5167; x_wconf 83' lang='lat' dir='ltr'>repleverunt,</span> <span class='ocrx_word' id='word_1_748' title='bbox 3683 5109 3864 5147; x_wconf 89' lang='lat' dir='ltr'>verum</span> 
     </span>
    </p>
   </div>
   <div class='ocr_carea' id='block_1_101' title="bbox 2283 5183 3862 5256">
    <p class='ocr_par' dir='ltr' id='par_1_101' title="bbox 2283 5183 3862 5256">
     <span class='ocr_line' id='line_1_101' title="bbox 2283 5183 3862 5256; baseline -0.005 -15"><span class='ocrx_word' id='word_1_749' title='bbox 2283 5188 2452 5241; x_wconf 88' lang='lat' dir='ltr'>etiam</span> <span class='ocrx_word' id='word_1_750' title='bbox 2484 5186 2553 5240; x_wconf 90' lang='lat' dir='ltr'>ad</span> <span class='ocrx_word' id='word_1_751' title='bbox 2592 5186 2839 5240; x_wconf 74' lang='lat' dir='ltr'>ccelestia</span> <span class='ocrx_word' id='word_1_752' title='bbox 2896 5202 3073 5256; x_wconf 85' lang='lat' dir='ltr'>regna</span> <span class='ocrx_word' id='word_1_753' title='bbox 3121 5184 3438 5255; x_wconf 89' lang='lat' dir='ltr'>appetenda</span> <span class='ocrx_word' id='word_1_754' title='bbox 3487 5183 3862 5239; x_wconf 89' lang='lat' dir='ltr'>vehementius</span> 
     </span>
    </p>
   </div>
   <div class='ocr_carea' id='block_1_102' title="bbox 2278 5272 3234 5349">
    <p class='ocr_par' dir='ltr' id='par_1_102' title="bbox 2278 5272 3234 5349">
     <span class='ocr_line' id='line_1_102' title="bbox 2278 5272 3234 5349; baseline -0.003 -19"><span class='ocrx_word' id='word_1_755' title='bbox 2278 5277 2659 5331; x_wconf 87' lang='lat' dir='ltr'>ascenderunt</span> <span class='ocrx_word' id='word_1_756' title='bbox 2684 5275 2781 5349; x_wconf 80' lang='lat' dir='ltr'>[f.,</span> <span class='ocrx_word' id='word_1_757' title='bbox 2811 5272 3234 5347; x_wconf 90' lang='lat' dir='ltr'>accenderunt].</span> 
     </span>
    </p>
   </div>
   <div class='ocr_carea' id='block_1_103' title="bbox 2348 5380 3867 5454">
    <p class='ocr_par' dir='ltr' id='par_1_103' title="bbox 2348 5380 3867 5454">
     <span class='ocr_line' id='line_1_103' title="bbox 2348 5380 3867 5454; baseline -0.007 -15"><span class='ocrx_word' id='word_1_758' title='bbox 2348 5385 2571 5441; x_wconf 87' lang='lat' dir='ltr'>Interea</span> <span class='ocrx_word' id='word_1_759' title='bbox 2582 5383 2933 5454; x_wconf 83' lang='lat' dir='ltr'>Augustinus</span> <span class='ocrx_word' id='word_1_760' title='bbox 2950 5382 3019 5436; x_wconf 89' lang='lat' dir='ltr'>ab</span> <span class='ocrx_word' id='word_1_761' title='bbox 3042 5381 3417 5436; x_wconf 87' lang='lat' dir='ltr'>ecclesiastico</span> <span class='ocrx_word' id='word_1_762' title='bbox 3432 5381 3544 5436; x_wconf 90' lang='lat' dir='ltr'>ritu</span> <span class='ocrx_word' id='word_1_763' title='bbox 3561 5380 3867 5450; x_wconf 85' lang='lat' dir='ltr'>discrepan-</span> 
     </span>
    </p>
   </div>
   <div class='ocr_carea' id='block_1_104' title="bbox 2276 5468 3871 5543">
    <p class='ocr_par' dir='ltr' id='par_1_104' title="bbox 2276 5468 3871 5543">
     <span class='ocr_line' id='line_1_104' title="bbox 2276 5468 3871 5543; baseline -0.004 -15"><span class='ocrx_word' id='word_1_764' title='bbox 2276 5480 2364 5528; x_wconf 88' lang='lat' dir='ltr'>tes</span> <span class='ocrx_word' id='word_1_765' title='bbox 2414 5475 2705 5530; x_wconf 91' lang='lat' dir='ltr'>Britonum</span> <span class='ocrx_word' id='word_1_766' title='bbox 2750 5473 3062 5543; x_wconf 89' lang='lat' dir='ltr'>pontiﬁces,</span> <span class='ocrx_word' id='word_1_767' title='bbox 3094 5470 3242 5541; x_wconf 90' lang='lat' dir='ltr'>regis</span> <span class='ocrx_word' id='word_1_768' title='bbox 3276 5469 3618 5525; x_wconf 89' lang='lat' dir='ltr'>adminiculo</span> <span class='ocrx_word' id='word_1_769' title='bbox 3648 5469 3717 5523; x_wconf 90' lang='lat' dir='ltr'>ad</span> <span class='ocrx_word' id='word_1_770' title='bbox 3744 5468 3871 5521; x_wconf 83' lang='lat' dir='ltr'>alia-</span> 
     </span>
    </p>
   </div>
   <div class='ocr_carea' id='block_1_105' title="bbox 677 5575 3867 5661">
    <p class='ocr_par' dir='ltr' id='par_1_105' title="bbox 677 5575 3867 5661">
     <span class='ocr_line' id='line_1_105' title="bbox 677 5575 3867 5661; baseline -0.004 -23"><span class='ocrx_word' id='word_1_771' title='bbox 677 5582 781 5661; x_wconf 69' lang='lat' dir='ltr'>t88)</span> <span class='ocrx_word' id='word_1_772' title='bbox 820 5585 1187 5661; x_wconf 81' lang='lat' dir='ltr'>Ad_regi_nam</span> <span class='ocrx_word' id='word_1_773' title='bbox 1218 5584 1488 5639; x_wconf 88' lang='lat' dir='ltr'>Bertham</span> <span class='ocrx_word' id='word_1_774' title='bbox 1527 5582 1732 5648; x_wconf 73' lang='lat' dir='ltr'>litterae</span> <span class='ocrx_word' id='word_1_775' title='bbox 1776 5581 1844 5636; x_wconf 93' lang='lat' dir='ltr'>D.</span> <span class='ocrx_word' id='word_1_776' title='bbox 1892 5581 2170 5653; x_wconf 90' lang='lat' dir='ltr'>Gregorii,</span> <span class='ocrx_word' id='word_1_777' title='bbox 2226 5582 2431 5661; x_wconf 85' lang='lat' dir='ltr'>quibus</span> <span class='ocrx_word' id='word_1_778' title='bbox 2468 5580 2681 5655; x_wconf 87' lang='lat' dir='ltr'>gratias</span> <span class='ocrx_word' id='word_1_779' title='bbox 2704 5578 2893 5645; x_wconf 90' lang='lat' dir='ltr'>habet,</span> <span class='ocrx_word' id='word_1_780' title='bbox 2922 5594 3159 5650; x_wconf 89' lang='lat' dir='ltr'>eamque</span> <span class='ocrx_word' id='word_1_781' title='bbox 3188 5578 3522 5637; x_wconf 86' lang='lat' dir='ltr'>adhortatur</span> <span class='ocrx_word' id='word_1_782' title='bbox 3546 5577 3618 5634; x_wconf 89' lang='lat' dir='ltr'>ad</span> <span class='ocrx_word' id='word_1_783' title='bbox 3646 5575 3867 5631; x_wconf 87' lang='lat' dir='ltr'>meliora</span> 
     </span>
    </p>
   </div>
   <div class='ocr_carea' id='block_1_106' title="bbox 599 5653 1154 5727">
    <p class='ocr_par' dir='ltr' id='par_1_106' title="bbox 599 5653 1154 5727">
     <span class='ocr_line' id='line_1_106' title="bbox 599 5653 1154 5727; baseline 0.002 -20"><span class='ocrx_word' id='word_1_784' title='bbox 599 5653 722 5727; x_wconf 90' lang='lat' dir='ltr'>(lib.</span> <span class='ocrx_word' id='word_1_785' title='bbox 754 5668 815 5712; x_wconf 85' lang='lat' dir='ltr'>Ix</span> <span class='ocrx_word' id='word_1_786' title='bbox 844 5653 1021 5725; x_wconf 51' lang='lat' dir='ltr'>epist:</span> <span class='ocrx_word' id='word_1_787' title='bbox 1043 5656 1154 5723; x_wconf 70' lang='grc' dir='ltr'>δυ.)</span> 
     </span>
    </p>
   </div>
  </div>
