3920 6378
144 363 261 422 757

1171 371 1342 428 VITA
1379 373 1439 428 S.
1477 368 1876 429 AUGUSTINI
1911 373 2130 430 ANGL.
2170 374 2419 432 APOST.

3331 371 3445 429 758

141 508 279 547 rum
296 492 673 548 Ecclesiarum
684 496 935 551 omnium
951 513 1305 563 communem
1319 499 1749 564 observantiam,
1767 501 1820 559 Α
1839 500 2086 553 nasterio
2121 500 2343 555 Bancor.
2358 501 2658 572 plusquam
2685 501 2796 556 duo
2816 499 2992 554 millia
3012 494 3433 554 monachorum.

142 581 354 635 humili
384 598 550 653 prece
577 589 636 638 et
655 584 1037 641 admonitione
1066 587 1285 640 invitat.
1316 587 1419 641 Cui
1456 587 1559 653 illi,
1610 588 1762 642 velut

140 669 210 722 in
250 670 391 732 acie,
432 687 547 725 non
584 673 767 728 solum
812 681 1146 746 repugnant,
1181 692 1371 729 verum
1411 676 1581 730 etiam
1628 692 1758 730 suos

139 774 289 813 usus
315 759 576 814 omnibus
596 762 1079 832 pmminentiores
1106 764 1285 818 sancti
1307 780 1463 835 papae
1492 765 1759 818 Eleuthe-

139 847 220 901 rii
289 848 632 905 auctoritate
670 852 1057 922 pronuntiant.
1102 854 1351 907 Tandem
1409 853 1756 924 signipotens

141 936 507 1006 Augustinus
531 945 696 1008 parat
712 939 770 992 in
795 940 982 1010 aliquo
1011 940 1181 994 debili
1223 941 1475 994 curando
1505 941 1756 995 veritatis

138 1032 571 1093 argumentum.
611 1027 909 1084 Assistitur
934 1034 1061 1093 34
1105 1045 1300 1095 caecus,
1332 1030 1617 1099 Anglicus,
1652 1031 1754 1086 Dei

138 1113 425 1172 nimirum
454 1121 598 1170 nutu
624 1116 864 1183 oblatus,
887 1134 958 1171 ne
1006 1118 1258 1171 Britones
1290 1118 1392 1171 sibi
1425 1124 1756 1188 arrogarent

140 1202 397 1272 signum,
433 1204 480 1257 si
499 1205 626 1275 quis
645 1205 714 1258 de
735 1206 851 1259 suis
876 1211 1025 1260 esset
1052 1208 1317 1263 salvatus.
1347 1207 1594 1262 Oﬁ'ertur
1621 1224 1753 1277 ergo

140 1291 495 1347 adversariis
528 1309 735 1361 caecus;
785 1294 897 1348 illis
946 1296 1343 1359 abnuentibus,
1383 1296 1751 1366 Augustinus,

139 1380 292 1433 ﬂexo
321 1397 492 1451 genu,
522 1381 649 1437 fusa
667 1399 851 1454 prece,
882 1384 1117 1453 signatis
1138 1385 1365 1439 orbibus
1385 1386 1542 1439 caecis
1570 1386 1758 1441 Domi-

142 1469 277 1522 nica
305 1486 492 1524 cruce.
526 1493 551 1518 α
586 1472 650 1525 In
690 1472 938 1534 nomine,
983 1473 1186 1544 inquit,
1246 1474 1468 1529 Domini
1523 1475 1603 1528 sic
1651 1476 1757 1529 iste

140 1574 331 1612 caecus
352 1559 722 1619 illuminetur,
756 1561 902 1614 sicut
925 1567 1117 1615 nostra
1143 1563 1580 1618 assertiosanior
1606 1581 1756 1617 com-

140 1646 441 1717 probatur.
477 1665 504 1700 »
529 1649 633 1702 Cui
663 1648 917 1718 protinus
948 1652 1289 1720 respondens
1317 1652 1467 1705 claro
1496 1653 1753 1707 testimo-

1843 604 1983 658 quos
2005 604 2199 647 omnes
2225 588 2385 643 labor
2414 605 2685 643 manuum
2706 589 2911 645 alebat.
2937 588 3050 643 Hos
3080 588 3290 659 pariter
3309 603 3436 642 ora-

1840 676 2009 740 tione,
2037 683 2095 731 et
2131 677 2409 731 triduanis
2452 678 2684 748 jejuniis
2732 678 2789 731 in
2834 678 3050 731 hostem
3099 681 3437 749 pugnantes,

1838 764 2057 819 hostilis
2076 765 2302 835 gladius
2319 767 2403 821 vel
2425 766 2668 820 acriores
2697 767 3046 820 adversarios
3066 763 3341 820 exhausit.
3373 764 3442 818 Et

1839 870 1905 906 ex
1936 853 2021 907 his
2050 854 2204 907 mille
2231 854 2479 923 ducenti,
2525 855 2759 926 reliquis
2804 854 3133 927 proﬂigatis,
3185 852 3444 907 exstincti

1838 946 1988 995 sunt.
2023 942 2163 997 Caesi
2220 948 2409 996 autem
2468 943 2662 1014 populi
2706 958 2820 997 non
2876 949 2962 997 est
3000 958 3290 996 numerus.
3353 940 3443 995 Sic

1836 1030 2135 1100 Augustini
2164 1037 2597 1103 contemptores,
2631 1036 2813 1085 vatem
2843 1032 3056 1103 experti
3103 1036 3239 1085 sunt
3279 1046 3453 1085 vera-

1836 1133 1977 1179 cem,
2006 1134 2173 1188 quem
2202 1119 2509 1190 supplicem
2532 1119 2856 1189 ahjecerant
2883 1125 2936 1173 et
2958 1118 3259 1175 minacem.

1908 1204 2208 1260 Confessor
2237 1207 2431 1278 itaque
2444 1208 2667 1262 Domini
2687 1225 2721 1262 a
2736 1224 2907 1279 supra
2920 1208 3245 1263 memoratis
3264 1206 3442 1262 rebel-

1837 1294 1984 1348 libus
2005 1295 2263 1356 tendens,
2295 1312 2420 1351 cum
2450 1302 2644 1351 sancto
2666 1299 2837 1351 choro
2867 1297 3168 1363 sociorum,
3200 1298 3270 1351 ad
3288 1297 3435 1351 Ebo-

1838 1399 2024 1436 racam
2057 1383 2360 1449 civitatem,
2388 1385 2539 1439 videt
2580 1386 2865 1440 hominem
2901 1402 3063 1441 secus
3095 1386 3241 1440 viam
3275 1402 3442 1440 accu—

1838 1471 2066 1526 bantem
2091 1474 2631 1544 paralysi,ca2citate,
2653 1479 2823 1545 atque
2836 1480 3099 1544 aegestate
3117 1480 3206 1529 ter
3214 1475 3444 1529 misera-

1836 1559 2007 1614 bilem
2017 1562 2208 1618 .Audit
2219 1563 2367 1616 hunc
2379 1562 2558 1617 turbae
2574 1564 2951 1635 pretereuntis
2961 1580 3185 1618 causam
3204 1563 3442 1618 interro-

1832 1651 2492 1721 gantengcognitumque
2513 1652 2715 1706 famosi
2732 1652 3035 1722 Augustini
3050 1668 3253 1706 nomen
3274 1651 3446 1707 incla-

140 1736 243 1789 nio
273 1736 429 1789 clara
456 1737 744 1794 oculorum
788 1738 1145 1804 illuminatio,
1198 1740 1296 1794 dat
1324 1746 1535 1794 certam
1583 1741 1751 1794 ﬁdem
1836 1744 2105 1803 mentem,
2164 1756 2440 1810 opemque
2488 1746 2544 1794 et
2591 1741 3005 1811 eleemosynam
3059 1741 3205 1794 tanti
3260 1740 3446 1795 Patris

137 1826 293 1879 tanti
324 1827 474 1896 signi
517 1827 831 1898 splendore,
883 1829 1262 1898 congaudenti
1296 1830 1521 1900 populo,
1579 1845 1748 1899 quam
1768 1814 1812 1871 Β
1835 1826 2252 1897 implorantem.
2285 1828 2370 1881 Ad
2387 1844 2552 1899 quem
2565 1829 2834 1883 accedens
2857 1829 3152 1884 aemulator
3166 1828 3445 1885 Dominici

138 1932 280 1969 vera
302 1915 379 1969 sit
403 1916 706 1985 Augustini
737 1917 991 1970 assertio.
1052 1917 1164 1987 lpsi
1217 1934 1438 1988 quoque
1499 1917 1752 1972 Britones
1843 1916 2138 1986 Clavigeri.
2169 1937 2192 1968 ι
2222 1917 2803 1989 Argentuminquit,et
2826 1934 3037 1972 aurum
3057 1934 3171 1972 non
3186 1918 3442 1972 estmihz':

142 2005 472 2074 approbant
499 2006 643 2075 quod
664 2005 901 2059 inﬁciari
928 2012 1232 2076 nequeunt.
1259 2007 1523 2060 Attamen
1536 2006 1755 2060 dilatio-
1839 2007 1984 2072 quod
2011 2012 2197 2058 autem
2246 2006 2431 2071 habeo,
2464 2007 2560 2059 hoc
2589 2008 2656 2059 do
2687 2007 2789 2059 tibi
2819 2026 2835 2060 :
2868 2008 2935 2060 In
2961 2009 3186 2060 nomine
3213 2007 3445 2059 Domini

147 2110 281 2147 nem
316 2094 607 2164 postulant
635 2110 747 2163 qua
765 2096 1018 2164 majores
1057 2111 1187 2148 suos
1229 2094 1578 2156 conveniant,
1626 2094 1761 2148 data
1838 2097 1965 2147 Jcsu
2025 2094 2249 2158 Christi,
2305 2109 2469 2160 surge
2512 2094 2656 2163 (Act.
2713 2108 2793 2148 In.
2863 2093 2936 2159 6),
2986 2099 3044 2147 et
3097 2093 3440 2158 illuminare,

150 2183 245 2236 die
276 2199 391 2252 qua
430 2182 724 2237 consilium
774 2188 1050 2254 repetant.
1108 2184 1324 2237 Venere
1354 2200 1487 2253 ergo
1541 2188 1755 2253 septem
1781 2167 1794 2175 ’
1842 2182 2218 2253 praeditusque
2245 2182 2427 2236 salute
2457 2188 2511 2235 et
2547 2182 2689 2246 luce,
2722 2183 2995 2252 procede:
3021 2198 3123 2236 nec
3146 2183 3265 2252 jam
3292 2181 3444 2235 indi-

146 2264 398 2343 episcopi
422 2288 457 2324 a
483 2272 726 2342 quodam
756 2273 916 2326 Justo
954 2289 1070 2326 suae
1107 2272 1285 2341 partis
1322 2273 1440 2325 viro
1469 2273 1550 2325 ita
1579 2272 1761 2325 edocti
1840 2287 1976 2340 geas
2022 2276 2305 2339 gestatore
2356 2271 2443 2324 vel
2498 2271 2656 2325 duce.
2694 2290 2717 2322 ι
2774 2271 2893 2325 Hoc
2942 2270 3175 2325 verbum
3234 2266 3448 2325 Christi

146 2368 216 2415 ut
244 2360 295 2413 si
326 2360 677 2429 Augustinus
706 2360 858 2414 mitis
883 2367 940 2414 et
968 2360 1196 2414 humilis
1212 2360 1378 2414 corde
1401 2361 1752 2430 probaretur,

149 2450 304 2519 quod
328 2464 453 2503 esse
482 2449 529 2502 si
560 2449 695 2519 ipsis
723 2450 997 2520 episcopis
1043 2448 1465 2502 advenientibus
1504 2465 1761 2518 assurge-

147 2544 240 2592 ret
268 2542 724 2608 cognosceretur,
748 2545 883 2592 tunc
940 2539 1019 2592 illi
1066 2539 1222 2591 velut
1271 2538 1492 2592 Domini
1541 2539 1758 2602 nuntio,

148 2634 208 2681 et
225 2629 433 2697 jugum
454 2628 674 2681 Domini
689 2627 1210 2703 ferentiobedirent.
1242 2628 1299 2681 Si
1320 2644 1446 2681 vero
1467 2627 1757 2698 episcopis,

151 2716 249 2785 qui
278 2716 472 2786 plures
497 2722 700 2773 essent.
736 2733 848 2770 non
878 2722 1199 2786 assurgeret
1230 2716 1378 2769 velut
1399 2732 1689 2785 arrogans,
1710 2722 1766 2771 et

151 2811 513 2876 contemptor
538 2804 608 2859 ab
629 2806 715 2859 his
745 2805 1353 2861 contemneretur.Tali
1371 2821 1636 2863 mucrone
1649 2821 1759 2875 quo

150 2894 411 2965 perirent
424 2894 1048 2967 praecincti,Augustino
1067 2894 1172 2947 sibi
1191 2911 1299 2947 non
1322 2894 1767 2965 assurgente,fu-

159 2984 306 3037 riose
332 2982 632 3055 indignati,
649 2982 831 3055 ipsum
846 2989 905 3038 et
922 2982 1112 3036 omnia
1145 2983 1192 3052 ej
1202 3000 1266 3037 us
1277 2983 1426 3053 dicta
1437 2982 1757 3054 repudiant,

1843 2359 2105 2420 nominis,
2167 2360 2327 2429 quasi
2372 2375 2436 2413 ex
2488 2376 2584 2414 ore
2631 2360 2838 2415 Christi
2888 2360 3189 2431 prolatum,
3263 2359 3449 2414 subito

1844 2447 2021 2500 erexit
2052 2448 2442 2521 paralyticum,
2477 2448 2817 2503 illuminavit
2834 2465 3065 2518 caecum,
3084 2448 3252 2503 simul
3280 2448 3455 2524 etiam

1846 2536 1934 2590 his
1996 2537 2209 2606 apertis
2275 2537 2452 2591 oculis
2508 2538 2709 2601 cordis,
2775 2536 3022 2608 suscepit
3087 2536 3450 2609 baptismum,

1848 2625 2173 2696 pariterque
2201 2642 2327 2679 cum
2356 2627 2606 2697 corporis
2634 2626 2840 2691 ofﬁcio,
2871 2627 3073 2680 animae
3102 2626 3442 2696 profectum.

1921 2714 1967 2767 Ο
1997 2713 2175 2767 virum
2207 2714 2411 2784 spiritu
2442 2713 2542 2767 Dei
2572 2715 2824 2784 plenum,
2857 2713 2968 2782 cui,
2995 2714 3092 2767 ubi
3136 2730 3226 2767 res
3265 2713 3457 2767 divina

1848 2802 2130 2872 poscebat,
2168 2808 2286 2855 tam
2328 2809 2526 2873 parata
2585 2807 2748 2856 erant
2791 2802 2952 2872 signa
3005 2802 3076 2856 ad
3123 2802 3456 2856 salvandum

1849 2907 2016 2960 quam
2048 2890 2215 2947 verba
2241 2892 2311 2944 ad
2334 2891 2645 2945 docendum
2670 2892 2681 2943 !
2704 2892 2850 2944 Nam
2889 2890 3014 2961 quis
3041 2890 3249 2945 referat
3279 2905 3452 2966 quam

1853 2980 2062 3033 crebris
2093 2980 2495 3033 miraculorum
2540 2978 3019 3033 coruscationibus
3071 2977 3280 3053 ubique
3306 2974 3455 3032 emi-

150 3088 332 3145 eoque
352 3047 597 3133 ferdcius
619 3047 911 3137 rebellant,
933 3072 1150 3144 quoille
1164 3047 1454 3133 humilius,
1476 3047 1533 3124 et
1546 3070 1762 3127 amabi-
1784 3047 1827 3106 δ
1846 3066 2027 3120 cuerit
2048 3067 2073 3118 Ἰ
2098 3068 2349 3131 Quantas
2378 3067 2628 3121 ﬁdelium
2656 3067 2853 3120 turbas
2873 3072 2929 3121 et
2943 3067 3003 3120 in
3024 3065 3122 3120 illo
3150 3047 3371 3132 itinere,
3396 3070 3454 3119 et

151 3161 261 3216 lius
283 3160 642 3233 deprecatur,
667 3165 732 3221 ut.
755 3162 1084 3215 concordem
1108 3160 1486 3215 Ecclesiarum
1507 3175 1762 3218 normam
1847 3155 1905 3208 in
1930 3155 2135 3210 ﬁnibus
2163 3156 2391 3210 Eboraci
2432 3162 2491 3209 et
2520 3155 2578 3209 in
2610 3155 2873 3210 omnibus
2895 3170 3006 3226 quo
3035 3171 3095 3209 se
3115 3153 3446 3217 vertitlocis,

150 3255 461 3307 sectentur.
494 3249 610 3303 Hac
639 3266 774 3304 sane
800 3248 1255 3319 mansuetissima
1274 3248 1547 3303 charitate
1567 3255 1623 3303 et
1638 3249 1764 3302 cha—
1846 3244 1962 3297 Deo
1990 3244 2243 3298 lucratus
2299 3244 2406 3299 sit?
2444 3250 2720 3315 quantum
2766 3244 2938 3298 etiam
2975 3244 3102 3298 aliis
3132 3243 3349 3309 diebus,
3381 3259 3451 3297 ac

151 3338 382 3397 ritativa
405 3337 837 3395 mansuetudine
858 3342 997 3393 erat.
1024 3336 1357 3408 discipulum
1386 3336 1594 3395 Christi
1616 3342 1673 3390 et
1688 3338 1765 3390 fa-
1844 3333 2192 3403 temporibus
2220 3332 2534 3404 profecerit,
2569 3349 2696 3387 cum
2727 3332 2783 3385 in
2811 3348 2925 3387 una
2950 3332 3252 3388 Dominicaa
3289 3330 3454 3387 Nati-

153 3428 376 3485 mulum
405 3426 649 3481 lucidius
676 3442 1033 3497 cognoscere,
1055 3443 1222 3496 quam
1242 3426 1290 3479 si
1310 3426 1567 3496 superbis
1581 3442 1773 3499 assur_2
1855 3423 2048 3476 vitatis
2068 3423 2174 3484 die,
2211 3439 2379 3493 quam
2407 3422 2669 3476 universa
2723 3423 3053 3492 angelorum
3110 3420 3291 3492 gloria
3334 3435 3459 3493 per-

150 3515 336 3584 gendo
368 3514 619 3585 ipsorum
650 3513 938 3573 videretur
965 3515 1325 3569 obstinatiam
1352 3515 1650 3579 honorare,
1711 3524 1771 3574 et
1854 3517 2024 3581 petuo
2053 3511 2421 3574 concelebrat,
2452 3511 2575 3581 plus
2602 3526 2771 3581 quam
2793 3510 2986 3564 decem
3004 3510 3188 3564 millia
3209 3509 3456 3564 virorum

153 3603 491 3658 honorando
515 3603 847 3675 approbare.
876 3605 1142 3661 Perverse
1170 3622 1302 3679 ergo
1333 3605 1557 3675 superbi
1570 3605 1759 3679 humi-

151 3692 260 3745 lem
321 3692 599 3745 famulum
654 3692 878 3746 Domini
925 3693 1413 3746 calumniabantur
1490 3693 1763 3763 superbiae

152 3778 487 3844 insessione,
519 3794 644 3831 cum
675 3778 795 3848 ipse
822 3778 1113 3844 Dominus,
1156 3779 1250 3849 qui
1276 3779 1446 3832 dicit:
1499 3780 1691 3831 Discite
1727 3796 1761 3833 α

152 3885 238 3922 me
264 3871 405 3938 quia
445 3869 597 3920 mitis
655 3884 780 3920 sum.
830 3873 879 3920 et
925 3868 1158 3921 humi/7's
1206 3870 1362 3921 corde
1421 3868 1634 3935 (Μαιιὴ.
1682 3881 1757 3929 x1,

155 3956 281 4024 ‘29);
359 3956 563 4010 sedens
620 3955 893 4021 docuerit,
948 3973 1223 4026 pauperes
1300 3956 1501 4026 Spiritu
1566 3956 1759 4009 beatos

154 4062 311 4112 esse;
368 4045 519 4114 quod
576 4044 657 4097 illi
705 4061 827 4098 esse
903 4044 1229 4114 nequibant,
1295 4050 1430 4114 typo
1504 4044 1760 4098 elationis

152 4150 287 4188 suae.
347 4133 458 4187 Sed
501 4150 628 4187 cum
669 4134 854 4187 adhuc
899 4133 1274 4204 praecordialis
1333 4142 1492 4203 pater
1534 4133 1761 4186 illorum

154 4223 360 4277 salutis
380 4221 735 4276 avidissimus
767 4228 974 4283 oraret,
1017 4227 1073 4275 et
1115 4223 1310 4275 saltem
1354 4221 1410 4275 in
1453 4221 1539 4275 his
1581 4221 1762 4275 tribus

152 4312 462 4366 universali
482 4312 736 4365 Ecclesiae
759 4313 1154 4382 jungerentur,
1197 4312 1303 4364 hoc
1356 4317 1442 4365 est
1478 4311 1533 4364 in
1578 4312 1763 4381 bapti-

1853 3608 2057 3670 prseter
2084 3600 2552 3655 innumerabilem
2582 3599 3003 3653 multitudinem
3023 3599 3359 3653 feminarum
3388 3614 3457 3652 ac

1845 3691 2203 3759 parvulorum
2261 3690 2416 3743 vitali
2448 3688 2799 3759 baptismate
2840 3688 3276 3758 regeneraverit.
3317 3687 3458 3751 Quae

1849 3794 1981 3830 vero
1997 3778 2560 3841 sacerdotum,alioru
2568 3792 2690 3830 mve
2702 3792 2990 3830 sacrorum
3005 3775 3266 3829 ordinum
3287 3776 3449 3846 copia

1842 3867 1912 3919 ad
1930 3874 2152 3921 tantum
2170 3867 2446 3937 populum
2464 3866 2802 3920 abluendum
2817 3864 3129 3918 sufﬁceret?
3150 3863 3448 3919 Benedicto

1844 3956 2039 4025 itaque
2078 3957 2264 4022 ﬂuvio,
2309 3955 2541 4025 Anglice
2596 3956 2834 4009 Sualvu:
2891 3958 3233 4023 nuncupata,
3281 3951 3457 4022 jubet-

1843 4061 2100 4098 summus
2131 4044 2380 4115 pontifex
2397 4060 2497 4114 per
2510 4058 2812 4114 praecones,
2838 4047 2895 4095 et
2917 4040 3238 4110 magistros,
3256 4054 3451 4095 omnes

1843 4132 2023 4198 binos,
2053 4140 2111 4187 et
2166 4133 2345 4197 binos,
2395 4132 2743 4186 conﬁdenter
2785 4130 3052 4201 ingredi;
3103 4133 3162 4183 et
3202 4128 3262 4183 in
3302 4129 3454 4184 trino

1845 4222 2081 4276 Deitatis
2111 4223 2356 4286 nomine,
2388 4221 2629 4277 alterum
2662 4220 2732 4273 ab
2750 4220 2928 4273 altero
2982 4217 3222 4272 vicissim
3260 4217 3446 4291 baptiz-

1845 4311 1979 4364 zari.
2035 4311 2237 4381 Sicque
2287 4327 2481 4364 omnes
2537 4309 2719 4363 renati
2769 4324 2882 4362 non
2929 4307 3143 4362 minori
3173 4307 3445 4362 miraculo

152 4401 353 4466 zando,
387 4408 445 4454 et
474 4400 687 4454 Pascha
714 4400 938 4455 Domini
967 4400 1317 4464 celebrando,
1349 4407 1518 4471 atque
1548 4416 1657 4454 una
1678 4405 1828 4463 se-D
1846 4417 2015 4471 quam
2043 4400 2324 4470 quondam
2356 4399 2595 4470 populus
2624 4398 2801 4453 Israel
2824 4397 3061 4451 divisum
3078 4411 3240 4452 mare
3259 4397 3447 4465 ;item-

152 4507 284 4545 cum
312 4489 509 4559 Anglis
537 4489 820 4545 Christum
844 4490 1292 4558 evangelizando,
1321 4489 1510 4543 omnia
1536 4506 1765 4560 prorsus

152 4579 440 4640 abdicant,
491 4578 625 4649 quin
658 4579 827 4633 etiam
868 4594 1089 4632 onmem
1130 4579 1253 4648 ejus
1298 4578 1567 4632 ditionem
1617 4596 1651 4631 a
1705 4596 1764 4632 se

156 4666 562 4722 exterminant.
611 4667 763 4731 Quos
801 4667 899 4720 ille
943 4667 1257 4737 prophetali
1309 4667 1604 4738 increpans
1650 4683 1766 4722 ma-

154 4758 367 4811 chaera:
402 4755 487 4809 Ab
520 4755 651 4817 illis,
683 4756 886 4826 inquit,
931 4756 1184 4811 hostibus
1214 4756 1486 4826 peribitis,
1509 4757 1766 4827 quosfra-

155 4853 273 4901 tres
301 4843 513 4899 habere
533 4845 593 4898 in
616 4861 790 4915 regno
821 4845 924 4898 Dei
947 4844 1281 4911 abhorretis,
1316 4852 1372 4899 et
1400 4845 1469 4899 ab
1490 4847 1577 4899 his
1588 4846 1763 4899 vitam

156 4934 424 5006 perdetis,
459 4933 661 5004 quibus
691 4935 924 4987 effusam
956 4934 1215 4988 omnibus
1260 4935 1504 5005 gratiam
1557 4934 1762 4989 Christi

155 5024 437 5080 invidetis.

226 5114 412 5184 Igitur
441 5117 569 5184 post
585 5111 989 5183 triumphalem
1036 5113 1205 5182 hujus
1237 5112 1382 5166 vatis
1417 5113 1760 5183 assumptio-

159 5220 286 5257 nem
317 5203 390 5257 ad
415 5201 737 5266 Dominum,
772 5218 865 5255 rex
892 5202 1200 5270 Anglorum
1246 5201 1559 5255 Edelfridus
1607 5201 1761 5255 belli-

160 5292 497 5357 cosissimus,
531 5290 787 5343 Britones
814 5289 1228 5343 immanissima
1255 5291 1404 5345 caede
1444 5306 1583 5361 pene
1613 5291 1761 5344 dele-

160 5382 266 5447 vit;
301 5385 467 5452 capta
494 5379 719 5432 civitate
740 5378 1251 5451 Legionum,quam
1281 5380 1481 5450 Angeli
1524 5381 1759 5449 Lagace-

161 5476 354 5534 stram,
391 5467 645 5535 Britones
674 5467 977 5537 Karlegion
1010 5468 1298 5541 appellant
1341 5470 1593 5526 Inruerat
1628 5469 1762 5547 illuc

161 5558 498 5615 inzasﬁmata
528 5555 832 5615 multitudo
861 5557 1216 5615 sacerdotum
1255 5563 1310 5611 et
1354 5558 1759 5614 monachorum

162 5654 354 5703 contra
378 5646 602 5701 hostem
631 5650 881 5703 oratura.
910 5645 1271 5700 Confluxerat
1297 5646 1468 5702 etiam
1517 5647 1587 5702 de
1637 5663 1761 5701 mo-

1847 4505 1954 4559 que
1970 4488 2269 4549 Jordanem
2290 4495 2438 4542 retro
2449 4504 2777 4542 conversum
2792 4486 3118 4555 transierat,
3133 4485 3194 4541 in
3208 4486 3446 4540 alteram

1848 4578 2029 4646 ripam
2058 4582 2192 4630 sunt
2208 4577 2559 4647 transpositi.
2593 4578 2657 4631 In
2703 4582 2821 4629 tam
2875 4575 3151 4647 profundo
3197 4575 3442 4646 gurgite,

1845 4667 1899 4721 in
1928 4671 2087 4719 tanto
2112 4672 2343 4735 tamque
2381 4666 2599 4719 diverso
2620 4681 2784 4719 sexus
2835 4670 2893 4718 et
2935 4665 3119 4719 atatis
3165 4663 3441 4728 examine,

1845 4771 2010 4808 nemo
2039 4754 2203 4824 perit,
2240 4770 2405 4807 nemo
2428 4754 2684 4820 laeditur;
2719 4769 2988 4823 magnum
3011 4753 3116 4806 hoc
3131 4758 3254 4807 erat
3270 4752 3444 4807 mira-

1844 4844 2051 4899 culum.
2088 4843 2196 4898 Sed
2225 4843 2332 4897 hoc
2360 4858 2649 4911 magnum,
2692 4842 2897 4911 majori
2934 4841 3243 4895 eminentia
3275 4857 3453 4912 supe-.

1844 4939 2023 4998 ratur,
2074 4930 2223 4987 cum'
2245 4932 2425 4985 omnis
2471 4930 2727 4985 debilitas
2775 4935 2833 4984 et
2883 4929 3184 4985 inﬁrmitas
3235 4929 3295 4984 in
3344 4931 3444 4984 illo

1844 5038 2010 5077 amne
2034 5021 2376 5092 deponitur;
2411 5019 2594 5073 omnis
2636 5018 2941 5089 languidus
2989 5024 3046 5072 et
3098 5018 3447 5075 deformatus

1842 5128 2013 5165 sanus
2044 5115 2102 5164 et
2124 5111 2462 5164 reformatus
2483 5107 2791 5178 egreditur.
2843 5107 2890 5162 Ο
2938 5105 3195 5161 festivum
3233 5112 3447 5178 specta-

1841 5201 2030 5254 culum
2050 5200 2381 5269 angelorum
2395 5203 2452 5251 et
2469 5197 2764 5251 hominum
2783 5197 2797 5251 ξ
2817 5211 2943 5250 cum
2956 5200 3043 5250 tot
3062 5195 3238 5250 millia
3255 5196 3442 5251 candi-

1842 5290 1986 5343 date:
2013 5288 2199 5359 gentis
2230 5304 2297 5342 ex
2324 5286 2491 5341 unius
2526 5285 2774 5340 ﬂuminis
2800 5285 2975 5350 alveo,
3007 5285 3162 5339 velut
3183 5300 3249 5339 ex
3276 5284 3446 5340 unius

1841 5378 2151 5450 genitricis,
2194 5376 2486 5450 prodirent
2515 5376 2671 5446 alvo;
2696 5379 2755 5428 et
2782 5375 2852 5429 de
2886 5390 3000 5439 uno
3044 5379 3245 5444 stagno
3282 5380 3445 5446 tanta

1840 5466 2137 5539 progenies
2148 5465 2203 5519 in
2217 5482 2279 5520 su
2287 5481 2521 5537 pernam
2530 5463 2851 5521 civilitatem
2866 5468 3189 5533 nasceretur
3198 5463 3451 5536 olympqi

1841 5556 1992 5611 Hinc
2020 5555 2411 5610 serenissimus
2457 5569 2601 5625 papa
2649 5551 2972 5622 Gregorius,
3017 5568 3147 5606 cum
3188 5552 3457 5611 omnibus

1848 5660 2223 5717 supernorum
2254 5641 2637 5698 contuberniis
2666 5657 2969 5713 erumpens
2987 5642 3049 5697 in
3075 5641 3306 5715 gaudia,
3335 5658 3452 5702 non
