3920 6390
465 345 572 404 759

1416 349 1514 403 AD
1552 349 1792 404 OPERA
1827 349 1894 405 Β.
1935 347 2349 404 LANFRANCI
2388 348 2777 404 APPENDIX.

3631 339 3761 396 760

458 473 590 529 tulit
620 472 726 528 hoc
739 471 978 528 reticere
991 477 1184 528 sancto
1205 473 1534 546 patriarchae
1563 479 1693 538 65
1711 473 2060 528 Alexandriae
2080 475 2130 534 Α
2145 489 2340 527 omnes
2377 473 2445 527 ad
2468 473 2673 546 Christi
2687 471 2882 526 famuli
2899 467 3151 538 vestigia,
3175 467 3271 538 qui
3291 466 3500 522 Christi
3519 466 3770 536 repule-

465 561 734 631 Eulogio;
766 561 1102 633 scripsitque
1126 562 1449 632 gratissime
1485 563 1962 634 congratulaturo,
1995 563 2065 616 de

465 655 625 704 tanto
654 651 902 704 exercitu
930 651 988 705 in
1008 651 1104 706 illa
1133 669 1248 706 una
1272 651 1487 710 Natalis
1513 652 1734 706 Domini
1763 653 1854 706 die
1881 651 2064 722 bapti-

465 748 608 794 zato.
633 741 877 795 Ecclesia
915 748 1102 809 autem
1143 741 1200 796 in
1237 743 1406 812 hujus
1456 741 1724 814 Baptistae
1766 743 2065 814 Augustini

467 833 740 900 perpetua
768 829 1041 882 memoria
1067 834 1125 882 et
1143 829 1387 892 nomine,
1413 831 1574 898 juxta
1595 832 2063 901 praenominatum

467 917 719 976 ﬂuvium.
753 916 979 970 condita
1007 933 1073 970 ac
1100 918 1374 984 dedicata,
1417 917 1668 989 praebens
1707 919 2064 974 credentibus

468 1005 768 1076 postulata,
797 1005 1045 1075 praedicti
1074 1022 1228 1076 papae
1258 1005 1584 1077 comprobat
1613 1007 1954 1061 testimonia.

541 1093 816 1163 Regresso
845 1110 979 1165 ergo
1023 1095 1320 1166 Evangelia
1378 1096 1604 1150 Domini
1667 1096 1736 1151 ab
1794 1096 2061 1162 Eboraco,

469 1179 638 1235 homo
665 1181 947 1234 horrenda
975 1181 1128 1254 lepra
1151 1189 1304 1236 totus
1332 1184 1637 1250 ulcerosus,
1679 1201 1848 1238 orans
1892 1203 1927 1238 a
1969 1185 2065 1238 be-

467 1269 644 1323 neﬁco
691 1269 858 1324 Patre
915 1285 1077 1341 opem
1137 1271 1355 1332 salutis.
1429 1273 1615 1326 infusa
1683 1273 2069 1328 benedictione

467 1359 785 1428 apostolicae
803 1358 1030 1425 dextrae,
1063 1377 1188 1414 cum
1219 1361 1507 1430 signaculo
1538 1361 1841 1415 salutiferae
1867 1363 2065 1425 crucis,

2147 569 2276 617 rant
2303 563 2588 628 mandata,
2633 563 2788 632 justo
2818 559 3089 631 supplicio
3115 558 3234 628 jam
3261 555 3491 622 eruditi,
3523 554 3660 627 quia
3691 555 3768 609 in

2147 649 2355 706 Christi
2383 651 2718 722 baptismate
2734 666 2834 720 per
2847 647 3224 718 Augustinum
3249 648 3480 716 possent
3492 660 3524 698 a
3537 643 3774 715 suppli-

2147 740 2232 795 cio
2263 740 2508 795 liberari.
2543 741 2633 796 Sic
2661 741 2756 794 ille
2785 737 2982 794 laetifer
3010 736 3159 807 ignis
3187 735 3412 790 fcetidas
3438 749 3640 790 carnes
3651 747 3774 789 ex-

2147 826 2339 892 edens,
2365 845 2528 900 quem
2541 827 2728 884 omnia
2741 828 2950 881 ﬂuenta
2962 842 3076 880 non
3095 825 3538 896 exstinguerent,
3561 823 3776 878 omnia

2148 916 2557 972 medicamenta
2583 934 2694 972 non
2734 915 3098 988 expellerent,
3155 914 3274 970 solo
3311 913 3542 969 Domini
3571 913 3770 974 fonte,

2145 1005 2448 1076 Augustini
2473 1022 2594 1077 ope,
2634 1005 2705 1059 ab
2735 1003 2994 1058 omnibus
3019 999 3322 1073 baptizatis
3353 1001 3666 1061 exstinctus
3699 1005 3776 1054 et.

2148 1096 2410 1168 expulsus
2438 1099 2542 1153 est,
2574 1098 2742 1163 atque
2771 1091 2841 1145 ab
2862 1090 3016 1145 omni
3041 1087 3346 1161 Augustini
3374 1089 3601 1144 climate
3628 1103 3774 1160 per-

2148 1193 2318 1258 petuo
2343 1182 2684 1246 eliminatus.

2222 1271 2306 1326 Ab
2328 1271 2436 1325 illis
2475 1277 2684 1334 autem,
2713 1286 2852 1340 quos
2873 1285 3045 1340 supra
3071 1268 3388 1336 retulimus,
3420 1283 3523 1322 suo
3549 1282 3774 1338 oppro-

2157 1363 2276 1416 brio
2303 1360 2692 1424 sententiatos,
2724 1359 3098 1429 Augustinum
3131 1374 3374 1428 suosque
3401 1355 3594 1411 beatos
3623 1371 3772 1409 con-

469 1450 527 1498 et
553 1446 781 1500 nomine
813 1447 914 1501 Dei
942 1448 1274 1516 majestatis,
1298 1449 1564 1502 continuo
1594 1451 1771 1504 sensit
1799 1451 1905 1504 sibi
1947 1469 2070 1505 om-
2151 1457 2348 1510 sortes,
2382 1464 2483 1518 per
2511 1447 2761 1518 quinque
2792 1445 3056 1499 milliaria
3081 1461 3422 1515 progressos,
3454 1449 3512 1498 et
3531 1459 3633 1514 per
3661 1442 3774 1494 de-

471 1549 600 1586 nem
631 1535 884 1588 dolorem
929 1535 1084 1588 velut
1109 1551 1144 1588 a
1167 1535 1289 1590 luce
1343 1537 1604 1590 tenebras
1659 1539 1965 1608 aufugisse,
2015 1547 2074 1592 et.
2153 1544 2304 1592 serta
2323 1537 2786 1608 atqueinaquosa
2807 1535 2929 1588 loca
2943 1533 3320 1603 vagabundos,
3345 1540 3533 1590 aestus.
3558 1531 3772 1586 etsitis

471 1623 633 1693 quasi
653 1628 820 1677 exuto
850 1628 1039 1677 vetere
1066 1624 1291 1678 homine
1318 1625 1588 1680 foeditatis
1614 1627 1831 1689 luridae,
1866 1644 2071 1682 novum
2154 1645 2220 1681 ac
2247 1626 2518 1681 lassitudo
2541 1624 2850 1695 premebat.
2873 1639 3109 1692 quorum
3129 1639 3302 1676 unum
3334 1621 3770 1676 incommodum

472 1710 1416 1785 hominemincolumitatissuaeque
1434 1715 1794 1772 formositatis
1820 1717 2078 1771 solemni-
2157 1717 2398 1770 viatores
2414 1730 2649 1785 gravare
2675 1718 2914 1783 poterat.
2970 1711 3179 1765 Verum
3223 1711 3318 1764 ille
3375 1709 3468 1781 qui
3522 1709 3775 1764 sedebat

469 1805 559 1854 ter
587 1815 646 1854 se
676 1799 944 1854 induisse.
977 1801 1355 1858 Namdiccnte
1385 1804 1504 1874 ipso
1529 1822 1761 1860 summae
1781 1806 2071 1860 Trinitatis
2091 1787 2136 1846 Β
2157 1803 2389 1857 meridie
2419 1819 2588 1872 super
2617 1801 2824 1854 fontem
2856 1799 3122 1869 fatigatus
3174 1816 3236 1852 ex
3303 1799 3505 1852 itinere
3567 1803 3772 1852 motus

471 1888 832 1943 confessore:
869 1889 981 1943 «In
1030 1889 1258 1944 nomine
1309 1891 1518 1946 Christi
1562 1895 1874 1961 mundare;
1905 1914 1930 1947 »
1969 1895 2070 1948 hoc

468 1977 620 2031 trino
656 1977 916 2032 videlicet
941 1979 1346 2034 benedictionis
1381 1983 1581 2043 crucis,
1610 1991 1668 2037 et
1691 1985 1936 2038 nominis
1959 1985 2068 2038 Do-

470 2065 608 2120 mini
639 2067 1031 2133 medicamine,
1065 2085 1214 2136 aeger
1228 2074 1580 2125 restauratur
1595 2073 1760 2142 plena
1777 2074 2065 2145 sospitate.

472 2155 749 2210 Residunt
775 2156 1014 2226 turgidae
1043 2173 1244 2211 manus
1282 2167 1338 2211 et
1365 2159 1546 2228 digiti,
1579 2161 1748 2214 facies
1777 2167 1835 2215 ct
1881 2163 2072 2218 omnia

469 2246 725 2300 membra
744 2262 846 2300 suo
875 2246 1074 2300 decore
1102 2256 1160 2302 et
1187 2247 1368 2301 officio
1397 2248 1770 2305 deducuntur.
1807 2252 1934 2305 Jam
1963 2253 2072 2306 cla-

470 2349 628 2388 mose
682 2333 950 2404 eloquens
991 2335 1202 2406 lingua,
1253 2335 1425 2390 abicit
1480 2337 1722 2410 [abjicit]
1763 2345 2071 2395 tarataram

474 2422 608 2492 [αι.⁹
643 2424 1018 2493 taratantara]
1079 2422 1188 2492 (89)
1237 2425 1509 2480 hactenus
1563 2434 1872 2498 suppressa:
1932 2431 2077 2483 vocis

477 2509 866 2580 interpretem.
913 2511 979 2565 In
1007 2517 1168 2564 tanta
1224 2512 1513 2582 signorum
1534 2515 1732 2584 gloria,
1767 2517 2072 2571 Christiani

475 2597 533 2652 in
559 2597 783 2652 laudem
815 2598 1026 2654 Christi
1091 2607 1484 2672 prorumpunt,
1535 2594 1740 2674 pagani
1788 2605 1856 2658 ad
1904 2605 2070 2659 fidem

474 2686 794 2758 proficiunt.

547 2775 692 2830 Hinc
720 2775 1000 2832 divertens
1029 2776 1141 2832 dux
1178 2777 1330 2834 verbi
1361 2777 1610 2842 Domini.
1645 2781 1910 2836 successit
1944 2787 2073 2835 tan-

475 2865 605 2919 dem
634 2864 857 2919 cuidam
887 2865 1134 2936 profanae
1155 2867 1356 2922 villulae
1387 2867 1443 2922 in
1475 2868 1758 2940 provincia
1787 2886 1910 2941 quae
1939 2869 2076 2924 dici-

473 2959 570 3008 tur
616 2953 929 3021 Doreseta;
989 2954 1086 3009 ubi
1131 2956 1477 3011 dmmoniaca
1525 2957 1804 3028 plebicula
1853 2967 2077 3013 sanctos

475 3041 577 3096 Dei
597 3041 858 3096 omnibus
887 3043 1200 3114 opprobriis
1245 3061 1312 3100 ac
1340 3045 1596 3100 ludibriis
1623 3047 2027 3102 dedecoravere
2059 3067 2072 3116 ;

474 3130 614 3185 adeo
645 3136 708 3185 ut
733 3132 904 3203 (quod
936 3132 1106 3186 etiam
1133 3134 1340 3188 referre
1370 3134 1576 3204 injuria
1624 3141 1750 3204 est),
1777 3135 2078 3206 productas

474 3218 712 3289 piscium
743 3220 952 3274 caudas
980 3221 1322 3292 ingererent.
1356 3223 1517 3278 Unde
1545 3223 1871 3294 indignatus
1901 3225 2078 3294 Spiri-

475 3312 571 3361 tus
591 3307 838 3376 Domini,
869 3308 928 3382 in
959 3309 1130 3378 hujus
1157 3317 1413 3364 auctores
1431 3311 1676 3375 sceleris,
1695 3318 1752 3365 et
1772 3311 1828 3365 in
1851 3329 2076 3366 omnem

475 3394 702 3449 illorum
739 3397 1084 3466 progeniem,
1113 3415 1278 3452 suum
1317 3399 1578 3464 dedecus,
1619 3417 1720 3470 per
1778 3416 1840 3453 os
1882 3402 2077 3471 Augu-

478 3483 616 3537 stini
639 3483 780 3536 vatis
808 3485 1213 3555 perpetualitcr
1240 3487 1618 3551 sententiavit,
1647 3493 1706 3542 et
1733 3487 1918 3558 pravis
1946 3506 2078 3560 pro-

477 3572 660 3643 priam
690 3573 1081 3642 ignominiam,
1107 3575 1314 3629 sanctis
1341 3592 1467 3629 vero
1498 3592 1798 3647 perennem
1840 3578 2078 3647 gloriam

475 3659 704 3714 refudit.

549 3749 686 3804 Erat
711 3755 768 3804 et
795 3748 909 3804 alia
952 3765 1093 3820 gens
1119 3751 1178 3805 in
1202 3752 1462 3808 orientali
1507 3755 1674 3825 plaga
1711 3755 1944 3825 Angliae,
1993 3757 2075 3810 ita

2151 1908 2436 1947 servorum
2468 1907 2694 1944 suorum
2719 1889 2928 1952 labore,
2961 1893 3016 1942 et
3045 1889 3318 1950 oratione.
3349 1905 3461 1942 non
3487 1886 3771 1956 dedigna-

2151 1988 2244 2036 tus
2272 1987 2360 2036 est
2384 1979 2679 2034 visibiliter
2705 1995 2808 2032 suo
2838 1978 3006 2032 charo
3038 1995 3103 2031 ac
3130 1978 3282 2032 ﬁdeli
3311 1976 3773 2031 condescendere

2151 2069 2545 2142 dispensatori,
2573 2084 2785 2138 suoque
2814 2067 2963 2121 dulci
3021 2067 3194 2120 aifatu
3251 2067 3401 2120 hunc
3441 2065 3761 2122 consolari.

2157 2181 2178 2211 ι
2222 2161 2498 2214 Constans
2527 2162 2667 2221 esto,
2702 2155 2802 2217 ait,
2843 2161 2900 2207 et
2943 2153 3279 2208 ﬁducialiter
3315 2171 3440 2224 age,
3471 2170 3632 2208 serve
3678 2155 3768 2208 mi

2153 2247 2501 2318 complacita,
2531 2245 2662 2316 quia
2693 2250 2876 2298 tecum
2935 2260 3060 2297 sum
3110 2249 3403 2314 promptus
3433 2243 3663 2312 adjutor
3683 2243 3767 2297 'in

2153 2337 2306 2390 omni
2337 2334 2695 2399 necessitate,
2728 2349 2792 2386 ac
2819 2333 2968 2386 bona
3016 2337 3116 2385 tua
3155 2331 3453 2386 voluntate.
3489 2333 3600 2386 Pro
3631 2333 3768 2404 qui-

2159 2427 2489 2494 buscunque
2517 2421 2758 2476 volueris
2805 2427 2951 2492 pete,
2979 2421 3159 2474 sciens
3203 2437 3290 2474 me
3319 2420 3503 2474 favere
3533 2438 3770 2492 semper

2159 2513 2399 2582 benigne
2445 2509 2704 2564 charitati
2749 2515 2878 2562 tuae.
2919 2508 3041 2562 Tibi
3101 2507 3307 2579 quippe
3357 2514 3615 2579 apertum
3674 2516 3770 2561 est

2155 2602 2358 2655 ostium
2399 2599 2558 2668 regni
2597 2597 2726 2662 mei,
2781 2595 2872 2650 ubi
2911 2597 3088 2650 intres
3124 2597 3181 2650 in
3213 2595 3486 2665 gaudium
3530 2595 3768 2650 Domini

2155 2690 2256 2744 tui.
2293 2709 2319 2742 ))
2356 2690 2482 2742 Haec
2509 2687 2700 2740 dicens
2731 2685 3002 2740 Dominus
3031 2685 3170 2739 caelo
3199 2689 3456 2754 receptus
3484 2689 3589 2738 est.

2227 2823 2363 2876 Tam
2395 2819 2542 2874 dulci
2569 2819 2723 2873 fonte
2745 2817 2979 2872 saliente
3017 2816 3076 2870 in
3105 2817 3276 2870 vitam
3295 2821 3564 2870 aeternam
3595 2814 3771 2869 uber-

2156 2911 2258 2964 tim
2300 2915 2525 2982 potatus
2557 2907 2934 2978 Augustinus,
2981 2905 3156 2959 nescit
3197 2905 3352 2958 sitire
3399 2905 3614 2958 fontem
3649 2922 3767 2976 quo

2159 2997 2313 3052 sitiat
2339 2997 2565 3062 iterum,
2597 3011 2700 3048 nec
2723 2992 2945 3064 operari
2983 2991 3166 3045 cibum
3199 2992 3294 3062 qui
3335 2992 3499 3064 perit.
3534 2993 3635 3046 sed
3664 2993 3766 3062 qui

2093 3101 2138 3162 ο
2159 3091 2453 3157 permanet
2476 3085 2534 3138 in
2563 3084 2734 3138 vitam
2760 3087 3046 3136 aeternam.
3088 3081 3210 3135 Una
3240 3087 3362 3134 erat
3387 3081 3763 3134 intentiotam

2159 3174 2587 3229 desiderabilem
2617 3177 2904 3242 aspectum
2933 3170 3198 3241 lacrymis
3236 3171 3393 3241 sequi
3427 3169 3760 3235 abeuntem,

2161 3263 2360 3333 quibus
2386 3260 2639 3333 purgatis
2669 3258 2846 3312 oculis
2874 3259 3185 3330 attingeret
3199 3257 3526 3327 angelorum
3551 3257 3757 3312 lucem.

2160 3350 2438 3405 Continuo
2467 3349 2624 3404 ﬂexis
2651 3347 3166 3418 genibus,adorans
3195 3345 3253 3398 in
3284 3346 3406 3399 loco
3435 3345 3532 3398 ubi
3582 3352 3763 3400 stete-

2161 3447 2295 3494 runt
2318 3438 2488 3510 pedes
2517 3437 2760 3499 Domim,
2793 3441 2846 3490 et
2878 3435 3036 3506 quasi
3085 3435 3208 3506 ipsa
3249 3433 3475 3488 Domini
3521 3435 3763 3504 vestigia

2160 3533 2507 3594 exosculans,
2541 3529 2887 3598 Magdalenae
2927 3527 3149 3582 ﬂetibus
3195 3525 3434 3595 rigabat,
3465 3532 3764 3582 aeternam-

2161 3638 2269 3693 que
2299 3619 2656 3674 dilectionem
2689 3618 2744 3670 in
2764 3617 2849 3670 his
2869 3616 3290 3670 aromatizabat.

2229 3750 2584 3822 Perpendens
2613 3749 2782 3803 etiam
2811 3748 2956 3802 hanc
2979 3753 3191 3802 terram
3222 3747 3461 3801 caelestis
3503 3745 3760 3802 beneficii

477 3837 535 3891 in
565 3837 852 3908 sacrificiis
906 3839 1224 3895 daemonum
1263 3858 1298 3895 a
1349 3843 1618 3911 gehennae
1673 3845 1932 3900 incendio
1984 3845 2076 3901 in-
2157 3842 2380 3913 plenam
2404 3839 2789 3902 inundatione,
2814 3837 2910 3892 ubi
2929 3837 3159 3892 emicuit
3184 3837 3308 3890 fons
3333 3837 3474 3898 vitae,
3499 3836 3759 3890 baculum

477 3925 783 3988 flammata,
817 3931 882 3980 ut
907 3927 1136 3981 nuntios
1163 3927 1818 4002 Christiccelestiaregna
1838 3934 2074 4003 promit-
2157 3931 2264 4001 ipsi
2295 3931 2416 3984 loco
2445 3927 2746 3998 impressit,
2760 3943 2888 3980 cum
2919 3942 3030 3996 quo
3053 3942 3180 3980 mox
3204 3930 3540 3979 aestuantem
3572 3925 3757 3979 laticis

474 4017 677 4078 tentes,
711 4030 824 4068 non
844 4015 1010 4069 modo
1041 4015 1236 4070 audire
1265 4017 1654 4083 abhorrerent,
1686 4037 1879 4074 verum
1905 4021 2077 4076 etiam
2160 4020 2284 4092 puri
2332 4017 2643 4073 scatebram
2689 4016 2899 4070 elicuit.
2953 4016 3111 4070 Unde
3154 4032 3348 4069 omnes
3388 4016 3506 4069 Deo
3546 4015 3760 4084 gratias

475 4107 596 4156 tota
624 4103 829 4158 mentis
875 4103 1112 4168 insania,
1161 4121 1257 4159 eos
1306 4107 1524 4176 punire,
1569 4109 1656 4162 vel
1703 4109 2078 4164 exterminare
2159 4109 2400 4162 libantes
2429 4107 2498 4160 ad
2537 4107 2855 4160 satietatem
2906 4103 3119 4159 refecit.
3175 4104 3282 4168 Qui
3337 4105 3396 4157 in
3447 4119 3647 4158 amnes
3704 4107 3759 4156 et

477 4198 800 4272 aestuarem.
2161 4197 2370 4250 rivulos
2407 4197 2678 4250 hactenus
2707 4195 2960 4258 dilfusus,
2992 4193 3108 4247 haec
3137 4193 3257 4246 loca
3287 4192 3440 4262 prius
3483 4192 3756 4253 solitaria,

547 4281 639 4334 Nil
661 4297 871 4352 preces,
894 4283 974 4337 nil
994 4283 1280 4338 blanditiae
1297 4285 1826 4351 valuere;terrores
1846 4287 2078 4358 superni
2163 4289 2595 4362 pepulosissima
2631 4287 2886 4358 praebuit.
2944 4285 3051 4340 Ubi
3111 4285 3430 4355 Theologus
3480 4285 3764 4338 confessor

470 4371 687 4441 judicii,
721 4373 808 4426 vel
853 4373 1058 4428 inferni
1113 4375 1462 4442 deridebant,
1515 4377 1771 4448 prodigia
1812 4385 1870 4432 et
1914 4377 2140 4448 signan
2168 4377 2390 4432 Domini
2424 4393 2458 4430 a
2488 4377 2766 4430 cernendo
2808 4376 3009 4440 Deum,
3051 4391 3219 4446 quem
3265 4373 3343 4428 ibi
3405 4373 3586 4442 vidit,
3629 4375 3762 4429 Cer-

476 4459 866 4516 exsufﬂabant.
891 4461 1030 4517 Tam
1059 4463 1436 4535 desperabiles
1465 4472 1523 4520 et
1550 4466 1816 4536 perditos,
1843 4467 1980 4520 lides
2018 4459 2290 4522 etvnhel
2360 4465 2464 4533 {90)
2519 4465 2638 4518 loco
2693 4480 2897 4518 nomen
2953 4464 3192 4518 indidit:
3251 4462 3401 4533 quod
3443 4478 3510 4516 ex
3567 4463 3762 4516 Latino

476 4550 796 4621 benignitas
821 4551 1125 4622 Augustini
1157 4553 1339 4624 perire
1369 4571 1479 4608 non
1508 4555 1759 4624 pertulit.
1782 4553 2075 4610 Resistens

477 4653 734 4709 supernae
754 4637 872 4704 irae,
900 4646 1026 4693 orat
1053 4641 1278 4694 Patrem
1301 4641 1712 4701 misericordiae.
1737 4647 1802 4696 ut
1825 4643 2077 4712 ingratos

478 4727 788 4782 clementiae
819 4729 1064 4800 corrigat
1103 4730 1466 4784 correctione.
1510 4731 1706 4800 Itaque
1755 4731 1825 4785 ab
1875 4730 2075 4784 arbore

479 4817 831 4888 profanitatis
872 4835 1006 4886 suae,
1039 4819 1243 4872 ardent
1287 4835 1480 4873 omnes
1517 4819 1780 4874 invisibili
1819 4820 1970 4890 igne,
2021 4825 2078 4873 et

479 4907 783 4978 sulphureo
811 4912 964 4961 torre
998 4924 1012 4974 ;
1044 4923 1210 4977 quam
1239 4923 1460 4977 penam
1485 4919 1775 4978 nunquam
1803 4915 1954 4974 ante,
1974 4925 2078 4962 nec

477 5001 676 5068 postea
702 5002 957 5056 senserat
985 4996 1103 5051 haec
1132 4996 1332 5066 patria.
1369 4997 1546 5050 Nemo
1575 4998 1767 5053 evasit.
1792 4997 1886 5052 ubi
1910 5014 2074 5051 nemo

477 5087 746 5142 innocens
774 5085 1006 5140 exstitit.
1039 5085 1258 5156 Ubique
1280 5085 1542 5154 ejulatus,
1586 5086 1804 5156 vagitus
1853 5104 2073 5152 senum,

469 5174 762 5244 juvenum.
789 5173 1118 5228 lactentium
1147 5191 1260 5228 una
1289 5175 1607 5228 ardentium
1640 5175 1992 5242 inhorrebat;
2019 5181 2085 5230 ut

478 5269 533 5318 et
558 5271 820 5336 parentes
846 5263 906 5318 in
922 5264 1041 5319 suis
1057 5263 1328 5336 partubus
1349 5263 1752 5318 cruciarentur.
1768 5265 2082 5319 Convolant

546 5402 660 5474 (89)
695 5407 1094 5461 Taratantara.
1129 5407 1284 5461 Hanc
1311 5423 1498 5460 vocem
1539 5405 1827 5458 adinvenit
1867 5405 2078 5461 Ennius

478 5476 549 5530 ad
568 5477 1008 5602 gprigiendum
1029 5478 1274 5534 sonitum
1309 5477 1474 5542 tubae,
1516 5477 1702 5547 inquit
1745 5477 1970 5531 Servius
2020 5479 2079 5532 in

485 5560 546 5600 ιιι
639 5564 728 5600 ne:
775 5588 787 5601 .

505 5671 508 5676 ,
557 5615 664 5687 (90)
696 5617 936 5680 Cernhel
985 5619 1113 5676 huic
1158 5620 1280 5678 loco
1329 5637 1536 5679 nomen
1587 5617 1811 5682 indidit.
1868 5618 2080 5675 Ibidem

2161 4557 2507 4625 Hebraeoque
2523 4561 2844 4608 contextum
2870 4553 2927 4606 in
2951 4569 3124 4606 unum
3141 4553 3368 4606 coaluit.
3395 4551 3584 4606 Prima
3613 4553 3760 4606 enim

2159 4645 2376 4716 syllaba
2395 4659 2546 4706 cern,
2581 4643 2780 4706 visum,
2815 4642 3062 4696 secunda.
3105 4642 3216 4708 hel,
3269 4641 3524 4695 declarat
3562 4641 3758 4696 Deum.

2161 4735 2242 4789 lbi
2273 4749 2495 4804 quoque
2526 4732 2856 4791 oratorium.
2891 4731 2949 4785 in
2965 4725 3272 4802 perennem
3299 4729 3633 4784 memoriam
3661 4731 3764 4785 Do-

2159 4823 2378 4876 minicae
2421 4821 2672 4886 visionis,
2716 4821 2945 4874 molitus
2991 4825 3098 4884 est,
3161 4819 3219 4873 in
3264 4819 3490 4874 nomine
3547 4819 3766 4874 Domini

2161 4910 2483 4965 Salvatoris.
2509 4911 2648 4964 Inde
2685 4910 2853 4964 etiam
2897 4909 3370 4963 monasteriumin
3390 4907 3603 4962 honore
3627 4907 3766 4978 prin-

2159 4999 2346 5070 cipum
2377 4999 2757 5069 apostolorum
2801 4998 3140 5058 dedicatum,
3177 4995 3499 5050 Cernelium
3545 5002 3634 5050 est
3680 5012 3768 5066 ap-

2164 5089 2452 5159 pellatum,
2495 5105 2606 5158 quo
2631 5093 2892 5141 constant
2921 5086 3325 5140 monachorum
3357 5085 3526 5138 choro
3551 5085 3767 5140 decora-

2165 5185 2312 5231 tum.
2342 5178 2508 5232 Illum
2540 5183 2727 5230 autem
2785 5175 3014 5236 fontem.
3041 5173 3344 5244 Augustini
3373 5173 3600 5228 nomine
3638 5189 3766 5228 con-

2162 5272 2462 5331 secratum,
2495 5264 2852 5320 credentibus
2863 5281 2985 5318 esse
3014 5263 3470 5332 saluberrimum,
3491 5263 3582 5317 hic
3598 5255 3764 5317 unum

2161 5409 2565 5462 monasterium
2599 5407 2920 5460 Cernelium
2947 5405 3288 5476 appellatum
3303 5401 3666 5476 construitur,

2162 5486 2435 5548 caturqu
2457 5479 2520 5534 S.
2562 5479 2758 5540 Petro;
2788 5479 2857 5531 de
2887 5471 2999 5548 quo
3023 5471 3058 5528 ἰν
3113 5475 3404 5548 Malmesb.
3435 5474 3516 5528 De
3553 5471 3754 5548 Pontif.

2163 5543 2428 5677 lib.
2468 5564 2532 5616 II,
2592 5550 2671 5604 De
2731 5543 2974 5602 Monast.
3035 5547 3429 5611 Shirbunens.,
3493 5551 3624 5609 etc.,
3673 5543 3760 5598 fol.
