3920 6352
111 346 197 407 761

1085 358 1257 416 VITA
1295 359 1355 415 S.’
1392 359 1786 418 AUGUSTINI
1823 361 2040 417 ANGL.
2084 357 2331 416 APOST.
2392 404 2408 414 .

3236 344 3341 401 762

109 476 303 533 docebit
321 479 672 548 miraculum,
705 484 846 537 teste
873 482 1174 553 provincia,
1205 500 1385 556 nuper
1411 484 1661 539 declara-
1681 486 1734 545 Α
1751 486 1898 553 ditas,
1923 486 2062 541 adeo
2078 485 2133 539 in
2154 498 2376 539 onmem
2397 477 2628 534 deﬂuxit
2655 475 2956 530 vanitatem
2997 476 3061 526 ut
3080 487 3183 525 sua
3204 487 3335 541 gar-

108 573 230 625 tum.

164 664 281 725 66
297 659 476 714 Notus
511 665 596 714 est
623 660 725 714 sub
767 660 967 717 abbate
995 663 1337 718 Cerneliensi
1371 662 1666 735 presbyter

107 748 468 820 parochianus,
530 765 687 804 sacra
726 751 994 822 mysteria
1025 753 1230 823 populo
1261 752 1543 806 celebrare
1572 770 1663 807 as-

104 836 290 891 solitus.
314 838 368 892 Is
382 838 654 907 languore
674 838 929 902 detritus,
949 841 1250 910 vigilanter
1264 841 1667 896 observabatur

98 928 194 995 jam
208 926 525 981 moriturus.
544 928 681 993 Nox,
705 934 763 982 et
779 928 1068 999 aegritudo,
1095 946 1354 984 somnum
1386 932 1667 1001 suggessit

103 1014 304 1068 defesso.
343 1015 513 1069 Videt
552 1016 928 1087 Augustinum
985 1018 1247 1073 assistere
1295 1020 1664 1074 clementissi-

103 1120 231 1157 mum
251 1104 662 1174 pontiﬁcalibus
691 1106 1055 1172 redimiculis,
1075 1113 1132 1162 et
1148 1109 1478 1179 praefulgida
1504 1110 1663 1179 virga

102 1192 349 1249 festivum.
376 1191 497 1257 Ille,
530 1198 864 1249 trementem
894 1195 1099 1251 blando
1139 1197 1384 1268 alloquio
1419 1199 1662 1268 permul-

102 1297 229 1345 cens,
252 1280 409 1350 jubet
423 1298 639 1351 aegrum
660 1300 908 1353 surgere,
936 1286 1236 1354 Augustini
1255 1287 1464 1340 fontem
1483 1287 1659 1353 adire,

103 1369 264 1439 ibique
287 1370 431 1424 trina
479 1371 780 1425 iteratione
818 1373 1094 1444 psalmum
1133 1375 1659 1446 quinquagesimum

102 1474 181 1511 ore
203 1459 342 1513 ﬁdeli
380 1460 683 1526 revolvere,
718 1460 867 1515 inter
918 1464 1270 1533 psallendum
1316 1482 1445 1518 vero
1499 1470 1663 1519 terna

102 1544 399 1602 intinctione
444 1565 650 1620 corpus
695 1550 930 1616 diluere,
971 1552 1049 1605 sic
1097 1552 1278 1623 ipsum
1309 1553 1417 1607 vita
1447 1554 1663 1608 donan-

101 1634 210 1687 dum
240 1653 301 1690 ac
326 1637 617 1708 sospitate.

158 1725 218 1778 Et
231 1741 313 1791 ne,
340 1725 549 1796 inquit,
575 1726 935 1793 dubitaveris,
954 1728 1267 1800 haecipsum
1288 1732 1661 1801 Augustinum

1745 576 1993 641 rulitate,
2029 580 2088 629 et.
2112 569 2522 644 inquietudine,
2550 568 2699 621 inter
2728 580 2887 618 sacra
2919 565 3086 617 etiam
3133 559 3337 622 ofﬁcia,

1746 664 2032 719 ecclesiam
2063 661 2322 721 turbaret
2342 664 2408 712 'et
2428 656 2665 728 plebem.
2692 653 3128 708 Murmurabant
3146 664 3342 703 omnes

1747 752 1893 823 quod
1912 749 2275 823 perniciosior
2294 746 2400 801 sibi
2429 750 2578 799 esset
2613 743 2858 814 sospitas
2882 756 3145 795 concessa
3169 751 3339 807 quam

1746 842 1901 913 prior
1925 857 2107 912 poena.
2134 840 2277 894 Hinc
2303 837 2634 905 indignante
2659 849 2760 904 per
2789 829 3173 901 Augustinum
3214 842 3340 880 cor-

1745 930 1986 1002 reptrice
2019 928 2235 982 Domini
2269 925 2582 988 clementia,
2618 922 2790 993 pedes
2818 917 3114 982 saltatorii,
3143 921 3200 970 et
3230 914 3340 969 lin-

1745 1037 1859 1091 gua
1885 1035 2107 1091 procax,
2136 1024 2193 1072 et
2237 1033 2402 1071 aures
2453 1010 2808 1068 scurrilitatis
2836 1008 3030 1064 amicae
3061 1004 3339 1078 prioribus

1746 1108 1985 1162 vincu!is
2022 1107 2229 1161 arctius
2257 1106 2580 1175 alligantur,
2636 1102 2811 1155 donec
2842 1099 3059 1170 placato
3096 1092 3339 1149 Domino

1744 1198 2144 1259 satisfactione,
2178 1213 2278 1266 per
2293 1194 2668 1263 Augustinum
2689 1190 3097 1244 relaxarentur.
3130 1184 3221 1238 Sic
3243 1182 3339 1236 ille

1744 1288 1926 1339 denuo
1961 1285 2202 1339 triformi
2234 1284 2484 1337 redditus
2528 1281 2775 1352 corporis
2830 1277 3082 1337 sanitati,
3139 1270 3338 1343 majori

1745 1376 1913 1430 etiam
1944 1375 2186 1428 donatur
2204 1378 2439 1427 sensatze
2469 1370 2671 1424 mentis
2701 1366 3113 1422 incolumitate.

1814 1464 2000 1517 Vitam
2034 1470 2091 1517 et
2107 1463 2421 1534 passionem
2446 1457 2674 1531 pretiosi
2695 1454 2974 1528 pontiﬁcis
2997 1459 3054 1508 et
3076 1448 3338 1522 martyris

1746 1552 1944 1615 Livini,
1976 1551 2217 1617 legimus
2272 1567 2306 1604 a
2352 1548 2558 1603 sanctis
2596 1545 2894 1600 comitibus
2923 1542 3041 1597 suis
3076 1540 3329 1604 Foliano,

1747 1642 1888 1707 Elia,
1914 1650 1971 1695 et
1984 1641 2223 1711 Kyliano
2241 1638 2562 1693 ﬁdelissime
2578 1653 2678 1690 suo
2700 1633 2957 1705 scriptori
2975 1629 3285 1701 eXpositam
3321 1645 3334 1692 ;

1747 1732 1815 1783 de
1847 1745 1958 1801 qua
1995 1745 2173 1801 pauca
2208 1728 2297 1782 hic
2341 1727 2659 1785 inserimus,
2716 1723 2784 1777 ad
2838 1721 2986 1775 beati
3044 1714 3342 1788 Augustini

100 1812 184 1866 tibi
202 1814 373 1868 dicere
388 1817 631 1872 noveris.
651 1816 724 1870 ad
744 1818 906 1886 cujus
919 1818 1128 1871 fontem
1148 1818 1426 1889 dirigeris.
1453 1820 1657 1874 Mirum
1683 1839 1728 1898 Β
1747 1818 2082 1891 pertinentia
2096 1818 2351 1887 gloriam.
2367 1817 2855 1905 Commemoratur
2868 1809 2942 1864 ibi
2961 1806 3341 1905 Apgustinum

102 1901 251 1956 dictu!
278 1903 542 1959 Protinus
558 1906 949 1976 expergiscens
967 1907 1661 1979 semimortuus,tanquam
1684 1896 1719 1898 ί
1745 1909 2004 1963 omnibus
2049 1908 2463 1979 profectuosum
2507 1904 2595 1973 [f.,
2622 1897 3052 1973 profecturum],
3083 1896 3154 1949 ad
3183 1896 3338 1966 pium

101 2007 265 2061 sospes
293 1994 566 2063 exsurgit,
598 1994 955 2065 innitensque
976 1996 1193 2061 baculo,
1244 1998 1315 2051 ad
1348 1998 1565 2067 jussum
1586 2000 1664 2053 la.
1744 2015 1931 2067 regem
1973 1996 2171 2051 Scotiae
2199 1995 2607 2049 Colomannum
2636 1991 2886 2055 venisse;
2915 1988 3173 2081 Livinum
3199 1998 3336 2081 pue-

101 2096 292 2134 vacrum
319 2083 583 2139 tetendit.
625 2082 910 2138 Putabant
950 2085 1206 2139 custodes
1235 2086 1384 2140 hunc
1407 2088 1545 2140 lethi
1574 2088 1662 2142 in-
1746 2104 1869 2140 rum
1896 2086 1973 2140 ibi
2001 2102 2127 2139 cum
2157 2090 2350 2138 sancto
2380 2080 2694 2136 Menalchio
2721 2074 3140 2147 archipontiﬁce
3158 2072 3340 2141 bapti-

102 2169 277 2222 stantia
305 2171 382 2224 sic
418 2170 706 2226 oberrare.
742 2171 1053 2242 Sublegunt
1097 2175 1217 2243 ejus
1272 2175 1506 2245 vestigia
1551 2194 1663 2230 non
1745 2192 1927 2239 zasse;
1960 2190 2169 2244 regem,
2194 2178 2252 2226 et
2281 2171 2533 2240 reginam
2574 2170 2720 2223 inter
2764 2163 3158 2237 baptizandum
3190 2161 3339 2213 hunc

103 2257 396 2325 resistendo,
436 2261 538 2314 sed
570 2261 755 2330 potius
783 2277 912 2331 quo,
940 2263 1017 2315 vel
1055 2263 1124 2315 ad
1155 2263 1285 2333 quid
1308 2266 1659 2334 processerit,
1745 2264 2074 2334 suscepisse,
2103 2262 2354 2316 dextram
2387 2275 2617 2314 auream
2675 2258 2797 2311 fuso
2853 2255 3093 2324 desuper
3137 2249 3339 2321 jubare

103 2346 420 2415 explorando.
452 2350 629 2419 .IEger
664 2350 721 2403 in
746 2350 1157 2407 fontislavacro
1176 2352 1344 2405 tertio
1365 2354 1659 2423 mergitur,
1745 2370 2082 2416 coruscassc,
2146 2358 2203 2405 et
2256 2350 2597 2421 baptizatum
2637 2348 2826 2401 divina
2852 2361 3034 2409 cruce,
3076 2357 3203 2396 cum
3232 2339 3340 2393 hac

104 2432 373 2502 injunctum
395 2439 679 2508 psalmum
707 2439 875 2493 tertio
896 2439 1236 2496 modulatur.
1262 2442 1349 2505 Et,
1369 2458 1401 2495 ο
1423 2443 1660 2496 celerem
1748 2460 1881 2496 voce
1905 2449 1993 2496 ter
2018 2441 2378 2510 consignasse
2416 2457 2426 2491 :
2469 2440 2706 2492 Dilectus
2749 2438 2853 2489 Deo
2900 2439 2951 2486 et
3000 2431 3337 2495 hominibus,

106 2524 344 2579 medicum
372 2527 580 2581 suum!
611 2544 759 2597 aeger
773 2529 932 2598 quasi
969 2529 1037 2582 de
1071 2535 1250 2584 morte
1280 2532 1665 2601 resuscitatus,
1749 2537 1908 2600 cujus
1959 2533 2229 2584 memoria
2258 2532 2321 2582 in
2347 2529 2711 2581 benedictione
2739 2531 2813 2578 cst
2845 2525 3030 2592 (Ecclz'.
3083 2533 3213 2582 XLV,
3262 2516 3339 2585 1).

107 2630 264 2685 sospes
277 2617 497 2672 domum
521 2619 857 2689 regreditur.
888 2621 1044 2684 Quod
1066 2638 1198 2691 ergo
1215 2622 1446 2676 Eliszeus
1487 2625 1669 2694 exegit

107 2702 150 2755 in
177 2704 373 2774 leproso
396 2713 633 2777 septeno
656 2709 892 2773 lavacro,
928 2709 1268 2779 septiformis
1307 2711 1667 2782 DominiSpi-

108 2791 224 2846 ritus
250 2802 618 2861 sacramento,
679 2797 782 2851 hoc
819 2798 1166 2867 Augustinus
1215 2801 1666 2870 compendiosius

108 2882 309 2951 explevit
334 2884 391 2938 in
419 2885 722 2955 languido;
754 2891 917 2940 terno
948 2887 1202 2941 videlicet
1230 2888 1455 2943 viviﬁcaa
1474 2890 1664 2944 Trini-

107 2969 213 3024 tatis
238 2973 621 3041 probamento.
652 2975 776 3029 Jam
806 2992 936 3028 vero
967 2975 1091 3046 quis
1121 2993 1394 3047 exponere
1424 2978 1665 3033 sufﬁciat

105 3061 289 3114 tantam
315 3066 547 3133 tamque
568 3063 874 3132 jucundam
911 3065 1161 3118 omnium
1212 3065 1661 3133 admirationem,

1751 2623 1912 2674 Hunc
1930 2636 2055 2673 cum
2089 2619 2450 2681 adolesceret,
2495 2621 2551 2669 et
2596 2612 2900 2667 mundialis
2926 2609 3122 2680 gloriae
3170 2622 3343 2661 nexus

1749 2710 2085 2780 abrumpere
2096 2712 2379 2771 aestuaret,
2395 2706 2630 2774 angelus
2652 2701 2872 2756 Domini
2893 2700 3075 2770 palam
3089 2698 3343 2751 salutans

1747 2816 1811 2852 ex
1843 2797 2087 2861 nomine,
2125 2796 2455 2863 dicensque‘.
2483 2816 2506 2842 ιι
2529 2794 2664 2856 Ave,
2697 2791 2872 2844 frater
2900 2787 3121 2852 Livine;
3160 2804 3182 2835 ι
3218 2785 3346 2838 hor-

1745 2892 1901 2940 tatur
1921 2892 1985 2940 ut
2013 2885 2082 2939 ab
2103 2883 2316 2954 Anglia:
2362 2881 2614 2936 antistite
2662 2873 3345 2949 Augustinoprzesidente

1746 2975 2126 3041 Dorobernize,
2167 2973 2341 3028 totius
2381 2970 2695 3025 sanctitatis
2723 2968 3059 3021 documenta
3085 2966 3346 3034 pergeret

1747 3065 2017 3135 accipere.
2039 3064 2215 3127 Quem
2229 3061 2590 3115 festinantem
2623 3058 2692 3112 ad
2726 3072 2901 3120 mare,
2933 3053 3165 3123 angelus
3196 3050 3345 3104 exci-

107 3161 207 3200 cum
237 3165 391 3205 mane
412 3151 589 3206 abbas
623 3159 679 3206 et
713 3152 916 3206 fratres
963 3170 1088 3207 cum
1119 3153 1399 3224 frequenti
1456 3156 1664 3226 populo
1685 3142 1728 3173 υ
1746 3155 1904 3225 piens
1921 3152 2277 3206 serenissima
2297 3147 2788 3222 pulchritudineac
2810 3143 3078 3199 melliﬂua
3091 3142 3350 3195 exhorta-

108 3234 357 3291 audissent
384 3239 574 3310 ipsum
602 3240 950 3294 sacerdotem
972 3241 1190 3303 missas,
1224 3247 1283 3295 et
1310 3242 1476 3296 horas
1509 3243 1664 3297 debi-
1746 3244 1919 3303 tione,
1955 3258 2079 3295 cum
2099 3239 2517 3311 przenominatis
2532 3236 2710 3290 tribus
2732 3233 2899 3289 sociis
2924 3231 3104 3296 duxit,
3137 3245 3346 3301 praece-

106 3326 190 3387 tas,
218 3328 411 3382 astanti
437 3326 625 3382 turbae
661 3329 1078 3395 decantantem,
1136 3332 1298 3401 cujus
1337 3348 1531 3385 onmes
1570 3349 1665 3386 ex-
1748 3332 1931 3386 dendo
1949 3347 2048 3400 per
2062 3331 2256 3398 longos
2270 3333 2484 3381 tractus
2500 3325 2704 3398 pelagi.
2725 3323 2892 3378 Ibant
2918 3325 3078 3375 tanta
3099 3317 3344 3373 oblecta-

108 3414 397 3479 spectabant
443 3416 934 3471 internecionem?
991 3418 1090 3472 Ille
1128 3436 1409 3489 exponens
1451 3420 1667 3491 publice
1747 3423 1900 3476 tione
1923 3425 1985 3474 ut
2010 3424 2273 3490 putarent
2296 3435 2356 3472 se
2386 3434 2496 3471 non
2535 3416 2703 3482 freta,
2750 3412 2847 3467 sed
2906 3409 3245 3465 solidissima
3284 3423 3350 3461 ac

110 3514 191 3567 per
240 3504 480 3558 ordinem
541 3506 923 3575 Augustinum
967 3524 1082 3560 suae
1139 3508 1580 3578 recuperationis
1611 3509 1668 3562 in
1751 3508 2149 3563 ﬂorentissima
2179 3511 2342 3577 prata
2369 3507 2602 3559 calcare.
2636 3500 2969 3557 Gaudebant
2997 3514 3058 3553 se
3080 3497 3240 3568 quasi
3290 3495 3350 3550 in

112 3586 300 3644 Christo
335 3593 505 3647 fuisse
559 3600 864 3660 auctorem,
918 3611 1112 3649 onmes
1148 3596 1207 3649 in
1248 3598 1520 3666 majorem
1571 3596 1671 3651 Dei
1753 3602 1944 3650 monte
1971 3588 3062 3665 transﬁguratiDominisplendidissimo
3082 3583 3350 3639 deambu-

113 3678 283 3732 excitat
301 3681 546 3745 laudem,
580 3683 870 3754 sanctique
890 3685 975 3737 sui
1006 3685 1441 3738 venerationem.
1758 3687 1895 3751 lare,
1932 3685 2026 3739 ubi
2060 3686 2261 3739 Petrus
2307 3700 2433 3737 cum
2490 3680 2780 3751 discipulis
2833 3675 3062 3749 optabat
3120 3688 3350 3727 manere

173 3765 292 3822 Post
315 3771 712 3840 perlustratam
743 3788 870 3825 cum
891 3773 1099 3826 crebris
1126 3773 1447 3842 virtutibus,
1473 3790 1538 3828 ex
1563 3778 1680 3829 ma-
1760 3775 1972 3847 (Matth.
2003 3789 2130 3839 xvn,
2162 3777 2237 3826 ω.
2270 3774 2387 3826 Hac
2413 3787 2612 3841 nempe
2654 3768 2853 3823 florida
2883 3771 2940 3819 et
2981 3779 3203 3818 amoena
3227 3778 3353 3815 sua-

114 3868 206 3919 gna
226 3863 373 3925 parte
397 3860 764 3925 Britanniam,
810 3877 1064 3929 regresso
1101 3863 1415 3932 Augustino
1463 3864 1534 3917 ad
1583 3881 1675 3934 pe-
1758 3865 1950 3925 vitate,
1986 3862 2330 3917 docebantur
2356 3861 2516 3914 illum
2551 3859 2835 3912 doctorem
2866 3859 3148 3934 appetere,
3169 3851 3238 3904 de
3258 3866 3350 3903 cu-

115 3954 310 3999 rennem
328 3947 731 4002 habitationem
762 3966 924 4003 suam
952 3950 1380 4018 Doroberniam,
1425 3952 1675 4023 undique
1752 3955 1844 4025 jus
1876 3953 2042 4007 corde
2073 3958 2131 4006 et
2158 3969 2253 4005 ore
2278 3950 2572 4004 haurirent
2600 3951 2794 4001 nectar
2816 3928 3132 3997 dilectionis
3159 3945 3349 4010 pater-

118 4034 391 4089 occurritur
418 4053 452 4090 a
481 4037 789 4092 domestico
816 4039 1042 4110 populo,
1071 4048 1340 4110 tanquam
1371 4057 1488 4094 sua:
1521 4042 1674 4112 pacis
1757 4060 1862 4099 me.
1887 4049 1944 4096 et
1974 4043 2085 4095 mel
2123 4039 2434 4095 dulcedinis
2471 4042 2693 4091 aeternae
2718 4054 2732 4102 ;
2768 4035 2837 4088 de
2866 4038 3025 4102 cujus
3072 4027 3351 4083 nardiﬂuo

115 4121 300 4189 angelo,
321 4131 376 4179 et
401 4131 671 4197 tanquam
715 4128 819 4181 soli
873 4129 945 4181 ad
994 4134 1177 4182 ortum
1209 4145 1375 4183 suum
1409 4130 1669 4196 reducto,
1756 4132 1920 4184 horto
1951 4133 2245 4200 carperent
2264 4131 2517 4181 aromata
2555 4124 2717 4188 viae,
2752 4138 2861 4192 quo
2891 4121 3032 4173 duce
3060 4121 3353 4172 currerent

117 4205 193 4261 ubi
217 4214 551 4285 recolligitur
594 4232 627 4269 a
661 4216 873 4270 cunctis
922 4217 1253 4287 triumphali
1287 4218 1487 4287 jubilo.
1520 4219 1675 4272 Tunc
1758 4236 1859 4290 per
1881 4218 2070 4273 omnia
2097 4220 2296 4271 ﬂoreta
2334 4214 2575 4268 caelestis
2605 4209 2988 4284 philos0phiae,
3040 4213 3103 4262 et
3143 4204 3355 4261 uberri-

117 4299 392 4356 coniluente
410 4303 580 4358 turba
599 4304 865 4359 debilium
884 4305 954 4358 ad
974 4311 1090 4359 tam
1108 4306 1307 4360 salutis
1330 4307 1672 4377 prodigium,
1758 4324 1879 4361 mos
1908 4322 2135 4376 campos
2161 4303 2424 4359 theoricee
2447 4302 2734 4356 doctrinm.
2759 4297 3049 4354 Perductis
3069 4298 3189 4366 jam
3214 4310 3356 4348 san-

116 4381 384 4444 intervenit
432 4392 657 4461 juvenis
698 4394 998 4471 tripliciter
1045 4394 1414 4458 miserandus,
1468 4396 1862 4487 tripliciDctis
1885 4395 1955 4449 ad
1984 4394 2186 4448 Cantia
2232 4389 2494 4463 [Cantize]
2539 4391 2751 4453 littora,
2802 4386 3355 4487 duxhangelusncum

118 4485 236 4526 nexu
254 4478 581 4534 calamitatis
611 4466 929 4535 obstrictus.
961 4482 1211 4536 lncurvis
1240 4483 1486 4552 vestigiis
1520 4466 1738 4552 geni-1U
1757 4486 1880 4538 luce
1908 4481 2217 4553 splendida,
2271 4496 2381 4550 quo
2438 4484 2750 4549 sequantur
2804 4475 3051 4539 comites,
3108 4472 3256 4526 redit
3284 4470 3351 4526 ad

119 4555 202 4612 bus
223 4566 574 4631 gradiebatur
610 4585 711 4639 pro
752 4568 1006 4639 pedibus,
1039 4570 1435 4640 Obstructoque
1470 4586 1585 4634 ore,
1619 4574 1677 4624 et
1756 4573 1985 4626 aethera.
2020 4570 2110 4623 Sic
2138 4568 2337 4622 beatas
2390 4567 2618 4621 Livinus
2665 4564 2917 4637 pervenit
2965 4563 3036 4617 ad
3066 4561 3354 4616 desidera-

120 4649 313 4706 auribus
327 4671 425 4709 nec
440 4656 616 4727 loqui,
641 4673 742 4711 nec
756 4658 1259 4728 audireloquentes
1282 4664 1522 4729 poterat,
1547 4675 1675 4712 sur—
1759 4661 2037 4715 tissimum
2060 4657 2434 4727 Augustinum
2458 4675 2470 4721 ;
2502 4656 2651 4727 apud
2691 4672 2857 4725 quem
2872 4658 2994 4718 (η
3016 4653 3093 4706 ita
3124 4649 3359 4722 profecit

121 4734 224 4801 dus,
247 4747 299 4795 et
326 4752 529 4801 mutus.
580 4746 689 4800 Dat
732 4746 1006 4816 gemitum
1039 4764 1142 4819 pro
1171 4747 1446 4818 precibus.
1491 4748 1676 4817 Signis
1757 4767 1859 4821 per
1896 4746 2340 4819 quinquennium
2393 4751 2459 4799 ut
2508 4744 2653 4799 tanti
2686 4743 2863 4815 patris
2893 4741 3097 4795 ﬁliolus
3135 4739 3205 4793 ab
3235 4740 3356 4810 ipso

124 4823 440 4897 deprecatur;
471 4835 648 4905 signis
677 4835 1080 4903 interrogatur,
1114 4836 1291 4906 signis
1313 4836 1563 4906 poscenti
1584 4853 1676 4890 re-
1759 4839 1999 4892 donatus
2027 4833 2468 4890 sacerdotalibus
2492 4830 3177 4900 indumentis,susciperet
3198 4828 3354 4894 (ado-

124 4917 407 4980 Spondetur.
446 4922 619 4977 Audit
656 4924 1003 4994 Augustinus
1034 4940 1144 4978 non
1170 4925 1517 4994 loquentem.
1547 4925 1679 4979 allo-

126 5000 287 5067 quitur
311 5024 418 5063 non
438 5010 778 5076 audientem,
813 5011 1007 5081 dirigit
1022 5028 1132 5066 non
1157 5012 1562 5066 ambulantem.
1585 5012 1680 5066 Sic

125 5083 338 5158 inquam,
367 5097 695 5152 triformiter
722 5099 1011 5166 miserum,
1046 5101 1104 5154 in
1133 5100 1297 5155 trinae
1316 5099 1554 5153 Deitatis
1584 5116 1680 5154 no-

129 5174 266 5244 mine,
292 5184 488 5256 triplici
519 5186 692 5242 donat
720 5188 927 5245 salute.

182 5263 493 5329 Reformatis
503 5262 995 5346 gressibus,erexit
1005 5276 1583 5346 claudum,loquacem
1596 5276 1679 5330 fe-

131 5349 192 5403 cit
208 5365 601 5429 mutum,surdo
614 5365 821 5420 infudit
836 5367 1200 5422 auditum.De
1216 5366 1288 5418 tri
1297 5366 1463 5419 moda
1481 5381 1684 5434 angus-

124 5438 439 5508 tia,trimoda
453 5460 645 5508 curato
659 5455 908 5509 nascitur
923 5454 1131 5509 laetitia.
1174 5453 1364 5508 Currit
1389 5454 1677 5513 inoffense,

131 5524 348 5599 10(luitur
363 5542 881 5610 plane,auditclare;
903 5544 1000 5597 sed
1020 5560 1181 5597 mens
1190 5543 1435 5597 hominis
1452 5547 1683 5597 ventosa

134 5611 393 5681 immemor
411 5632 657 5701 pristinae
687 5632 925 5688 miseriae
946 5637 1003 5686 et
1019 5633 1320 5703 impatiens
1340 5631 1535 5689 salutis
1560 5631 1683 5696 red-

1758 4928 2003 4980 lescente
2037 4923 2259 4995 quidem
2289 4938 2424 4985 arvo,
2473 4921 2571 4974 sed
2603 4920 2792 4973 animo
2821 4918 3144 4987 grandaevo)
3168 4932 3356 4970 sacer-

1760 5016 1993 5077 dotium,
2037 5013 2229 5082 sicque
2275 5011 2345 5064 de
2390 5009 2663 5080 discipulo
2695 5008 2964 5077 magister
3014 5006 3200 5077 gentis
3242 5020 3357 5059 sua;

1760 5107 2198 5173 consequeretur
2244 5114 2531 5154 summum
2586 5096 2935 5169 pontiﬁcium
2986 5102 3044 5150 et
3100 5093 3358 5166 martyrii

1759 5192 2035 5246 bravium.
3388 5260 3393 5263 _

1834 5280 2102 5350 Sequitur
2132 5276 2419 5332 attestatio
2448 5276 2737 5347 cujusdam
2750 5266 3385 5344 veternosi,quihacte-'

1763 5386 1870 5423 nus
1898 5369 2110 5422 durans
2128 5366 2329 5420 asserit
2355 5382 2519 5419 avum
2550 5381 2714 5419 suum
2735 5363 2958 5418 beatum
2978 5362 3359 5432 Augustinum

1762 5453 1988 5515 vidisse,
2019 5456 2076 5505 et
2094 5452 2277 5522 ipsum
2306 5466 2471 5503 avum
2501 5449 2568 5502 de
2590 5448 2802 5502 lubrico
2836 5464 2901 5501 ac
2929 5445 3357 5501 nebulosissimo

1764 5541 2145 5596 Christianum
2171 5539 2485 5593 modestum
2542 5536 2612 5591 ab
2659 5538 2782 5608 ejus
2815 5535 3145 5606 baptisterio
3174 5552 3360 5590 surre-

1762 5630 1942 5696 xisse;
1995 5630 2177 5700 ipsum
2227 5643 2356 5682 vero
2403 5632 2684 5695 sanctum,
2742 5624 3198 5688 innumerabilia.
3235 5620 3399 5695 jugi‘
