3920 6358
528 335 635 402 ⁷63
1480 350 1577 404 ΑΒ
1616 350 1856 407 ΟΡΕΒΑ
1891 352 1956 407 Β.
1993 351 2165 407 ιΑΝι

2232 353 2411 408 ΛΝΟῙ
2449 350 2837 407 APPENDIX.
3508 406 3513 408 _
3697 345 3798 407 7M

526 473 974 537 turbavallente,
997 475 1159 545 signa
1188 482 1462 546 patrasse.
1502 480 1801 534 Referebat
1827 481 1972 535 idem
2006 480 2462 538 mo-Aomnibus
2508 487 2790 551 perpetuae
2849 476 3165 531 dilectionis
3214 473 3467 545 pignora,
3525 480 3805 545 praesente

529 562 739 616 dernus
768 569 1072 634 superstes,
1106 565 1175 618 ab
1205 582 1308 619 avo
1345 574 1401 620 et
1447 574 1605 638 patre
1660 571 1895 625 relatam
1941 572 2118 624 sancti
2201 570 2322 640 ipso
2350 586 2481 639 rege
2501 587 2625 623 cum
2679 568 2940 639 pontiﬁce
2988 565 3308 629 Laurentio,
3349 563 3499 617 inter
3545 563 3801 617 omnium

528 650 788 713 formam,
816 668 1110 722 personam
1151 656 1462 724 patriciam,
1491 662 1761 711 staturam
1805 676 2115 728 procerem,
2202 659 2513 729 lacrymosa
2543 657 2817 718 examina,
2861 656 3104 708 vallante
3131 670 3260 707 eum
3310 653 3601 706 laetissima
3639 653 3796 705 ccele-

523 740 829 811 ipsumque
864 741 1030 794 nudis
1056 742 1287 812 pedibus
1318 745 1555 813 patriam
1598 746 1906 809 lustrando,
1949 748 2119 801 callos
2202 749 2369 801 stium
2402 748 2622 810 chorea,
2660 744 2887 799 transiit
2914 745 2985 797 ad
3011 750 3221 797 aeterna
3267 741 3473 795 Christi
3506 741 3801 795 solemnia.

530 828 590 881 in
604 828 807 907 plantis
823 831 1136 884 attraxisse.
1164 832 1498 888 Afﬁrmabat
1517 850 1645 887 eum
1671 836 1929 889 eumdem
1952 852 2117 890 avum
2201 837 2354 900 Quos
2376 835 2557 888 infimi
2586 835 2906 888 laudatores
2933 846 3360 903 prosequamur,
3393 846 3505 883 non
3533 846 3600 883 ex
3620 845 3806 899 aequa-

531 932 599 970 ex
646 915 1034 972 benedictione
1074 918 1434 990 baptizatoris
1461 924 1780 992 Augustini,
1814 925 2119 994 plurimum
2202 925 2351 978 libus
2384 923 2720 994 planctibus,
2761 923 2857 975 sed
2887 922 2974 975 his
3002 918 3480 990 triumphantibus
3517 917 3801 971 cantibus.

530 1005 681 1058 ultra
706 1012 928 1059 centum
956 1022 1134 1061 annos
1163 1009 1359 1063 vixisse
1384 1009 1552 1082 (107),
1586 1012 1878 1082 ipsamque
1921 1014 2122 1082 longaa-
2202 1013 2442 1082 Regnas,
2467 1012 2800 1081 Augustine,
2833 1009 3105 1079 Augustis
3121 1008 3307 1063 saeculi
3325 1007 3572 1069 nomine,
3598 1012 3660 1060 et
3683 1006 3804 1075 dig-

527 1093 716 1146 vitatis
743 1093 1191 1149 benedictionem
1221 1097 1276 1150 in
1300 1104 1515 1168 patrem
1543 1116 1709 1153 suum
1749 1102 2120 1163 descendisse,
2203 1103 2385 1157 nitate
2413 1100 2734 1159 sublimior;
2770 1100 2865 1169 qui
2892 1098 3095 1152 auxisti
3125 1114 3242 1150 rem
3270 1096 3481 1150 Christi
3498 1095 3801 1166 publicam,

527 1181 663 1235 inse
686 1183 857 1236 etiam
884 1185 1237 1239 centenarios
1262 1188 1686 1257 progenitorum
1736 1205 1912 1243 annos
1958 1191 2124 1259 longe
2207 1196 2264 1243 et
2299 1191 2567 1243 Romana
2597 1188 2853 1243 Ecclesiae
2899 1185 3152 1256 adjecisti
3196 1184 3570 1249 Britanniam,
3605 1184 3807 1237 melius

528 1271 852 1325 excreVisse-
2200 1295 2368 1349 quam
2415 1277 2601 1331 Caesar
2655 1280 2943 1347 Augustus
2987 1275 3256 1329 Romanis
3304 1273 3503 1343 opibus
3571 1273 3808 1329 Alexan-

598 1359 719 1411 Jam
752 1361 976 1414 aeternis
1004 1363 1289 1416 amoribus
1310 1369 1461 1417 totus
1484 1367 1727 1430 saucius,
1749 1367 2115 1436 Augustinus,
2200 1368 2401 1422 driam.
2430 1368 2507 1421 Te
2525 1383 2704 1435 reges,
2731 1370 2787 1419 et
2812 1364 3107 1434 principes,
3134 1368 3191 1415 et
3213 1367 3443 1415 senatus
3463 1361 3798 1431 Anglorum.

523 1447 640 1516 jam
691 1464 724 1501 a
768 1449 1011 1511 terrenis
1040 1452 1376 1505 tumultibus
1404 1454 1461 1506 in
1492 1455 1743 1523 requiem
1788 1456 2006 1509 licinini
2029 1455 2122 1508 ab-
2206 1462 2265 1510 et
2290 1456 2457 1509 turba
2483 1455 2738 1524 gentium
2762 1454 3103 1507 comitantur
3131 1452 3192 1504 in
3212 1452 3434 1504 coelum.
3499 1451 3581 1504 Te
3620 1450 3805 1519 angeli

526 1541 772 1606 sorptus,
799 1537 906 1589 vim
937 1537 1176 1593 faciebat
1198 1540 1335 1593 cmlo
1357 1541 1567 1595 crebris
1586 1560 1833 1612 precum,
1853 1544 2124 1614 suspirio-
2207 1551 2264 1599 et
2289 1544 2629 1613 archangeli,
2658 1542 2848 1597 throni
2881 1548 2939 1595 et
2965 1539 3378 1594 dominationes
3403 1538 3716 1608 excipiunt,
3752 1544 3809 1591 te

528 1639 676 1689 rum,
703 1630 760 1677 et
783 1625 1158 1696 lacrymarum
1192 1628 1461 1698 pulsibus.
1507 1631 1756 1684 Tandem
1806 1632 2126 1702 intelligens
2207 1640 2438 1687 coronat
2462 1634 2577 1686 Rex
2606 1648 2831 1701 regum.

531 1727 598 1764 ex
627 1713 867 1782 Spiritus
897 1715 1075 1768 sancti
1093 1732 1359 1786 responso
1381 1735 1442 1771 su
1458 1735 1548 1772 um
1573 1720 1893 1773 exauditum
1911 1722 2126 1775 deside-
2277 1722 2342 1775 In
2377 1721 2716 1775 monasterio
2742 1736 2872 1774 vero
2906 1717 3053 1788 quod
3082 1715 3351 1778 condidit,
3384 1731 3419 1768 a
3447 1719 3648 1771 sancto
3662 1715 3805 1769 Lau-

529 1800 699 1866 rium,
732 1803 1170 1857 sacratissimum
1195 1806 1579 1871 Laurentium,
1600 1809 1925 1877 apostolicis
1956 1810 2126 1864 virtu-
2144 1793 2190 1852 B
2208 1810 2409 1871 rentio,
2443 1811 2564 1881 ipso
2589 1825 2721 1878 rege
2745 1808 3059 1867 Edelberto,
3080 1813 3134 1859 et
3155 1804 3341 1875 patria
3367 1805 3699 1858 confluente
3715 1804 3807 1857 de-

531 1887 685 1941 tibus
702 1891 1028 1959 praclarum
1054 1898 1110 1945 et
1138 1894 1287 1948 inter
1298 1902 1518 1949 sanctos
1537 1898 1769 1950 comites
1781 1899 2123 1968 praecipuum
2208 1900 2410 1959 dicato,
2444 1898 2770 1951 reconditur
2786 1894 3251 1966 pretiosissimum
3279 1909 3483 1962 corpus
3509 1893 3638 1961 ejus
3664 1893 3811 1945 festi-

530 1993 663 2047 rege
691 1994 816 2032 cum
859 1980 1079 2034 conﬂuo
1117 1984 1322 2052 populo
1354 1984 1413 2037 in
1442 1985 1777 2039 immensum
1825 1994 2128 2056 congratu-

533 2066 703 2131 lante,
727 2067 951 2121 ordinat
996 2085 1124 2123 cum
1171 2074 1322 2125 omni
1351 2074 1586 2128 solemni
1639 2075 1847 2144 gaudio
1875 2076 1980 2128 sibi
2011 2094 2131 2130 suc-

529 2170 827 2222 cessorem,
858 2162 923 2210 ut
951 2160 1233 2227 quondam
1249 2162 1628 2231 apostolorum
1654 2164 1910 2233 princeps
1930 2165 2129 2218 Petrus

530 2243 900 2307 Clementem,
927 2246 1185 2301 videlicet
1205 2248 1274 2302 ob
1304 2251 1533 2304 novellae
1561 2251 1979 2305 informationis
2027 2270 2128 2307 ne--

530 2331 870 2386 cessitatem.
912 2336 1096 2388 Antea
1135 2342 1324 2390 autem
1385 2339 1655 2393 Mellitum
1706 2348 2130 2396 consecraverat

534 2419 840 2474 Lundoniae
869 2422 1210 2494 episcopum,
1245 2427 1581 2497 Justumque
1631 2429 1752 2482 Roﬁ
1782 2430 1904 2498 [al.,
1935 2431 2128 2500 Roll‘ae]

532 2506 639 2559 sibi
669 2509 1113 2577 suffraganeum;
1147 2530 1385 2584 quorum
1416 2515 1664 2569 Mellitus
1694 2518 1913 2581 tertius,
1937 2520 2129 2573 Justus

535 2595 594 2648 in
623 2597 1141 2667 archipraesulatum
1179 2602 1286 2655 sibi
1322 2605 1591 2657 successit
1620 2612 1874 2674 quartus.

607 2685 731 2737 Jam
762 2702 891 2739 vero
913 2689 1203 2743 exhortata
1226 2708 1375 2759 rege.
1415 2698 1472 2745 et
1500 2694 1765 2761 Ecclesia,
1826 2711 1890 2747 ac
1926 2696 2130 2765 populo

536 2778 604 2826 ut
619 2787 1047 2843 perseverarent
1070 2777 1125 2832 in
1147 2780 1277 2846 ﬁde,
1293 2787 1350 2834 et
1361 2798 1552 2835 amore
1571 2782 2131 2855 Christimelinquens

2209 2006 2276 2043 vo
2306 2006 2431 2042 cum
2458 1988 2663 2058 jubilo,
2692 1987 2787 2042 ubi
2828 1986 3069 2040 Romani
3096 1991 3266 2054 atque
3314 1984 3410 2037 alii
3457 1998 3811 2037 successores

2210 2076 2317 2141 sui,
2372 2077 2516 2130 sicut
2571 2092 2683 2130 uno
2737 2075 2948 2137 animo,
2976 2075 3059 2128 ita
3085 2089 3197 2127 uno
3236 2072 3582 2142 colliguntur
3631 2071 3810 2125 thala-

2211 2182 2322 2219 mo.

2283 2254 2462 2318 Quam
2490 2254 2719 2324 pulchre
2770 2269 2900 2306 vero
2935 2250 3310 2305 Ecclesiarum
3366 2265 3572 2319 parens
3633 2250 3809 2304 Roma

2211 2348 2372 2397 tanta
2401 2344 2636 2413 pignora
2664 2342 2857 2405 edidit,
2891 2358 3014 2411 quae
3044 2340 3219 2394 totius
3265 2338 3571 2392 Britannici
3601 2338 3807 2411 Oceani

2211 2432 2408 2486 Patres
2441 2438 2497 2484 et
2524 2431 2875 2484 institutores
2891 2428 3205 2483 emineant!
3239 2427 3461 2490 Quanto
3490 2427 3671 2480 odore
3692 2442 3809 2483 sua-

2212 2521 2401 2575 vitatis
2431 2526 2488 2573 et
2515 2520 2812 2590 splendore
2838 2518 3030 2587 gloriae
3056 2517 3221 2572 unius
3242 2532 3423 2580 amor,
3449 2521 3505 2568 et
3522 2531 3707 2569 unum
3723 2532 3808 2569 cu-

2212 2609 2457 2662 biculum
2493 2608 2662 2662 simul
2701 2607 2972 2669 confovet,
3006 2610 3062 2658 et
3083 2604 3377 2673 astringit!
3408 2603 3515 2667 Qui
3546 2604 3592 2657 si
3614 2603 3808 2657 distin-

2214 2702 2527 2766 guerentur
2565 2712 2663 2764 per
2690 2694 2936 2749 diVersas
2956 2693 3150 2748 mundi
3181 2691 3457 2754 nationes,
3487 2693 3701 2761 singuli
3722 2709 3807 2763 pa-

2216 2785 2370 2839 troni
2399 2783 2635 2853 singulis
2653 2783 2873 2853 populis
2899 2782 3156 2839 solariter
3178 2780 3570 2851 praelucerent.

1419 2889 1658 2956 Erplicit
1697 2891 1811 2943 Vita
1832 2895 2015 2945 sancti
2038 2893 2345 2958 Augustini
2364 2892 2677 2957 Anglorum
2704 2892 2956 2957 apostoli.

607 2967 723 3040 (91)
756 2971 1046 3027 Auctorem
1074 2978 1270 3029 vixisse
1290 2979 1439 3031 circa
1477 2993 1617 3031 ann.
1645 2977 1784 3035 1001)
1812 2996 1876 3032 ca:
1901 2981 1986 3033 his
2010 2982 2197 3047 colligi
2220 2984 2409 3049 potest.

1146 3240 1549 3339 VARUE
1624 3245 2238 3339 LECTIONES
2312 3246 2453 3355 ET
2530 3241 3211 3341 ADDITIONES

1668 3398 1773 3464 AD
1817 3399 2276 3467 CHRONICON
2322 3398 2628 3465 BECCEN
2635 3398 2731 3463 SE

647 3558 672 3630 (
674 3560 861 3621 Edidit
891 3561 1147 3619 Martene
1175 3566 1432 3633 Ampliss.
1451 3569 1661 3622 Collect.
1686 3574 1824 3629 tom.
1857 3567 1954 3633 VI,
1979 3568 2082 3621 col.
2108 3565 2333 3705 ιῼὲόὀόεἷκ
2360 3565 2831 3635 ms.bibliothecae
2860 3564 3233 3620 serenissima
3253 3563 3463 3632 reginae
3494 3562 3710 3619 Sueciae

2045 3656 2100 3692 n.
2309 3676 2321 3690 .

2045 3656 2100 3692 ll.
2148 3656 2321 3692 Ιῡυύὶο

2118 3749 2260 3766 _

615 3846 725 3900 σοι.
740 3846 867 3912 653,
903 3852 1005 3905 lin.
1056 3853 1160 3904 ult.
1202 3849 1305 3904 Cui
1354 3851 1622 3905 successit
1665 3852 1939 3922 Rogerius
1984 3852 2135 3906 ﬁlius
2155 3855 2197 3913 C
2215 3856 2273 3905 et
2298 3855 2429 3904 ante
2458 3849 2636 3903 altare
2662 3848 2841 3903 beatae
2861 3848 2958 3903 Dei
2986 3847 3277 3919 genitricis
3308 3845 3505 3900 Mariae
3528 3847 3589 3900 in
3611 3848 3805 3902 eadem

542 3936 682 4004 ejus.
727 3938 825 3991 Ms.
873 3940 1010 4000 cert,
1055 3939 1144 3993 cui
1175 3941 1440 3994 successit
1470 3941 1742 4010 Rogerius
1781 3942 1958 3996 frater
1989 3943 2130 4010 ejus.

542 4024 786 4079 Roberto
807 4027 876 4080 de
905 4028 1168 4099 Tougeyo
1198 4030 1384 4099 priore
1408 4030 1713 4083 claustrali.
1741 4033 1839 4084 Ms.
1870 4034 2006 4094 σοίί.,
2030 4031 2135 4084 Ro-

540 4111 699 4167 berto
726 4116 796 4168 de
814 4115 1129 4188 Torigneyo
1160 4136 1213 4188 p.
1244 4136 1291 4171 c.
1321 4118 1615 4172 Beccensis
1643 4120 1990 4173 monasterii.
2022 4121 2134 4173 Eo-

542 4202 673 4255 dem
705 4220 895 4257 mense
922 4206 1034 4259 dux
1060 4208 1334 4267 Henricus
1355 4209 1576 4261 rediens
1607 4210 1676 4262 de
1706 4209 2011 4278 Aquitania
2029 4211 2135 4263 Ro-

543 4290 797 4361 thomagi
837 4293 895 4346 in
915 4294 1005 4347 die
1029 4296 1346 4350 festivitatis
1367 4298 1422 4351 S.
1448 4297 1616 4350 Joan.
1651 4298 1811 4368 Bapt.
1844 4304 2137 4368 gratanter

543 4394 832 4433 assensum
856 4383 1094 4451 prtebuit
1120 4386 1395 4455 praedictae
1415 4387 1691 4449 electioni,
1719 4403 1883 4456 quam
1918 4387 2131 4440 archie-

544 4467 805 4539 piscopus
827 4471 1292 4544 Rothomagensis
1330 4478 1512 4546 Hugo,
1545 4476 1628 4530 vir
1658 4492 1894 4530 summa;
1916 4477 2138 4547 religio-

545 4557 633 4610 nis
664 4558 1045 4620 etindustriae.
1070 4579 1195 4617 cum
1224 4564 1580 4634 imperatrice
1611 4572 1789 4617 matre
1828 4565 2003 4629 ducis,
2041 4582 2137 4618 an-

545 4650 638 4699 tea
667 4653 731 4700 ut
774 4656 1074 4718 praesentes
1113 4652 1482 4707 libentissime
1527 4654 1993 4707 confirmaverant
2042 4655 2137 4707 Se-

544 4736 739 4805 quenti
772 4755 899 4792 vero
924 4756 1116 4794 mense
1144 4742 1199 4794 in
1226 4742 1526 4795 festivitate
1566 4741 1758 4795 Maria
1788 4741 2136 4813 Magdalenae

543 4825 843 4895 pradictus
880 4828 1092 4882 electus
1121 4828 1447 4883 benedictus
1473 4835 1556 4883 est
1599 4830 1657 4882 in
1695 4830 1952 4883 abbatem
1988 4831 2136 4902 apud

545 4913 602 4968 S.
641 4914 1011 4971 Philibertum
1042 4917 1111 4970 de
1140 4919 1478 4981 Monteforti,
1508 4918 1577 4971 ab
1616 4918 1854 4973 Heberto
1880 4922 2138 4991 episc0po

542 5001 932 5065 Abrincatensi
963 5011 1021 5058 et
1049 5004 1287 5059 Girardo
1324 5007 1595 5075 Sagiensi,
1641 5009 2011 5077 praesentibus
2038 5012 2138 5063 ab-

2217 3939 2448 3993 ecclesia
2478 3938 2783 3993 honoriﬁce
2810 3938 3113 4008 sepultum.
3155 3939 3317 3990 Anno
3348 3936 3648 3989 millesimo
3681 3951 3804 3990 cen-

2215 4028 2416 4083 tesimo
2459 4025 2871 4097 septuagesimo
2919 4032 3110 4080 octavo
3155 4025 3307 4079 idem
3345 4025 3630 4094 pretiosus
3666 4039 3804 4078 mar-

2214 4122 2309 4188 tyr
2325 4116 2685 4170 cauonizatus
2709 4121 2811 4169 est.
2852 4132 2951 4167 ms.
2976 4116 3089 4168 cod.
3123 4130 3214 4169 an.
3244 4111 3398 4179 1173,
3430 4118 3532 4166 etc.

2287 4208 2395 4259 σοι.
2427 4204 2551 4269 657,
2579 4207 2684 4259 lin.
2726 4204 2813 4260 23.
2846 4205 2918 4257 Et
2946 4202 3194 4257 Rotrodo
3227 4201 3689 4271 Rothomagensi.
3718 4203 3808 4255 Ms.

2217 4296 2352 4358 cod.,
2404 4311 2437 4347 a
2468 4293 2714 4348 Rotrodo
2762 4293 3097 4361 Rothomag.
3154 4293 3275 4345 Lin.
3325 4288 3415 4344 ‘24.
3462 4291 3532 4344 Et
3579 4290 3808 4344 Henrico

2216 4382 2520 4436 Briocensi.
2574 4383 2671 4435 Ms.
2715 4384 2851 4445 cod.,
2906 4381 3148 4457 Henrico
3200 4379 3512 4449 Bajocensi.
3554 4381 3654 4433 Ms.
3702 4379 3805 4432 cad.

2218 4471 2346 4523 add.
2392 4473 2555 4523 Anno
2610 4469 2744 4525 1179
2792 4469 3103 4523 Ludovicus
3152 4486 3248 4522 rex
3303 4470 3646 4522 Francorum
3692 4472 3811 4520 vota

2218 4564 2410 4612 sancto
2434 4560 2661 4612 Thomze
2692 4560 2979 4612 soluturus
3008 4558 3326 4611 orationum
3356 4574 3527 4611 causa
3554 4558 3810 4628 Angliam

2218 4647 2447 4701 intravit
2477 4654 2534 4701 et
2555 4664 2654 4718 per
2679 4648 2927 4701 triduum
2956 4646 3276 4701 Cantuariee
3308 4654 3560 4700 moratus
3583 4654 3688 4700 est.

2291 4738 2399 4791 Col.
2434 4734 2560 4800 658,
2591 4739 2695 4789 lin.
2740 4740 2843 4789 ult.
2884 4736 3159 4790 Dominus
3191 4735 3505 4789 Richardus
3526 4736 3597 4789 de
3626 4739 3809 4790 sancto

2219 4824 2584 4894 Leodegario,
2653 4831 2790 4878 tunc
2840 4824 3187 4878 inﬁrmarius
3237 4824 3487 4894 praedicti
3530 4824 3657 4878 loci.
3715 4825 3806 4879 Ms.

2221 4916 2370 4978 cod.,
2395 4914 2667 4969 Dominus
2696 4913 3007 4967 Richai‘dus
3045 4914 3114 4966 de
3164 4913 3222 4966 S.
3280 4914 3640 4983 Leodegario,
3684 4918 3809 4966 tunc

2216 5002 2560 5072 justitiarius
2591 5002 2841 5072 praedicti
2865 5002 2989 5055 loci.

540 5089 765 5192 batibus
782 5093 1021 5162 Rogerio
1039 5094 1315 5156 Beccensi,
1347 5095 1616 5150 Michaele
1639 5097 1989 5161 Pratellensi,
2022 5100 2165 5192 Hu-l

2293 5091 2400 5144 Col.
2434 5089 2556 5155 659,
2593 5093 2695 5144 lin.
2728 5090 2816 5143 27.
2850 5091 3051 5145 Amoto
3080 5090 3413 5160 Ingelranno
3453 5089 3574 5144 foro
3603 5094 3804 5151 sancto,

540 5196 688 5249 gone
718 5181 786 5234 de
809 5183 864 5237 S.
892 5183 1178 5237 Salvatore
1200 5184 1633 5239 Constantiensi.

515 5251 539 5276 χ
617 5271 727 5323 σοι.
763 5270 885 5335 654,
935 5276 1039 5326 lin.
1102 5271 1183 5327 l5.
1218 5273 1539 5345 Respiciens
1577 5281 1879 5345 augustum
1913 5277 2143 5346 praecisa

543 5361 1036 5429 rupesepulcrum.
1068 5362 1176 5419 Ms.
1210 5365 1347 5428 cod.,
1398 5363 1637 5434 respicis
1680 5370 1981 5432 angustum
2006 5381 2141 5434 prte-

544 5446 657 5499 cisa
686 5464 827 5518 rupe
848 5452 1152 5521 sepultum.

617 5536 727 5588 Col.
763 5534 886 5605 655,
922 5543 1007 5594 ιιή
1056 5540 1145 5598 32.
1204 5540 1521 5606 Mathildis,
1560 5546 1665 5594 etc.
1691 5557 1794 5594 ms.
1814 5542 1950 5605 cod.,
1984 5539 2140 5594 Mas-

542 5622 739 5689 suldis,
763 5631 867 5679 etc.
898 5629 1059 5698 cujus
1078 5646 1280 5700 corpus
1309 5631 1461 5702 apud
1493 5631 1728 5685 Beccum
1775 5630 2024 5685 delatum
2056 5635 2141 5686 est

2222 5184 2334 5235 etc.
2377 5182 2472 5233 ills.
2508 5181 2645 5244 cod.,
2680 5185 2868 5233 amoto
2890 5180 3227 5249 lngelranno
3253 5179 3375 5232 foro
3402 5178 3568 5233 facto.

2294 5267 2558 5330 001.662,
2592 5269 2694 5320 lin.
2734 5272 2838 5321 ult.
2903 5268 2979 5321 Ge
3023 5268 3110 5322 fut
3152 5284 3219 5321 en
3274 5275 3461 5337 temps
3518 5268 3588 5321 de
3641 5263 3807 5321 l’abbé

2222 5356 2433 5417 Pierre,
2468 5372 2630 5433 pour
2676 5374 2737 5410 ce
2787 5358 2954 5426 qu’en
2981 5357 3185 5427 pierre.
3216 5361 3321 5409 etc.
3355 5359 3455 5410 Ms.
3488 5358 3602 5410 cod.
3636 5357 3710 5410 Ce
3731 5356 3807 5407 fut

2223 5470 2291 5508 en
2321 5459 2505 5524 temps
2563 5454 2633 5506 de
2691 5454 2870 5508 l’abbé
2901 5454 3110 5520 Pierre,
3142 5453 3178 5507 ὲ
3207 5453 3303 5524 qui
3333 5453 3532 5524 écheyt
3580 5453 3805 5507 maintes

2223 5544 2458 5615 pierres,
2492 5559 2634 5612 pour
2662 5560 2724 5596 re
2750 5544 2916 5613 qu’en
2947 5542 3150 5613 picrre,
3178 5547 3284 5596 etc.

2298 5633 2408 5686 Col.
2443 5622 2566 5697 668,
2596 5634 2700 5686 lin.
2732 5631 2821 5689 44.
2852 5632 3005 5685 Fecit
3023 5631 3283 5685 dedicare
3306 5631 3597 5689 ecclesiam
3616 5642 3803 5685 novam
