3920 6356
156 361 260 424 765

1151 369 1394 426 ΑΒΒῙΤ.
1434 371 1532 425 AD
1570 367 2001 427 CHRONICON
2037 367 2430 425 BECCENSE.

3319 364 3426 426 766

153 493 220 547 de
246 507 392 546 novo
419 491 778 564 completam,
803 496 868 547 ut
892 497 1091 565 postea
1109 493 1342 566 patebit.
1375 496 1476 550 Ms.
1501 497 1640 560 cati,
1673 495 1742 549 de
1761 500 1801 554 Α
1825 495 2046 560 volutis,
2080 494 2230 548 dicta
2257 495 2587 566 probatione
2614 495 2744 550 hinc
2772 495 2904 550 inde
2923 495 3086 562 facta,
3119 496 3238 568 ipse
3266 513 3423 550 more

154 597 294 636 novo
333 583 672 654 completam
702 589 759 637 et
787 589 1254 650 consummatam,
1305 601 1428 654 quae
1475 584 1750 638 dedicatio

152 671 259 725 fuit
285 678 402 725 tam
441 671 803 726 celeberrime
842 677 900 726 et
942 677 1056 726 tam
1116 673 1444 726 solemniter
1476 672 1752 743 completa

151 767 321 831 prout
346 760 564 832 patebit
585 761 643 814 in
661 761 1042 832 sequentibus.

224 849 338 904 σοι.
373 846 499 912 671,
523 851 628 902 lin.
659 847 1100 904 43.Guillelmus
1119 849 1188 903 de
1202 850 1540 904 Benssevilla
1570 849 1752 903 dictus

153 937 443 1008 Popeline,
471 944 578 991 etc.
611 939 710 991 Ms.
747 940 885 1003 cod.,
910 938 977 992 G.
1013 938 1084 992 de
1117 939 1425 992 Bensevilla
1455 939 1636 992 dictus
1654 939 1756 992 Po-

155 1030 342 1100 peline
369 1029 428 1082 in
456 1028 715 1083 abbatem
738 1035 795 1083 et
822 1035 1104 1100 pastorem
1134 1029 1312 1100 ipsius
1342 1031 1668 1084 monasterii
1700 1036 1756 1083 et

154 1117 513 1188 postmodum
542 1117 886 1183 benedictus,
914 1119 994 1172 vir
1011 1119 1236 1190 quidem
1271 1136 1488 1189 magnae
1515 1119 1755 1190 pruden-

151 1207 246 1261 tia:
278 1213 337 1260 et
362 1206 677 1278 probitatis.
709 1208 1014 1273 modestus,
1049 1207 1279 1271 facetus,
1311 1207 1464 1262 mitis
1501 1214 1557 1261 et
1590 1209 1756 1261 dilec-

153 1301 249 1349 tus
278 1295 347 1349 ad
377 1313 592 1360 omnes,
627 1297 866 1368 patiens,
900 1297 1238 1359 misericors.
1274 1298 1464 1367 largus
1491 1305 1548 1352 et
1567 1297 1754 1352 muni-

157 1387 296 1438 ficus
325 1385 420 1456 qui
451 1391 680 1439 strenue
704 1391 761 1438 et
788 1386 1146 1440 laudabiliter
1165 1387 1325 1451 rexit,
1362 1393 1466 1440 etc.

229 1473 342 1528 Col.
384 1472 510 1537 67'2,
543 1477 647 1528 lin.
683 1473 773 1530 '19.
813 1473 1035 1528 Christe
1063 1475 1317 1546 propina.
1353 1477 1448 1528 Ms.
1491 1475 1618 1528 add.
1651 1475 1753 1528 Hic

154 1562 494 1616 venerabilis
524 1563 608 1615 vir
631 1563 984 1634 supradictus
1013 1562 1358 1634 temporibus
1389 1563 1506 1617 suis
1529 1563 1755 1616 vestivit

158 1658 216 1705 et
243 1652 460 1722 recepit
488 1652 545 1705 in
577 1651 838 1722 praedicto
879 1653 1218 1705 monasterio
1245 1653 1604 1722 quamplures
1643 1668 1757 1705 mo-

155 1741 368 1794 nachos
412 1740 704 1810 religiosos
735 1733 1004 1794 discretos
1031 1739 1199 1805 viros,
1233 1740 1301 1792 de
1333 1741 1534 1810 quibus
1566 1744 1759 1810 postea

1834 585 1998 640 solito
2033 585 2435 656 professionem
2479 602 2796 657 expressam
2838 584 3006 652 fecit;
3037 602 3151 656 qua
3176 585 3341 650 facta,
3373 591 3432 640 et

1833 690 1933 744 per
1964 674 2174 728 dictum
2223 673 2482 728 abbatem
2513 680 2756 745 recepta,
2796 674 2855 728 in
2883 679 3158 728 conventu
3190 675 3430 732 fratrum

1835 779 1934 834 per
1958 763 2208 816 osculum
2229 763 2566 826 admittitur,
2599 762 2876 834 cmpitque
2907 767 3101 835 postea
3129 763 3198 817 de
3227 763 3432 818 virtute

1836 853 1893 906 in
1926 853 2188 906 virtutem
2219 853 2508 922 proﬁcere,
2543 851 2794 922 singulos
2807 851 3006 906 fratres
3022 869 3154 906 suos
3176 852 3430 924 exemplo

1839 941 1906 994 ad
1957 941 2164 994 bonum
2209 941 2477 994 inclinare
2523 947 2580 995 et
2630 945 2692 994 ut
2738 957 2900 995 verus
2937 940 3254 1004 claustralis
3278 939 3431 994 omni

1839 1029 2141 1083 humilitati
2175 1045 2401 1099 operam
2434 1029 2587 1083 dare.
2611 1029 2856 1084 Noverat
2887 1029 3036 1084 enim
3079 1028 3312 1084 humilis
3339 1029 3433 1084 ille

1837 1119 2143 1171 monachus
2169 1119 2314 1188 quod
2345 1134 2457 1171 non
2480 1118 2586 1171 nisi
2618 1136 2718 1190 per
2742 1119 2953 1190 gradus
2977 1117 3313 1172 humilitatis
3335 1134 3430 1172 va-

1838 1208 1915 1261 let
1944 1207 2070 1278 quis
2095 1207 2166 1260 ad
2189 1207 2402 1279 apicem
2419 1207 2730 1262 altitudinis
2741 1209 3060 1264 ascendere.
3092 1209 3167 1262 At
3185 1207 3279 1262 ubi
3303 1213 3434 1262 aeta-

1837 1297 1910 1350 tis
1928 1296 2036 1350 fuit
2062 1297 2450 1367 competentis,
2483 1302 2569 1350 est
2597 1296 2768 1351 sacris
2796 1303 3087 1368 promotus
3119 1296 3427 1361 ordinibus,

1837 1385 1906 1440 ad
1935 1385 2231 1439 sacerdotii
2271 1386 2500 1438 tandem
2554 1386 2762 1440 meruit
2813 1387 3111 1439 ascendere
3167 1385 3426 1458 gradum.

1835 1474 2049 1528 Deinde
2071 1479 2196 1544 post
2220 1474 2496 1528 modicum
2514 1475 2786 1544 temporis
2810 1475 3163 1530 intervallum
3175 1474 3434 1528 commis-

1837 1580 1932 1616 sus
1962 1562 2066 1616 fuit
2094 1563 2520 1616 administrator
2541 1562 2822 1632 prioratus
2851 1563 2920 1616 de
2951 1563 3296 1617 Bello-Saltu
3324 1564 3433 1616 Ro-

1839 1651 2249 1721 thomagensis:
2275 1651 2477 1704 deinde
2507 1651 2787 1722 prioratus
2817 1651 2872 1705 S.
2899 1651 3048 1704 Petri
3071 1651 3140 1705 de
3161 1651 3433 1706 Cochiaco

1839 1739 2251 1804 Ambianensis,
2285 1747 2474 1811 postea
2501 1740 2786 1811 prioratus
2838 1739 2900 1794 B.
2949 1739 3142 1794 Mariae
3185 1740 3256 1793 de
3283 1741 3432 1811 Layo

158 1829 476 1882 ﬂoruerunt
497 1845 642 1882 unus
663 1827 1155 1882 Gaufridusdictus
1177 1827 1574 1882 Harencabbas
1595 1829 1758 1881 Gem-
1775 1844 1820 1903 B
1841 1829 2211 1892 Belvacensis,
2243 1835 2300 1882 et
2327 1829 2589 1900 deinceps
2617 1828 2898 1899 prioratus
2929 1829 2966 1883 S
3020 1828 3172 1882 Petri
3201 1829 3270 1882 de
3295 1830 3438 1884 Pon-

158 1915 504 1981 metirensis,
535 1916 861 1971 Vincentius
873 1918 942 1970 de
959 1918 1310 1986 Rothomago
1331 1916 1510 1970 dictus
1532 1921 1577 1970 Ir
1594 1917 1760 1970 Lieur

159 2005 332 2060 abbas
389 2006 790 2071 Pratellensis;
845 2021 1058 2059 necnon
1105 2005 1383 2059 Robertus
1439 2005 1508 2059 de
1553 2005 1760 2058 Rotho—

159 2109 346 2165 mago,
379 2095 519 2148 alias
544 2099 590 2148 lc
633 2096 848 2160 Tctticr,
883 2094 1053 2148 abbas
1083 2095 1138 2148 S.
1171 2095 1400 2158 Ebrulﬁ,
1423 2111 1487 2147 ac
1515 2095 1760 2148 Joannes

161 2184 229 2238 de
251 2184 500 2254 Boulaye
530 2181 702 2237 abbas
745 2183 1114 2248 Ceraciensis,
1165 2185 1327 2236 Anno
1369 2183 1432 2236 D.
1478 2181 1610 2238 i388
1637 2189 1762 2253 post

161 2271 398 2337 obitum,
433 2279 540 2326 etc.

233 2363 345 2415 Col.
401 2357 526 2424 678,
569 2363 672 2418 lin.
719 2357 801 2416 18.
847 2357 1205 2414 Reverendus
1235 2365 1394 2430 pater
1421 2359 1754 2414 Guillelmus

163 2448 354 2514 abbas,
409 2455 538 2514 etc.,
590 2466 756 2519 usque
801 2451 875 2503 ad
923 2452 1031 2503 Ιιίιό
1076 2451 1254 2513 verba,
1287 2448 1380 2503 ubi
1412 2449 1553 2502 solet
1581 2448 1757 2519 accipi

164 2538 499 2604 benedictio,
521 2542 584 2591 ut
604 2541 777 2592 inms.
800 2539 982 2592 Postra
1013 2540 1263 2606 sequitur
1293 2540 1354 2591 in
1385 2555 1484 2591 ms.
1519 2540 1632 2590 cod.
1661 2539 1761 2590 Hic

167 2628 249 2682 vir
274 2628 632 2682 venerandus
662 2627 807 2680 rexit
844 2627 1172 2697 przedictum
1201 2627 1518 2680 coenobium
1549 2626 1764 2680 cunctis

167 2713 280 2770 suis
328 2716 588 2770 amabilis
633 2731 734 2786 per
769 2715 1010 2787 spatium
1053 2713 1110 2771 16
1141 2730 1417 2768 annorum
1453 2721 1510 2768 et
1533 2715 1764 2768 dimidio

171 2806 247 2858 vel
273 2806 455 2870 circa;
507 2806 664 2876 cujus
703 2805 902 2858 animae
931 2803 1266 2875 propitietur
1294 2805 1458 2856 Deus.
1494 2804 1692 2856 Amen.

237 2894 349 2949 Col.
381 2893 508 2956 683,
543 2896 648 2948 tin.
674 2892 760 2951 30.
794 2892 1000 2948 Christi
1030 2893 1169 2946 colla
1199 2891 1438 2962 subegit.
1472 2894 1571 2946 Ms.
1599 2893 1761 2946 Chri-

170 2985 252 3036 sto
280 2983 444 3043 colla,
470 2989 575 3037 etc.
611 2985 731 3038 Lin.
765 2981 852 3038 35.
877 2985 1040 3036 Anno
1059 2981 1286 3034 milleno
1316 2987 1551 3036 centeno
1574 2981 1762 3052 sicque

174 3075 466 3144 quaterno,
500 3071 597 3124 Ms.
628 3071 784 3124 addit
817 3068 1056 3133 :Quinta
1077 3069 1331 3140 quintilis
1359 3069 1542 3122 decies
1562 3075 1762 3138 quarto

170 3175 390 3230 quoque
419 3165 595 3224 sexto,
627 3163 820 3230 parcat
839 3158 919 3211 illi
952 3158 1117 3212 Deus.
1141 3161 1338 3210 Amen.

241 3251 441 3302 Ueinde
471 3251 721 3316 sequitur
749 3251 811 3300 in
845 3261 944 3300 ms.
975 3249 1149 3300 codice
1179 3263 1195 3299 :
1223 3244 1539 3298 Venerabili
1554 3245 1770 3299 Thoma

170 3335 406 3392 XXVIII
437 3337 641 3390 abbate
672 3337 1000 3392 monasterii
1021 3339 1082 3392 B.
1115 3339 1189 3394 M.
1209 3338 1278 3393 de
1310 3339 1482 3392 Becco
1513 3333 1770 3389 Herluini

171 3428 236 3482 de
280 3428 468 3481 carnis
521 3427 720 3480 educto
763 3427 1066 3496 ergastulo,
1098 3427 1367 3481 successit
1393 3425 1661 3478 honestus
1691 3423 1772 3476 vir

169 3515 428 3572 unanimi
474 3515 714 3569 fratrum
751 3531 1026 3569 consensu
1059 3515 1269 3569 electus
1299 3515 1541 3569 Joannes
1571 3513 1640 3566 de
1668 3511 1772 3566 Ro-

173 3605 463 3674 thomago,
493 3604 633 3658 alias
662 3604 731 3657 de
761 3603 974 3664 Motha,
1005 3605 1264 3658 sacerdos
1303 3609 1360 3656 et
1389 3601 1693 3656 monachus
1714 3601 1771 3654 in

172 3695 318 3748 dicto
351 3693 694 3747 monasterio
727 3709 984 3763 expresse
1009 3694 1310 3765 professus.
1337 3693 1438 3746 llic
1489 3691 1572 3744 vir
1612 3707 1774 3744 vene-

171 3783 402 3840 randus.
430 3782 680 3836 decimus
708 3783 1011 3836 liberorum
1044 3783 1244 3837 nobilis
1283 3783 1383 3835 viri
1415 3779 1659 3834 Simonis
1705 3779 1776 3832 de

174 3871 389 3937 Motha,
422 3871 556 3924 civis
585 3871 1075 3941 Rothomagensis,
1101 3878 1394 3942 postquam
1429 3868 1680 3940 pueritiae
1697 3867 1777 3920 in-

174 3965 466 4015 crementa
483 3960 759 4030 transegit
777 3967 835 4013 et
849 3961 1171 4013 rudimenta
1191 3956 1641 4029 grammaticalia
1663 3961 1777 4009 stu-

175 4047 368 4102 diosus
398 4048 666 4119 percepit,
689 4048 946 4101 discretis
961 4048 1244 4118 magistris
1265 4047 1514 4100 Parisius
1544 4046 1599 4098 in
1634 4060 1777 4114 prae-

1839 1917 2016 1972 tisara
2061 1917 2525 1987 Rothomagensis
2555 1917 2808 1970 dioecesis
2837 1936 2848 1984 ;
2883 1916 3258 1989 studebatque
3285 1917 3440 1972 Pari-

1841 2006 1958 2060 sius
1987 2021 2276 2076 quousque
2293 2006 2528 2076 adeptus
2553 2011 2701 2059 esset
2715 2005 2955 2076 gradum
2977 2005 3436 2062 baccalaureatus

1842 2095 1898 2148 in
1928 2094 2186 2157 decretis,
2207 2100 2264 2147 et
2293 2093 2627 2164 procedebat
2645 2095 2712 2146 ad
2733 2094 2972 2164 gradum
2995 2094 3230 2149 Lutetiae
3253 2095 3438 2164 legen-

1841 2184 1912 2238 do
1943 2199 2042 2253 per
2068 2183 2258 2254 plures
2287 2199 2465 2235 annos
2493 2182 2549 2235 in
2577 2182 2728 2235 dicta
2767 2183 3121 2236 decretorum
3148 2183 3434 2250 facultate,

1842 2273 2148 2326 secundum
2193 2288 2401 2325 morem
2435 2271 2490 2324 in
2540 2271 2742 2324 studiis
2781 2272 3135 2330 decretorum
3165 2272 3442 2328 hactenus

1839 2362 2192 2415 observatum
2233 2379 2244 2413 :
2275 2361 2373 2414 sed
2405 2366 2815 2430 consequenter
2841 2367 3129 2417 revocatus
3179 2361 3249 2415 ad.
3291 2362 3442 2416 clau-

1840 2457 2040 2512 strum,
2075 2449 2258 2520 qualis
2279 2457 2588 2520 quantusve
2614 2449 2721 2504 fuit
2733 2466 2920 2504 rerum
2947 2451 3147 2505 etl‘ectu
3160 2450 3436 2505 clarescit.

1845 2541 1988 2594 Nam
2021 2539 2231 2592 electus
2268 2539 2375 2592 fuit
2417 2539 2472 2592 in
2501 2539 2744 2610 priorem
2777 2540 3131 2593 claustralem
3161 2541 3295 2594 dicti
3327 2557 3442 2594 mo-

1845 2627 2073 2680 nasterii
2103 2645 2115 2692 ;
2149 2633 2341 2696 postea
2380 2627 2448 2680 ad
2489 2627 2943 2698 prosequendum
2975 2629 3276 2698 quamdam
3315 2645 3443 2683 cau-

1845 2733 1962 2768 sam
1991 2717 2325 2769 intentatam
2347 2732 2444 2786 per
2459 2715 2756 2785 quemdam
2784 2717 3122 2770 cardinalem
3155 2718 3442 2772 occasione

1851 2807 2133 2876 prioratus
2154 2807 2222 2858 de
2240 2806 2392 2859 Bello
2407 2806 2594 2860 Monte
2625 2806 2850 2874 Rogerii
2882 2805 3229 2861 Ebroicensis
3243 2807 3445 2862 dioece-

1849 2895 1946 2958 sis,
1977 2895 2182 2948 missus
2210 2894 2318 2947 fuit
2344 2894 2611 2959 Parisius,
2650 2900 2707 2948 et
2731 2894 2976 2958 interim,
3009 2893 3263 2948 videlicet
3293 2911 3442 2950 anno

1845 2983 2068 3038 Domini
2099 2980 2252 3045 1434,
2283 2981 2520 3051 gradum
2551 2981 2792 3035 licentia:
2829 2982 2888 3035 in
2912 2982 3060 3036 dicta
3086 2981 3440 3038 decretorum

1845 3072 2110 3126 facultate
2142 3071 2246 3124 fuit
2272 3076 2579 3135 assecutus,
2613 3075 2670 3123 et
2708 3070 3060 3138 postmodum
3109 3071 3442 3126 commissus

1783 3163 1826 3222 C
1847 3161 1955 3214 fuit
1978 3161 2047 3213 ad
2068 3160 2319 3228 regimen
2343 3165 2400 3213 et
2427 3158 2972 3213 administrationem
2997 3159 3280 3230 prioratus
3305 3160 3446 3214 Con-

1851 3249 2070 3303 ﬂuentii
2101 3248 2432 3302 Parisiensis
2462 3248 2734 3311 dimcesis,
2763 3255 2820 3302 et
2847 3249 3075 3302 effectus
3103 3253 3190 3302 est
3229 3248 3442 3312 doctor,

1853 3344 1911 3392 et
1938 3343 2065 3391 actu
2095 3353 2294 3407 regens
2330 3336 2579 3390 Parisius
2623 3337 2679 3390 in
2708 3335 2858 3390 dicta
2889 3337 3243 3392 decretorum
3276 3338 3448 3392 facul-

1853 3433 1989 3492 tate,
2023 3427 2082 3480 in
2114 3443 2226 3496 qua
2253 3441 2354 3496 per
2382 3426 2616 3480 multum
2649 3432 2872 3496 tempus
2896 3426 3040 3480 rexit
3062 3431 3119 3480 et
3155 3431 3218 3481 ut
3255 3427 3450 3480 doctor

1853 3531 1954 3588 per
1992 3516 2416 3570 universitatem
2473 3515 2845 3568 Parisiensem
2891 3515 3134 3569 dominis
3167 3515 3355 3570 abbati
3395 3521 3452 3570 et

1854 3604 2150 3658 Conventui
2174 3603 2498 3657 monasterii
2527 3603 3121 3672 Majoris-Monasterii
3151 3622 3322 3676 prope
3344 3605 3453 3662 Tu-

1857 3695 2028 3759 ronis,
2061 3693 2274 3747 ordinis
2303 3693 2480 3746 sancti
2511 3693 2820 3750 Benedicti.
2855 3693 3164 3763 prioratum
3197 3693 3267 3746 de
3298 3693 3449 3759 Ovis,

1858 3800 1925 3836 θη
1953 3785 2165 3836 Terassc
2182 3781 2410 3846 Gallice.
2431 3780 2766 3833 Morinensis
2788 3780 3064 3849 diuacesis,
3086 3787 3143 3834 et
3166 3798 3451 3836 commen-

1858 3873 1985 3925 dam
2017 3870 2277 3924 obtinuit.

1927 3964 2090 4014 Anno
2129 3958 2353 4013 Domini
2382 3955 2514 4013 l446
2543 3957 2691 4011 dicto
2722 3957 3062 4010 monasterio
3084 3957 3145 4010 Β.
3171 3956 3364 4011 Mariae
3383 3957 3454 4012 de

1859 4051 2032 4103 Becco
2056 4048 2301 4102 Helluini
2331 4052 2559 4100 vacante
2590 4063 2688 4116 per
2713 4052 2951 4100 mortem
2983 4047 3198 4116 praefati
3227 4047 3454 4102 Thomas

175 4139 330 4191 clara
376 4136 586 4191 artium
636 4137 922 4190 Facultate
968 4150 1001 4190 a
1049 4135 1377 4207 parentibus
1415 4135 1660 4188 traditur
1679 4133 1780 4187 im-
1859 4138 2089 4192 XXVIII
2121 4135 2360 4200 abbatis,
2411 4143 2468 4190 et
2511 4135 2726 4205 treugis
2756 4133 3087 4204 interreges
3113 4135 3360 4190 Francia-
3399 4139 3457 4190 et

176 4227 434 4282 buendus
461 4243 473 4279 :
507 4241 698 4280 verum
751 4225 880 4296 quia
906 4225 1054 4279 Deus
1086 4223 1415 4295 praeviderat
1445 4240 1573 4276 eum
1600 4223 1780 4276 lucer-
1860 4227 2074 4296 Angliae
2103 4226 2264 4279 tactis
2295 4233 2350 4279 et
2381 4225 2754 4295 proclamatis,
2802 4224 3146 4294 pragmatica
3165 4225 3457 4280 sanctione

180 4331 311 4370 nam
342 4316 401 4368 in
429 4315 597 4368 domo
627 4331 728 4368 sua
759 4316 876 4368 fore
897 4315 1206 4377 ardentem,
1243 4312 1422 4366 noluit
1440 4311 1584 4366 tanti
1600 4311 1781 4382 splen-
1864 4317 1920 4369 in
1951 4315 2339 4368 Norhmannia
2386 4315 2618 4367 minime
2666 4313 2846 4366 locum
2893 4311 3153 4370 habente.
3210 4313 3457 4384 religiosi

179 4403 333 4459 doris
364 4405 558 4458 lumen
587 4403 692 4457 sub
722 4402 914 4456 nubilo
946 4403 1240 4456 mundana:
1267 4401 1622 4454 obscuritatis
1653 4397 1780 4454 diu-
1797 4435 1846 4495 D
1863 4404 1995 4458 dicti
2026 4403 2354 4456 monasterii
2375 4403 2704 4456 electionem
2726 4402 2968 4472 pastoris
2987 4402 3044 4456 in
3061 4402 3306 4474 capitulo
3325 4402 3458 4457 dicti

179 4493 296 4548 tius
325 4493 538 4558 latere;
565 4493 658 4545 sed
677 4507 847 4563 snper
864 4490 1260 4545 candelabrum
1287 4490 1412 4544 vitae
1443 4489 1783 4559 contempla-
1800 4489 1839 4495 ’⁷
1863 4491 1971 4546 1οοί
1999 4491 2388 4544 celebrandam
2421 4491 2804 4544 decreverunt.
2835 4489 2900 4544 In
2917 4507 3026 4561 quo
3047 4497 3202 4546 certa
3216 4491 3306 4546 die
3325 4508 3460 4546 con-

178 4583 331 4651 tivee,
364 4585 431 4636 ut
455 4580 714 4634 omnibus
744 4581 840 4651 qui
861 4581 920 4634 in
959 4581 1126 4634 domo
1151 4579 1246 4634 Dei
1271 4585 1406 4632 sunt
1424 4578 1780 4650 postmodum
1863 4580 2104 4651 gregati,
2136 4579 2483 4633 caeremoniis
2523 4580 2592 4632 ad
2640 4581 2742 4633 hoc
2779 4580 3110 4634 necessariis
3157 4579 3344 4634 debite
3368 4579 3462 4634 ob-

179 4672 414 4736 luceret,
451 4669 622 4723 voluit
665 4671 957 4723 collocare.
1010 4669 1171 4723 Unde
1212 4685 1442 4722 suorum
1485 4673 1783 4738 parentum
1865 4669 2118 4732 servatis,
2153 4669 2405 4722 unanimi
2438 4685 2712 4722 consensu
2734 4669 2943 4722 dictum
2971 4669 3244 4723 Joannem
3271 4669 3340 4722 de
3357 4669 3462 4723 Ro-

183 4759 572 4815 obsecundans
599 4758 762 4818 votis,
803 4757 944 4811 bene
986 4757 1221 4810 meritus
1251 4755 1399 4810 filius
1429 4757 1638 4810 dictum
1673 4771 1787 4808 mo-
1867 4760 2134 4828 thomago
2163 4757 2427 4828 perviam
2450 4757 2692 4827 Spiritus
2723 4757 2900 4811 sancti
2923 4757 3233 4827 elegerunt,
3268 4763 3325 4811 et
3355 4759 3465 4811 ele-

185 4847 500 4903 nasterium
555 4847 625 4900 ad
665 4846 1014 4918 probandum
1045 4843 1338 4899 monastici
1377 4845 1588 4898 ordinis
1615 4844 1785 4896 vitam
1867 4847 2107 4902 ctionem
2132 4846 2307 4917 ipsius
2335 4861 2460 4898 cum
2495 4845 2710 4914 magnis
2739 4845 3140 4916 sumptibusab
3155 4845 3464 4916 apostolica

189 4938 412 4992 oblatus
441 4933 773 5006 ingreditur.
802 4941 859 4988 et
876 4935 946 4989 ad
977 4935 1062 4988 sui
1078 4932 1463 5006 probationem
1489 4933 1558 4987 ab
1587 4931 1789 4987 abbate

192 5031 248 5080 et
273 5032 552 5080 conventu
569 5023 702 5078 dicti
732 5023 836 5078 loci
868 5023 1108 5094 benigne
1144 5021 1464 5093 suscipitur,
1499 5023 1563 5075 fit
1581 5021 1788 5074 Christi

189 5115 298 5169 tiro
322 5127 501 5167 novus
535 5110 631 5182 qui
653 5111 807 5184 prius
833 5119 957 5166 erat
981 5109 1367 5182 phiIOSOphus.
1399 5110 1615 5180 Accipit
1643 5108 1790 5163 illico

194 5201 526 5258 obedientize
573 5197 879 5254 fortissima
915 5215 1094 5264 arma,
1128 5205 1186 5254 et
1205 5197 1329 5270 jugi
1363 5199 1585 5254 Domini
1614 5199 1794 5252 suavi-

192 5296 390 5357 tatem,
426 5290 615 5344 oneris
645 5287 932 5344 levitatem
962 5289 1261 5360 diligenter
1285 5285 1796 5360 experitur,probat

197 5389 253 5436 et
271 5379 550 5452 approbat
569 5379 936 5433 monasticam
959 5379 1153 5432 vitam.
1185 5377 1462 5432 Probatur
1481 5393 1584 5432 nec
1600 5394 1794 5449 repro-

198 5469 367 5525 batur
394 5469 520 5540 ejus
550 5467 910 5522 laudabunda
949 5467 1337 5531 conversatio;
1385 5483 1515 5522 nam
1559 5467 1628 5521 ob
1671 5468 1795 5523 vita:

203 5559 466 5614 meritum
499 5555 655 5612 bonae
681 5555 884 5611 indolis
909 5557 1231 5612 adolescens
1251 5555 1510 5611 omnibus
1538 5574 1598 5611 se
1618 5556 1797 5610 imita-

202 5647 371 5704 bilem
403 5647 722 5703 exhibebat.
756 5645 1108 5701 Probationis
1135 5645 1311 5717 igitur
1337 5661 1484 5701 anno
1513 5653 1571 5701 et
1597 5644 1686 5700 die
1714 5661 1798 5700 re-

1870 4933 2002 4990 sede
2023 4935 2362 4996 confirmari,
2389 4940 2444 4987 et
2471 4933 2870 5004 perdominum
2906 4934 3260 5003 Radulphum
3287 4935 3466 4988 archi-

1873 5025 2196 5096 episcopum
2212 5023 2720 5092 Rothomagensem
2738 5021 2795 5074 in
2813 5022 3023 5093 capella
3043 5021 3235 5093 palatii
3253 5023 3339 5076 sui
3361 5022 3468 5076 Ro-

1875 5113 2258 5184 thomagensis
2313 5128 2520 5166 munus
2578 5111 2981 5165 benedictionis
3026 5111 3130 5164 sibi
3167 5110 3464 5182 impertiri,

1875 5218 2002 5256 cum
2025 5219 2089 5256 ea
2105 5199 2461 5256 solemnitate
2479 5216 2600 5270 quae
2617 5198 2848 5253 decebat
2865 5198 3470 5264 obtinuerunt.Quibus

1877 5291 2143 5345 canonice
2164 5291 2422 5361 peractis,
2448 5289 2596 5343 idem
2621 5288 2883 5342 dominus
2903 5287 3092 5354 abbas,
3118 5305 3230 5343 non
3249 5288 3474 5343 obstan-

1874 5385 1932 5434 te
1960 5387 2214 5452 tempore
2246 5395 2466 5448 guerrae
2521 5385 2578 5432 et
2615 5378 2958 5432 desolatione
2997 5377 3208 5448 patriae,
3254 5379 3470 5432 dictum

1880 5469 2283 5524 monasterium
2303 5467 2662 5522 laudabiliter
2691 5467 2851 5527 rexit,
2875 5473 2934 5521 et
2953 5466 3301 5538 spiritalibus
3324 5483 3477 5522 seve-

1878 5559 2104 5612 ritatem
2134 5557 2194 5611 in
2230 5573 2290 5612 se
2319 5557 2586 5610 retinens.
2622 5556 2765 5609 Nam
2797 5555 2993 5626 rigidis
3023 5561 3079 5610 et
3099 5557 3374 5628 perversis
3393 5572 3480 5611 co-

1879 5645 2285 5701 habitationem
2340 5644 2648 5716 disciplinae
2701 5644 2972 5716 inferens,
3020 5645 3252 5700 mitibus
3289 5651 3348 5701 et
3373 5645 3480 5717 piis
