3920 6360
449 313 556 373 767
1401 328 1500 384 AD
1539 329 1778 388 OPERA
1813 335 1877 393 Β,
1919 336 2035 392 LA)

2116 335 2332 393 RANCI
2369 335 2760 392 APPENDIX.
3615 327 3724 387 768

449 443 779 548 ῘῖἶτξηῗιῖῗῩΨ
805 447 1022 548 eratin.
1036 462 1236 548 ‘agffus'
1269 450 1513 508 Gerebat
1531 455 1650 527 ips"-
1677 459 1952 548 Ψοάίοεῐη
1974 461 2044 516 εἶθ
2061 465 2108 522 Α
2125 477 2222 548 qui
2242 477 2460 533 studuit
2477 478 2792 534 doctrinam
2819 475 3074 548 Apostoli
3095 475 3334 529 dicentis
3357 493 3373 529 :
3393 475 3604 530 Pascite
3625 475 3728 542 qui

447 541 553 635 sua
578 544 822 628 persona
849 533 1282 593 sollicitudinem
1310 558 1322 608 ;
1353 558 1484 596 nam
1513 545 1723 600 cunctis
1761 553 1825 602 ut
1865 566 2035 619 agnus

2125 569 2189 620 in
2216 569 2364 620 vobis
2391 571 2466 620 est
2493 583 2710 635 gregem
2748 568 2864 630 Dei,
2897 567 3236 634 providentes
3273 579 3384 617 non
3409 569 3608 626 coacte,
3639 562 3735 615 sed

482 613 494 624 .
597 615 609 628 .
771 619 783 630 .
1109 625 1120 636 ,
1899 613 1931 619 -
2222 613 2360 620 ,πη
2392 613 2461 620 -.η
2496 613 2708 634 ητν..-
2748 613 2864 630 ---,
2897 613 2946 634 Γ.
3645 613 3725 615 ην

444 613 704 723 ﬁtfit?“
727 636 856 723 Plus
882 638 942 674 se
959 624 1236 723 aliubi-lem
1271 630 1584 723 exhibebat,
1617 651 1742 688 cum
1772 637 2043 692 fratribus
2123 659 2416 723 spontanee
2428 613 2731 708 secat/nciam
2746 656 2938 717 Deum,
2958 669 3128 720 neque
3149 655 3330 720 turpis
3347 653 3497 705 tueri
3513 653 3727 718 gratia,

451 708 746 812 etut-sicut
766 724 910 812 unus
934 727 999 765 ex
1020 715 1183 812 ipsis,
1213 715 1272 770 in
1303 735 1367 812 se
1391 719 1627 812 formam
1643 725 1834 794 gregis
1856 727 2047 796 potius
2127 745 2218 796 sed
2258 745 2604 812 volzmtarie,
2648 759 2819 810 neque
2842 747 2904 795 ut
2938 743 3286 795 dominantes
3328 743 3391 793 in
3430 743 3596 804 clero,
3639 741 3735 792 sed

450 807 618 861 quam
663 798 903 866 pastoris
947 803 1266 858 ostendens.
1329 807 1672 864 Gravitatem
1731 815 2044 883 praelaturae

448 883 640 936 tamen
682 892 849 954 prout
901 895 1123 959 poterat
1162 894 1460 951 retinebat.
1496 899 1559 952 In
1585 901 1846 955 omnibus
1874 903 2046 958 etiam

449 969 568 1022 suis
588 973 836 1041 agendis,
861 978 1114 1034 etsisatis
1137 984 1502 1053 expeditivus,
1523 988 1662 1042 satis
1681 989 2046 1047 nihilominus

451 1063 572 1112 erat
609 1059 743 1114 bene
775 1066 1083 1122 consultus.
1116 1069 1534 1142 Semperetiam
1561 1077 1703 1131 citra
1728 1078 2041 1148 ingressum

449 1161 597 1201 curae
627 1153 922 1218 pastoralis
956 1155 1243 1214 tristitiam
1273 1162 1427 1216 vultu
1459 1166 1806 1234 prmferebat.
1841 1169 2042 1223 Audivi

449 1235 654 1306 quippe
675 1253 708 1291 a
732 1239 840 1292 ﬁde
869 1242 1055 1312 dignis
1083 1262 1210 1300 eum
1238 1257 1364 1318 post
1381 1251 1696 1321 ingressum
1728 1257 2044 1326 praelaturze

447 1338 734 1416 nunquam
769 1329 939 1384 fuisse
960 1333 1194 1388 hilarem
1219 1337 1365 1392 sicut
1385 1348 1552 1394 antea
1581 1343 1782 1399 fuerat.
1802 1346 2042 1416 Perpen-

448 1410 617 1466 debat
657 1414 799 1470 forte
841 1434 966 1473 cum
1026 1423 1089 1474 B.
1137 1424 1407 1496 Gregorio
1445 1430 1712 1500 quidnam
1752 1410 2038 1500 amiserat,

447 1503 833 1570 perpendebat
859 1507 1225 1566 nihilominus
1256 1516 1390 1585 quid
1416 1519 1712 1583 tolerabat,
1746 1521 2040 1576 cernebat-

447 1603 556 1657 que
588 1606 650 1644 se
693 1592 898 1648 debere
923 1599 1227 1654 multorum
1259 1605 1468 1660 servire.
1498 1609 1762 1674 moribus,
1797 1611 2042 1682 singulo-

2125 833 2312 898 forma
2346 833 2486 899 facti
2512 835 2692 898 gregis
2731 847 2796 884 ea:
2825 833 3034 884 animo.
3076 830 3222 883 Nam
3263 827 3517 900 quamvis
3545 827 3730 897 gregi,

2129 936 2297 990 quem
2341 919 2698 990 dirigendum
2730 923 3074 988 susceperat,
3105 922 3254 971 esset
3281 921 3472 988 pastor
3504 921 3562 969 et
3589 932 3735 986 prae.

2125 1010 2294 1072 latus,
2326 1007 2642 1062 communis
2672 1013 2863 1061 tamen
2893 1012 3016 1060 erat
3043 1005 3320 1061 omnibus.
3356 1007 3553 1075 Itaque
3575 1004 3735 1057 salva

2123 1096 2348 1164 justitia
2372 1103 2430 1150 et
2455 1097 2732 1166 gravitate
2745 1095 3033 1166 pastorali,
3053 1094 3404 1165 singulorum
3425 1092 3660 1148 auribus
3671 1109 3734 1146 se

2126 1185 2548 1252 accommodat;
2582 1185 2640 1238 in
2671 1183 3018 1239 cmremoniis
3047 1200 3270 1254 quoque
3283 1181 3730 1246 chori,claustri,

2125 1273 2355 1344 capituli
2381 1279 2438 1328 et
2459 1273 2738 1327 refectorii
2767 1273 2908 1326 adeo
2939 1272 3198 1342 religiose
3233 1277 3290 1326 et
3321 1276 3643 1325 reverenter
3669 1287 3733 1324 se

2122 1361 2375 1432 gerebat.
2399 1363 2548 1432 quod
2576 1378 2770 1415 omnes
2791 1377 2923 1415 suos
2947 1361 3019 1415 ad
3037 1360 3389 1414 devotionem
3420 1359 3728 1414 alliciebat.

2123 1448 2363 1504 Domum
2392 1451 2493 1504 Dei
2522 1450 2666 1504 sicut
2685 1451 2952 1504 ardenter
2975 1449 3220 1512 amabat,
3240 1434 3335 1502 isic
3366 1449 3608 1502 multum
3637 1447 3734 1500 de-

2123 1538 2370 1594 corabat.
2406 1539 2566 1593 Unde
2586 1539 2985 1592 meritodicere
3015 1543 3238 1610 poterat
3267 1537 3732 1600 :Domine,dilea‘i

2123 1629 2365 1680 decorem
2394 1629 2590 1681 domus
2605 1634 2728 1694 tua},
2743 1633 2791 1680 et
2813 1631 2991 1681 locum
3007 1629 3370 1680 habitationis
3392 1629 3583 1692 gloria
3603 1630 3728 1678 tuan

450 1691 692 1786 fumique
723 1685 996 1786 mmiesjn
1037 1689 1238 1744 melius
1264 1693 1588 1761 reformare,
1623 1705 1680 1752 et
1705 1699 1774 1752 de
1803 1699 2038 1770 είηὲυιίε
2057 1773 2102 1786 ἢ
2123 1714 2267 1768 Nam
2297 1719 2471 1768 totam
2503 1715 2689 1768 navim
2718 1685 2776 1769 et
2804 1715 3092 1769 sinistram
3138 1725 3358 1786 partem
3392 1685 3552 1768 chori
3580 1730 3615 1768 a
3643 1729 3734 1766 ea—

444 1765 676 1821 tandem
713 1772 1031 1842 aequissimo
1051 1778 1228 1847 judici
1251 1783 1522 1839 rationem
1540 1787 1792 1842 reddere.
1813 1790 1877 1844 In
1898 1794 2035 1844 tem-

2121 1805 2267 1874 pella
2293 1803 2588 1873 Virginum
2619 1819 2794 1875 usque
2815 1805 2888 1858 ad
2915 1765 3481 1874 crueemrpavimento
3506 1802 3724 1868 stravit,

447 1857 731 1962 Eram)“:
775 1863 944 1962 etiam
984 1867 1118 1962 die“
1172 1875 1496 1929 ¹η⁰ηδ⁵ίθνίί
1528 1882 1644 1932 tam
1687 1879 1838 1932 imm
1867 1897 2035 1950 quam
2119 1857 2177 1944 et
2201 1892 2335 1945 fecit
2379 1857 2501 1945 ccam
2544 1857 2816 1956 dealbari,
2865 1891 2995 1962 quia
3025 1909 3092 1946 ex
3119 1857 3323 1960 vapore
3359 1890 3501 1944 fumi
3533 1906 3731 1960 proce-

447 1949 607 2052 ῗξξῐζα
635 1947 858 2052 inibono
887 1960 1037 2010 statu
1067 1975 1236 2052 manu
1257 1964 1494 2052 tenendo
1515 1971 1573 2018 et
1599 1965 1849 2022 desolata
1873 1947 2038 2040 repa-
2119 1979 2305 2034 dentis
2324 1979 2395 2034 ab
2427 1980 2558 2050 igne
2579 1981 2784 2034 ibidem
2807 1947 2852 2034 la
2879 1947 3082 2052 populo
3113 1947 3258 2034 facito
3288 1947 3581 2050 denigrata
3611 1979 3732 2033 fue-

445 2034 640 2102 rando,
683 2037 981 2113 debitaque
1017 2047 1104 2101 sui
1159 2051 1582 2120 praedecessoris
1629 2072 1752 2126 quae
1795 2034 2035 2112 maxime

2119 2074 2233 2126 rat.
2282 2069 2347 2122 In
2394 2034 2482 2122 eaq
2502 2069 2632 2123 fecit
2658 2069 2860 2124 altaria
2879 2034 2998 2124 ldulo
3027 2070 3188 2139 erigi,
3215 2086 3337 2140 quae
3362 2034 3474 2123 noun
3497 2070 3732 2123 luerunt

443 2130 622 2225 erant,
656 2130 943 2186 occasione
959 2151 1182 2204 guerraa
1203 2155 1326 2210 qua;
1355 2147 1607 2213 tempore
1635 2161 1736 2198 suo
1757 2145 2033 2216 viguerat,

2120 2175 2221 2211 suo
2248 2162 2502 2229 tempore
2530 2159 2804 2217 dedicata.
2841 2165 2898 2212 et
2920 2159 2976 2212 in
3000 2158 3276 2230 superiori
3296 2157 3561 2228 apposuit
3587 2159 3732 2212 ima-

443 2218 806 2313 acquittando
822 2222 958 2313 satis
985 2225 1238 2294 profecit.
1274 2230 1335 2282 In
1365 2233 1788 2302 recuperatione
1807 2236 2033 2289 tandem
2117 2242 2277 2312 gines
2307 2218 2626 2296 sanctorum
2661 2243 2809 2296 Clari
2834 2249 2891 2297 et
2928 2218 3257 2313 Apolloniae.
3310 2218 3467 2296 Fecit
3516 2243 3728 2296 iterum

445 2299 682 2358 ducatus
710 2307 1134 2402 Northmanniae
1155 2333 1256 2386 per
1281 2335 1467 2388 regem
1484 2322 1730 2378 Franciae
1757 2324 2033 2384 facienda.
2119 2331 2274 2402 pingi
2299 2348 2492 2385 cruces
2520 2331 2674 2386 intus
2695 2337 2753 2386 et
2778 2333 2914 2385 foris
2936 2331 2992 2385 in
3013 2331 3238 2401 signum
3255 2331 3649 2395 dedicationis,
3669 2337 3730 2385 et

598 2397 883 2492 nonnullis
907 2401 1033 2454 aliis
1062 2403 1192 2458 viris
1230 2412 1288 2459 et
1316 2407 1622 2478 rlynasticis
1649 2412 1950 2478 nobilibus,
1985 2419 2041 2468 et
2119 2397 2324 2474 clausit
2342 2419 2692 2475 vestiarium.
2714 2421 2778 2474 In
2799 2419 3469 2490 chorolocavitimagines
3487 2426 3735 2490 quatuor

447 2485 642 2579 emtas
686 2484 1152 2579 Rothomagensis
1189 2497 1334 2565 apud
1387 2497 1596 2552 dictum
1631 2517 1818 2570 regem
1851 2509 2042 2558 orator
2119 2507 2413 2561 doctorum
2439 2507 2722 2574 Ecclesiae,
2748 2508 3006 2579 Gregorii
3027 2508 3256 2566 scilicet.
3285 2507 3584 2574 Ambrosii,
3616 2510 3730 2564 Au-

445 2567 780 2628 destinatur.
810 2576 1023 2633 Deinde
1043 2597 1143 2650 per
1169 2584 1382 2639 dictum
1408 2603 1594 2657 regem
1616 2607 1728 2644 una
1757 2608 1880 2645 cum
1912 2593 2037 2647 aliis

445 2660 693 2758 praelatis
719 2678 820 2732 pro
841 2667 1191 2758 erpeditione
1220 2671 1378 2728 dictae
1407 2679 1764 2746 pragmaticm
1794 2683 2036 2736 sanctio-

445 2753 613 2840 nisin
643 2753 1006 2810 conventione
1037 2758 1372 2817 Bituricensi
1390 2769 1722 2836 comparuit,
1753 2769 1850 2823 ubi
1880 2770 2036 2840 prin-

443 2837 650 2913 cipium
679 2840 1025 2901 infirmitatis
1039 2851 1297 2920 sumpsit.
1311 2852 1584 2908 Finaliter
1601 2857 1674 2913 ad
1697 2837 2037 2914 scaccarium

443 2927 868 2988 Northmannize
889 2937 1037 3006 apud
1065 2939 1253 2994 villam
1276 2941 1609 3015 Rothomag.
1633 2946 1780 3001 sedis
1812 2955 2038 3004 vocatus

442 3015 566 3072 fuit.

515 3109 676 3163 Anno
707 3111 773 3166 D.
817 3111 974 3181 1452,
1013 3116 1232 3172 decima
1270 3121 1510 3191 septima
1546 3123 1636 3178 die
1681 3125 2030 3192 Novembris,

441 3202 568 3266 post
590 3215 820 3255 suorum
857 3208 1268 3276 susceptionem
1310 3217 1787 3267 sacramentorum
1830 3213 1900 3268 ab
1929 3215 2034 3270 hac

440 3286 565 3339 luce
594 3287 870 3358 migravit,
901 3294 1268 3366 sepultusque
1311 3304 1398 3352 est
1434 3299 1492 3352 in
1547 3301 1730 3355 medio
1759 3302 1932 3366 chori,
1961 3305 2033 3358 ad

439 3380 609 3445 caput
645 3377 931 3433 Guillelmi
981 3383 1176 3447 XXVI,
1227 3385 1444 3440 abbatis
1489 3389 1622 3442 dicti
1653 3393 1980 3446 monasterii
2017 3406 2029 3440 ε

441 3465 604 3533 cujus
635 3466 836 3522 animae
860 3471 1196 3541 propitietur
1217 3475 1380 3530 Jesus
1413 3477 1689 3546 Christus,
1713 3479 1887 3534 Filius
1915 3480 2033 3535 Ma-

437 3551 537 3606 riae
565 3553 830 3625 Virginis.
869 3559 1069 3615 Amen.

513 3641 779 3713 Sequitur
805 3647 1148 3719 epitaphium
1171 3653 1293 3722 ejus
1321 3675 1334 3709 :

440 3729 669 3787 Clarum
701 3737 1062 3806 Rothomagus
1089 3743 1288 3808 gaudet
1320 3747 1572 3811 genuisse
1596 3747 1888 3813 Joannem,

509 3821 578 3874 Et
616 3825 769 3878 tanto
805 3827 995 3880 Beccus
1023 3831 1186 3883 Patre
1217 3848 1402 3886 carere
1431 3835 1589 3888 dolet.

434 3911 592 3964 Juris
620 3915 871 3969 Paris-ius
901 3919 1214 3974 cathedram
1227 3937 1330 3989 per
1349 3929 1592 3994 tempora
1615 3930 1778 3980 rexit.

506 4001 726 4056 Fratres
755 4005 964 4060 direxit
992 4011 1235 4064 moribus
1263 4015 1325 4066 in
1357 4016 1574 4069 melius.

437 4089 606 4158 Quem
633 4093 856 4148 Rothom
876 4113 1070 4162 genere
1089 4104 1453 4167 commendat,
1481 4120 1641 4172 quem
1673 4120 1834 4160 sacra
1859 4108 2024 4175 jura,

509 4179 675 4246 Quem
692 4185 1020 4254 praelatum,
1043 4190 1281 4257 subiacet
1310 4193 1375 4246 in
1405 4195 1612 4250 cinere.

437 4265 516 4320 M.
547 4268 610 4321 C.
639 4275 833 4336 quater
851 4289 980 4328 sem.
1001 4287 1024 4329 Ι
1050 4277 1269 4345 duplex,
1293 4285 1341 4332 et
1364 4282 1570 4346 funera
1587 4284 1818 4349 signant

507 4357 706 4410 Mensis
725 4363 772 4412 et
803 4363 1016 4415 undeni
1035 4369 1266 4432 septima
1299 4367 1440 4421 dena
1463 4371 1596 4422 dies.

2117 2596 2330 2665 gustini
2359 2603 2528 2668 atque
2557 2597 2902 2668 Hieronymi,
2942 2605 3000 2650 et
3038 2599 3203 2668 juxta
3236 2597 3412 2651 altare
3458 2597 3515 2650 in
3565 2602 3730 2668 parte

2119 2684 2350 2739 sinistra
2379 2686 2564 2756 posuit
2577 2687 2920 2758 analogium,
2944 2686 3002 2740 in
3023 2703 3133 2757 quo
3144 2691 3532 2756 suntquatuor
3551 2703 3729 2756 ange-

2117 2775 2300 2828 lorum
2331 2779 2388 2828 et
2413 2775 2648 2828 totidem
2671 2775 3069 2846 prophetarum
3101 2773 3397 2844 imagines,
3421 2773 3568 2828 inter
3584 2791 3728 2845 quos

2121 2868 2254 2918 sunt
2281 2868 2525 2934 quatuor
2557 2865 2750 2934 ﬁgurae
2793 2864 3264 2933 evangelistarum
3308 2879 3478 2934 super
3519 2863 3728 2934 quibus

2120 2953 2388 3022 leguntur
2412 2953 2731 3022 Evangelia,
2767 2952 3119 3023 singulorum
3147 2953 3389 3022 singula,
3423 2969 3551 3006 cum
3583 2970 3726 3024 qua-

2057 3045 2254 3108 Ctuor
2281 3041 2500 3112 magnis
2537 3041 2908 3102 candelabris.
2960 3043 3105 3096 Ante
3161 3041 3479 3112 pedaneum
3521 3043 3728 3097 statuit

2116 3130 2421 3199 imaginem
2449 3130 2644 3201 Moysi,
2676 3147 2846 3201 super
2875 3146 3044 3200 quam
3078 3131 3345 3198 leguntur
3386 3131 3636 3200 epistolae
3667 3137 3728 3185 et

2115 3219 2381 3273 lectiones
2421 3219 2640 3272 Veteris
2667 3219 3034 3285 Testamenti,
3081 3223 3139 3272 et
3181 3218 3238 3272 in
3267 3219 3452 3272 medio
3484 3220 3640 3273 chori
3661 3221 3727 3274 ﬁ-

2113 3325 2312 3378 guram
2342 3307 2562 3378 aquilae,
2595 3324 2764 3378 super
2803 3325 2971 3378 quam
3001 3307 3248 3360 chorista
3278 3306 3438 3378 ponit
3463 3309 3720 3377 gradale.

2115 3397 2248 3460 Quae
2278 3397 2468 3450 omnia
2500 3397 2752 3451 Parisius
2801 3397 2868 3450 de
2914 3413 3089 3467 cupro
3118 3396 3345 3450 fuerunt
3369 3395 3517 3450 facta
3567 3397 3725 3452 Fecit

2114 3485 2284 3539 etiam
2314 3485 2437 3539 ﬁeri
2459 3502 2629 3540 unam
2659 3478 2880 3540 crucem
2917 3491 3240 3554 argenteam
3271 3485 3340 3538 de
3361 3485 3589 3555 scyphis
3619 3486 3724 3539 de-

2113 3573 2431 3628 cedentium
2467 3575 2855 3644 religiosorum
2899 3574 3164 3644 ponderis
3209 3588 3324 3627 xxx
3350 3575 3716 3628 marcharum

2113 3663 2200 3716 vel
2231 3664 2395 3728 circa,
2423 3664 2674 3734 reliquiis
2704 3669 2760 3717 et
2785 3663 3027 3732 gemmis
3053 3667 3331 3725 ornatam,
3355 3662 3413 3715 in
3445 3679 3560 3732 qua
3586 3670 3724 3717 sunt

2117 3758 2360 3822 quatuor
2401 3752 2576 3823 spinae
2631 3769 2848 3806 coronae
2890 3751 3195 3806 Salvatoris
3259 3751 3484 3804 Domini
3541 3752 3724 3807 nostri

2114 3841 2244 3894 Jesu
2275 3841 2504 3899 Christi.
2539 3846 2595 3894 et
2625 3841 2694 3894 de
2715 3856 2848 3894 vera
2878 3856 3041 3894 cruce
3075 3855 3202 3893 cum
3232 3839 3359 3892 aliis
3390 3845 3716 3894 sanctorum

2114 3929 2396 4000 reliquiis.
2443 3931 2520 3983 Eo
2564 3942 2816 4000 tempore
2857 3929 2988 3982 fecit
3017 3928 3076 3982 in
3103 3944 3324 3998 capsam
3343 3935 3513 3999 caput
3537 3931 3717 3984 sancti

2113 4018 2396 4072 Blasii.....
2427 4019 2542 4072 Has
2572 4035 2767 4072 omnes
2796 4017 3064 4088 reliquias
3089 4033 3191 4070 suo
3221 4023 3472 4088 tempore
3503 4018 3573 4071 ab
3599 4021 3719 4072 An-

2111 4107 2228 4176 glia
2257 4123 2291 4160 a
2328 4107 2742 4161 commonachis
2791 4106 2999 4160 nostris
3035 4105 3166 4159 inde
3207 4106 3452 4176 expulsis
3489 4107 3714 4167 allatas.

2112 4195 2243 4248 fecit
2270 4196 2587 4266 approbari.
2611 4197 2762 4250 Duos
2781 4196 2950 4249 etiam
2979 4195 3232 4248 urceolos
3261 4195 3330 4248 de
3359 4202 3597 4266 argento
3614 4213 3716 4266 pro

2113 4300 2262 4354 aqua
2303 4284 2595 4338 benedicta
2639 4284 2960 4349 deferenda,
3001 4289 3058 4337 et
3108 4283 3342 4337 totidem
3369 4283 3718 4354 aspersorios

2045 4401 2095 4459 D
2113 4373 2236 4427 fieri
2264 4373 2394 4428 fecit
2412 4375 2792 4444 ponderis.....
2826 4373 3184 4426 marcharum
3217 4373 3304 4426 vel
3333 4373 3506 4431 circa.
3561 4375 3717 4428 Fecit

509 4444 832 4500 Venerabili
872 4449 930 4502 in
978 4450 1200 4506 Christo
1246 4454 1413 4508 Patre
1454 4473 1520 4510 ac
1571 4456 1797 4512 domino
1853 4444 2280 4516 Jesu-uetiam
2313 4463 2435 4516 ﬁeri
2473 4463 2615 4516 duas
2655 4463 2898 4532 capellas
2928 4462 3098 4531 panni
3127 4462 3312 4524 serici,
3345 4463 3594 4517 munitas
3619 4480 3714 4517 ca-

437 4551 507 4588 NE
530 4535 725 4600 XXIX,
755 4535 955 4592 abbate
983 4540 1219 4594 coenobii
1243 4543 1528 4598 Beccensis
1548 4546 1716 4601 aDeo
1739 4551 2028 4616 accersito,
2115 4551 2274 4616 sulis,
2315 4551 2538 4617 tunicis,
2591 4551 2926 4616 dalmaticis,
2973 4551 3165 4621 cappis
3209 4550 3367 4616 albis,
3409 4544 3631 4606 amictis
3661 4557 3720 4606 et

437 4623 706 4677 successit
734 4623 794 4678 in
838 4627 1112 4696 regimine
1149 4631 1399 4700 praedicti
1424 4634 1660 4688 cmnobii
1691 4641 2029 4694 reverendus
2112 4639 2330 4710 mappis
2378 4639 2610 4710 paratis,
2657 4655 2828 4692 unam
2858 4639 3071 4692 scilicet
3101 4638 3257 4692 rubei
3287 4639 3512 4705 coloris,
3545 4640 3717 4694 aliam

439 4712 499 4766 in
518 4712 741 4767 Christo
756 4714 924 4769 Pater
940 4733 1005 4770 ac
1027 4717 1287 4774 dominus
1309 4721 1612 4778 Gaufridus
1637 4725 1706 4779 de
1735 4727 2024 4798 Hispania,
2111 4745 2240 4782 vero
2270 4727 2402 4794 albi,
2435 4735 2491 4783 et
2519 4729 2690 4782 etiam
2728 4727 3028 4798 complevit
3062 4728 3335 4797 capellam
3363 4729 3432 4782 de
3456 4729 3716 4801 Caroliis,

437 4803 768 4886 cognomine
798 4804 1150 4871 Benedictus,
1183 4814 1304 4862 tum
1335 4811 1488 4881 prior
1515 4813 1585 4867 de
1611 4813 1800 4879 Prato,
1817 4817 1912 4887 qui
1941 4817 2030 4871 die

437 4889 706 4946 Mercurii
747 4893 1002 4958 Quatuor
1032 4901 1348 4968 temporum
1391 4901 1712 4958 Decembris
1748 4905 1882 4958 anni
1926 4906 2032 4960 Do-

435 4980 575 5034 mini
628 4980 778 5047 l45‘2,
807 4987 1127 5040 convocatis
1156 4988 1415 5044 omnibus
1445 4997 1504 5046 et
1528 4991 1765 5062 singulis
1792 5010 2030 5063 quorum

435 5071 728 5136 intererat,
762 5072 1209 5131 solemnitatibus
1239 5080 1479 5134 assuetis
1507 5082 1616 5135 rite
1640 5083 1900 5152 peractis,
1936 5099 2034 5152 per

434 5161 580 5216 viam
602 5161 845 5233 Spiritus
869 5165 1046 5218 sancti
1071 5165 1128 5220 in
1146 5166 1406 5222 abbatem
1437 5169 1546 5222 fuit
1569 5169 2030 5236 electus,nemine

435 5251 852 5307 contradicente
877 5260 976 5308 aut
994 5271 1054 5308 se
1070 5264 1386 5326 opponente
1409 5275 1422 5322 ;
1447 5257 1650 5312 deinde
1677 5275 1777 5328 per
1799 5259 2029 5316 vicarios

435 5341 836 5412 archiepiscopi
858 5343 1344 5414 Rothomagensis.
1381 5345 1512 5399 sede
1544 5353 1792 5410 vacante,
1827 5365 2028 5404 secun-

437 5429 570 5482 dum
602 5431 1006 5500 pragmaticam
1054 5433 1396 5488 sanctionem
1450 5436 1814 5490 conﬁrmatus
1858 5443 2026 5509 atque

435 5515 780 5585 benedictus,
818 5521 1044 5576 demum
1077 5522 1243 5604 regiae
1275 5525 1558 5595 majestati
1585 5525 1870 5580 ﬁdelitatis
1893 5544 2028 5598 prae-

436 5605 584 5674 stitit
607 5605 1011 5676 juramentum,
1037 5628 1162 5665 mox
1183 5613 1241 5678 in
1259 5630 1392 5689 cura
1421 5615 1526 5676 sibi
1555 5615 1852 5673 commissa
1880 5615 2027 5671 inse-

2114 4833 2236 4888 quze
2264 4823 2396 4871 ante
2426 4817 2609 4871 fuerat
2641 4833 2739 4888 per
2758 4833 2888 4871 suos
2913 4816 3347 4887 praedecessores
3369 4816 3630 4888 incoepta.
3653 4819 3721 4872 Et

2113 4921 2185 4959 ne
2209 4905 2224 4958 i
2233 4923 2326 4976 pse
2343 4911 2399 4959 et
2409 4908 2534 4976 ejus
2553 4913 2860 4960 conventus
2879 4910 3174 4959 notaretur
3197 4905 3266 4958 de
3287 4905 3714 4974 ingratitudine,

2115 5001 2171 5048 et
2199 4994 2489 5048 laberetur
2503 4996 2773 5049 memoria
2799 4995 3217 5048 benefactorum
3251 4995 3720 5066 ecclesiaa,quam-

2113 5083 2240 5137 dam
2273 5100 2512 5154 cuppam
2547 5085 2822 5138 munitam
2857 5083 3217 5138 circumcirca
3259 5089 3515 5153 argento,
3547 5100 3719 5155 quam

2112 5172 2427 5243 antiquitus
2454 5173 2689 5226 dederat
2709 5173 2858 5227 dicto
2889 5172 3140 5226 coenobio
3175 5171 3408 5226 celebris
3434 5173 3719 5226 memoriae

2113 5261 2340 5314 domina
2371 5261 2656 5316 Mathildis
2699 5261 3044 5332 imperatrix,
3077 5278 3201 5331 quae
3247 5266 3428 5314 tractu
3449 5261 3718 5332 temporis

2111 5350 2294 5404 fuerat
2323 5357 2674 5421 consumpta,
2709 5357 2766 5404 et
2791 5351 2994 5404 deinde
3027 5367 3126 5420 per
3156 5350 3482 5404 defunctum
3535 5349 3718 5405 domi-

2109 5457 2245 5494 num
2268 5441 2574 5494 Robertum
2596 5441 2664 5495 de
2687 5441 2980 5512 Hispania,
3009 5448 3262 5511 tempore
3292 5457 3403 5512 quo
3427 5440 3645 5494 vivebat
3661 5443 3719 5493 et

2110 5528 2369 5595 decessit,
2399 5528 2642 5598 priorem
2676 5530 2956 5600 prioratus
3000 5528 3178 5583 beatae
3215 5529 3404 5582 Mariae
3447 5528 3516 5582 de
3547 5529 3716 5581 Prato

2108 5633 2286 5687 prope
2333 5617 2766 5687 Rothomagum,
2821 5625 3084 5690 patruum
3151 5618 3402 5688 ejusdem
3471 5616 3716 5672 defuncti
