3920 6356
513 285 614 343 771

1462 287 1560 342 AD
1599 287 1840 344 OPERA
1875 287 1941 342 B.
1979 284 2396 344 LANFRANCJ
2433 285 2821 344 APPENDIX.

3677 281 3780 341 772

1189 413 1509 486 TITULI
1544 412 2038 487 LIBRORUM
2086 411 2588 487 BECCENSIS
2633 412 3065 486 ALMARII.

585 583 740 636 Libri
761 583 906 635 beati
932 580 1240 648 Augustini
1267 583 1516 648 episcopi.

583 673 651 725 In
706 685 818 724 uno
873 672 1152 724 volumine
1216 686 1386 740 super
1449 668 1760 722 Johannem
1826 683 2114 721 sermones

515 760 930 816 CXXIIII.-—-In
946 775 970 812 ο
983 759 1164 812 ιίο.1)θ
1181 757 1402 811 civitate
1415 756 1638 822 Dei,lib.
1657 757 1883 810 XXII.-
1903 757 2108 809 lnah’o.

513 849 894 908 Enchiridion.
919 847 1058 902 liber
1074 847 1393 901 unus.—De
1420 846 1676 900 doctrina
1703 845 2026 912 christiana,
2048 843 2113 897 li-

514 937 606 992 bri
627 937 782 992 Ι]Ι.-
803 936 1112 990 Simbolum
1143 935 1210 988 ab
1243 935 1436 989 eodem
1468 933 2108 1004 dictatum.--Disputa—

512 1027 592 1081 tio
622 1033 818 1080 contra
839 1025 1180 1080 Felicianum
1211 1024 1523 1078 hereticum
1547 1024 1616 1077 de
1647 1023 1920 1076 trinitate.
1943 1052 1999 1062 —-
2030 1020 2110 1074 De

514 1115 855 1187 perfectione
877 1114 1122 1183 justicie,
1142 1112 1286 1166 liber
1306 1129 1470 1166 unus.
1499 1143 1522 1150 —
1568 1112 1648 1166 De
1670 1118 1870 1165 natura
1899 1114 1954 1163 et
1971 1126 2110 1181 gra-

514 1205 619 1268 cia,
649 1203 792 1258 liber
817 1219 981 1257 unus.
1006 1233 1058 1242 --
1088 1201 1335 1272 Epistola
1355 1201 1604 1270 ejusdem
1635 1201 1705 1254 ad
1725 1200 2106 1253 Valentinum.

514 1323 574 1335 —
626 1291 707 1347 De
729 1291 920 1362 gracia
949 1297 1003 1344 et
1035 1291 1212 1344 libero
1238 1289 1491 1349 arbitrio,
1537 1288 1679 1342 liber
1724 1304 1892 1340 unus.
1929 1317 2008 1328 —-
2032 1286 2114 1340 De

517 1381 878 1452 conceptione
927 1386 984 1434 et
1009 1379 1212 1450 gratia,
1253 1379 1395 1432 liber
1423 1395 1586 1432 unus.
1613 1408 1679 1418 ς-
1711 1377 1960 1448 Epistola
1985 1377 2118 1429 Pro-

515 1472 664 1541 speri
686 1471 758 1524 ad
787 1485 1018 1522 eum.—
1035 1467 1286 1538 Epistola
1312 1465 1856 1520 HilariiArdurensis
1879 1465 1946 1518 ad
1961 1481 2110 1518 eum.

513 1587 572 1600 --
603 1558 684 1612 De
719 1557 1197 1628 predestinatione
1219 1560 1558 1614 sanctorum.
1586 1554 1730 1608 liber
1749 1553 1776 1606 Ι
1803 1583 1858 1594 --
1875 1553 2111 1608 Debono

509 1646 949 1718 perseverantie,
977 1644 1120 1698 liber
1141 1646 1184 1698 Ι.
1215 1674 1290 1684 --
1329 1646 1395 1698 In
1425 1647 1566 1698 alio.
1605 1643 1812 1697 Contra
1841 1643 2111 1696 Faustum

517 1735 894 1799 Manicheum.
923 1733 1023 1788 lib.
1057 1734 1128 1788 Il.
1150 1763 1223 1774 ——
1247 1732 1327 1786 De
1357 1732 1657 1793 mendatio,
1681 1731 1775 1785 lib.
1801 1733 1843 1786 Ι.
1874 1762 1946 1772 -—
1971 1730 2115 1786 Con-

511 1829 604 1878 tra
629 1823 996 1880 mendatium,
1027 1821 1132 1875 lib.
1161 1823 1206 1879 Ι.
1248 1851 1320 1862 ——-
1349 1823 1428 1876 De
1459 1838 1591 1875 cura
1625 1837 1725 1892 pro
1755 1821 1992 1874 mortuis
2019 1837 2116 1890 ge-

2119 578 2371 639 Actione
2397 577 2476 632 XI
2502 583 2560 632 et
2579 578 2742 632 multi
2773 579 2886 634 alii.
2913 611 2972 621 -
2989 581 3056 635 In
3079 582 3210 632 alio.
3239 578 3483 651 Epistole
3512 580 3782 650 ejusdem,

2197 671 2254 719 et
2281 667 2340 720 in
2367 667 2560 720 eodem
2592 667 2660 720 de
2687 666 2767 720 VI
2793 666 3200 738 questionibus.
3239 667 3333 723 lib.
3381 665 3428 720 Ι.
3456 698 3521 708 -
3549 665 3700 722 Item
3719 668 3787 721 ad

2195 753 2564 818 Bonifacium,
2594 754 2689 812 lib.
2723 755 2836 811 I.—
2860 754 3005 808 Item
3035 753 3104 809 ad
3131 755 3430 810 Paulinum
3457 757 3526 810 de
3551 755 3793 810 videndo

2195 841 2330 909 Deo,
2359 843 2453 896 lib.
2485 843 2530 896 Ι.
2551 842 2774 898 -—Item
2807 844 2875 896 de
2903 845 3184 915 presentia
3213 845 3316 898 Dei
3343 844 3413 899 ad
3443 845 3790 912 Dardanum,

2194 931 2285 985 lib.
2323 929 2367 986 Ι.
2397 959 2458 968 -
2484 937 2552 988 In
2585 937 2716 986 alio.
2753 933 2835 986 De
2871 931 3046 986 verbis
3094 933 3326 988 Homini.
3383 938 3440 986 et
3487 933 3556 987 de
3610 932 3795 988 verbis

2194 1021 2462 1092 Apostoli,
2517 1027 2574 1075 et
2621 1023 2690 1076 de
2728 1021 2958 1094 psalmis
3005 1038 3292 1075 sermones
3321 1021 3698 1079 LXXXIX-—
3729 1025 3796 1078 In

2193 1113 2309 1164 alio
2363 1110 2547 1183 Super.
2571 1111 2864 1182 epistolam
2897 1109 2962 1165 ad
2989 1109 3273 1164 Romanos
3287 1116 3525 1181 etsuper
3546 1111 3795 1182 primam

2195 1199 2265 1252 ad
2297 1199 2632 1254 Corinthios.
2667 1229 2725 1239 -—
2774 1201 2836 1253 In
2879 1202 3012 1252 alio.
3049 1199 3229 1270 Super
3265 1199 3530 1270 epistolas
3575 1209 3796 1254 ceteras

2194 1289 2534 1359 Apostoli.—
2549 1290 2617 1342 In
2639 1291 2770 1342 alio.
2792 1289 2872 1342 De
2899 1287 3044 1342 bono
3074 1287 3374 1358 conjugali.
3401 1287 3493 1341 lib.
3536 1287 3582 1342 Ι.
3612 1319 3682 1330 -
3709 1289 3796 1343 De

2200 1379 2418 1449 nupciis
2449 1385 2505 1432 et
2529 1379 3000 1450 concupiscentia,
3019 1377 3092 1431 lib
3141 1377 3215 1432 ΙΙ.
3241 1411 3290 1418 -α
3331 1377 3541 1431 Contra
3561 1375 3798 1431 Parme-

2198 1467 2550 1528 nianum,lib.
2567 1467 2627 1522 II
2649 1498 2701 1508 -—
2717 1467 2926 1522 Contra
2940 1465 3378 1532 Petilianum,lib
3408 1463 3496 1522 III
3519 1469 3636 1520 -ln
3653 1468 3792 1520 alio.

2197 1561 2404 1614 Contra
2431 1555 2852 1622 Achademicos,
2881 1555 2974 1608 lib.
3007 1553 3112 1609 III.
3152 1585 3200 1592 ι-
3238 1553 3319 1607 De
3342 1554 3454 1607 vita
3483 1552 3668 1614 beata,
3694 1554 3797 1609 lib.

2196 1639 2308 1694 1.-
2328 1643 2408 1696 De
2428 1643 2639 1697 ordine.
2673 1644 2767 1697 lib.
2800 1643 2917 1697 I.—
2948 1645 3028 1699 De
3053 1643 3270 1699 duabus
3292 1643 3606 1698 animabus.
3631 1643 3728 1697 lib.
3745 1643 3793 1699 Ι.

2199 1761 2261 1771 -
2283 1731 2362 1785 De
2382 1733 2576 1801 regula
2598 1731 2728 1785 ﬁdei
2763 1749 2908 1795 vere,
2947 1731 3040 1786 lib.
3073 1731 3116 1786 Ι.
3146 1764 3206 1772 -
3249 1733 3548 1788 Sermones
3577 1730 3796 1785 IIII.—

2197 1817 2368 1875 Liber
2396 1822 2464 1875 de
2493 1823 2755 1877 conflictu
2793 1823 3055 1877 vitiorum
3087 1830 3146 1878 et
3172 1823 3461 1878 virtutum.
3496 1852 3542 1860 —
3575 1820 3796 1877 Omelie

511 1913 708 1976 renda,
740 1910 834 1965 lib.
865 1912 910 1966 Ι.
941 1939 995 1951 -
1045 1909 1125 1963 De
1151 1926 1282 1963 vera
1309 1909 1594 1978 religione.
1617 1908 1713 1962 lib.
1740 1910 1782 1963 Ι.
1810 1938 1881 1950 --
1907 1908 1990 1962 De
2019 1899 2178 1960 na-B
2200 1911 2410 1965 Cesarii
2433 1912 2498 1964 X.
2520 1941 2558 1950 -
2584 1912 2796 1981 Regula
2810 1911 3208 1966 clericorum.-—~
3245 1915 3311 1966 In
3340 1913 3468 1965 alio.
3493 1909 3800 1981 Denuptiis

507 2005 640 2054 tura
667 2006 724 2054 et
743 1999 959 2070 origine
989 1999 1176 2052 anime
1227 1997 1297 2052 ad
1332 1999 1626 2052 Renatum.
1663 1997 1802 2050 liber
1856 1997 1899 2051 Ι.
1928 2026 2003 2037 -——
2023 1995 2110 2048 Ad

513 2089 748 2144 Petrum
807 2087 1183 2158 presbiterum
1215 2086 1283 2140 de
1313 2086 1505 2140 eadem
1537 2102 1616 2146 re,
1667 2085 1810 2140 liber
1837 2087 1882 2140 Ι.
1924 2117 1975 2126 -
2024 2085 2110 2137 Ad

508 2177 867 2232 Vincentium
898 2177 1178 2231 Victorem
1214 2177 1283 2230 de
1311 2177 1503 2230 eadem
1532 2193 1608 2230 re.
1631 2175 1759 2230 libri
1782 2175 1856 2230 II.
1879 2207 1959 2216 —-
1984 2177 2112 2231 Ser-

510 2281 604 2321 mo
632 2267 989 2321 Arianorum.
1024 2295 1084 2306 -—
1125 2265 1334 2319 Contra
1365 2265 1622 2318 eumdem
1677 2282 2016 2329 sermonem,
2044 2265 2112 2320 li-

509 2355 614 2410 ber
644 2371 804 2408 unus.
841 2385 904 2396 -—
933 2353 1015 2408 De
1038 2353 1286 2408 utilitate
1312 2353 1596 2413 credendi,
1633 2353 1774 2406 liber
1800 2354 1844 2407 Ι.
1876 2383 1939 2394 -
1967 2353 2112 2408 Con-

509 2452 604 2500 tra
629 2445 1009 2499 adversarium
1040 2443 1177 2513 legis
1203 2450 1258 2497 et
1286 2443 1706 2514 pmphetarum.
1733 2443 1914 2498 lib.II.
1945 2471 2000 2482 --
2013 2441 2110 2496 Li-

513 2535 615 2590 ber
643 2534 736 2605 qui
760 2533 1075 2604 appellatur
1099 2532 1534 2603 Yponnosticon.
1559 2564 1603 2572 κ-
1630 2534 1838 2585 Ιηαιίο.
1873 2531 1954 2585 De
1976 2531 2110 2586 Tri-

513 2623 693 2678 nitate
722 2621 820 2676 lib.
850 2621 1032 2676 XV.-
1051 2623 1113 2675 In
1137 2625 1269 2675 alio.
1315 2622 1510 2674 Sermo
1538 2620 1606 2673 de
1638 2620 1975 2690 pastoribus,
1997 2639 2111 2674 ser-

513 2727 606 2766 mo
633 2712 702 2766 de
726 2711 991 2766 ovibus.-
1010 2711 1090 2765 De
1105 2710 1380 2780 baptismo
1403 2709 1672 2762 adversus
1691 2708 2023 2772 Donatistas,
2048 2709 2109 2762 li-

513 2799 600 2854 bri
628 2800 752 2855 VII.
781 2828 849 2840 -
877 2802 954 2856 De
985 2799 1264 2870 baptismo
1317 2797 1695 2866 parvulorum,
1752 2796 1880 2850 libri
1924 2795 2000 2850 II.
2043 2828 2106 2838 —

514 2888 764 2961 Epistola
794 2887 1096 2958 Augustini
1116 2886 1186 2940 ad
1216 2884 1689 2938 Marcellinum.—-
1725 2883 1806 2938 De
1834 2885 2000 2940 unico
2013 2885 2110 2940 ba-

509 2979 738 3052 ptismo,
761 2977 910 3031 liber
936 2991 1103 3030 unus.
1137 3005 1196 3016 -—
1225 2973 1307 3027 De
1333 2973 1534 3042 spiritu
1565 2979 1621 3026 et
1651 2972 1854 3027 littera.
1891 2973 2032 3026 liber
2061 2975 2105 3028 Ι.

511 3099 576 3112 -—
609 3071 677 3124 In
715 3068 933 3122 alien-3
965 3066 1146 3135 Super
1175 3063 1436 3117 Genesim
1466 3061 1535 3114 ad
1566 3061 1829 3124 litteram,
1850 3061 1944 3114 lib.
1979 3063 2102 3116 XII.

2195 2005 2252 2054 et
2273 2001 2738 2071 concupiscentia,
2757 2000 2848 2054 lib.
2872 2000 2918 2054 Ι-
2938 2031 3000 2040 --
3027 2003 3326 2056 Sermones
3342 1999 3448 2054 III.
3479 2029 3535 2038 —
3566 1996 3643 2053 De
3670 2015 3800 2070 pre-

2193 2088 2567 2142 destinatione
2600 2089 2804 2150 divina,
2834 2088 2930 2142 lib.
2980 2088 3024 2142 Ι.
3059 2119 3123 2130 --
3183 2089 3264 2144 De
3291 2089 3579 2145 viduitate.
3611 2087 3714 2142 lib.
3743 2087 3790 2142 Ι.

2191 2207 2239 2218 -—
2279 2177 2360 2232 De
2391 2177 2751 2234 continentia,
2780 2176 2874 2230 lib.
2899 2178 3010 2231 1.-
3033 2177 3279 2248 Epistole
3307 2178 3377 2232 ad
3406 2177 3626 2232 Sixtum
3657 2178 3793 2232 due.

2192 2293 2255 2304 --
2289 2267 2656 2330 Questionum
2685 2267 2870 2321 Orosii
2899 2265 2994 2320 lib.
3019 2266 3063 2320 Ι.
3095 2297 3158 2306 -
3201 2268 3410 2322 Contra
3438 2273 3660 2338 partem
3691 2267 3796 2322 Do-

2192 2355 2309 2407 nati
2341 2361 2468 2425 post
2493 2361 2671 2424 gesta,
2691 2353 2786 2408 lib.
2803 2351 2831 2408 Ι
2843 2383 2910 2404 .--
2926 2355 3332 2409 Annotationes
3353 2356 3408 2408 in
3423 2355 3446 2409 J
3457 2354 3547 2416 ob,
3565 2353 3660 2407 lib.
3679 2351 3797 2408 I.-

2193 2439 2272 2494 De
2299 2441 2410 2495 ﬁde
2439 2448 2498 2496 et
2527 2441 2806 2512 operibus,
2839 2440 2932 2495 lib.
2970 2437 3016 2495 Ι.
3047 2472 3114 2482 —
3144 2443 3224 2496 De
3263 2443 3460 2514 regula
3487 2460 3617 2496 vere
3639 2443 3792 2506 ﬁdei,

2191 2528 2289 2582 lib.
2324 2528 2368 2582 Ι.
2427 2558 2488 2567 —
2537 2531 2618 2585 De
2647 2531 2757 2584 ﬁde
2789 2547 2854 2584 ac
2881 2529 3136 2595 simbolo,
3165 2531 3258 2584 lib.
3296 2530 3340 2585 Ι.
3372 2557 3432 2567 -
3459 2531 3548 2585 Ad
3576 2533 3794 2585 Janua-

2193 2617 2359 2676 rium,
2376 2617 2471 2671 lib.
2504 2615 2730 2672 11.-1η
2753 2621 2933 2672 eodem
2951 2664 2960 2673 .
2976 2620 3272 2673 Sermones
3295 2617 3794 2690 pluresAugustini

2192 2704 2462 2760 Johannis
2493 2713 2550 2760 et
2577 2707 2813 2760 aliorum
2849 2707 3239 2777 quorumdam.
3260 2710 3401 2762 -Ῑη
3415 2711 3547 2761 alio.
3581 2709 3795 2760 Contra

2193 2794 2573 2862 Cresconium,
2604 2795 2682 2849 lib
2732 2794 2866 2848 ΙΙΙΙ.
2926 2825 2986 2835 -
3037 2794 3182 2850 Item
3215 2799 3277 2850 in
3308 2799 3487 2850 eodem
3515 2802 3680 2867 gesta
3706 2795 3794 2849 al-

2190 2885 2675 2939 tercationisbeati
2688 2885 2985 2956 Augustini
3014 2890 3210 2939 contra
3228 2883 3592 2939 Maximinum
3623 2885 3792 2939 Aria-

2191 2989 2392 3026 norum
2414 2973 2752 3044 episcopum.
2777 3005 2830 3015 -—
2864 2971 3006 3027 Item
3034 2981 3228 3027 contra
3249 2974 3507 3028 eumdem
3537 2973 3795 3028 Maximi-

2187 3075 2343 3116 num.
2374 3061 2468 3114 lib.
2499 3059 2571 3115 ΙΙ.
2607 3095 2663 3104 -
2707 3065 2774 3116 In
2793 3064 2924 3116 alio.
2958 3063 3036 3116 De
3065 3059 3348 3116 LXXXIII
3377 3062 3788 3132 questionibus,

511 3188 578 3200 —
605 3160 673 3212 In
687 3154 993 3211 alio—De
1022 3167 1294 3207 consensu
1319 3151 1811 3220 evangelistarum,
1841 3151 1935 3204 lib.
1971 3152 2102 3206 IIII.
2123 3149 2278 3233 Clib.
2311 3147 2358 3203 Ι.
2388 3180 2449 3190 ——
2484 3149 2852 3203 Sententieab
2867 3149 3058 3204 eodem
3077 3151 3284 3205 dictata
3310 3149 3457 3204 XXI.
3495 3179 3559 3192 —
3593 3152 3794 3206 Sermo

514 3274 577 3284 —
609 3245 691 3299 De
716 3259 974 3298 sermone
1023 3241 1249 3296 Domini
1276 3240 1336 3294 in
1365 3246 1571 3304 monte,
1599 3239 1694 3292 lib.
1719 3240 1782 3296 II.
1815 3269 1870 3278 —
1909 3240 2106 3294 Sermo

511 3330 582 3384 de
605 3331 786 3386 verbis
805 3328 1017 3384 Domini
1043 3327 1139 3398 qui
1159 3326 1374 3382 dixerit:
1386 3326 1768 3396 «blasphemia
1781 3332 1974 3380 contra
1987 3328 2107 3398 Spi-

511 3420 686 3474 ritum
721 3428 976 3474 sanctum
1004 3436 1115 3474 non
1147 3418 1457 3472 remittitur
1484 3418 1556 3471 ei.
1593 3438 1618 3470 ι)
1659 3447 1719 3456 -
1743 3419 1938 3473 Sermo
1958 3421 2026 3474 de
2058 3421 2106 3474 X

509 3507 694 3579 plagis
709 3507 910 3578 Egypti
929 3514 985 3562 et
1003 3509 1072 3564 de
1091 3509 1141 3561 Χ
1162 3507 1436 3578 preceptis
1453 3507 1572 3560 Dei.
1600 3541 1631 3548 -ν
1661 3508 1727 3560 In
1757 3511 1889 3560 alio.
1912 3508 2106 3563 Sermo

512 3596 584 3650 de
603 3597 654 3650 X
681 3597 889 3654 cordis.
907 3628 961 3639 --
981 3597 1177 3651 Sermo
1197 3595 1265 3649 de
1287 3595 1584 3665 disciplina
1611 3593 1918 3649 christiana
1945 3626 2002 3636 —
2029 3597 2106 3650 De

509 3685 842 3756 penitentia,
868 3685 960 3738 lib.
993 3687 1034 3743 Ι.
1065 3717 1128 3728 --
1159 3685 1240 3738 De
1269 3683 1678 3738 cathecizandis
1721 3684 1974 3748 rudibus,
2003 3683 2101 3738 lib.

505 3775 550 3830 Ι·
585 3803 650 3816 -
683 3775 1068 3846 Soliloquium,
1098 3773 1193 3828 lib.
1225 3775 1294 3828 ΙΙ.
1343 3805 1406 3815 -
1457 3774 1536 3828 De
1562 3773 1734 3827 libero
1759 3773 1992 3828 arbitrio
2016 3791 2108 3826 vo-

505 3863 763 3918 luntatis.
793 3863 886 3917 lib.
921 3862 1020 3918 III.
1080 3894 1144 3905 --
1197 3863 1302 3933 Seq
1374 3861 1586 3916 Genisii
1611 3862 1666 3930 (Τ)
1697 3868 1892 3916 contra
1920 3861 2106 3916 Mani-

505 3951 690 4007 cheos,
712 3949 806 4004 lib.
825 3952 895 4006 II.
927 3979 978 3988 —
1010 3951 1292 4006 Adversus
1319 3949 1644 4004 Manicheos
1666 3951 1876 4005 Contra
1903 3950 2106 4020 episto-

504 4039 620 4092 lam
651 4039 1048 4100 Fundamenti,
1081 4039 1174 4093 lib.
1208 4041 1248 4095 Ι.
1280 4070 1341 4080 —-
1381 4042 1448 4094 1n
1477 4043 1613 4094 alio.
1649 4039 1832 4110 Super
1863 4041 2102 4110 primam

505 4134 726 4198 partem
743 4127 1108 4198 psalmorum.
1141 4157 1213 4169 —
1243 4130 1312 4182 In
1332 4131 1390 4182 al
1399 4131 1469 4181 io.
1505 4128 1684 4198 Super
1703 4129 2106 4182 secundam.—

506 4216 574 4268 In
603 4219 733 4269 alio.
765 4216 946 4284 Super
973 4215 1214 4268 tertiam.
1245 4241 1282 4252 -
1323 4217 1389 4270 In
1415 4219 1548 4268 alio.
1577 4216 1787 4270 Contra
1816 4217 2105 4270 Julianum

505 4303 938 4372 hereticum,lib.
962 4302 1341 4358 VL—Contra
1361 4303 1607 4374 quinque
1635 4305 1901 4358 hostium.
1935 4303 2032 4358 lib.
2059 4305 2100 4358 I.

505 4419 578 4433 —
635 4392 714 4446 De
756 4409 937 4462 agone
993 4391 1316 4458 christiano,
1342 4393 1436 4446 lib.
1467 4394 1581 4448 I.-—
1603 4393 1852 4464 Epistole
1880 4390 2104 4447 Ysidori

2188 3238 2435 3308 ejusdem
2463 3238 2531 3291 de
2553 3237 2837 3309 Epicureis
2856 3246 2912 3292 et
2935 3239 3152 3294 Stoicis.
3174 3269 3237 3280 —-
3261 3237 3402 3292 Item
3430 3239 3578 3293 alius
3601 3255 3798 3296 sermo

2187 3328 2257 3382 de
2293 3345 2358 3381 eo
2390 3329 2538 3398 quod
2560 3327 2770 3382 dictum
2785 3335 2913 3382 esta
2931 3327 3160 3382 Domino
3185 3329 3253 3382 ad
3273 3329 3522 3400 Moysem
3541 3346 3633 3397 rgo
3661 3343 3791 3381 sum

2187 3433 2282 3486 qm
2313 3433 2456 3470 smn.
2485 3445 2542 3454 —
2564 3415 2644 3470 De
2660 3423 2864 3470 natura
2885 3417 3036 3478 boni,
3067 3417 3161 3470 lib.
3189 3415 3233 3471 I.
3269 3448 3333 3457 —
3357 3417 3572 3472 Contra
3602 3417 3790 3472 Mani-

2191 3505 2377 3567 cheos,
2408 3505 2504 3560 lib.
2523 3503 2567 3562 Ι.
2665 3505 3038 3576 Expositionis
3067 3507 3438 3576 quarumdam
3457 3507 3790 3578 prapositio-

2188 3609 2323 3647 num
2351 3611 2420 3646 ex
2443 3595 2681 3665 epistola
2709 3595 2867 3648 Pauli
2889 3595 2960 3648 ad
2981 3595 3264 3648 Romanos
3284 3595 3382 3648 lib.
3401 3591 3446 3647 Ι.
3469 3624 3527 3634 -
3551 3597 3618 3648 In
3649 3599 3786 3649 alio.

2191 3683 2266 3736 De
2289 3683 2576 3753 magistro,
2595 3683 2687 3736 lib.
2709 3682 2752 3738 Ι.
2773 3713 2833 3726 —-
2851 3685 2928 3736 lle
2945 3683 3285 3737 divinatione
3305 3681 3786 3743 demonum,lib.I.

2189 3769 2340 3825 -De
2371 3771 2696 3842 penitentia,
2728 3771 2822 3824 lib.
2847 3771 3044 3826 L—ile
3067 3789 3245 3842 agone
3265 3773 3590 3831 christiano,
3615 3773 3712 3826 lib.
3735 3771 3784 3827 Ι.

2188 3891 2259 3899 -
2283 3860 2796 3914 Deimmortalitate
2826 3861 3030 3918 anime.
3063 3861 3158 3914 lib.
3186 3859 3231 3914 Ι.
3273 3890 3336 3900 -
3379 3861 3457 3914 De
3487 3863 3787 3932 patientia,

2187 3948 2280 4002 lib.
2296 3947 2494 4007 I.-—De
2508 3947 2812 4010 heresibus,
2830 3948 2971 4002 lib.I.
2986 3949 3262 4002 -—Electio
3283 3955 3340 4003 et
3355 3949 3637 4005 ordinatio
3651 3952 3786 4006 Era-

2186 4038 2275 4090 clii
2297 4037 2939 4108 presbiterisucressoris
2961 4038 3138 4092 sancti
3168 4039 3468 4108 Augustini
3494 4039 3566 4093 ab
3589 4041 3784 4094 eodem

2186 4125 2502 4194 Augustino
2527 4125 2676 4179 facta
2706 4126 2763 4178 et
2803 4125 2978 4194 gestis
3005 4125 3394 4179 ecclesiasticis
3427 4128 3780 4182 conﬁrmata.

2191 4243 2247 4253 —-
2279 4214 2494 4268 Omelie
2523 4213 2775 4284 ejusdem
2792 4213 2981 4268 XVIII
3011 4214 3070 4268 in
3093 4213 3469 4285 Apocalipsim
3489 4216 3781 4271 Johannis.

2185 4331 2248 4344 --
2295 4301 2464 4356 Liber
2519 4302 2588 4356 de
2625 4302 2964 4356 testimoniis
2996 4303 3311 4357 divinarum
3363 4303 3780 4374 Scripturarum

2185 4389 2279 4460 qui
2325 4391 2646 4461 appellatur
2694 4392 3003 4461 speculum.
3036 4391 3131 4462 qui
3155 4407 3268 4445 non
3300 4397 3388 4446 est
3415 4391 3568 4446 beati
3598 4395 3784 4465 Augu-

507 4477 751 4550 eplscopi
780 4479 848 4538 de
879 4479 928 4532 X
951 4478 1186 4534 Hebreis
1203 4481 1524 4535 nominibus
1545 4481 1938 4534 salvatoris—
1972 4481 2102 4535 Ser-
2123 4478 2340 4546 Dstini.
2363 4510 2428 4520 -
2464 4481 2532 4534 1η
2561 4483 2692 4533 alio.
2742 4481 2815 4534 De
2843 4481 2997 4533 Novo
3015 4481 3374 4534 Testamento
3405 4481 3478 4534 ad
3517 4481 3785 4537 Honora-

505 4584 600 4622 mo
627 4565 879 4637 Cipriani
905 4567 1149 4638 episcopi
1170 4569 1240 4622 de
1269 4584 1436 4638 opere
1463 4574 1520 4622 et
1541 4568 2100 4624 eleemosina.—Ser-

505 4673 600 4712 mo
640 4657 891 4727 ejusdem
907 4656 977 4710 de
1007 4659 1262 4712 oratione
1281 4658 1580 4711 dominica.
1609 4687 1676 4697 -—
1707 4657 1874 4711 Liber
1897 4658 2100 4712 Baruc.

510 4777 576 4787 —
604 4745 933 4817 Exemplum
964 4747 1198 4816 epistole
1226 4747 1484 4801 Jeremie.
1508 4811 1524 4826 ο

579 4837 648 4890 In
667 4838 798 4890 alio.
827 4834 1253 4890 Confessionum
1291 4835 1419 4888 libri
1445 4833 1597 4888 XIII.
1633 4865 1682 4874 -—
1733 4835 1799 4888 In
1837 4837 1969 4888 alio.
2015 4836 2098 4890 De

507 4924 823 4996 quantitate
853 4923 1057 4980 anime.
1079 4923 1172 4976 lib.
1195 4923 1498 4992 I.—-Super
1511 4921 1804 4992 epistolam
1832 4923 2105 4978 Johannis

493 5020 778 5070 tractatus
798 5013 1009 5067 decem.
1037 5041 1108 5054 —
1141 5013 1206 5066 In
1225 5013 1361 5066 alio.
1403 5011 1884 5066 Retractationum
1915 5011 2097 5068 lib.II.

503 5103 649 5158 —De
676 5100 926 5156 moribus
945 5099 1174 5154 ccclesie
1205 5106 1260 5153 et
1285 5099 1353 5152 de
1372 5099 1622 5152 moribus
1651 5097 2094 5164 Manicheorum,

501 5189 597 5245 lib.
629 5189 706 5246 II.
732 5221 796 5236 —-
821 5188 1103 5260 Expositio
1133 5187 1386 5257 ejusdem
1422 5205 1590 5257 super
1619 5189 1900 5241 canticum
1951 5188 2100 5242 Salo-

502 5280 709 5340 monis,
727 5280 798 5334 de
829 5278 1064 5336 muliere
1090 5277 1243 5340 forti,
1288 5284 1348 5331 et
1370 5277 1471 5331 Vll
1503 5277 1598 5330 alii
1619 5277 1870 5347 ejusdem
1891 5294 2101 5332 sermo-

503 5382 625 5426 nes,
657 5364 729 5422 et
757 5367 996 5422 aliorum
1023 5365 1221 5420 decem
1275 5371 1335 5420 et
1377 5363 1499 5420 VII.
1536 5393 1595 5404 ——
1629 5367 1696 5418 In
1725 5369 1855 5420 alio.
1891 5365 2101 5419 Contra

503 5455 928 5528 Pelagianos,ad
941 5471 1146 5527 papam
1159 5453 1628 5510 BonifaciumJib.
1645 5451 1850 5508 IIII.—
1867 5455 1935 5507 In
1946 5457 2060 5507 alio
2074 5439 2098 5511 .I

2180 4570 2320 4631 tum,
2354 4567 2447 4621 lib.
2483 4565 2528 4620 Ι.
2559 4569 2704 4622 —-De
2730 4569 2842 4622 vita
2872 4569 3198 4635 christiana,
3233 4569 3327 4622 lib.
3362 4567 3404 4622 Ι-
3439 4596 3499 4608 -
3523 4571 3610 4625 Ad
3637 4572 3782 4626 Sim-

2181 4655 2500 4724 plicianum,
2530 4657 2625 4710 lib.
2657 4656 2737 4712 II.
2765 4687 2830 4698 —
2865 4659 2952 4712 Ad
2994 4658 3343 4713 Casusanum
3389 4658 3781 4730 presbyterum

2180 4747 2248 4802 de
2273 4747 2488 4817 jejunio
2515 4746 2752 4813 sabbati,
2785 4747 2881 4800 lib.
2908 4746 2954 4801 Ι.
2987 4777 3047 4786 --
3077 4747 3156 4802 De
3187 4736 3582 4818 questionibus
3609 4751 3782 4804 Evan-

2177 4836 2474 4904 geliorum,
2497 4837 2589 4890 lib.
2615 4835 2689 4890 II.
2724 4866 2792 4876 —
2819 4837 2900 4891 De
2930 4835 3070 4890 VIII
3097 4836 3345 4891 Aulercii
3369 4838 3779 4908 questionibus,

2179 4923 2272 4976 lib.
2303 4923 2348 4978 Ι.
2385 4956 2443 4966 -~
2479 4928 2548 4980 In
2577 4929 2706 4980 alio.
2742 4925 3060 4996 Speculum.
3093 4954 3154 4966 -—-
3189 4928 3258 4981 In
3282 4929 3396 4980 alio
3443 4926 3778 4984 Locutiones

2182 5027 2353 5082 super
2395 5012 2713 5083 eptaticem,
2743 5013 2839 5066 lib.
2874 5011 3000 5067 VII.
3035 5044 3101 5054 —-
3131 5015 3199 5067 In
3225 5017 3338 5067 alio
3383 5013 3774 5081 Questionum,

2181 5101 2276 5154 lib.
2306 5101 2431 5155 VII.
2459 5132 2518 5142 —-
2543 5103 2615 5157 In
2639 5105 2770 5158 alio.
2815 5103 2898 5158 De
2930 5103 3142 5158 musica
3162 5101 3360 5156 lib.VI.
3396 5128 3454 5140 -—
3485 5102 3553 5156 In
3581 5105 3776 5159 eodem

2182 5188 2548 5245 Cassiodorus
2601 5191 2670 5246 de
2709 5193 3084 5262 ortographia.
3125 5224 3182 5232 -—
3206 5194 3274 5246 In
3303 5195 3434 5246 alio.
3462 5189 3772 5260 Enchirid.,

2180 5277 2275 5332 lib.
2302 5277 2413 5332 I.-—
2443 5279 2522 5333 De
2550 5279 2844 5350 disciplina
2873 5280 3201 5340 christiana,
3224 5279 3317 5336 lib.
3343 5278 3460 5334 I.—
3482 5281 3549 5334 In
3574 5283 3772 5336 eodem.

2179 5367 2473 5420 Tractatus
2496 5365 2646 5420 beati
2667 5367 2914 5438 Cipriani
2935 5367 3004 5421 de
3015 5367 3269 5422 oratione
3293 5366 3590 5421 dominica.
3614 5398 3676 5408 —
3707 5371 3774 5422 In

2179 5460 2308 5512 alio.
2347 5457 2420 5509 De
2435 5471 2601 5526 opere
2632 5459 3054 5520 monachorum,
3089 5456 3183 5513 lib.
3216 5454 3328 5510 I.—-
3351 5455 3495 5510 Item
3519 5457 3590 5510 de
3615 5473 3772 5527 expo-

500 5542 770 5618 Ejusdem
791 5561 1081 5602 sermones
1107 5544 1177 5600 de
1203 5543 1437 5600 simbolo
1473 5543 1600 5608 IIII,
1632 5549 1690 5600 et
1727 5544 1798 5598 de
1845 5559 2096 5600 resurre-
2174 5545 2378 5600 sitione
2403 5545 2636 5616 epistole
2665 5546 2734 5601 ad
2767 5545 3014 5608 Galatas,
3036 5545 3133 5600 lib.
3159 5543 3436 5600 I.—-Item
3470 5544 3541 5600 de
3560 5544 3770 5615 origine
