3920 6354
118 291 226 352 773

114 509 193 564 lib
209 555 222 566 .
263 511 308 564 Ι.

175 601 348 654 Libri
373 603 557 654 sancti
584 601 856 670 Gregorii.

193 690 259 742 In
287 704 403 742 uno
427 693 728 744 volumine.
762 691 900 760 Reg.
927 689 1058 744 libri
1074 689 1262 745 XIIII.
1297 720 1361 730 --
1385 692 1452 744 In
1466 695 1602 745 alio.
1627 691 1728 746 Su-

114 792 218 848 per
246 775 616 842 Ezechielem,
650 777 744 830 lib.
775 777 850 832 II.
897 810 947 818 -—
976 779 1070 832 XL
1090 778 1418 833 omelinrum
1445 778 1542 832 lib.
1573 779 1727 834 II.—

114 865 424 920 Pastoralis
443 865 687 919 cutelib.
717 867 787 921 II.
817 867 1109 936 —Regula
1135 867 1314 920 sancti
1343 867 1725 921 Benedicti.—

116 954 188 1008 In
214 957 350 1006 alio.
386 955 570 1024 Super
618 955 982 1017 Ezechielem,
1013 954 1090 1008 lib
1137 955 1206 1009 lI.
1243 987 1304 996 —
1341 957 1407 1010 In
1436 958 1568 1010 alio.
1601 955 1728 1010 Dia-

115 1041 374 1112 logorum
401 1043 498 1096 lib.
525 1041 654 1098 IIII.
671 1071 723 1082 α-
746 1043 1050 1097 Pastoralis
1071 1060 1203 1096 cure
1230 1042 1549 1100 lib.II.—In
1575 1047 1716 1100 alio.

115 1130 286 1185 Liber
313 1130 435 1185 Job.
471 1131 756 1186 Moralium
778 1138 894 1186 tres
919 1131 1097 1202 prime
1127 1137 1336 1202 partes,
1361 1131 1460 1184 lib.
1493 1133 1728 1188 XVI.-

117 1221 188 1274 In
216 1221 350 1274 alio.
384 1219 596 1274 Ultima
624 1235 756 1290 pars
772 1220 894 1281 Job,
918 1225 979 1274 et
991 1221 1282 1274 Moralium
1306 1227 1422 1276 tres
1443 1228 1726 1292 postreme

115 1314 328 1378 partes,
366 1307 464 1366 lib.
491 1307 694 1363 XVIII.
915 1295 925 1302 ’

189 1396 261 1450 In
308 1399 442 1451 alio.
492 1397 751 1454 Paterius
781 1413 847 1450 ex
875 1396 1038 1451 dictis
1071 1397 1217 1451 beati
1249 1397 1525 1468 Gregorii,
1555 1415 1726 1468 super

120 1493 280 1538 uetus
318 1490 744 1541 testamentum.
790 1513 855 1524 -
887 1489 952 1540 In
981 1489 1112 1540 alio.
1145 1487 1402 1540 Patet-ius
1431 1503 1600 1557 super
1627 1503 1724 1540 no-

116 1589 269 1628 vum.

189 1664 347 1717 Libri
373 1663 640 1731 Origem's.

784 295 1138 354 CATALOG.
1178 298 1556 366 LIBRORUIH
1589 293 1926 358 ΑΒΒΔΤΙΑΞ
1959 295 2353 357 BEOCENSIS
2386 297 2560 360 'SIEC.
2600 301 2722 356 XII.

114 420 326 488 anime,
359 421 460 479 lib.
492 423 538 478 Ι.
571 453 636 464 -
666 424 809 481 Item
837 424 908 480 de
933 423 1220 480 sententia
1241 424 1432 480 Jacobi
1469 426 1726 498 apostoli,
1746 424 2072 488 Aeumdem
2102 425 2172 478 de
2199 441 2266 479 eo
2296 425 2444 496 quod
2469 426 2842 496 scriptumest
2873 444 2885 480 :
2916 428 3024 495 Qui
3051 433 3406 500 totamtegem
3439 472 3444 478 .
3502 491 3506 494 ,

3297 304 3408 365 ἴ74

1809 516 2128 578 servaverit,
2159 518 2216 566 et
2231 513 2472 583 quedam
2495 513 2732 584 epistole
2751 515 3002 584 ejusdem
3018 517 3320 588 Augustini
3330 523 3404 577 ad

1809 601 2068 654 eumdem
2097 601 2467 655 Jeronimum.
2493 635 2539 644 -
2574 605 2644 656 In
2666 605 2806 659 alio.
2833 603 3014 674 Super
3035 605 3400 678 Ezechielem,

1807 689 1910 746 lib.
1950 687 2140 742 XIIII.
2179 718 2234 728 --
2268 692 2337 744 In
2363 691 2498 746 alio.
2532 689 2712 760 Super
2737 691 3060 758 Jeremiam,
3092 693 3184 748 lib.
3221 695 3324 754 VI.
3345 734 3404 748 ..-

1809 781 1878 832 1η
1905 779 2038 830 alio.
2075 777 2495 848 SuperIsaiam,
2527 777 2625 833 lib.
2657 778 2862 834 XVIII.
2899 784 3042 836 -οΙη
3069 785 3407 842 atio.Dialo-

1807 882 1912 934 gus
1941 873 2140 919 contra
2166 865 2520 936 Pelagianos,
2545 865 2641 920 lib.
2675 866 2782 924 III.
2815 900 2868 910 -—
2907 871 3088 942 Super
3113 874 3406 944 epistolam

1808 953 1878 1006 ad
1907 955 2117 1019 Titum,
2161 953 2256 1007 lib.
2303 954 2349 1008 Ι.
2389 984 2446 994 -
2497 955 2677 1025 Super
2708 957 3000 1026 epistolam
3031 961 3102 1015 ad
3128 963 3408 1031 Phileme-

1809 1058 1958 1101 nem,
1989 1041 2082 1096 lib.
2117 1043 2159 1096 Ι.
2187 1073 2250 1083 -
2277 1043 2543 1112 Dialogus
2563 1049 2760 1098 contra
2787 1045 3185 1115 Luciferianos,
3225 1052 3319 1106 lib.
3349 1053 3402 1110 Ι.

1808 1163 1865 1173 -
1897 1131 1978 1183 De
2006 1130 2206 1201 spiritu
2235 1139 2447 1195 sancto,
2478 1147 2646 1201 quem
2675 1135 2968 1189 transtulit
2984 1136 3042 1190 in
3071 1138 3309 1195 latinum
3333 1143 3403 1199 de

1805 1235 1990 1286 greco.
2023 1252 2078 1260 —
2111 1219 2230 1272 Lib.
2264 1219 2472 1273 Didimi
2502 1221 2549 1274 Ι.
2587 1251 2644 1260 --
2670 1222 2752 1276 De
2781 1222 2892 1277 vita
2918 1224 3074 1280 Pauli
3103 1227 3421 1298 heremite,‘

1807 1307 1903 1361 lib.
1939 1306 1986 1364 Ι.
2017 1337 2077 1347 -
2121 1309 2201 1361 De
2241 1308 2357 1361 vita
2399 1313 2590 1362 sancte
2633 1309 2827 1372 Paule,
2861 1311 2956 1366 lib.
2991 1312 3046 1370 Ι.
3089 1344 3148 1356 -
3178 1319 3258 1372 De
3287 1319 3402 1374 vita

1807 1395 1984 1449 sancti
2015 1396 2333 1450 Hilarionis.
2361 1397 2459 1450 lib.
2497 1399 2540 1452 Ι.
2573 1424 2628 1433 —-
2661 1399 2741 1451 De
2772 1399 2951 1454 Maleo
2981 1407 3272 1471 monacho,
3299 1408 3400 1464 lib.

1807 1483 1853 1537 Ι.
1888 1515 1952 1525 -
1983 1486 2052 1538 1n
2093 1487 2226 1538 alio.
2269 1485 2450 1556 Super
2479 1484 2584 1539 VII
2621 1487 2932 1557 Prophetas
2973 1491 3202 1560 primos.
3241 1521 3304 1532 -
3329 1501 3402 1554 1η

1803 1575 1932 1626 alio.
1969 1573 2150 1642 Super
2177 1573 2426 1644 quinque
2457 1575 2760 1644 prophetas
2788 1578 3138 1650 novissimos,
3155 1587 3212 1636 et
3233 1601 3405 1656 super

1803 1661 2114 1716 Danielem.
2234 1665 2304 1716 In
2325 1666 2458 1716 alio.
2484 1663 2668 1734 Super
2693 1665 2992 1720 Matheum.
3016 1667 3084 1723 In
3099 1670 3202 1725 hoc
3229 1673 3402 1728 etiam

187 1753 258 1806 In
281 1767 396 1807 uno
420 1755 716 1806 volumine.
753 1753 934 1822 Super
966 1753 1258 1823 epistolam
1307 1753 1376 1808 ad
1413 1753 1715 1818 Romanos,
1742 1739 1782 1793 Β
1804 1749 2051 1802 Hilarius
2109 1766 2278 1819 super
2323 1750 2582 1804 eumdem
2622 1753 3041 1822 evangelistam.
3072 1784 3124 1794 —
3173 1761 3239 1814 In
3265 1765 3398 1816 atio.

118 1839 212 1894 lib.
246 1840 314 1894 X.
347 1869 398 1878 -ν
435 1842 500 1894 In
526 1843 658 1894 alio.
687 1841 868 1910 Super
893 1841 1200 1896 Leviticum
1240 1841 1432 1896 omilie
1464 1841 1610 1895 XVI.
1654 1870 1718 1880 -

119 1931 186 1984 In
213 1932 349 1984 alio.
385 1929 566 1999 Super
593 1929 770 1984 Vetus
807 1931 1248 1984 Testamentum.

189 2019 345 2073 Libri
371 2021 552 2072 sancti
569 2020 868 2075 Ambrosii.

190 2107 260 2160 In
285 2121 400 2159 uno
429 2108 726 2161 volumine.
754 2108 834 2162 De
857 2109 966 2162 ﬁde
977 2109 1046 2162 ad
1067 2109 1399 2162 Gratianum
1421 2109 1721 2177 imperato-

119 2209 260 2256 rem,
285 2193 392 2250 lib.
435 2195 530 2249 IX.
577 2223 638 2233 --
689 2196 769 2250 De
810 2197 1094 2263 misteriis,
1123 2197 1218 2252 lib.
1249 2199 1293 2252 Ι.
1333 2228 1394 2236 —-
1428 2196 1512 2252 De
1538 2213 1720 2250 sacra-

119 2282 324 2338 mentis
353 2296 640 2338 sermones
665 2285 761 2340 Vl.
792 2315 852 2326 -
885 2288 955 2340 1η
978 2287 1208 2340 alio.De
1237 2287 1394 2343 Isaac
1423 2290 1480 2338 et
1506 2285 1714 2349 anima,

117 2371 215 2425 lib.
250 2371 294 2425 Ι.
340 2399 404 2409 -
432 2372 512 2426 De
538 2371 684 2428 bono
709 2373 927 2438 mortis,
953 2373 1048 2428 lib.
1089 2376 1133 2430 Ι.
1168 2409 1231 2418 -
1267 2375 1346 2430 De
1371 2373 1714 2443 virginitate,

117 2459 214 2514 lib.
237 2461 339 2515 III.
371 2489 437 2501 —
463 2461 546 2515 De
575 2461 775 2527 viduis,
803 2462 896 2516 lib.
917 2463 960 2518 Ι.
996 2493 1056 2504 ι·-
1077 2463 1158 2518 De
1187 2463 1514 2534 virginibus,
1548 2462 1642 2516 lib.
1667 2463 1712 2516 Ι.

120 2578 184 2588 -
217 2549 543 2602 Exhortatio
602 2549 958 2620 virginitatis.
1003 2581 1063 2590 —
1099 2553 1294 2606 Sermo
1335 2552 1583 2622 ejusdem
1645 2551 1716 2603 de

119 2642 389 2708 perpetua
424 2637 744 2708 virginitate
783 2647 974 2694 sancte
1003 2641 1195 2695 Mai-ie.
1243 2672 1300 2682 —
1347 2641 1428 2694 De
1465 2640 1597 2708 fuga
1626 2656 1716 2692 se-

118 2727 249 2787 culi.
278 2725 358 2780 lib
412 2725 457 2780 I-
508 2757 566 2766 -
619 2727 699 2782 De
723 2729 908 2782 media
932 2735 1093 2782 nocte
1121 2728 1424 2798 surgendo,
1449 2727 1528 2782 Ιώ
1571 2727 1618 2780 Ι.
1653 2759 1715 2769 --

119 2815 327 2868 Contra
352 2814 697 2870 Novati-unos
717 2817 787 2870 de
824 2817 1153 2888 penitentia,
1184 2817 1282 2872 lib.
1315 2815 1395 2870 II.
1511 2817 1592 2871 De
1620 2817 1716 2870 Ja-

117 2903 235 2958 oob.
276 2903 372 2957 lib.
406 2902 484 2958 II.
532 2937 592 2947 -υ-
636 2905 718 2960 De
761 2906 984 2974 Ioseph,
1025 2905 1118 2960 lib.
1155 2905 1209 2962 Ι.
1251 2934 1312 2946 -
1347 2906 1426 2961 De
1455 2904 1716 2959 benedic-

117 2991 363 3047 tionibus
393 2992 956 3062 patriarcharum.lib
1009 2993 1038 3047 Ι
1091 3024 1150 3035 -
1179 2995 1258 3048 De
1285 2993 1518 3064 jejunio.
1551 2993 1648 3046 lib.
1668 2992 1713 3048 Ι.

1804 1837 1884 1890 De
1915 1837 2192 1890 hebraicis
2217 1839 2603 1908 questionibus
2621 1856 2793 1911 super
2816 1842 3099 1912 Genesim,
3127 1847 3225 1901 lib.
3259 1848 3307 1902 Ι.
3336 1877 3402 1896 .-

1803 1926 1884 1980 De
1915 1925 2198 1979 distantiis
2215 1927 2484 1988 locorum,
2519 1928 2614 1982 lib.
2648 1927 2694 1982 Ι.
2729 1955 2792 1966 --
2823 1931 2904 1984 De
2931 1931 3406 2005 interpretationi-

1807 2013 1906 2067 bus
1937 2015 2326 2068 hebraicorum
2373 2017 2684 2082 nominum,
2724 2017 2820 2074 lib.
2844 2016 2888 2072 Ι.
2920 2049 2984 2059 -
3008 2022 3087 2076 De
3123 2023 3403 2081 hebruicis

1803 2102 2189 2173 questionibus
2219 2104 2276 2156 in
2310 2103 2452 2158 libro
2481 2106 2715 2174 Regum,
2757 2107 2862 2166 lib.
2909 2106 2957 2161 Ι.
3005 2139 3026 2147 -
3083 2110 3163 2166 De
3200 2115 3400 2170 eadem

1803 2207 1862 2244 re
1893 2208 2061 2261 super
2085 2191 2570 2262 Paralipomenon.
2586 2193 2684 2247 lib.
2715 2192 2764 2247 Ι.
2781 2221 2844 2236 --
2866 2195 3104 2261 Quidam
3126 2205 3400 2260 tractatus

1799 2280 1867 2333 de
1899 2281 1948 2334 X
1977 2280 2441 2350 temptationibus
2491 2298 2600 2352 que
2624 2281 2682 2336 in
2710 2283 2983 2355 principio
3010 2277 3400 2348 Deute'ronimi

1799 2375 2084 2422 notantur.
2135 2369 2416 2440 Expositio
2461 2371 2661 2425 cantici
2697 2371 2970 2428 Debbore.
3115 2378 3398 2450 Expositio

1799 2455 2264 2510 lamentationum
2295 2457 2553 2512 Jeremie.
2589 2489 2651 2498 --
2682 2461 2964 2532 EXpOSitiO
2993 2464 3063 2519 de
3092 2466 3202 2521 VII
3228 2468 3400 2526 ebdo-

1801 2546 1980 2599 madis
2031 2545 2298 2600 Danieiis.
2337 2577 2387 2586 οε
2427 2547 2817 2604 Successiones
2845 2551 3230 2610 Romanorum
3261 2575 3402 2630 pon-

1798 2636 2011 2688 tiﬁcum
2038 2635 2368 2689 transmisse
2399 2634 2562 2690 beato
2583 2638 2868 2693 Jeronimo
2895 2657 2928 2694 a
2961 2641 3202 2699 Damaso
3231 2664 3396 2719 papa.

1802 2724 1945 2776 Sunt
2003 2723 2172 2776 etiam
2219 2723 2409 2793 plures
2457 2725 2568 2778 alie
2615 2727 2911 2782 sententis.
2958 2759 3027 2771 -—
3057 2734 3124 2786 In
3149 2736 3284 2789 alio.
3315 2737 3398 2792 De

1801 2810 2114 2864 illustribus
2146 2811 2279 2865 viris
2298 2829 2426 2866 cum
2458 2813 2770 2881 adjectione
2799 2817 3096 2884 Gennadii,
3119 2821 3216 2876 lib.
3253 2822 3301 2880 Ι.
3331 2855 3392 2872 --

1800 2899 1966 2964 Item,
1996 2899 2054 2953 in
2106 2899 2399 2969 epistolam
2446 2901 2518 2954 ad
2575 2902 2822 2970 Galatas,
2855 2905 2948 2960 lib.
2992 2905 3102 2961 III.
3139 2939 3192 2949 —
3227 2913 3390 2980 Item,

1799 3005 1969 3058 super
2019 2987 2312 3058 epistolam
2357 2989 2427 3042 ad
2475 2990 2760 3060 Ephesios,
2795 2992 2892 3050 lib.
2927 2993 3038 3048 III.
3071 3024 3128 3034 —
3169 3000 3233 3052 In
3255 3005 3390 3056 alio.

113 3081 284 3136 —De
315 3079 670 3135 observantia
689 3082 1101 3152 episcoporum,
1130 3083 1227 3166 lib.
1257 3083 1304 3136 Ι.
1323 3083 1402 3136 De
1425 3081 1710 3146 Paradiso,
1733 3089 1774 3146 ί]
1799 3077 1878 3129 De
1923 3075 2307 3166 mansionibus
2347 3077 2592 3166 ﬁliorum
2641 3077 2836 3146 Israel,
2876 3081 2974 3134 lib.
3033 3084 3077 3138 Ι.
3118 3111 3183 3128 -
3223 3085 3391 3158 Item,

114 3168 216 3226 lib.
250 3167 299 3225 Ι.
333 3193 394 3204 -
423 3170 672 3241 Epistola
700 3171 772 3224 ad
803 3171 1202 3225 Vercellenses.
1235 3201 1300 3212 —
1345 3171 1414 3224 In
1447 3173 1580 3224 alio.
1634 3171 1715 3224 De

113 3257 472 3314 observantia
515 3259 925 3330 episcoporum.
987 3285 1046 3298 -
1103 3263 1171 3315 In
1221 3261 1418 3314 eodem.
1461 3259 1715 3329 Epistole

114 3347 362 3418 ejusdem
433 3349 496 3402 In
541 3351 674 3402 alio.
711 3349 890 3420 Super
915 3349 1061 3402 Luce
1093 3348 1462 3418 evangelium,
1495 3347 1594 3403 lib.
1639 3348 1708 3401 X.

118 3463 179 3477 -
211 3439 278 3490 In
303 3439 438 3490 alio.
471 3437 553 3490 De
591 3437 785 3492 officiis
815 3437 1222 3498 ministrorum,
1251 3437 1341 3491 lib.
1366 3435 1713 3490 III—Exa-

115 3541 306 3578 meron
355 3525 608 3593 ejusdem
656 3528 719 3580 in
767 3529 968 3581 eodem.
1001 3553 1061 3564 -—
1097 3529 1160 3580 In
1181 3529 1314 3580 alio.
1349 3526 1427 3580 De
1457 3526 1708 3579 consola-

111 3613 262 3666 tione
315 3613 700 3668 Valentiniani
745 3614 1120 3685 imperatoris,
1168 3613 1262 3668 lib.
1291 3615 1333 3668 Ι.
1371 3643 1430 3652 -
1459 3613 1604 3668 Item
1639 3615 1708 3668 de

113 3717 339 3756 excessu
358 3701 547 3756 fratris
571 3702 679 3767 sui,
698 3702 795 3756 lib.
821 3701 900 3758 II.
935 3734 1003 3742 —
1022 3705 1182 3762 Item.
1215 3702 1310 3756 lib.
1343 3701 1389 3756 Ι.
1423 3737 1479 3746 -
1502 3703 1580 3756 De
1601 3703 1708 3758 XII

113 3789 356 3861 abusivis
399 3791 596 3844 seculi.
636 3821 694 3832 ο·-
738 3790 904 3857 Item,
937 3792 1032 3845 lib.
1089 3791 1116 3845 Ι
1163 3793 1231 3846 de
1278 3791 1588 3845 Abraham.
1650 3821 1706 3834 -ο

112 3877 272 3946 Item,
304 3879 403 3935 lib.
436 3878 466 3933 Ι
505 3879 575 3934 de
612 3897 677 3934 eo
731 3881 882 3950 quod
935 3881 1200 3934 Salomon
1239 3879 1316 3934 ait
1349 3899 1359 3934 :
1404 3882 1535 3933 Tria
1584 3886 1706 3934 vnt

114 3971 474 4037 impossibilia
501 3971 648 4022 mihi
680 3975 730 4023 et
756 3975 1022 4038 quartum
1052 3971 1196 4038 quod
1221 3985 1333 4022 non
1361 3973 1510 4022 valeo
1531 3985 1707 4036 agno-

111 4071 268 4112 scere.
305 4082 360 4093 —
384 4055 550 4123 Item,
580 4057 677 4112 lib.
711 4055 740 4110 Ι
765 4057 833 4112 de
865 4058 1173 4128 penitentia
1203 4057 1380 4112 David
1409 4057 1578 4128 regis.

181 4147 336 4200 Libri
355 4149 539 4200 sancti
565 4147 898 4201 Hieronimi.

179 4235 248 4288 In
287 4251 401 4288 uno
427 4236 730 4289 uolumine.
761 4235 970 4289 Contra
1015 4234 1392 4298 Iovinianum,
1423 4233 1518 4288 lib.
1551 4231 1630 4287 II.
1652 4263 1717 4276 --

109 4321 522 4392 Apologeticus,
547 4322 645 4376 lib.
683 4322 732 4376 Ι.
761 4357 820 4365 -ο
855 4323 1068 4378 Contra
1089 4323 1428 4389 Helvidium,
1459 4321 1555 4376 lib.
1579 4321 1626 4376 I.
1645 4351 1710 4363 —

1797 3171 1992 3218 contra
2047 3165 2334 3219 Ruﬁnum.
2393 3197 2454 3208 —-
2501 3165 2714 3222 Contra
2761 3170 3042 3237 eumdem,
3083 3172 3180 3228 lib.
3214 3175 3292 3230 II.
3323 3206 3394 3221 --

1795 3251 1960 3318 Item,
1993 3252 2248 3322 ejusdem
2291 3261 2486 3308 contra
2533 3255 2820 3323 Rufinum,
2867 3259 2965 3315 lib.
3009 3260 3086 3316 II.
3133 3290 3194 3304 -—
3223 3264 3392 3332 Item,

1795 3341 2029 3412 epistole
2057 3341 2232 3412 ipsius
2261 3342 2332 3396 ad
2355 3343 2695 3414 Principiam
2715 3362 2845 3412 una,
2877 3349 2948 3402 ad
2979 3349 3394 3411 Demetriadem

1795 3429 2068 3498 virginem
2088 3436 2285 3494 una,et
2307 3430 2378 3484 ad
2392 3430 2814 3504 Ctesiphontem
2835 3443 3031 3504 una,et
3048 3440 3158 3494 alie
3179 3442 3390 3513 plures.

1865 3519 1958 3571 Lib
1967 3521 2020 3570 ri
2044 3521 2187 3571 beati
2212 3520 2431 3572 Isidori.

1863 3608 1930 3660 In.
1955 3623 2066 3660 uno
2095 3611 2392 3662 volumine.
2417 3607 2949 3682 Ethimologiarum,
2975 3615 3070 3670 lib.
3096 3619 3213 3673 XX.
3244 3653 3304 3664 --
3321 3625 3392 3677 1n

1787 3695 1920 3748 alio.
1957 3695 2034 3749 De
2063 3712 2284 3750 summo
2332 3695 2496 3762 bono,
2538 3698 2634 3752 lib.
2667 3699 2769 3755 ΙΙΙ.
2814 3730 2884 3744 --
2914 3706 2983 3758 In
3009 3709 3143 3760 alio.
3175 3698 3389 3764 Contra

1790 3783 2016 3849 Judeos,
2042 3783 2136 3837 lib.
2162 3783 2273 3838 III.
2306 3816 2368 3827 -
2401 3787 2466 3838 In
2499 3787 2698 3841 eodem
2726 3806 2896 3861 super
2929 3795 3249 3863 eptaticem,
3290 3798 3389 3853 lib.

1788 3869 1916 3924 VII.
1947 3905 2005 3915 —
2032 3874 2100 3926 In
2131 3875 2277 3927 alio.
2315 3873 2394 3926 De
2415 3890 2636 3928 summo
2668 3874 2836 3945 bono,
2865 3877 2960 3932 lib.
2986 3879 3096 3934 III.
3131 3910 3197 3924 -
3228 3885 3393 3941 Sino-

1789 3959 1944 4012 nima
1969 3960 2110 4029 ejus,
2143 3959 2242 4013 lib.
2272 3959 2351 4014 II.
2385 3989 2445 3999 —
2474 3962 2642 4016 Liber
2669 3965 2892 4021 Alcuini
2918 3967 2987 4022 de
3018 3969 3166 4024 vitiis
3205 3977 3260 4027 et
3288 3973 3393 4028 vir-

1794 4047 2028 4102 tutibus.
2066 4080 2124 4088 —
2158 4049 2326 4103 Liber
2344 4049 2718 4105 scintillarum
2773 4085 2834 4096 -—
2867 4057 2934 4109 In
2962 4058 3108 4130 alio.
3129 4059 3251 4114 Lib.
3283 4062 3394 4118 VII

1793 4153 1964 4208 super
1999 4137 2318 4208 eptaticem.
2367 4141 2436 4194 In
2471 4141 2672 4194 eodem.
2709 4142 2980 4199 Alcuinus
3004 4163 3179 4218 super
3204 4151 3394 4208 Canti-

1795 4242 1922 4280 cum
1955 4226 2323 4280 canticorum.

1866 4317 2021 4370 Libri
2049 4317 2181 4369 Bede
2204 4317 2388 4384 presbi
2392 4319 2514 4370 teri.

113 4412 188 4464 Ad
219 4410 584 4467 Eustochiam
623 4411 914 4482 virginem.
941 4411 1040 4466 lib.
1077 4411 1123 4466 Ι.
1155 4443 1228 4452 --
1256 4413 1338 4466 De
1367 4411 1705 4482 virginitate.
1729 4402 1778 4462 D
1869 4404 1936 4456 In
1977 4419 2088 4455 uno
2129 4406 2428 4456 volumine.
2475 4404 2654 4476 Super
2697 4407 2962 4465 Marcum.
2995 4411 3091 4467 lib.
3131 4414 3182 4472 Ι.
3215 4447 3278 4458 -
3323 4421 3394 4476 In

115 4501 364 4570 —Super
383 4499 774 4554 Ecclesiastem
801 4501 1180 4572 expositionis,
1206 4501 1304 4554 lib.
1332 4500 1380 4554 Ι.
1414 4526 1470 4534 -
1489 4503 1558 4554 In.
1573 4502 1708 4554 alio.

115 4587 356 4658 Epistole
378 4588 656 4659 ejusdem.
697 4589 773 4644 In
793 4591 976 4643 eodem
999 4589 1358 4643 continentur
1382 4587 1510 4642 libri
1534 4587 1712 4660 ipsius

113 4675 177 4730 de
203 4677 441 4748 prodigo
467 4683 526 4731 et
556 4677 722 4748 frugi,
751 4677 846 4734 lib.
881 4679 924 4732 Ι.
959 4703 1018 4712 -
1046 4679 1132 4733 Ad
1158 4678 1478 4732 Amandum
1501 4676 1712 4748 presbi-

111 4768 285 4820 terum
315 4767 386 4820 de
408 4765 642 4821 diversis
673 4765 1076 4837 questionibus,
1103 4767 1196 4821 lib.
1234 4765 1281 4822 Ι.
1314 4796 1380 4808 --
1415 4767 1502 4820 Ad
1544 4767 1712 4820 Pam-

115 4854 386 4908 machium
417 4855 487 4909 de
513 4856 726 4926 optimo
751 4871 959 4926 genere
989 4854 1414 4926 interpretandi,
1449 4854 1548 4908 lib.
1578 4853 1628 4909 Ι.
1681 4886 1703 4893 --

115 4943 501 5014 Apologeticus
529 4945 600 4998 ad
647 4945 930 5000 eumdem.
971 4977 1033 4987 —-
1060 4947 1270 4999 Contra
1302 4943 1617 4998 Helvidium
1641 4941 1710 4996 de

116 5039 372 5102 perpetua
409 5032 734 5102 virginitate
761 5039 953 5086 sancte
973 5033 1166 5098 Marie,
1191 5031 1287 5085 lib.
1324 5029 1372 5084 Ι.
1404 5062 1466 5072 -
1499 5031 1712 5086 Contra

116 5118 502 5190 Vigilantium,
531 5121 625 5174 lib.
650 5120 698 5174 I.
736 5152 796 5164 —-
831 5122 911 5176 De
933 5120 1040 5174 XII
1069 5120 1458 5192 questionibus
1489 5121 1560 5173 ad
1596 5121 1709 5174 He-

117 5207 338 5276 dibiam,
370 5209 464 5264 lib.
510 5207 564 5268 Ι.
590 5240 652 5250 ——
680 5211 762 5265 De
793 5209 873 5264 XI
901 5209 1288 5280 questionibus
1307 5209 1375 5262 ad
1401 5208 1706 5279 Algasiam,

120 5295 205 5350 lib.
236 5297 282 5351 Ι.
311 5327 369 5336 -
399 5298 717 5370 Disputatio
733 5299 802 5352 de
817 5299 1035 5352 ratione
1061 5299 1248 5352 anime
1271 5314 1372 5368 per
1400 5298 1706 5368 dialogum,

119 5393 333 5457 sumpta
373 5403 440 5440 ex
473 5387 640 5441 dictis
689 5385 838 5442 beati
883 5387 1186 5458 Augustini
1235 5394 1289 5440 et
1329 5385 1618 5440 Jeronimi-
1650 5413 1706 5422 —-

123 5471 252 5528 Item
300 5475 394 5530 lib.
445 5473 474 5530 I
513 5475 663 5530 beati
716 5475 1018 5546 Augustini
1061 5477 1133 5530 de
1173 5475 1390 5546 origine
1427 5475 1613 5528 anime
1637 5474 1708 5528 ad

117 5559 476 5620 Jeronimum.
519 5588 568 5604 ι-
599 5563 747 5620 Item
781 5565 928 5620 alius
952 5564 1096 5620 liber
1123 5563 1273 5620 beati
1300 5562 1603 5635 Augustini
1637 5562 1710 5618 ad

1793 4492 1928 4544 alio.
1963 4490 2144 4560 Super
2171 4491 2402 4559 Lucam,
2431 4492 2535 4548 lib.
2574 4493 2673 4552 VI.
2701 4501 2994 4555 —Inatio.
3029 4503 3211 4575 Super
3235 4513 3394 4564 actus

1795 4579 2198 4649 apostolorum,
2252 4579 2348 4633 lib.
2403 4578 2482 4634 II.
2525 4611 2592 4622 -
2636 4585 2706 4638 In
2741 4589 2876 4640 alio.
2911 4589 3194 4662 Expositio
3223 4613 3396 4668 super

1795 4669 2058 4740 epistolas
2087 4669 2403 4758 canonicas.
2435 4699 2498 4710 —
2533 4669 2698 4758 Item,
2741 4677 3012 4748 expositio
3031 4683 3396 4758 Apocalypsis

1794 4758 2026 4815 Joannis
2054 4756 2292 4828 apostoli
2322 4757 2472 4810 edita
2501 4774 2536 4811 a
2564 4757 2935 4832 Berengaudo
2971 4768 3086 4823 viro
3128 4756 3395 4830 eruditis-

1792 4847 1957 4904 simo.
1987 4877 2062 4886 —
2099 4845 2268 4914 Item,
2299 4845 2442 4898 liber
2471 4846 2766 4902 Lanfranci
2805 4853 3209 4931 archiepiscopi
3245 4862 3394 4919 Cau-

1794 4936 2095 4992 tuariensis
2115 4936 2184 4990 de
2197 4951 2427 5006 corpore
2452 4940 2510 4988 et
2525 4937 2800 5007 sanguine
2823 4941 3047 4998 Domini
3071 4955 3267 5004 contra
3297 4955 3397 5008 Be-

1793 5025 2116 5096 rengerium
2147 5025 2551 5079 Turonensem.
2593 5053 2653 5064 -
2699 5028 2769 5081 In
2793 5032 2926 5085 alio.
2963 5037 3143 5105 Super
3173 5040 3394 5110 Αροοα..

1793 5115 2018 5186 lypsim,
2050 5115 2146 5167 lib.
2190 5111 2298 5169 III.
2332 5147 2386 5156 —
2441 5111 2583 5166 Item
2625 5112 2696 5168 de
2738 5115 3118 5191 tabernaculo,
3150 5127 3245 5181 lib.
3278 5129 3390 5186 III.

1793 5237 1862 5249 -—
1893 5203 2039 5258 Item
2079 5219 2250 5274 super
2275 5201 2527 5257 Tobiam.
2569 5203 2669 5258 lib.
2712 5203 2759 5258 Ι.
2795 5234 2850 5244 —-
2880 5210 2948 5264 In
2976 5215 3109 5268 alio.
3134 5216 3396 5289 Capitula

1792 5293 2096 5348 lectionum
2127 5308 2298 5364 super
2327 5291 2646 5362 eptaticem.
2680 5323 2745 5334 -—
2766 5296 2836 5350 In
2865 5301 2998 5353 atto.
3043 5302 3224 5375 Super
3253 5309 3396 5366 can-

1793 5383 1904 5437 tica
1923 5381 2290 5444 canticorum,
2319 5380 2418 5434 lib.
2453 5379 2548 5434 VI.
2581 5413 2641 5424 —
2663 5383 2732 5436 In
2751 5387 2880 5438 alio.
2921 5376 3392 5468 De'temporibus,

1792 5472 1891 5526 lib.
1921 5469 1950 5526 Ι
1980 5471 2176 5541 major.
2204 5468 2371 5532 Item,
2395 5468 2634 5540 epistola
2661 5469 2838 5541 ipsius
2859 5474 2930 5529 de
2955 5481 3293 5550 equinoctio.
3325 5492 3396 5547 In

1789 5563 1994 5628 eodem,
2033 5558 2202 5614 Liber
2243 5557 2454 5613 Albrici
2499 5557 2781 5632 (Helprici)
2833 5563 2904 5619 de
2942 5579 3202 5642 οοιῃροτο
3238 5577 3390 5637 ιω.
