3920 6354
569 303 672 362 775

1486 301 1582 354 AD
1621 299 1861 355 OPERA
1899 299 1962 353 B.
2006 293 2421 352 LANFRANCI
2459 297 2845 352 APPENDIX.

3737 299 3830 356 776

560 461 629 474 —
661 433 729 486 In
755 431 897 484 alio.
933 423 1389 494 Martirologium.
1439 427 1507 479 In
1551 426 1730 478 eodem
1771 425 1968 494 regula
2004 419 2382 480 santiAstola
2411 421 2666 490 ejusdem
2697 421 2765 476 ad
2797 422 3105 477 Nectonem
3143 422 3402 478 abbatem
3443 423 3515 478 de
3555 425 3831 496 seraphim

558 517 865 576 Benedicti.
897 543 955 553 —
977 518 1044 570 In
1064 517 1196 569 alio.
1232 513 1480 567 Historia
1502 514 1832 582 Anglorum,
1867 512 1958 566 lib.
1985 512 2050 565 V.
2086 539 2156 552 —

559 610 642 664 De
670 604 1020 678 temporibus
1049 603 1191 656 liber
1215 602 1424 656 minor.
1463 631 1527 642 --
1574 601 1652 654 De
1693 599 1912 654 naturis
1941 615 2148 663 rerum,

559 697 654 752 lib.
687 695 736 750 Ι.
769 725 825 736 --
858 693 976 748 Lib.
1013 692 1174 746 Gilde
1203 690 1473 760 sapientis
1499 690 1569 743 de
1595 689 1805 743 excidio
1837 688 2147 742 Britannic.

561 821 618 834 ..-
649 785 780 839 Vita
831 781 1009 837 sancti
1050 779 1212 835 Neoti
1253 795 1360 850 que
1404 778 1462 832 in
1508 778 1689 848 capite
1721 777 1964 848 ponitur.
2003 801 2051 809 -
2093 779 2154 830 In

559 876 689 929 alio.
725 871 845 928 Lib.
892 869 1100 925 Albrici
1129 869 1197 922 de
1225 871 1502 936 compote.
1543 894 1606 905 —
1653 868 1719 920 In
1743 869 1875 920 alio.
1910 865 2155 936 Epistole

559 959 876 1018 Lanfranci.
913 960 976 1012 In
999 959 1204 1012 eodem.
1235 955 1482 1026 Epistole
1497 952 1744 1008 Fulberti
1771 952 2150 1015 Carnotensis,

531 1079 536 1084 -
559 1057 617 1106 et
645 1047 956 1105 Hildeberti
986 1043 1426 1100 Cenomanensis
1469 1043 1732 1114 episc0pi.
1766 1071 1829 1084 -—
1854 1043 1922 1096 In
1950 1043 2152 1094 eodem.

557 1139 724 1196 Liber
749 1136 961 1192 Ernulﬁ
1009 1134 1078 1188 de
1119 1132 1346 1186 incestis
1387 1131 1681 1202 conjugiis.
1729 1161 1788 1172 —
1832 1131 1994 1196 Item,
2036 1126 2157 1182 IIII

558 1227 892 1294 Questiones
916 1223 1100 1278 divine
1130 1222 1312 1275 solute
1341 1220 1410 1275 ab
1436 1237 1522 1274 eo.

626 1319 782 1374 Libri
816 1315 1068 1371 Ansclmi
1093 1311 1486 1378 archiepiscopi
1513 1309 1836 1364 Uantuaric.

630 1410 698 1463 In.
726 1421 839 1460 uno
867 1405 1166 1456 volumine.
1193 1398 1594 1467 Monologium,
1612 1396 1708 1450 lib.
1741 1396 1786 1450 Ι.
1808 1394 2156 1466 Proslogion,

557 1495 655 1550 lib.
705 1493 752 1548 Ι.
797 1491 1095 1548 Orationes
1145 1487 1416 1558 ejusdem.
1465 1485 1586 1539 Lib.
1633 1486 1704 1538 de
1751 1484 2153 1539 Grammatice.

560 1583 810 1656 Epistola
837 1581 907 1635 ad
933 1579 1221 1634 Urbanum
1238 1592 1441 1647 papam
1463 1575 1532 1628 de
1561 1573 1946 1628 incarnatione
1964 1571 2156 1627 Verbi.

561 1707 622 1717 —
651 1675 719 1728 In.
764 1673 896 1725 alio.
947 1669 1084 1722 Tres
1113 1672 1388 1720 tractatus
1427 1664 1495 1716 de
1524 1663 1778 1726 veritate,
1803 1663 1872 1716 de
1903 1662 2160 1715 libertate

2236 513 2293 562 et
2310 509 2619 563 cherubim.

2307 599 2462 652 Libri
2492 601 2634 652 beati
2668 600 2942 652 Johannis
2969 603 3289 668 regnominc
3317 601 3698 656 Chrisostomi.

2314 689 2378 756 In
2403 703 2514 740 uno
2540 691 2643 740 ro].
2665 687 2744 740 De
2765 689 3298 760 reparationelapsi.
3322 690 3418 743 lib.
3453 691 3498 746 Ι.
3533 693 3679 746 Item
3700 692 3838 762 ejus-

2236 774 2362 828 dem
2394 775 2464 828 ad
2499 775 2837 829 Demetrium
2871 777 2940 829 de
2965 777 3391 847 compunctione
3411 779 3618 843 cordis,
3654 779 3751 834 lib.
3781 779 3830 838 Ι.

2236 865 2378 918 Item
2409 864 2479 917 de
2509 864 2703 918 eadem
2733 881 2811 926 re,
2843 865 2914 918 ad
2943 865 3302 930 Stelechium,
3323 867 3419 921 lib.
3455 867 3502 921 Ι.
3520 867 3842 934 Item,ome-

2239 951 2316 1006 lia
2335 952 2584 1022 ejusdem
2613 953 2683 1006 de
2709 952 3119 1024 subscriptione
3147 954 3204 1008 Ιο
3231 955 3460 1012 Psalmi.
3491 957 3660 1020 Item,
3689 974 3842 1011 ome-

2239 1039 2314 1094 lia
2343 1041 2591 1111 ejusdem
2610 1041 2680 1095 de
2702 1041 2822 1112 ipso
2853 1041 2904 1094 Ιυ
2925 1043 3166 1112 psalmo.
3205 1045 3344 1098 Item
3375 1053 3578 1098 contra
3601 1046 3838 1100 Judeum

2239 1128 2332 1182 lib.
2393 1129 2692 1184 Gisleberti
2751 1129 2995 1202 Crispini
3044 1131 3261 1186 abbatis
3287 1134 3839 1210 _Westimonasterii.

2241 1214 2384 1270 Item
2415 1218 2662 1287 ejusdem
2694 1218 2763 1272 de
2779 1219 3126 1281 Simoniacis,
3153 1221 3300 1274 etde
3328 1221 3565 1276 veritate
3593 1224 3842 1294 corporis

2241 1312 2299 1359 et
2327 1307 2617 1376 sanguinis
2648 1307 2892 1361 Domini.
2933 1306 3068 1362 [tem
3099 1309 3346 1377 ejusdem
3385 1327 3574 1365 sermo
3599 1311 3662 1364 in
3689 1312 3844 1366 dedi-

2242 1395 2462 1448 catione
2477 1395 2724 1449 ecclesia.
2746 1397 2884 1450 Item
2911 1397 3115 1451 omelia
3143 1398 3395 1468 ejusdem
3421 1416 3596 1468 super
3617 1417 3744 1454 cum
3765 1405 3846 1454 in-

2241 1500 2456 1552 gressus
2483 1487 2654 1538 Jcsus.
2697 1484 2838 1538 Item
2870 1486 3120 1555 ejusdem
3152 1486 3385 1557 epistole
3412 1487 3520 1542 III.

2312 1574 2464 1626 Libri
2485 1575 2626 1626 beati
2655 1574 2913 1642 ()ipriani
2930 1578 3161 1643 episcopi
3188 1581 3236 1629 et
3261 1580 3550 1643 martyris.

2314 1662 2381 1714 In
2410 1678 2522 1714 uno
2550 1665 2656 1716 υοι.
2691 1661 2936 1732 Epistole
2967 1664 3090 1732 ejus
3115 1680 3348 1718 numero
3383 1665 3531 1721 XVI.
3567 1669 3633 1721 In
3663 1670 3842 1721 collem

563 1760 800 1824 arbitrii,
825 1759 893 1812 de
935 1772 1066 1810 casu
1096 1753 1322 1807 diaboli.
1355 1781 1418 1792 -
1448 1753 1598 1806 Deus
1631 1751 1820 1816 homo,
1859 1750 1956 1804 lib.
1989 1749 2068 1803 II.
2094 1780 2157 1790 —
2182 1727 2227 1787 Β
2247 1749 2338 1803 lib.
2363 1750 2612 1818 ejusdem
2636 1749 2704 1804 de
2731 1727 2877 1804 vitiis
2908 1727 3082 1806 seculi
3097 1753 3167 1806 ad
3195 1753 3494 1808 Donatum.
3529 1754 3676 1810 Item
3695 1757 3843 1824 ejus-

561 1852 642 1907 De
683 1853 953 1918 conceptu
1000 1843 1278 1915 virginali,
1319 1841 1414 1894 lib.
1459 1839 1533 1894 II.
1576 1869 1643 1879 —
1690 1840 1770 1894 De
1811 1838 2162 1910 processione

563 1939 794 2012 spiritus
821 1935 1024 1992 sancti.
1055 1959 1119 1970 —
1147 1934 1214 1987 In
1241 1933 1376 1985 alio.
1417 1927 1666 2000 Epistole
1699 1927 1948 1997 ejusdem
1978 1927 2049 1981 ad
2075 1925 2162 1979 di-

565 2046 770 2084 νει-805.

635 2117 910 2171 Johanncs
949 2111 1217 2165 hcremita
1238 2109 1554 2162 Cassianus.
1578 2137 1639 2147 —
1655 2106 1720 2158 In
1735 2105 2158 2159 zmovoluminc.

564 2206 905 2282 Collationes
934 2205 1180 2272 patrum,
1211 2194 1448 2250 XXIIII.

638 2297 707 2350 In
719 2280 842 2347 iuno
853 2291 1154 2345 columine.
1178 2280 1783 2338 AdmonitioBasiliiad
1805 2281 2161 2338 monachum.

568 2381 838 2436 Instituta
892 2374 1105 2432 Basilii.
1162 2370 1404 2427 Pomerii
1454 2370 1524 2423 de
1572 2368 1684 2421 vita
1731 2369 2164 2439 contemplativa

565 2469 662 2523 lib.
687 2466 795 2522 III.
831 2514 837 2527 .

637 2559 704 2611 In
735 2572 865 2609 uno.
898 2552 1026 2606 Vite
1053 2554 1275 2622 patrum
1309 2551 1537 2601 veteres.
1589 2549 1644 2598 et
1692 2543 1913 2598 Ysidori
1954 2545 2161 2600 sinoni-

563 2663 678 2710 ma,
710 2651 767 2698 et
795 2659 926 2715 pars
965 2639 1090 2694 libri
1131 2639 1226 2709 qui
1270 2643 1503 2691 vocatur
1546 2633 1816 2688 Diadema
1854 2635 2156 2690 monacho-

561 2751 708 2790 rum.

630 2827 698 2881 In
720 2839 831 2878 uno
857 2821 1157 2879 columine.
1190 2814 1498 2871 Concordia
1526 2812 1868 2881 regularum.

628 2916 697 2968 In
725 2929 836 2966 uno
863 2909 1162 2964 volumina.
1198 2904 1398 2958 Haimo
1435 2911 1606 2972 super
1642 2901 1887 2954 Ysaiam.

629 3003 694 3056 In
719 3017 849 3054 uno.
884 2996 1034 3053 Libri
1071 2993 1222 3049 beati
1251 2990 1503 3047 Dionisii.

627 3097 695 3150 In
727 3109 836 3146 uno
869 3094 976 3144 τοι.
1017 3085 1376 3142 Pronosticon
1412 3082 1641 3138 Juliani.

627 3185 695 3236 In
726 3197 857 3234 uno.
894 3177 1142 3234 Libellus
1167 3172 1450 3229 Wimondi
1480 3172 1550 3224 de
1574 3186 1806 3241 corpore
1819 3170 2158 3241 etsanguinc

556 3267 801 3326 Domini.

630 3361 699 3413 In
720 3372 847 3409 uno.
868 3353 1164 3424 Iosephus,
1189 3349 1590 3420 antiquitatum
1609 3348 1684 3402 lib
1734 3347 1926 3404 XIIII.
1947 3349 2157 3402 Inalio.

556 3443 973 3516 Antiquitatum
1002 3441 1098 3495 lib.
1130 3439 1228 3506 VI,
1263 3445 1319 3492 et
1346 3439 1415 3492 de
1442 3438 1674 3492 Judaico
1715 3437 1866 3492 bello
1911 3437 2162 3508 ejusdem

556 3535 652 3590 lib.
686 3531 814 3586 VII.

620 3623 686 3676 In
720 3637 847 3674 uno.
879 3616 1266 3674 Ecclesiastiea
1291 3615 1531 3670 historia
1559 3615 1779 3669 Eusebii
1806 3615 2154 3669 Cesariensis

557 3709 824 3780 episcopi,
857 3723 1027 3778 quam
1056 3705 1350 3759 transtulit
1387 3705 1623 3758 Ruﬁnus
1654 3704 1723 3757 de
1749 3720 1916 3773 greco
1946 3703 2004 3757 in
2033 3703 2157 3757 lati-

557 3815 712 3863 num,
741 3797 836 3850 lib.
859 3794 958 3850 XI.
995 3797 1062 3849 In
1084 3810 1212 3847 uno.
1239 3793 1363 3846 Alia
1388 3791 1624 3846 historia
1647 3791 2018 3845 ecclesiastica
2041 3808 2150 3862 que

555 3887 760 3942 dicitur
784 3885 1088 3957 tripartita.
1121 3883 1218 3937 lib.
1247 3883 1312 3936 X.

626 3978 695 4031 In
733 3992 864 4030 uno.
898 3971 1147 4028 Historia
1174 3970 1403 4042 Egisipi.
1435 3968 1526 4022 lib.
1557 3967 1656 4023 VI.

629 4069 696 4121 In
720 4081 850 4118 uno.
883 4060 1132 4116 Historia
1161 4058 1364 4124 Orosii,
1396 4057 1492 4112 lib.
1539 4056 1668 4111 VII.
1702 4055 1766 4109 In
1799 4057 1994 4110 eodem
2027 4058 2161 4112 Tro-

555 4171 662 4226 gus
683 4146 1485 4224 Pumpeius,epitome.XLVI.
1511 4145 1654 4201 Item
1677 4145 1734 4198 in
1763 4145 1960 4200 eodem
1990 4145 2160 4200 histo-

557 4242 645 4296 ria
670 4237 1189 4310 Laugobardorum,
1219 4235 1314 4289 lib.
1344 4236 1409 4288 V.

2243 1839 2368 1892 dem
2401 1837 2492 1892 lib.
2520 1837 2628 1892 Iad
2658 1840 3100 1894 Demetrianum.
3134 1839 3276 1895 Item
3295 1843 3686 1912 ejusdem,lib.
3721 1844 3748 1898 Ι
3779 1845 3846 1899 de

2244 1927 2632 1980 exhortatione
2661 1928 2900 1982 martirii
2929 1929 2998 1982 ad
3030 1929 3423 1985 Fortunatum.
3465 1933 3666 1987 Sermo
3697 1935 3844 2004 ejus-

2245 2017 2372 2070 dem
2401 2017 2472 2071 de
2499 2018 2614 2071 zelo
2634 2023 2691 2071 et
2711 2017 2902 2071 livore.
2926 2017 3070 2072 Item
3099 2035 3286 2073 sermo
3310 2021 3563 2090 ejusdem
3593 2023 3665 2077 de
3683 2024 3844 2094 peni-

2243 2105 2442 2160 tentia.
2477 2105 2620 2160 Item
2638 2106 2886 2175 ejusdem
2916 2106 3046 2160 libri
3066 2106 3136 2161 de
3155 2108 3517 2163 mortalitate.
3537 2108 3687 2164 Item
3701 2113 3846 2182 ejus-

2244 2193 2372 2247 dem
2397 2193 2494 2247 lib.
2539 2195 2608 2248 de
2636 2193 2831 2248 habitu
2857 2195 3156 2264 virginum.
3192 2194 3336 2250 Item
3361 2196 3457 2250 lib.
3491 2197 3746 2267 ejusdem
3777 2201 3847 2255 de

2245 2282 2475 2336 ecclesie
2504 2283 2775 2337 catholice
2795 2282 3028 2337 unitate.
3061 2283 3203 2338 Item
3232 2284 3326 2338 lib.
3361 2285 3615 2354 ejusdem
3660 2287 3734 2341 de
3770 2289 3846 2340 la-

2247 2371 2378 2440 psis.
2404 2369 2548 2424 Item
2586 2371 2646 2424 in
2676 2372 2871 2426 eodem
2895 2371 2990 2425 lib.
3019 2373 3087 2426 de
3113 2371 3348 2427 simbolo
3398 2373 3526 2428 ﬁdei
3582 2375 3656 2428 ad
3698 2377 3845 2430 Lau-

2244 2459 2509 2513 rentium.
2544 2459 2688 2514 Item
2725 2460 2874 2514 beati
2907 2460 3156 2532 Cipriani
3201 2461 3270 2515 ad
3302 2461 3599 2526 Quirinum
3631 2463 3732 2518 lib.
3763 2464 3841 2519 ΙΙ.

2315 2550 2470 2602 Libri
2499 2549 2793 2617 Fulgentii.

2313 2639 2381 2690 In
2406 2653 2519 2690 uno
2547 2641 2754 2691 solum.
2787 2637 2940 2692 Libri
2967 2637 3176 2692 XXIII.
3194 2637 3335 2693 Item
3355 2640 3617 2694 chronica
3647 2640 3720 2694 ab
3732 2643 3844 2696 ori-

2237 2725 2368 2796 gine
2390 2726 2584 2780 mundi
2608 2743 2786 2796 usque
2798 2727 2868 2780 ad
2887 2725 3186 2797 imperium
3214 2729 3472 2782 Heraclii.
3501 2727 3647 2782 Item
3673 2747 3846 2801 expo-

2234 2813 2366 2868 sitio
2405 2831 2576 2884 super
2610 2814 2706 2868 lib.
2739 2815 3020 2869 Geneseos
3049 2832 3227 2887 usque
3254 2817 3324 2871 ad
3353 2816 3510 2872 illum
3537 2817 3728 2872 locum
3752 2819 3848 2873 ubi

2237 2902 2444 2957 dicitur
2469 2923 2480 2956 τ
2515 2904 2737 2957 Clamor
2767 2903 3149 2958 Sodomorum.
3187 2911 3325 2959 Item
3353 2906 3626 2977 expositio
3657 2909 3848 2978 prolo-

2237 3008 2437 3061 gorum
2461 2991 2613 3045 beati
2642 2991 2904 3046 Ieronimi
2935 3009 3073 3062 quos
3103 2993 3161 3047 in
3181 2995 3553 3049 translatione
3583 3001 3643 3049 et
3661 2996 3722 3050 in
3751 3014 3846 3051 ex-

2201 3074 2219 3133 ἶ
2241 3080 2517 3151 positione
2538 3079 2808 3134 librorum
2831 3081 3050 3134 Veteris
3064 3081 3409 3138 Testamenti
3435 3083 3741 3138 fecit.Item
3761 3103 3850 3140 ex-

2240 3169 2444 3240 positio
2471 3167 2921 3224 benedictionum
2942 3169 3051 3223 XII
3066 3171 3697 3228 Patriarcharum.Item
3720 3191 3851 3246 que-

2242 3259 2372 3312 dam
2403 3258 2693 3330 prophetie
2725 3257 2916 3313 Sibille
2945 3275 3053 3329 que
3073 3259 3394 3331 deimperio
3414 3268 3719 3316 romanoet
3737 3265 3848 3320 ﬁne

2243 3348 2416 3402 seculi
2437 3347 2696 3418 predixit.

2317 3439 2472 3492 Libri
2501 3438 2642 3490 beati
2665 3436 2966 3491 Athanasii
2993 3440 3242 3506 episcopi.

2311 3527 2376 3578 In
2407 3541 2519 3578 uno
2539 3526 2642 3578 vol.
2673 3522 2758 3578 De
2789 3524 3063 3589 trinitate,
3106 3523 3204 3578 lib.
3240 3524 3286 3578 Ι.
3331 3525 3405 3579 De
3433 3526 3654 3581 unitate
3685 3528 3851 3582 trini-

2237 3613 2390 3678 tatis,
2425 3613 2519 3666 lib.
2553 3612 2630 3666 ΙΙ.
2667 3613 2746 3666 De
2779 3613 2940 3666 unico
2987 3613 3215 3667 nomine
3243 3613 3574 3679 divinitatis,
3607 3617 3702 3670 lib.
3737 3617 3844 3672 III.

2238 3704 2318 3758 De
2351 3702 2737 3773 assumptione
2765 3702 3029 3763 hominis,
3061 3702 3159 3760 lib.
3201 3701 3340 3758 IIII.
3373 3705 3452 3758 De
3481 3705 3724 3776 singulis
3751 3721 3850 3761 no-

2233 3791 2753 3845 minibusadversus
2771 3791 3045 3844 novellam
3075 3791 3335 3855 heresim,
3369 3792 3464 3846 lib.
3499 3809 3544 3849 1.
3581 3795 3664 3850 De
3679 3796 3848 3851 unica

2234 3880 2549 3935 substantia
2576 3879 2864 3946 trinitatis,
2893 3880 2989 3934 lib.
3013 3879 3110 3934 VI.
3137 3881 3215 3935 De
3239 3880 3586 3937 beatitudine
3606 3885 3760 3950 ﬁdei,
3790 3892 3848 3940 et

2240 3969 2645 4040 proscriptione
2665 3975 2814 4023 secte
2843 3968 3104 4040 pessime,
3135 3969 3233 4023 lib.
3263 3968 3364 4024 VII
3405 3971 3478 4025 De
3499 3973 3846 4042 professione

2242 4059 2435 4130 regule
2460 4057 2748 4122 catholica,
2783 4057 2878 4112 lib.
2913 4057 3069 4111 VIII.
3098 4058 3174 4112 De
3205 4057 3334 4112 ﬁdei
3363 4059 3600 4124 unitate,
3627 4062 3726 4116 lib.
3747 4063 3841 4117 IX.

2242 4149 2322 4203 De
2351 4147 2605 4202 trinitate
2639 4152 2698 4201 ct
2720 4146 2918 4218 spiritu
2949 4153 3162 4201 sancto.
3187 4146 3264 4200 lib
3296 4147 3362 4201 X.
3389 4147 3699 4204 Altercatio
3721 4169 3844 4206 san-

2241 4237 2316 4292 cti
2345 4235 2657 4299 Athanasii,
2679 4251 2844 4306 quam
2875 4234 3075 4290 habuit
3102 4252 3202 4306 pro
3231 4236 3340 4289 ﬁde
3368 4241 3566 4291 contra
3590 4239 3838 4306 Arrium,

631 4332 699 4385 In
731 4344 841 4382 uno
870 4329 978 4380 vol.
1009 4323 1138 4377 Vita
1175 4322 1353 4377 sancti
1395 4321 1612 4376 Nicolai
1643 4325 1698 4375 et
1729 4319 2000 4374 miracula
2034 4322 2155 4392 ejus

2253 4325 2568 4382 Sabellium.
2613 4323 2879 4378 Focinum
2929 4324 3224 4389 hereticos,
3256 4323 3351 4378 lib.
3407 4325 3505 4380 XI.
3553 4328 3843 4384 Sententia

559 4423 618 4474 et
641 4415 938 4473 translatio
967 4413 1235 4483 ejusdem.

631 4509 700 4562 In
736 4521 874 4560 uno.
915 4503 1070 4557 Dicta
1093 4502 1244 4557 beati
1269 4501 1527 4572 Gregorii
1555 4518 1697 4573 pape
1730 4518 1898 4573 super
1920 4503 2160 4575 cantica,

561 4601 621 4650 et
648 4594 762 4648 vita
791 4592 1004 4648 domini
1026 4591 1280 4647 Herluini
1301 4591 1538 4656 abbatis,
1570 4596 1623 4645 et
1654 4591 1768 4644 vita
1787 4591 1937 4647 beati
1957 4594 2158 4648 Ansel-

559 4685 638 4739 mi
667 4681 1070 4754 archiepiscopi
1100 4679 1543 4736 Cantuariensis.

629 4777 698 4830 In
741 4789 874 4828 uno.
907 4769 1276 4836 Elucidarius,
1315 4775 1372 4824 et
1413 4769 1776 4841 Apocalipsis,
1829 4776 1884 4824 et
1925 4770 2157 4826 Cantica

555 4862 900 4918 canticorum
915 4904 927 4917 .

628 4956 697 5008 In
735 4967 867 5005 uno.
898 4951 980 5004 De
1007 4947 1174 5013 vitiis,
1208 4945 1304 5000 lib.
1352 4944 1474 5014 III;
1503 4949 1558 5000 et
1593 4947 1814 5002 Ysidori
1851 4947 2150 5012 sinouima,

555 5040 652 5097 lib.
686 5037 782 5106 II;
827 5043 884 5092 et
917 5039 1225 5090 lamentum
1257 5034 1564 5104 penitentie
1585 5036 1856 5106 ejusdem,
1881 5042 1939 5090 et
1961 5035 2157 5106 regula

555 5129 688 5186 ﬁdei
711 5127 960 5182 versiﬁce
979 5124 1311 5195 composita.

626 5221 695 5274 In
724 5233 836 5271 uno
864 5217 970 5268 vol.
1017 5213 1392 5268 Continentur
1426 5211 1484 5267 II
1525 5212 1648 5267 libri
1693 5213 1763 5268 de
1811 5213 2154 5285 expositione

556 5303 915 5363 ecclesiastici
939 5302 1106 5358 ofﬁcii
1134 5307 1249 5356 tam
1277 5301 1552 5357 diurnalis
1581 5319 1750 5373 quam
1785 5305 2151 5363 nocturnalis.

558 5397 694 5452 editi
723 5394 794 5449 ab
822 5391 1107 5448 Amalario
1127 5392 1242 5446 viro
1269 5391 1681 5463 apperitissime
1709 5392 1950 5446 erudito.
1984 5391 2149 5462 Item,

2237 4415 2397 4487 probi
2418 4413 2625 4484 judicis
2654 4412 2750 4484 qui
2785 4413 2852 4467 ad
2898 4412 3272 4466 dirimendam
3319 4414 3741 4471 altercationem
3773 4419 3841 4472 ab

2246 4505 2582 4576 imperatore
2609 4501 2938 4573 Constantio
2970 4501 3174 4556 missus
3202 4502 3403 4558 fuerat.
3427 4502 3571 4558 Item
3603 4505 3840 4576 epistola

2246 4593 2491 4649 Potumii
2536 4591 2607 4646 ad
2653 4591 3021 4645 Athanasium
3065 4591 3405 4662 episcopum.
3433 4591 3578 4646 Item
3603 4595 3842 4665 epistola

2235 4683 2416 4751 sancti
2452 4681 2746 4736 Athanasii
2769 4681 2840 4735 ad
2870 4680 3185 4736 Luciferum
3212 4681 3557 4752 episcopum.
3580 4683 3702 4738 Lib.
3732 4685 3840 4740 XII

2237 4774 2307 4828 de
2327 4771 2651 4827 Sotonibus.

2310 4861 2464 4916 Libri
2482 4860 2808 4915 Cassiodori-

2309 4952 2376 5004 In
2407 4966 2518 5002 uno
2548 4951 2652 5002 vol.
2687 4947 2868 5017 Super
2907 4945 3005 5002 Ιιω
3044 4952 3258 5019 partem
3291 4949 3563 5020 psalterii.
3601 4953 3668 5006 In
3705 4956 3836 5007 alio.

2237 5040 2418 5108 Super
2447 5035 2564 5090 Ιιω.
2601 5039 2666 5092 1η
2695 5037 2827 5088 alio.
2855 5036 3038 5107 Super
3065 5035 3242 5090 IIIm.
3271 5039 3339 5092 In
3367 5041 3497 5093 alio.
3540 5039 3839 5097 Cassiodo-

2238 5143 2333 5180 rus
2360 5125 2429 5180 de
2448 5125 2657 5188 anima,
2690 5123 2788 5178 lib.
2818 5123 2866 5178 Ι.

2307 5216 2376 5269 In
2402 5216 2516 5268 alio
2540 5214 2646 5268 vol.
2681 5213 3024 5284 Smaragdus
3051 5231 3223 5286 super
3257 5215 3512 5285 regulam
3552 5217 3608 5270 S.
3653 5216 3837 5274 Bene-

2235 5303 2390 5358 dicti.

2307 5391 2375 5446 In
2406 5395 2518 5446 alio
2545 5391 2904 5447 continentur
2929 5392 3192 5447 chronica
3212 5391 3454 5458 Eusebii,
3491 5401 3548 5448 et
3575 5395 3835 5452 chronica

558 5481 795 5551 epistola
842 5478 1091 5550 ejusdem
1150 5477 1219 5531 ad
1268 5477 1570 5532 Jeremiam
1629 5476 1698 5530 de
1738 5477 1968 5532 nomine
1994 5479 2148 5534 Jesu.
2231 5479 2497 5534 Ieronimi
2525 5485 2582 5534 et
2606 5481 2884 5552 Prosperi,
2917 5486 2974 5536 et
3001 5482 3266 5537 chronica
3287 5484 3602 5555 Sigisberti.

559 5571 722 5636 Item,
754 5567 992 5639 epistola
1025 5565 1273 5636 ejusdem
1318 5565 1388 5620 ad
1431 5565 1806 5621 Guntardum.
1837 5565 1998 5634 Item,
2031 5568 2151 5640 epi-

2306 5571 2372 5624 In
2401 5586 2514 5623 uno
2543 5572 2646 5624 vol.
2681 5569 2923 5625 Historia
2952 5571 3390 5642 Normanorum,
3408 5573 3506 5629 lib.
3538 5573 3665 5642 VII,
3691 5576 3834 5632 vide
