3920 6396
126 378 220 447 777
779 380 1137 446 CATALOG.
1178 379 1555 483 LIBRORUM
1590 376 1923 442 ABBATIJE
1959 383 2350 444 BECCENSIS
2390 384 2560 446 SEO.
2600 383 2728 461 XII.
3276 390 3383 459 ἠδ

123 516 247 573 licet
273 514 348 571 ab
376 515 623 571 adventu
663 512 925 583 Hastingi
968 512 1027 567 in
1076 528 1314 584 regnum
1366 511 1777 573 FrancorumA
1869 513 1936 566 In
1990 514 2129 568 alio.
2185 511 2457 584 Origenes
2516 530 2689 586 super
2721 515 2955 574 Cantica
3014 519 3381 594 canticorum,

124 622 295 678 usque
324 606 394 660 ad
428 609 667 660 mortem
699 601 867 674 primi
895 601 1142 662 Henrici.
1201 602 1351 672 regis
1401 601 1712 671 Anglorum
1793 599 1890 655 lib.
1924 599 2011 655 III
2042 619 2055 669 ;
2098 600 2157 656 in
2185 602 2380 658 eodem
2406 603 2610 659 omelia
2627 604 2881 675 ejusdem
2908 623 3079 680 super
3096 612 3381 684 psalmos:

121 694 356 757 etducis
387 695 824 761 Normanorum.
858 688 1005 745 Item
1036 690 1149 745 vita
1179 690 1365 746 Caroli
1392 690 1581 760 magni
1602 689 1712 743 im-
1792 690 1923 743 Noli
1949 693 2244 758 emittere;
2283 692 2528 759 Domine,
2564 710 2630 748 ne
2655 697 2719 748 in
2748 696 2940 762 furore
2976 716 2995 754 :
3034 699 3167 754 Dixi
3195 703 3387 762 Custo-

118 783 391 856 peratoris
417 783 805 837 Romanorum
859 785 917 833 et
970 779 1120 849 regis
1168 778 1538 851 Francorum.
1564 776 1711 832 Item
1791 778 1966 832 diam.

119 874 228 928 vita
255 869 561 927 Alexandri
585 868 776 940 magni
807 867 953 938 regis
985 866 1378 922 Macedonum.
1413 869 1556 922 Item
1592 866 1712 937 epi-
1869 868 1935 921 In
1955 868 2088 921 alio.
2120 867 2342 923 Alcuini
2371 870 2442 925 de
2470 872 2746 940 trinitate,
2788 877 2886 933 lib.
2920 878 3027 936 III.

119 964 260 1020 stola
282 960 543 1033 ejusdem
574 959 644 1014 de
665 958 777 1014 situ
807 957 968 1012 Indie
1021 957 1093 1012 ad
1137 958 1488 1012 Aristotilem
1542 956 1717 1026 magi-
1868 956 1937 1010 In
1965 958 2102 1011 alio.
2133 956 2490 1015 Tertulianus
2519 969 2715 1019 contra
2744 983 3011 1039 paganos,
3061 969 3158 1027 lib.
3220 988 3388 1030 unus.

123 1059 297 1108 strum
330 1066 519 1106 suum.
555 1049 698 1104 Item
719 1046 1029 1101 abreviatio
1055 1062 1252 1116 regum
1265 1045 1517 1101 Francia:
1533 1050 1718 1116 gesto-
1800 1072 1865 1085 --
1890 1041 1957 1097 In
1988 1043 2187 1099 eodem
2217 1046 2524 1119 Gregorius
2551 1050 2757 1113 Tusen.
2781 1055 2852 1125 (?)
2885 1057 2956 1113 de
2981 1060 3267 1117 creatione
3293 1062 3393 1119 ho-

123 1158 245 1197 rum
295 1138 369 1194 ab
416 1135 739 1210 egressione
790 1151 985 1190 eorum
1014 1152 1049 1189 a
1078 1134 1389 1190 Sicambria
1417 1150 1595 1206 usque
1644 1149 1671 1187 ε

633 1151 739 1192 one
790 1151 985 1190 eorum
1014 1152 1049 1189 a
1078 1134 1389 1190 Sicambria
1417 1150 1595 1206 usque
1644 1132 1717 1187 ad
1798 1131 1988 1199 minis,
2005 1133 2103 1188 lib.
2131 1131 2181 1189 Ι.

120 1228 455 1302 principium
474 1224 632 1296 regni
646 1222 909 1280 Ludovici
918 1223 1161 1299 junioris
1177 1223 1328 1293 regis
1350 1221 1715 1278 Francorum.
1870 1220 1938 1273 In
1958 1223 2090 1274 alio.
2115 1220 2366 1279 Historia
2403 1226 2730 1297 Clementis,
2762 1230 2864 1287 lib.
2892 1232 2960 1289 X.

122 1319 265 1374 Item
290 1314 661 1372 historiarum
689 1313 759 1368 de
793 1312 1018 1383 regibus
1047 1312 1278 1382 majoris
1303 1311 1595 1367 Britannie
1623 1327 1718 1366 us-
1870 1310 1939 1362 In
1958 1312 2091 1364 alio.
2117 1311 2403 1367 Palladius
2431 1312 2502 1369 de
2528 1316 2895 1387 agricultura.
2923 1322 3022 1381 lib.
3053 1323 3183 1383 XII.
3208 1324 3277 1382 Iu
3303 1343 3394 1383 eo—

123 1423 230 1479 que
257 1406 330 1461 ad
355 1405 660 1458 adventum
695 1402 1009 1473 Anglorum
1065 1401 1125 1456 in
1157 1401 1397 1456 insulam
1428 1400 1558 1454 libri
1590 1398 1716 1459 XII.
1799 1393 1925 1450 dem
1952 1396 2218 1469 Vegetius
2248 1399 2317 1453 de
2343 1418 2406 1455 re
2428 1403 2675 1470 militari,
2708 1406 2809 1462 lib.
2838 1406 2947 1465 ΙΙΙ,

120 1496 177 1551 in
206 1509 450 1567 quorum
477 1489 719 1563 septimo
753 1490 1115 1545 continentur
1164 1489 1457 1561 prophetia
1496 1488 1718 1555 Marini,
1874 1487 1942 1539 In
1969 1488 2104 1540 alio.
2139 1488 2469 1557 Macrobius,
2495 1491 2565 1546 de
2594 1496 2996 1567 saturnalibus,
3028 1499 3127 1559 lib.
3159 1498 3269 1558 ΙΠ.

122 1600 234 1639 non
283 1580 593 1645 Silvestris,
629 1579 726 1634 sed
754 1578 1012 1646 alterius,
1040 1578 1099 1633 id
1128 1584 1216 1632 est
1240 1577 1460 1633 Merlini
1491 1576 1723 1632 Ambro-
1874 1574 1942 1627 In
1968 1577 2101 1629 alio.
2130 1576 2510 1640 Qnintilianus
2538 1582 2610 1636 de
2633 1585 2837 1641 CﬂUSiS-

125 1672 214 1729 sii.
237 1670 386 1727 Item
417 1668 769 1741 exceptiones
796 1684 862 1721 ex
882 1666 1022 1721 libro
1051 1667 1214 1722 Gildo
1241 1666 1512 1738 sapientis
1544 1667 1720 1722 histo-
1872 1662 1939 1716 Ιη
1967 1665 2101 1717 αιίο-
2134 1664 2436 1721 Suetonius
2464 1669 2535 1723 de
2564 1670 2678 1725 Vita
2703 1674 2989 1742 Cesarum.
3024 1676 3122 1734 Ῐίδο
3153 1676 3287 1736 ΧΠ·

124 1761 409 1833 riographi
462 1758 775 1823 Britonum,
809 1772 975 1828 quem
1011 1756 1324 1827 composuit
1351 1755 1422 1810 de
1456 1754 1720 1810 vastatio-
1877 1752 1941 1805 In
1969 1753 2150 1806 eodem
2172 1753 2474 1827 Eutropius
2495 1757 2566 1811 ab
2593 1759 2731 1816 urbe
2758 1764 3001 1832 condita,
3033 1765 3131 1821 lib.
3163 1768 3235 1824 X.

122 1867 192 1906 ne
211 1849 398 1922 gentis
429 1864 532 1903 sue
556 1851 615 1902 et
631 1846 703 1901 de
729 1844 1080 1900 mirabilibus
1110 1844 1422 1900 Britannic.

1145 1844 1422 1900 lritannie,
1736 1862 1784 1923 Β
1873 1839 1942 1894 In
1967 1841 2100 1894 alio.
2132 1841 2350 1898 Tullius
2378 1844 2449 1899 de
2475 1847 2693 1904 ofﬁciis.

199 1941 270 1995 In
301 1954 415 1992 uno
442 1938 741 1992 columine.
799 1934 1049 1988 Historia
1094 1933 1353 2005 Gregorii
1381 1932 1722 1988 Turonensis
1877 1928 1941 1982 1η
1964 1932 2098 1984 alio.
2131 1930 2442 2004 Philippica
2474 1935 2777 2003 Ciceronis,
2812 1939 2907 1994 lib.
2935 1938 3041 1998 III.

127 2029 195 2084 de
250 2026 429 2099 gestis
483 2025 847 2088 Francorum,
902 2022 1034 2078 libri
1063 2023 1132 2078 X.
1163 2021 1231 2077 In
1255 2024 1452 2078 eodem
1489 2022 1726 2077 historia
1877 2018 1946 2072 In
1976 2019 2109 2071 alio.
2146 2019 2492 2090 Angelomus
2512 2039 2683 2095 super
2711 2043 2891 2097 reges,
2925 2029 3043 2085 XV.

122 2115 365 2173 Baldrici
397 2113 653 2170 Dolensis
680 2111 1103 2184 archiepiscopi,
1161 2112 1441 2183 quomodo
1495 2113 1724 2166 Jerusa-
1881 2106 1948 2159 In
1976 2108 2109 2160 alio.
2165 2107 2369 2163 Haimo
2406 2127 2578 2182 super
2609 2114 2873 2184 epistolas
2929 2116 3111 2175 Pauli.
3164 2118 3402 2179 Hermas

122 2208 232 2262 lem
261 2208 428 2277 capta
455 2204 529 2258 sit
556 2219 592 2257 ει
612 2200 950 2265 οιιι-ίειίαηίε,
985 2200 1111 2255 libri
1144 2202 1278 2256 1111,
1810 2196 2020 2263 pastor,
2055 2192 2150 2248 lib.
2186 2193 2234 2249 Ι.
2289 2195 2474 2253 Abbas
2522 2200 2949 2260 Clarevallensis
2985 2223 3159 2279 supra
3185 2211 3405 2267 cantica

190 2297 261 2350 In
285 2309 402 2349 uno
436 2294 544 2347 υοι.
572 2288 937 2345 Itinerarium
959 2289 1276 2344 Jerusalem
1301 2289 1515 2343 editum
1540 2305 1574 2343 a
1602 2288 1728 2344 Ful-

1856 2280 2170 2337 mticorum.
2208 2283 2371 2354 Hugo
2404 2285 2736 2344 Parisiensis
2785 2292 2855 2346 de
2899 2310 3051 2361 arca,
3106 2296 3176 2351 de
3222 2314 3404 2355 sacra-

130 2384 297 2439 chero
329 2378 664 2437 Carnotensi
691 2377 914 2443 clerico,
939 2378 1230 2433 continens
1257 2394 1348 2433 res
1361 2384 1550 2449 gestas
1576 2378 1728 2433 illius
1811 2369 2036 2434 mentiti.
2075 2375 2133 2425 et
2159 2371 2229 2426 de
2255 2373 2379 2429 aliis
2407 2376 2618 2431 multis.

130 2468 504 2545 expeditionis
529 2467 599 2522 ab
639 2466 803 2523 initio
828 2483 1007 2538 usque
1054 2467 1126 2521 ad
1154 2483 1364 2522 annum
1392 2467 1678 2522 incarnatii

1880 2460 1947 2514 In
1983 2461 2116 2513 alio.
2161 2457 2274 2515 XII
2301 2463 2578 2534 Prophete
2598 2465 2824 2536 glosati.
2860 2469 3197 2530 Psalterium
3224 2476 3406 2547 gloss—

130 2561 216 2616 nis
235 2557 517 2614 dominica
535 2554 884 2614 M.C.XXVI.
1808 2552 1951 2601 tum.
1984 2547 2150 2602 Glosc
2197 2549 2496 2607 Gisleberti
2528 2554 2820 2611 Porretani
2853 2575 3022 2632 super
3046 2564 3395 2634 psalterium.

197 2650 271 2704 In
297 2650 437 2703 alio.
469 2646 708 2700 Decreta
736 2645 1086 2716 pontiﬁcum.
1815 2635 2061 2706 Epistole
2096 2637 2271 2692 Pauli.
2305 2640 2596 2697 Sententie
2643 2643 2797 2701 Petri
2826 2647 3147 2721 Lombardi,
3186 2653 3246 2708 in
3294 2673 3408 2712 uno

199 2739 274 2793 In
294 2738 427 2792 alio.
451 2734 728 2792 Canones.
1811 2723 2113 2778 volumine.
3200 2804 3203 2807 Ι

200 2827 272 2881 In
301 2827 438 2879 alio.
473 2823 747 2894 Excerpta
775 2821 1148 2878 decretorum.
1882 2814 1948 2865 In
1975 2816 2111 2867 alio.
2143 2814 2391 2885 Epistole
2420 2818 2648 2874 Senece.
2704 2823 2771 2876 In
2795 2824 2929 2878 alio.
2964 2827 3176 2884 Seneca
3201 2831 3272 2886 de
3301 2834 3410 2888 cle-

202 2915 275 2969 ln
299 2914 436 2968 alio.
470 2912 686 2983 Corpus
713 2927 1015 2967 canonum.
1814 2901 2045 2965 mentia,
2078 2908 2136 2956 et
2162 2903 2232 2957 de
2259 2903 2564 2964 beneficiis.

201 3005 274 3060 In
300 3004 441 3057 alio.
471 3000 899 3055 Benedictiones
928 2999 1290 3071 episcopales,
1315 3016 1416 3071 per
1435 2998 1611 3055 totius
1636 3015 1734 3054 an—
1886 2991 1955 3079 In
1981 2992 2115 3044 αίίο-
2154 2991 2364 3047 Seneca
2408 2993 2478 3047 de
2512 2994 2717 3049 causis.
2750 2997 2986 3057 Hermes
3012 3003 3406 3079 Trimegistus,

132 3091 193 3146 ni
219 3088 588 3156 curriculum,
641 3093 700 3143 et
748 3088 1030 3159 quomodo
1062 3087 1376 3142 celebratur
1409 3088 1727 3154 concilium,
1888 3078 1953 3131 In
1972 3080 2103 3132 alio.
2138 3079 2349 3135 Seneca
2366 3080 2437 3136 de
2465 3082 2816 3142 naturalibus
2845 3078 3264 3159 quaestionibus.
3305 3098 3408 3154 Se-

137 3186 196 3236 et
222 3181 295 3235 de
330 3177 753 3234 consecratione
782 3176 1025 3248 episcopi
1055 3177 1363 3231 secundum
1397 3193 1609 3231 morem
1639 3193 1733 3231 ro-
1751 3219 1793 3248 ρ,
1815 3180 1954 3220 ηεϐει
1982 3166 2051 3221 de
2079 3169 2346 3223 remediis
2376 3170 2754 3227 fortuitorum.

133 3284 390 3335 manum,
422 3271 482 3321 et
512 3266 703 3338 plures
732 3264 966 3336 epistole
1012 3281 1377 3319 romanorum
1408 3256 1794 3336 pontiﬁcum"
1888 3256 1955 3309 1η
1974 3258 2108 3310 alio.
2133 3257 2446 3313 Martianus
2458 3260 2705 3332 Capella,
2736 3261 2806 3316 de
2820 3267 3031 3338 nuptiis
3060 3269 3325 3332 Mercurii
3352 3284 3411 3334 et

133 3356 466 3414 decretales.
497 3361 555 3409 et
579 3353 895 3409 benedictio
915 3352 1158 3424 abbatis,
1187 3353 1434 3424 virginis,
1467 3360 1525 3410 et
1549 3353 1734 3424 vidue,
1818 3343 2139 3432 philologia.
2169 3346 2267 3400 lib-
2302 3346 2382 3411 II;
2419 3353 2477 3404 et
2503 3350 2574 3405 de
2600 3348 2712 3405 VII
2735 3352 2951 3410 artibus
2992 3359 3161 3416 editis
3210 3363 3283 3420 ab
3319 3381 3406 3432 eo,

135 3452 193 3502 et
217 3443 503 3512 monachi,
528 3449 587 3498 et
609 3443 789 3498 multa
825 3443 957 3497 alia.
1818 3431 1914 3523 lib.
1946 3430 2088 3523 VII;
2121 3439 2178 3488 et
2206 3442 2587 3492 commentum
2619 3437 2862 3510 Remigii
2907 3459 3078 3516 super
3124 3430 3407 3523 eumdem,

196 3536 268 3590 In
287 3550 406 3589 uno
427 3535 728 3587 volumine.
765 3530 1135 3586 Collectiones
1171 3530 1444 3586 Burcardi
1473 3532 1736 3586 Worma-
1817 3521 1895 3576 ῙΧ
1947 3521 2044 3576 lib-
2081 3522 2399 3580 PPiSCianus
2428 3527 2498 3582 de
2521 3528 2657 3586 VIII
2677 3536 2952 3606 partibus.
2985 3544 3044 3592 et
3067 3539 3138 3594 de
3161 3521 3413 3601 constru-

128 3621 329 3679 tiensis
358 3619 628 3693 episcopi,
659 3618 758 3674 lib.
791 3620 911 3682 XX,
934 3624 1049 3673 tam
1077 3619 1147 3673 ad
1177 3619 1548 3674 ecclesiastica
1567 3636 1735 3691 quam
1817 3609 2114 3679 ctionibus,
2141 3611 2226 3679 II;
2255 3613 2815 3692 Utraquerethorica,
2850 3624 2909 3681 ΙΙ
2928 3644 2940 3694 ;
2959 3626 3269 3698 Dialectice,
3294 3631 3408 3689 III.

130 3709 412 3766 secularia
437 3707 672 3779 negocia
692 3707 1091 3779 pertractanda
1116 3707 1450 3762 necessarie.
1817 3698 2132 3771 Utrumque
2147 3710 2525 3760 commentum
2546 3726 2716 3783 super
2735 3714 3093 3787 Porphirium
3118 3736 3133 3786 ;
3164 3721 3410 3792 primum

196 3802 358 3857 Libri
409 3800 630 3854 Dionisi
676 3796 1017 3866 Areopagite.
1057 3799 1127 3852 In
1153 3813 1265 3851 uno
1293 3800 1396 3851 υοι.
1434 3797 1512 3850 De
1543 3797 1735 3852 celesti
1817 3790 3224 3882 fupfBI‘Catheg.(Qalegorias);primum,secunduin
3239 3826 3411 3882 super

131 3886 431 3953 ierarchia,
463 3885 570 3942 lib.
605 3885 656 3942 Ι.
695 3884 777 3939 De
808 3883 1185 3940 ecclesiastica
1201 3884 1497 3950 ierarchia,
1532 3885 1626 3939 lib.
1653 3885 1730 3940 II.
1817 3876 2245 3933 Ρθνίθνῐηθηίειε·
2281 3881 2673 3942 Commentum
2702 3906 2869 3962 super
2892 3892 3076 3964 topica
3102 3876 3408 3958 Ciceronis.

131 3976 212 4032 De
241 3975 450 4032 divinis
503 3972 843 4035 nominibus.
871 3972 969 4028 lib.
1004 3972 1108 4028 111.
1142 3972 1222 4028 De
1251 3972 1493 4027 imistica
1520 3975 1733 4029 theolo-
1888 3969 1955 4022 In
1975 3970 2111 4058 ᾳιίο.
2143 3969 2529 4039 Arithmetica.
2553 3977 2787 4048 musica.
2817 3991 2874 4034 et
2901 3980 3219 4039 Macrobius
3238 4002 3411 4058 super

128 4065 276 4137 gica,
307 4064 410 4120 lib.
440 4061 569 4120 IIII.
610 4062 756 4117 Item
785 4062 961 4134 ipsius
1007 4062 1079 4117 ad
1107 4062 1357 4117 diversos
1397 4062 1634 4134 epistola.
1660 4063 1730 4117 X.
1814 4055 2096 4111 somnium
2131 4058 2404 4130 Sciponis.
2433 4063 2835 4122 Arithmetica.»
2867 4066 3009 4124 Item
3033 4055 3408 4132 arithmetica.

131 4154 199 4211 In
228 4154 433 4210 eodem
463 4151 643 4207 Beotii
675 4151 745 4206 de
772 4150 1048 4218 trinitate,
1070 4150 1168 4205 lib.
1197 4150 1328 4206 IIII.
1817 4143 2138 4199 Geometria
2165 4146 2422 4203 Gilberti.
2451 4150 2866 4223 Propositiones
2895 4154 3096 4224 Boetii,
3146 4157 3237 4215 III
3291 4160 3408 4227 Ma-

200 4244 276 4298 In
302 4244 444 4298 alio.
480 4240 727 4312 Epistole
753 4239 981 4308 Yvonis,
1037 4244 1096 4295 et
1146 4239 1217 4294 de
1258 4239 1647 4305 sacramentis,
1679 4243 1737 4293 ct
1816 4231 1989 4287 crobii
2020 4232 2094 4288 ΙΙ.
2127 4234 2379 4290 Platonis
2393 4236 2502 4293 III.
2524 4238 2912 4299 commentum
2938 4244 3169 4302 Calcidii
3188 4248 3407 4306 diaconi

133 4347 427 4388 sermones
455 4330 652 4403 ipsius.
1816 4338 1987 4393 super
2012 4322 2325 4378 Platonem.

199 4423 275 4478 In
302 4422 442 4476 alia.
469 4417 828 4475 Abbreviatio
851 4417 1025 4473 totius
1052 4417 1303 4490 corporis
1330 4433 1630 4472 canonum.
1753 4492 1789 4499 _
1834 4498 1847 4499 γ
1892 4413 1962 4499 [ff
1990 4426 2102 4499 τιηο
2121 4414 2225 4499 υρι-
2248 4412 2457 4468 omnes
2482 4413 2608 4470 libri
2637 4417 2799 4474 Ονίάί
2844 4427 3071 4495 excepto
3099 4442 3303 4499 ωεεηο
3351 4434 3410 4485 et

201 4511 276 4566 In
312 4510 456 4565 alio.
507 4505 758 4563 Historia
786 4505 1037 4573 Henrici,
1078 4505 1149 4560 de
1185 4509 1355 4577 gente
1399 4503 1732 4574 Anglorum,
1751 4492 1886 4556 Dde
1915 4497 2121 4554 Fastis.
2151 4498 2295 4555 Item
2323 4507 2580 4559 auctores
2608 4508 2799 4566 multi.

132 4596 228 4653 lib.
252 4596 323 4653 X.
1888 4589 2042 4642 Libri
2073 4589 2325 4655 Origcnis
2350 4591 2661 4658 presbiteri.

198 4689 273 4743 In
295 4701 411 4742 uno
431 4685 541 4741 υοι.
574 4683 823 4756 Epistole
849 4682 1087 4741 Sidonii.
1886 4676 1954 4729 In
1984 4691 2096 4729 uno
2125 4677 2425 4731 uolmm'na.
2461 4676 2527 4733 In
2558 4680 2842 4749 Genesim,
2903 4673 3123 4745 omelie.
3156 4691 3302 4749 XVI.
3339 4696 3408 4751 In

198 4778 273 4831 In
297 4776 437 4830 alio.
472 4774 674 4830 Isidori
701 4774 773 4830 de
794 4772 1012 4837 ofﬁciis,
1042 4771 1137 4826 lib.
1166 4769 1242 4826 II.
1814 4765 2014 4817 eodem.
2048 4761 2114 4817 In
2145 4763 2415 4829 Exodum,
2448 4766 2648 4823 omelie
2677 4769 2806 4826 XII.
2841 4774 2907 4828 In
2925 4777 3125 4831 eodem.
3150 4777 3218 4835 In
3247 4781 3410 4837 Levi-

202 4867 275 4920 ]n
295 4867 430 4920 alio.
466 4862 736 4935 Dialogus
757 4852 959 4918 Basilii
986 4865 1045 4916 et
1070 4859 1362 4924 Johannis.
1403 4859 1500 4914 lib.
1543 4858 1588 4914 Ι.
1815 4851 1932 4917 εἰση
1966 4851 2165 4907 omelie
2191 4851 2340 4908 XVI-
2395 4854 2463 4908 1η
2492 4857 2693 4911 eodem.
2737 4857 2804 4914 In
2861 4862 3157 4929 Numeros,
3209 4870 3412 4926 omelie

202 4955 275 5008 In
302 4953 441 5007 alio.
478 4951 816 5008 Sermonum
846 4947 1092 5015 Etlremi,
1121 4946 1215 5001 lib.
1244 4946 1294 5001 Ι.
1815 4941 1985 4995 XXX.
2009 4942 2074 4995 In
2107 4942 2306 4995 eodem.
2343 4939 2407 4996 In
2436 4944 2560 4996 Jesu
2595 4960 2792 5001 navem
2837 4949 3039 5005 omelie
3089 4952 3287 5010 XXVI.
3336 4959 3406 5013 In

206 5042 280 5096 In
297 5043 431 5096 alio.
464 5040 725 5113 Gregorii
744 5039 960 5112 Nyseni
988 5053 1296 5101 sermones,
1329 5035 1425 5089 lib.
1459 5033 1505 5089 Ι.
1818 5031 2021 5084 codmn.
2051 5028 2118 5084 In
2143 5028 2346 5097 Judic.,
2377 5030 2579 5085 omelie
2603 5031 2700 5087 IX.
2734 5036 2802 5089 In
2831 5037 3030 5092 eodem.
3066 5037 3135 5095 In
3163 5041 3261 5097 lib.
3294 5043 3407 5100 Re-

206 5130 275 5185 Ῑη
304 5132 442 5186 alio.
464 5128 734 5185 Rabanus
763 5145 934 5201 super
960 5122 1273 5191 Matheum,
1301 5123 1398 5178 lib.
1426 5122 1589 5179 VIII.
1815 5136 1970 5190 gum,
2006 5118 2207 5173 omelie
2239 5117 2375 5173 IIII.
2409 5121 2478 5175 In
2505 5123 2704 5177 eadem.
2738 5121 2806 5178 In
2825 5124 3070 5195 Ysaiam,
3102 5132 3306 5188 omelie
3325 5132 3405 5190 II.

207 5218 279 5272 ιη
307 5219 444 5273 alio.
467 5215 734 5273 Rabanus
762 5232 933 5288 super
954 5213 1278 5275 Jeremiam,
1310 5213 1429 5267 XX.
1820 5211 1888 5262 In
1915 5209 2114 5262 eodem.
2138 5206 2207 5262 In
2235 5208 2557 5277 Jeremiam,
2591 5212 2792 5269 omelie
2817 5211 3007 5271 XIIII.
3047 5217 3253 5275 desunt
3277 5222 3409 5280 XII.

209 5306 280 5360 In
305 5307 442 5361 alio.
470 5304 737 5361 Rabanus
764 5321 936 5377 super
964 5303 1249 5367 Genesim,
1280 5300 1379 5355 lib.
1411 5300 1521 5356 III.

1858 5315 1888 5352 η
1917 5299 2053 5352 alio.
2083 5299 2264 5371 Super
2291 5299 2504 5355 Cantic.
2536 5303 3011 5367 canticorum,lib.
3042 5307 3152 5370 III.
3176 5313 3244 5365 1η
3273 5316 3406 5370 alio.

209 5395 281 5448 In
305 5396 440 5451 alio.
472 5393 737 5450 Rabanus
761 5392 821 5449 in
840 5393 1116 5455 Exodum.
1142 5390 1237 5445 lib.
1272 5388 1382 5444 III.
1823 5386 2083 5458 Origenis
2136 5404 2307 5460 super
2342 5388 2646 5447 Leviticum
2696 5393 2899 5450 omelie
2944 5394 3121 5452 XVII.
3176 5401 3244 5455 In
3272 5403 3408 5459 alio.

210 5484 281 5538 In
304 5485 441 5543 alio.
463 5482 810 5541 Claudianus
836 5482 907 5538 de
935 5480 1130 5538 anima
1172 5482 1371 5535 contra
1426 5495 1516 5551 ep.
1563 5476 1742 5549 ignoti
1825 5476 2008 5549 Super
2035 5473 2163 5530 ΙΙιιιι
2194 5484 2411 5547 partem
2434 5474 2647 5534 Mathei
2707 5481 2776 5536 In
2806 5483 2937 5535 alio.
2970 5483 3154 5556 Super
3204 5487 3414 5560 episto-

144 5572 412 5633 auctoris.
440 5570 512 5629 In
534 5570 737 5628 eodem
766 5569 1008 5628 Candidi
1035 5567 1264 5625 Arriani
1291 5568 1364 5623 ad
1390 5566 1742 5623 Victorinum
1824 5565 1938 5619 lam
1967 5565 2039 5618 ad
2067 5565 2369 5629 Romanos,
2402 5564 2499 5620 lib.
2532 5566 2599 5618 X.

143 5654 212 5711 de
234 5660 602 5730 generatione
622 5657 834 5729 divina,
855 5658 955 5717 lib.
978 5655 1029 5716 Ι.
3260 5726 3271 5732 -

417 5760 686 5825 PA'I‘KOL.
714 5758 835 5826 CL.
3101 5762 3177 5825 23
