3920 6380
1511 324 1776 385 BONlZO
1814 323 2309 383 PLACENTINUS
2346 322 2758 381 EPISCOPUS.

3657 328 3751 387 7M

474 455 931 516 celebratissimi
976 454 1037 511 in
1089 453 1367 511 Chronico
1406 468 1508 508 suo
1555 451 1896 507 mentionem
1943 450 2155 509 fecit.A
2177 455 2309 518 ctat,
2340 450 2637 522 inculpatae
2667 456 2723 506 et
2737 450 2942 522 probae,
2976 454 3072 507 sed
3095 454 3269 510 animi
3290 454 3624 527 praefervidi,
3645 455 3747 509 ira-

504 549 812 619 Postquam
849 561 982 600 vero
1029 561 1154 616 quae
1196 541 1487 614 deperdita
1524 540 1856 596 videbantur
1883 540 2093 611 ingenii

502 638 627 708 ejus
646 638 1013 690 monumenta
1040 632 1311 704 paulatim
1336 648 1367 686 e
1394 630 1589 684 forulis
1606 629 2090 695 bibliothecarum,

503 724 854 780 eruditorum
874 722 1234 793 indagatione
1252 719 1600 792 proeminere
1611 718 2093 790 cmperunt,indu-

501 815 642 870 stria
664 815 727 869 in
754 814 940 886 ipsum
967 818 1254 867 auctorem
1282 810 1534 865 curatius
1561 808 1887 880 indagandi,
1920 808 2089 865 simul

499 905 740 959 excitata
764 909 869 958 est.

570 995 726 1050 Inter
759 991 971 1064 primos
1011 987 1352 1045 Ferdinandi
1392 987 1634 1058 Ughelli,
1670 986 2086 1058 Antiquitatum

498 1081 1002 1139 ecclesiasticarum
1048 1078 1225 1134 Italiae
1270 1076 1500 1133 statoris
1547 1076 1755 1143 eximii,
1793 1074 2087 1146 diligentia

494 1170 742 1227 emicuit.
775 1170 1015 1225 Secutus
1039 1172 1126 1223 est
1144 1166 1439 1237 Ughellum
1455 1165 1744 1220 indefessas
1765 1169 1823 1220 et
1850 1163 2085 1235 coPiosze

492 1257 825 1316 eruditionis
853 1256 1277 1327 bibliographus
1323 1255 1525 1309 Petrus
1567 1253 1952 1320 Lambeccius,
1986 1253 2082 1324 qui

491 1349 562 1404 de
583 1347 874 1413 Bonizone,
898 1344 1188 1400 occasione
1229 1343 1437 1415 reperti
1464 1342 1522 1397 in
1553 1360 1682 1397 arce
1712 1342 2081 1397 Ambrasiana

491 1436 695 1492 codicis
722 1451 917 1507 agens,
946 1439 1011 1489 ut
1029 1434 1124 1488 ille
1144 1433 1293 1503 apud
1312 1431 1637 1486 Ciceronem
1665 1452 1687 1482 α
1712 1431 1771 1485 in
1801 1447 1924 1485 eam
1955 1447 2080 1501 pro-

486 1526 727 1581 vinciam
758 1524 839 1579 sic
858 1523 1081 1595 copiose
1107 1520 1387 1594 perfectus
1415 1526 1523 1592 est,
1552 1527 1616 1575 ut
1652 1520 1805 1574 domi
1849 1537 2080 1592 prorsus

485 1615 630 1671 nihil
658 1614 1021 1686 relinqueret.
1055 1630 1083 1666 ιο

556 1704 765 1759 Bonizo
795 1702 968 1774 igitur
989 1706 1244 1773 tempore
1274 1699 1463 1771 magni
1492 1698 1642 1753 illius
1667 1698 1902 1753 dissidii.
1927 1700 2075 1771 quod

2170 539 2363 605 ~eundi,
2391 540 2824 596 adversitatibus
2854 543 3189 613 exasperati,
3212 550 3269 598 et
3296 544 3400 599 sub
3420 543 3648 599 obtentu
3673 561 3750 599 ve-

2175 627 2361 682 ritatis
2378 630 2712 695 asserendae,
2744 646 2925 702 usque
2945 631 3016 686 ad
3040 631 3347 687 Christiani
3376 633 3662 704 sanguinis
3684 634 3752 687 ef-

2172 715 2448 772 fusionem
2476 717 2815 772 ferocientis.
2842 720 2975 784 Quae
2993 721 3219 792 quidem
3238 722 3413 777 animi
3433 722 3752 794 impotentia

2171 821 2285 860 non
2316 807 2495 861 solum
2526 808 2913 877 adversitates,
2946 810 3270 866 inimicitias
3301 812 3751 884 calamitatesque

2172 897 2637 967 quamplurimas,
2658 898 2756 952 sed
2782 898 2963 969 ipsam
2985 900 3229 973 denique
3260 907 3496 956 mortem
3529 918 3752 973 eamque

2170 984 2612 1041 crudelissimam
2635 986 2817 1041 eidem
2847 989 3155 1044 accersivit.
3190 991 3326 1061 Ejus
3354 990 3437 1045 rei
3468 1007 3753 1061 argumen-

2168 1076 2290 1126 tum
2314 1074 2555 1129 maxime
2580 1091 2863 1146 premens,
2898 1094 3038 1149 opus
3066 1078 3251 1150 ipsum
3288 1085 3393 1146 est,
3426 1080 3573 1151 quod
3594 1080 3750 1152 primi

2167 1160 2257 1214 hic
2281 1178 2346 1216 ex
2373 1163 2782 1235 antiquissimis
2803 1166 3145 1222 membranis
3160 1168 3377 1223 edimus
3388 1169 3470 1223 De
3488 1185 3714 1241 persecu
3732 1200 3750 1209 -

2166 1249 2318 1304 tione
2341 1251 2594 1308 Ecclesiae
2608 1254 2679 1309 ad
2700 1254 2978 1310 Amicum.
3003 1257 3067 1311 In
3089 1273 3198 1328 quo
3228 1257 3389 1312 unice
3405 1257 3464 1312 in
3497 1242 3553 1311 id
3575 1257 3751 1313 erudi-

2163 1338 2334 1394 tionis
2354 1345 2412 1394 et
2434 1342 2766 1413 eloquentiae
2780 1360 2979 1398 nervos
2995 1345 3236 1400 intendit
3256 1352 3470 1411 auctor,
3497 1352 3560 1401 ut
3576 1363 3749 1401 sacra-

2162 1443 2289 1482 rum
2320 1429 2657 1499 litterarum,
2690 1433 2944 1498 Patrum,
2968 1451 3246 1489 canonum
3277 1441 3335 1490 et
3361 1435 3748 1491 historicorum

2162 1518 2457 1574 sententiis
2484 1519 2543 1574 in
2573 1538 2689 1575 rem
2721 1538 2880 1577 suam
2912 1525 3367 1588 accommodatis,
3391 1525 3750 1597 persuaderet

2160 1622 2274 1661 suae
2302 1606 2560 1663 factionis
2598 1610 2938 1678 hominibus,
2971 1613 3139 1668 licere
3187 1614 3402 1668 homini
3433 1614 3747 1669 Christiano

2161 1695 2449 1765 religionis
2476 1699 2791 1765 veritatem,
2827 1701 3001 1755 armis
3028 1707 3085 1756 et
3110 1703 3278 1771 ferro,
3310 1703 3458 1757 ultro
3479 1719 3744 1759 asserere.

482 1809 691 1865 papam
724 1761 875 1847 inter
893 1761 1227 1861 Gregorium
1262 1761 1455 1843 VIIvet
1480 1787 1783 1842 Henricum
1796 1788 1872 1843 ιν
1900 1761 2076 1858 impe-
2093 1761 2139 1821 Β
2162 1761 2323 1846 0qu
2344 1785 2439 1840 ille
2460 1803 2628 1858 quam
2650 1761 2924 1843 veraciter
2943 1807 3227 1862 quamque
3242 1761 3592 1863 pertinenter
3609 1810 3747 1864 prae-

481 1878 1131 1952 ratorem.juraclavium
1149 1877 1385 1949 etgladii
1402 1878 1744 1931 horrendum
1767 1877 1825 1931 in
1843 1877 2073 1932 modum
2154 1872 2383 1933 stiterit.
2415 1874 2533 1946 ipse
2566 1877 2781 1944 viderit,
2811 1883 2870 1933 et
2894 1878 2990 1933 alii
3030 1879 3396 1935 arbitrentur.
3443 1881 3616 1936 Nobis
3645 1882 3747 1937 hoc

480 1968 854 2035 conturbavit,
887 1983 1262 2023 aerumnosam
1306 1967 1477 2021 vitam
1507 1966 1643 2037 egit,
1675 1972 1734 2020 et
1760 1966 2071 2022 Lambeccii
2154 1960 2274 2016 loco
2299 1962 2451 2017 aliud
2484 1964 2623 2019 nihil
2651 1968 3001 2037 propositum
3040 1985 3211 2039 quam
3257 1970 3573 2025 calamitosi
3598 1970 3746 2025 illius

478 2058 707 2131 quidem
732 2057 934 2129 elogio,
957 2056 1188 2128 pietate,
1212 2054 1528 2111 eruditione
1557 2060 1615 2109 et
1633 2055 1948 2109 constantia
1963 2055 2072 2109 cla-
2153 2050 2470 2107 schismatis
2497 2052 2757 2109 tenebras
2790 2072 2932 2111 nova
2958 2057 3084 2121 hac,
3110 2058 3215 2113 etsi
3260 2058 3417 2130 picea
3442 2064 3499 2114 et
3525 2059 3746 2115 fumosa

475 2147 732 2203 rissimus
768 2145 1000 2201 emicuit
1048 2144 1377 2200 Clericalem
1403 2143 1575 2198 vitam
1615 2144 1906 2215 amplexus
1933 2144 2069 2199 dum
2150 2138 2271 2194 face
2309 2157 2466 2213 aeque
2510 2145 2912 2215 conﬂagrantis
2960 2162 3102 2216 pene
3151 2147 3485 2204 Christianae
3515 2148 3744 2221 pietatis

471 2236 681 2293 caelibis
710 2236 836 2291 vita
855 2233 1046 2290 ofﬁcia
1064 2250 1176 2289 non
1196 2233 1377 2288 solum
1398 2232 1622 2304 scriptis
1641 2233 1739 2287 sed
1760 2238 1818 2287 et
1835 2234 2067 2305 sangui-
2150 2227 2315 2284 busto
2337 2237 2518 2303 rapta,
2548 2249 2715 2303 porro
2742 2234 3047 2294 illustrare.

469 2325 701 2381 netueri
720 2323 1025 2388 contendit,
1050 2322 1266 2395 primus
1285 2321 1725 2377 mansuetudine
1744 2322 2067 2393 evangelica
2218 2318 2296 2408 Eo
2322 2319 2498 2391 igitur
2534 2321 2780 2393 ingenio,
2815 2324 3042 2408 turbido
3090 2330 3148 2380 et
3189 2326 3390 2382 acerbo
3437 2344 3566 2383 cum
3596 2334 3745 2386 esset

468 2414 692 2478 excidit.
715 2418 773 2468 et
789 2412 999 2484 gladio,
1025 2428 1191 2484 quem
1213 2411 1274 2466 in
1294 2411 1644 2466 adversarios
1673 2410 2061 2482 stringendum
2148 2405 2373 2474 Bonizo,
2397 2409 2649 2481 privatus
2681 2405 2989 2467 etiamnum
3024 2414 3330 2471 multorum
3373 2415 3432 2470 in
3460 2432 3521 2472 se
3549 2418 3741 2474 odium

465 2504 803 2576 scriptorum
842 2518 1072 2557 suorum
1117 2509 1175 2555 et
1224 2500 1696 2555 declamationum
1725 2501 1878 2555 velut
1900 2500 2058 2567 tuba,
2144 2496 2547 2566 concitaverat,
2581 2500 2849 2556 adversus
2873 2519 3013 2573 quos
3039 2503 3271 2559 Joannis
3302 2503 3522 2560 abbatis
3549 2523 3743 2579 preces

463 2591 686 2648 miseris
714 2590 827 2646 illis
858 2596 916 2646 et
943 2589 1212 2661 utrinque
1240 2588 1518 2660 pudendis
1545 2589 1916 2660 temporibus,
1937 2606 2063 2660 pcr-
2143 2582 2429 2657 implorat,
2450 2593 2515 2643 ut
2536 2588 2749 2644 scilicet
2778 2591 3050 2645 orationis
3079 2608 3195 2647 suae
3223 2598 3381 2648 scuto
3408 2593 3480 2648 ab
3508 2596 3742 2652 remulo-

461 2681 701 2739 suadere
728 2679 1033 2746 nitebatur,
1067 2679 1273 2733 misere
1319 2679 1547 2733 tandem
1577 2683 1635 2732 et
1660 2676 1965 2733 barbarum
2001 2678 2059 2734 in
2143 2688 2269 2728 rum
2299 2691 2429 2731 eum
2457 2677 2755 2733 latratibus
2782 2684 3119 2751 protegeret,
3154 2697 3393 2753 quorum
3425 2683 3626 2739 dentes
3648 2703 3743 2757 po-

459 2771 691 2827 modum
722 2769 911 2842 periit.
2140 2760 2274 2829 tius,
2295 2763 2497 2834 quibus
2522 2765 2914 2823 dilacerandus
2926 2774 3068 2825 erat.
3089 2778 3385 2825 mansueto
3407 2778 3463 2826 et
3472 2773 3740 2844 prudenti

531 2860 790 2919 Privatus
802 2857 1113 2913 etiamnum
1133 2861 1191 2910 et
1206 2854 1533 2926 priusquam
1552 2855 1860 2926 majoribus
1877 2857 2059 2911 Eccle-
2139 2850 2369 2906 consilio
2393 2859 2616 2909 caveret
2636 2855 2947 2926 oportebat.
2973 2857 3325 2913 [Emulorum
3356 2876 3486 2914 vero
3507 2863 3741 2917 nomine

456 2950 557 3007 sire
576 2945 946 3021 dignitatibus
964 2943 1677 3015 admoveretur,epitomen
1696 2946 2057 3016 Augustinia—
2137 2937 2464 2996 Lambeccio
2493 2941 2820 3015 interprete,
2853 2946 3169 3001 sacerdotes
3197 2946 3319 3002 sine
3358 2948 3530 3003 dubio
3560 2949 3743 3006 Simo-

454 3055 590 3096 nam
609 3038 700 3104 (de
719 3052 831 3108 qua
854 3040 1050 3107 postea
1079 3033 1321 3104 plenius)
1344 3032 1416 3087 ad
1445 3034 1719 3088 Joannem
1760 3034 2054 3090 Gualberti
2071 3077 2112 3109 ρ
2136 3027 2282 3083 niaci
2311 3034 2368 3084 et
2391 3031 2732 3087 schismatici
2782 3034 3197 3106 intelliguntur,
3229 3053 3354 3091 cum
3395 3037 3603 3109 quibus
3648 3040 3734 3095 uti

450 3126 728 3202 (2)va11i3
745 3123 1036 3181 υωὶποεω
1054 3121 1112 3177 in
1130 3122 1356 3176 Etruria
1383 3120 1662 3190 abbatem,
1687 3124 1981 3178 obarmatis
1997 3130 2056 3180 et
2072 3116 2113 3137 “‘
2133 3116 2241 3187 ipsi
2280 3125 2473 3175 sancto
2503 3120 2692 3176 abbati
2731 3123 2954 3190 Joanni,
2978 3124 3058 3179 sic
3081 3125 3249 3179 etiam
3291 3125 3486 3181 amicis
3526 3128 3652 3198 ejus
3681 3134 3741 3183 et

452 3211 905 3272 mansuetudinis
923 3209 1549 3282 Christianaeinsignem
1571 3211 2046 3282 magistrum.uti-
2133 3205 2422 3278 discipulis
2462 3214 2519 3263 et
2567 3212 2845 3283 praecipue
2890 3212 3119 3284 quidem
3163 3213 3431 3270 Bonizoni
3460 3223 3739 3288 perpetua

449 3320 585 3361 nam
614 3307 672 3358 et
694 3301 896 3357 suum!
929 3299 1208 3354 volumine
1252 3299 1436 3354 adhuc
1475 3300 1776 3371 superstite
1806 3302 2052 3373 perscri‘

449 3390 586 3467 psit.
613 3411 641 3445 «
662 3387 987 3461 Composuit
1005 3393 1193 3443 autem
1213 3388 1403 3456 (verba
1422 3388 1737 3443 Lambeccii
1761 3390 2047 3460 ponimus)

449 3484 601 3538 hanc
627 3479 911 3551 epitomen
938 3477 1407 3549 Augustinianam
1438 3482 1570 3532 ante
1598 3477 1822 3533 initium
1866 3480 2048 3550 ponti-

452 3573 655 3627 ﬁcatus
684 3567 942 3639 Gregorii
985 3566 1108 3631 VII,
1151 3566 1257 3620 hoc
1303 3571 1390 3621 est
1433 3572 1565 3621 ante
1594 3583 1807 3622 annum
1836 3568 2046 3624 Christi

447 3656 615 3724 4073,
643 3656 726 3713 uti
754 3661 908 3728 patet
935 3673 1001 3710 ex
1046 3654 1285 3726 epistola
1307 3654 1670 3722 dedicatoria,
1702 3673 1825 3727 quae
1846 3658 2049 3712 Joanni

455 3746 645 3803 abbati
688 3745 957 3817 inscripta
976 3749 1063 3799 est
1080 3743 1181 3815 (3).
1218 3764 1240 3795 ι
1264 3744 1440 3815 Cujus
1459 3743 1675 3799 obitum
1697 3746 1768 3800 ad
1794 3746 2048 3817 ejusdem

455 3835 590 3892 anni
615 3834 763 3889 diem
783 3848 863 3889 xu
877 3834 1010 3889 Julii
1034 3834 1158 3903 ejus
1172 3837 1296 3887 acta
1316 3832 1584 3898 referunt,
1605 3833 1850 3904 primum
1880 3834 2051 3889 inter-

454 3925 644 3998 polata
660 3941 696 3979 a
710 3923 875 3979 Surio
886 3924 1065 3992 (tomo
1085 3921 1201 3990 ιν),
1226 3926 1420 3993 postea
1458 3938 1588 3976 vero
1610 3939 1644 3976 ει
1664 3928 1847 3978 morte
1876 3924 2045 3979 Larn-

450 4014 626 4070 beccii
650 4013 896 4085 genuine
916 4017 975 4067 et
992 4011 1316 4082 incorrupte
1342 4009 1509 4065 edita.

523 4103 707 4174 Hujus
732 4100 907 4172 igitur
933 4099 1164 4155 Joannis
1193 4098 1412 4155 abbatis
1430 4099 1903 4156 Vallumbrosiani
1932 4119 2048 4157 rna-

449 4193 601 4249 xime
629 4191 858 4245 hortatu
900 4188 1371 4258 Augustinianam
1406 4188 1572 4243 istam
1603 4189 1886 4260 epitomen
1917 4190 2049 4245 scri-

451 4288 608 4356 ptam
627 4278 804 4334 fuisse
822 4276 1153 4333 Lambeccio
1165 4277 1342 4332 visum
1364 4282 1470 4343 est,
1488 4294 1554 4333 eo
1571 4279 1720 4349 quod
1732 4279 1790 4333 in
1810 4279 2048 4351 epistola

449 4367 862 4440 nuncupatoria
881 4382 1144 4437 expresse
1162 4367 1386 4436 legatur
1409 4386 1432 4418 ι
1462 4366 1906 4438 ipsiinsudatum
1919 4386 2043 4424 esse

2132 3293 2317 3350 fuerat
2339 3298 2784 3372 gravissimaque
2803 3301 3109 3357 contentio.

2208 3384 2487 3441 Caeterum
2512 3393 2661 3444 recte
2678 3389 2892 3461 colligit
2917 3390 2996 3445 vir
3012 3391 3107 3447 ille
3137 3392 3500 3461 clarissimus,
3526 3412 3658 3450 cum
3678 3395 3736 3451 in

2133 3491 2200 3529 ea
2246 3476 2571 3547 praefatione
2617 3477 2758 3532 nihil
2808 3486 3174 3547 memoretur,
3212 3483 3361 3553 quod
3390 3483 3736 3540 Bonizonem

2129 3564 2218 3618 vel
2244 3564 2567 3636 episcOpum
2598 3566 2683 3620 vel
2709 3567 2959 3623 exsulem
3004 3569 3232 3637 indicet,
3259 3586 3391 3625 eum
3420 3587 3562 3643 opus
3589 3573 3735 3628 illud

2130 3653 2286 3724 prius
2312 3669 2481 3724 quam
2514 3654 2569 3709 in
2598 3655 2922 3729 episcopum
2952 3658 3247 3714 Sutrinum
3275 3660 3487 3715 electus
3505 3661 3732 3731 fuisset,

2130 3742 2528 3814 composuisse.

2200 3832 2287 3885 An
2320 3848 2448 3886 vero
2477 3832 2681 3888 Bonizo
2700 3833 2941 3890 abbatiae
2981 3837 3037 3892 S.
3067 3837 3220 3892 Petri
3256 3838 3326 3894 de
3363 3839 3600 3912 Campo,
3632 3842 3736 3897 Pe-

2129 3920 2286 3986 rusii,
2320 3927 2442 3975 tum
2472 3923 2743 3995 temporis
2770 3925 3075 3995 praefuerit,
3117 3933 3176 3982 et
3220 3928 3290 3982 ad
3331 3928 3516 4000 ipsum
3551 3931 3736 4002 perti-

2127 4014 2319 4075 neant,
2353 4026 2475 4081 quae
2521 4028 2587 4065 ex
2629 4012 2835 4083 placito
2879 4031 3028 4070 anno
3070 4013 3226 4084 1072,
3267 4017 3418 4074 inter
3464 4018 3735 4076 abbatem

2127 4099 2297 4170 hujus
2320 4100 2565 4154 nominis
2593 4106 2650 4155 et
2669 4100 2929 4157 Maurum
2950 4103 3020 4157 de
3036 4105 3245 4175 praedio
3257 4106 3501 4177 quodam
3514 4106 3574 4163 in
3591 4125 3738 4181 prae-

2128 4188 2312 4243 sentia
2332 4188 2604 4244 Bcatricis
2628 4188 2785 4244 ducis
2805 4195 2864 4244 et
2882 4191 3170 4248 Mathildis
3189 4194 3536 4264 paciscentes
3555 4198 3739 4254 refert

2128 4275 2363 4332 illustris
2391 4277 2735 4333 Muratorius
2750 4276 2847 4349 (4),
2869 4278 2960 4347 iis,
2982 4279 3079 4352 qui
3107 4281 3243 4337 locis
3272 4285 3649 4341 controversis
3676 4290 3739 4341 et

2128 4368 2511 4422 monumentis
2549 4383 2745 4423 eorum
2779 4367 3071 4425 viciniores
3100 4377 3279 4441 agunt
3305 4372 3735 4430 discutiendum

450 4458 601 4517 istud
622 4430 783 4528 opus,
817 4475 840 4507 ι
864 4430 973 4510 hoc
988 4460 1169 4517 est,ut
1187 4430 1307 4526 ipse
1330 4430 1754 4527 interpretatur,
1788 4474 1815 4509 α
1846 4474 2042 4513 secun-
2060 4430 2110 4490 D
2127 4454 2519 4527 relinquimus.

449 4551 586 4607 dum
614 4546 792 4620 ipsius
818 4544 1164 4600 voluntatem
1195 4549 1251 4598 et
1277 4543 1335 4599 in
1367 4544 1544 4614 ipsius
1571 4561 1736 4600 usum
1766 4562 1879 4601 non
1910 4547 2040 4602 abs-

447 4656 558 4713 que
592 4637 798 4693 sudore
834 4633 976 4690 illud
1004 4650 1072 4688 ex
1102 4632 1362 4688 omnibus
1391 4635 1449 4689 S.
1483 4634 1787 4705 Augustini
1813 4636 2041 4708 scriptis

444 4729 743 4786 collectum
781 4729 840 4780 et
866 4722 1214 4778 elaboratum
1254 4738 1378 4777 esse
1392 4767 1404 4779 .
1441 4741 1468 4775 θ

514 4819 653 4874 Erat
678 4820 888 4881 autem,
929 4817 1009 4867 ut
1036 4811 1209 4866 semel
1252 4810 1359 4865 hoc
1393 4826 1676 4881 moneam,
1724 4813 1931 4870 Bonizo
1956 4815 2040 4870 vir

439 4923 543 4981 pro
556 4905 760 4962 saeculo
774 4919 877 4959 suo
896 4917 1009 4956 non
1026 4898 1407 4972 perfunctorie
1422 4900 1642 4956 erudita
1649 4901 1820 4967 s,vitre
1842 4903 2032 4970 etiam,

441 5014 566 5070 quae
591 4994 819 5068 quidem
849 5005 1076 5046 morum
1120 4992 1180 5043 et
1211 4986 1518 5060 disciplinae
1558 4991 1864 5062 puritatem
1902 5010 2034 5065 Spe...

433 5171 663 5254 proprio
694 5170 889 5227 Bonus
905 5174 1010 5254 est,
1027 5167 1498 5254 qpemadrgodum
1515 5165 1785 5254 Comnizo
1803 5187 1838 5224 a
1856 5170 2029 5254 Dom-

432 5238 561 5312 nus',
593 5245 786 5326 Gunzq
826 5259 862 5297 a
907 5238 1254 5307 Guntherus,
1288 5239 1464 5309 Erizo,
1494 5240 1566 5294 ab
1594 5238 1806 5307 Ericus,
1839 5248 1897 5297 et
1915 5244 2030 5298 alia

434 5319 559 5388 ejus
586 5319 834 5388 generis.

500 5379 879 5459 (2)'l3_aronius
894 5379 1204 5459 Suriusque
1228 5381 1915 5459 Gualbertumperperam
1935 5399 2027 5438 vo-

427 5452 570 5513 cant
605 5456 935 5511 observante
979 5452 1325 5522 Lambeccio,
1369 5461 1428 5510 et
1464 5453 1551 5508 his
1584 5452 1818 5509 ducibus
1867 5470 2027 5509 error

2192 4545 2280 4599 Ad
2309 4545 2600 4601 Sutrinum
2630 4562 2760 4601 vero
2790 4547 3175 4621 episcopatum
3206 4552 3432 4622 quando
3456 4569 3734 4626 pervene-

2122 4633 2199 4689 rit
2226 4634 2431 4689 Bonizo
2454 4639 2820 4691 monumenta
2849 4637 3108 4694 Ecclesia:
3128 4638 3297 4708 illius,
3314 4658 3515 4713 parum
3536 4644 3732 4699 adhuc

2121 4723 2358 4779 feliciter
2386 4725 2617 4792 refossa,
2649 4743 2763 4781 non
2783 4728 2921 4783 satis
2951 4728 3247 4801 deﬁniunt.
3274 4732 3546 4803 Ughellus
3570 4732 3641 4806 (5)
3658 4751 3731 4790 ea

2118 4811 2176 4865 in
2213 4813 2345 4867 sede
2371 4830 2518 4868 anno
2552 4812 2687 4871 1078
2719 4816 2973 4872 ﬂoruisse
2998 4819 3174 4874 tradit
3201 4832 3213 4867 ε
3236 4819 3490 4876 Colettus
3508 4839 3646 4879 vero
3664 4824 3727 4878 in

2117 4898 2500 4957 additionibus
2546 4902 2618 4957 ad
2662 4903 2811 4958 idem
2864 4921 3023 4977 Opus,
3054 4911 3280 4979 tempus
3322 4911 3630 4980 praevertit,
3665 4916 3729 4966 et

2117 5005 2329 5045 annum
2364 4988 2499 5048 1075
2526 4993 2759 5048 mavult.
2784 4993 3006 5065 Ughelli
3029 4994 3197 5051 verba
3223 4996 3342 5052 haec
3380 5004 3516 5055 sunt
3548 5000 3609 5071 (ἱ.
3643 5017 3718 5068 e.,

2184 5166 2876 5257 (A3)nComment.ﬂde‘Aug.
2906 5173 3055 5257 Cres.
3087 5172 3229 5237 ,bibl.
3251 5175 3492 5257 Yindob.
3517 5176 3620 5257 lib.
3645 5192 3720 5233 ιι.

2111 5254 2237 5328 (ξαρὲ
2274 5239 2328 5328 8,
2355 5258 2413 5322 p.
2445 5259 2521 5296 m.
2720 5243 2788 5298 In
2817 5239 3294 5328 recensionecod.
3327 5264 3535 5328 ms._e:_r
3562 5251 3716 5304 Arce

2109 5308 2485 5435 énabrosiana
2516 5314 2587 5368 ad
2621 5313 2935 5371 Caesaream
2962 5314 3357 5373 bibliothecam
3382 5319 3713 5375 delatorum

2154 5397 2186 5434 ο
2234 5420 2247 5434 .
2283 5397 2486 5442 Lxxxv.

2171 5448 2259 5522 (4)
2284 5452 2460 5529 Italiae
2483 5455 2681 5512 mediae
2708 5456 3046 5529 Antiquitat.
3085 5463 3132 5514 t.
3181 5459 3255 5519 II.
3300 5459 3395 5517 fol.
3432 5459 3557 5527 955,
3593 5459 3712 5517 dis-

426 5525 597 5610 liodie
619 5526 875 5595 invaluit,
901 5525 1080 5600 patris
1112 5519 1340 5598 nomen,
1387 5524 1591 5601 Joanni
1629 5523 1747 5580 tilio
1774 5524 2025 5583 tribuen-
2103 5519 2249 5610 serti
2284 5519 2396 5610 ᾖξε

426 5598 513 5656 di.

2170 5593 2252 5666 (5)
2288 5594 2463 5651 Italiae
2490 5610 2662 5655 sacrae
2690 5602 2734 5655 t.
2767 5597 2815 5667 Ι,
2845 5596 2978 5658 edit.
3011 5598 3300 5663 secunde.
