3920 6358
177 339 287 399 785

1200 349 1292 404 DE
1333 351 1505 410 VITA
1543 352 1632 408 ET
1671 350 1992 409 SCRIPTIS
2031 352 2438 410 BONIZONIS.

3344 351 3451 411 786

171 486 335 526 num.
366 467 522 532 XVI)
555 490 568 526 :
597 469 836 529 Bonizus
875 473 960 528 vir
984 473 1149 546 longe
1182 474 1539 532 doctissimus
1582 465 1839 540 floruitA
1859 481 1944 534 rio
1964 477 2075 534 VII
2103 479 2342 550 aliisque
2355 477 2638 533 nonnullis
2657 476 2928 534 Romanis
2949 477 3302 551 pontiﬁcibus
3320 495 3452 536 con-

169 577 325 616 anno
366 559 518 618 1078.
549 584 574 615 ι»
1329 607 1337 612 .

243 650 512 720 Ejusdem
544 657 693 707 certe
718 652 852 707 anni
872 653 962 707 die
978 667 1076 707 χιιι
1103 653 1255 719 Maii,
1277 655 1334 710 S.
1358 656 1770 711 Thomaecedem

168 738 465 794 Cremonae
493 757 528 794 a
554 741 830 798 Bonizone
881 743 1140 814 episcopo
1189 743 1416 798 Sutrino
1472 746 1768 817 legatoque

165 827 480 897 apostolico
535 839 916 884 consecratam
955 830 1128 884 fuisse
1183 831 1335 884 idem
1391 833 1659 903 Ughellus
1709 834 1767 887 in

167 913 448 986 episcopis
505 917 978 974 Cremonensibus
1022 925 1301 975 memorat
1345 923 1500 991 (tom.
1540 920 1635 987 IV,
1670 921 1764 975 fol.

166 1001 287 1075 596)
299 1047 314 1062 .

238 1097 352 1152 Sed
383 1113 495 1170 quo
520 1098 708 1152 minus
738 1098 924 1170 quiete
954 1116 1079 1154 eam
1109 1099 1296 1153 sedem
1342 1100 1619 1154 obtineret
1657 1100 1765 1154 Bo-

163 1186 312 1249 nizo,
341 1187 557 1240 atrocia
584 1187 734 1241 inter
757 1188 1092 1258 Gregorium
1130 1188 1254 1252 VII,
1304 1190 1464 1258 cujus
1513 1189 1766 1260 partibus

164 1277 455 1330 mordicus
475 1275 813 1341 adhaerebat,
843 1285 901 1331 et
920 1277 1221 1332 Henricum
1244 1277 1320 1331 IV
1345 1278 1480 1350 imp.
1513 1295 1624 1332 non
1644 1279 1764 1348 jam

161 1363 482 1432 gliscentia,
513 1365 609 1418 sed
637 1365 696 1419 in
724 1372 982 1436 apertum
1013 1364 1191 1419 Italiae
1220 1366 1648 1436 Germaniaeque
1675 1367 1764 1418 in-

161 1452 431 1507 cendium
485 1455 839 1526 erumpentia
885 1455 1015 1508 odia
1055 1455 1394 1511 efficiebant.
1457 1456 1761 1526 Postquam

159 1542 314 1596 enim
354 1543 663 1614 imperator
692 1560 839 1597 anno
874 1542 1028 1609 1082,
1062 1544 1242 1615 primo
1271 1560 1398 1598 vere
1425 1544 1608 1598 denuo
1645 1545 1758 1599 Ro-

152 1647 306 1684 mam
336 1632 582 1687 exercitu
613 1633 884 1704 petiisset,
913 1650 1040 1686 cum
1072 1649 1196 1687 eam
1221 1632 1472 1687 obtinere
1498 1649 1607 1686 non
1634 1650 1758 1704 pos-

151 1725 258 1782 set,
283 1721 559 1791 Gregorio
592 1721 788 1775 urbem
814 1727 871 1776 et
889 1738 949 1776 se
969 1722 1122 1775 omni
1151 1722 1202 1775 vi
1230 1727 1286 1775 et
1314 1721 1544 1776 consilio
1560 1726 1754 1776 tuente

151 1804 397 1900 ﬁnitima
451 1808 822 1900 depopulatus
882 1816 985 1877 est,
1041 1810 1320 1876 omnibus,
1366 1811 1462 1882 qui
1491 1809 1748 1881 Gregorii
1763 1841 1810 1900 Β

149 1894 409 1962 partibus
439 1898 774 1953 addictiores
801 1904 1113 1966 essent,aut
1127 1899 1336 1970 fugatis
1349 1900 1634 1970 autcaptis
1654 1896 1746 1966 i6).

147 1981 357 2038 Bonizo
385 1993 556 2052 certe,
587 1988 734 2058 quod
753 1988 1025 2042 acerbiori
1065 1989 1192 2042 odio
1226 1989 1470 2058 ﬂagrans
1499 1987 1750 2042 timidio-

148 2071 306 2127 ribus
335 2076 582 2130 consiliis
611 2077 798 2131 minus
828 2083 1064 2149 pateret.
1097 2078 1273 2132 Sutrii
1311 2077 1644 2143 subsistens,
1679 2077 1749 2130 ab

1851 573 1942 623 tra
1991 569 2376 624 schismaticos
2421 568 2554 623 olim
2603 569 3048 639 conscriptorum
3093 561 3255 638 (quos
3299 569 3449 626 inter

1853 673 1964 711 non
1998 658 2250 712 inﬁmum
2278 658 2459 712 locum
2492 657 2708 711 obtinet
2735 658 2943 713 Paulus
2972 663 3164 712 noster
3194 659 3452 715 Bernrie-

1849 745 2054 815 densis)
2078 752 2399 818 excerptum
2430 746 2762 812 retulerunt,
2787 763 2889 800 nos
2914 763 3138 818 quoque
3166 763 3231 802 ex
3251 747 3448 802 eodem

1849 840 2203 905 syntagmate
2255 839 2593 906 repetemus,
2630 835 2780 906 quod
2811 834 3152 890 Bonizonem
3191 835 3446 890 Ecclesia:

1853 922 2130 977 SutrienSi
2153 940 2300 979 anno
2333 920 2495 989 1086,
2531 923 2716 978 denuo
2743 923 3033 994 przefuisse
3067 939 3139 978 ex
3168 923 3446 994 exsequiis

1850 1011 2001 1066 beati
2029 1013 2280 1066 Anselmi
2327 1012 2616 1080 Lucensis,
2666 1012 2864 1066 eodem
2897 1028 3064 1077 anno,
3107 1017 3275 1084 prout
3301 1013 3446 1068 dixi-

1853 1117 1998 1167 mus,
2021 1101 2188 1155 rebus
2217 1101 2480 1156 humanis
2532 1104 2812 1171 exempto,
2870 1101 3194 1156 interfuisse
3238 1101 3444 1158 exinde

1847 1194 2056 1259 pateat.
2088 1208 2114 1241 ι
2138 1190 2376 1260 Rogavit
2404 1190 2460 1244 S.
2492 1190 2810 1255 Anselmus,
2835 1189 3018 1259 quoad
3055 1188 3213 1250 vixit,
3247 1195 3442 1260 quate-

1846 1295 1952 1331 nus
1985 1278 2039 1331 in
2071 1279 2313 1350 capitulo
2343 1277 2668 1332 monasterii
2717 1279 2774 1332 S.
2834 1277 3139 1345 Benedicti,
3175 1279 3322 1349 quod
3354 1283 3443 1334 est

1846 1365 1905 1419 in
1935 1366 2057 1437 ripa
2087 1365 2333 1420 fluminis
2354 1364 2587 1419 Eridani
2608 1364 2711 1419 sub
2727 1364 3044 1420 obedientia
3063 1365 3207 1419 sacri
3219 1365 3445 1421 Clunia-

1845 1455 2025 1509 censis
2054 1455 2310 1520 cmnobii,
2344 1455 2492 1508 unde
2525 1454 2701 1507 frater
2737 1453 2855 1524 ipse
2884 1469 2949 1507 ac
2975 1453 3282 1508 monachus
3305 1453 3432 1521 fuit,

1842 1545 2146 1616 sepulturae
2174 1544 2682 1598 commendaretur.
2722 1543 2792 1596 Et
2840 1558 2967 1596 cum
2998 1541 3432 1596 concedentibus

1838 1633 2095 1704 episcopo
2140 1638 2309 1705 atque
2348 1631 2632 1686 comitissa
2661 1630 2934 1684 Mathilda
2963 1629 3289 1701 ceterisque
3317 1647 3434 1685 om-

1836 1722 2002 1776 nibus
2046 1724 2165 1792 jam
2196 1722 2509 1776 deferretur
2537 1721 2608 1775 ad
2639 1719 3044 1775 monasterium
3075 1735 3300 1791 corpus,
3331 1719 3434 1775 ad-

1831 1809 1940 1865 fuit
1988 1811 2173 1866 subito
2216 1811 2521 1866 Sutriensis
2573 1810 2866 1882 episcopus
2931 1809 3159 1864 nomine
3205 1808 3432 1875 Bonizo,

1833 1915 2000 1967 quem
2031 1906 2088 1954 et
2130 1899 2372 1970 Spiritus
2418 1905 2644 1954 sanctus
2684 1898 2992 1956 suscitavit.
3045 1903 3110 1952 ut
3159 1897 3432 1954 clamaret

1833 1985 2063 2057 dignum
2096 2006 2236 2054 esse,
2268 1995 2331 2043 ut
2359 1989 2414 2042 in
2436 1987 2712 2060 episcopio
2742 1987 3034 2058 episcopus
3061 1986 3423 2057 sepeliretur.

1830 2076 2028 2144 Tanta,
2056 2078 2260 2148 inquit,
2293 2078 2539 2144 lucerna,
2569 2093 2680 2131 non
2701 2077 2862 2130 decet
2906 2080 2971 2129 ut
2998 2074 3375 2128 abscondatur
3413 2094 3428 2142 ;

147 2161 413 2228 Henrico,
451 2165 546 2235 qui
576 2182 606 2219 e
635 2166 899 2220 Farvensi
929 2167 1272 2221 monasterio
1301 2165 1604 2220 exercitum
1635 2182 1751 2221 mo-
1829 2165 1948 2237 ipse
1977 2168 2159 2221 adhuc
2187 2167 2375 2221 vivens
2394 2173 2664 2238 tanquam
2695 2165 2990 2235 indignum
3021 2179 3080 2216 se
3108 2161 3430 2221 bumiliavit

145 2258 323 2318 verat,
360 2253 420 2307 in
449 2254 828 2325 captivitatem
880 2256 1141 2310 redactus
1171 2261 1277 2316 est,
1309 2255 1392 2308 uti
1433 2271 1554 2308 eam
1588 2271 1746 2328 expe-
1827 2270 1930 2309 nos
1957 2261 2146 2310 autem
2173 2261 2237 2310 ut
2274 2272 2403 2310 vere
2429 2255 2662 2326 dignum
2692 2254 2939 2308 exaltare
2983 2255 3207 2322 oportet
3247 2250 3427 2306 homi-

143 2340 420 2395 ditionem
469 2343 689 2414 plenius
726 2345 1085 2415 persequitur
1127 2345 1199 2398 ad
1228 2344 1387 2398 illum
1417 2360 1625 2397 annum
1658 2360 1743 2397 re-
1825 2357 2156 2414 nem,quem
2171 2345 2340 2399 fuisse
2361 2345 2567 2398 scimus
2589 2339 3426 2397 sanctissimum.Acclamatum

143 2446 269 2484 rum
309 2429 636 2487 Italicarum
672 2433 893 2488 illustre
922 2434 1096 2499 sidus,
1129 2439 1186 2487 et
1214 2433 1284 2486 ab
1313 2448 1512 2486 occasu
1560 2433 1740 2502 magis
1823 2437 1910 2486 est
1935 2433 2082 2488 idem
2112 2434 2304 2488 statim
2357 2434 2426 2488 ab
2458 2433 2754 2498 universis,
2810 2429 3143 2502 rapiturque
3168 2445 3204 2482 a
3235 2442 3426 2482 mona-

142 2519 328 2574 adhuc
348 2520 561 2587 lucens,
597 2522 908 2576 Ludovicus
938 2522 1221 2576 Antonius
1263 2520 1606 2574 Muratorius
1633 2519 1736 2591 (7).
1829 2521 2063 2576 chorum
2093 2523 2393 2594 obsequiis,
2417 2523 2474 2576 in
2493 2520 2835 2592 episcopium
2856 2516 3307 2588 deferturibique
3336 2532 3428 2571 ve-

213 2610 479 2674 Quandiu
503 2611 563 2665 in
594 2610 822 2665 Henrici
851 2611 1086 2664 vinculis
1104 2609 1328 2664 haeserit
1358 2609 1609 2679 captivus
1630 2609 1744 2680 epi-
1826 2610 2156 2666 nerabiliter
2173 2611 2462 2684 sepelitur.
2499 2631 2524 2664 ›)

139 2716 362 2770 scopus,
401 2715 513 2753 non
539 2699 769 2755 memini
798 2698 1069 2754 hactenus
1097 2718 1130 2753 a
1160 2715 1442 2770 quoquam
1470 2714 1741 2752 memora-
1897 2697 2027 2751 Haec
2050 2699 2114 2752 D.
2140 2699 2392 2752 Anselmi
2424 2695 2689 2752 Lucensis
2707 2694 3074 2765 biographus,
3112 2707 3282 2762 quem
3310 2691 3426 2746 Hu-

142 2793 281 2840 tum.
311 2787 512 2858 Neque
540 2787 803 2842 credibile
823 2787 1027 2841 Bozoni
1047 2786 1288 2840 liberum
1312 2785 1485 2840 fuisse
1506 2785 1739 2840 concilio
1823 2783 2050 2840 baldum
2083 2788 2404 2858 episcopum
2455 2786 2828 2840 Mantuanum
2883 2781 3087 2836 asserit
3127 2779 3420 2850 Ughellus.

140 2875 289 2946 quod
318 2892 469 2930 anno
502 2873 660 2939 1083.
715 2893 785 2930 xx
829 2875 966 2930 Nov.
1003 2874 1404 2945 componendis
1439 2871 1735 2928 sacerdotii
1821 2873 2094 2929 Eumdem
2122 2876 2306 2929 locum
2337 2875 2612 2929 Baronius
2641 2888 2880 2944 quoque,
2923 2868 3215 2924 annalium
3240 2869 3423 2923 eccle-

139 2970 195 3017 et
223 2963 449 3035 imperii
482 2964 726 3018 dissidiis
753 2969 1158 3035 congregatum
1189 2964 1391 3028 fuerat,
1420 2962 1691 3016 interesse
1717 2980 1731 3028 ;
1817 2962 2170 3018 siasticorum
2198 2970 2375 3035 pater,
2399 2963 2595 3017 retulit
2625 2961 2852 3033 quidem
2882 2957 3010 3024 (10),
3058 2957 3156 3012 sed
3199 2956 3422 3014 duobus

137 3052 283 3123 quod
303 3052 376 3106 ab
406 3070 472 3107 eo
509 3069 705 3107 omnes
735 3054 852 3107 fere
879 3053 1187 3124 episcopos,
1216 3052 1312 3123 qui
1327 3051 1587 3120 Gregorii
1613 3069 1737 3122 par-
1759 3119 1791 3124 _
1818 3052 1876 3106 in
1907 3053 2042 3106 locis
2073 3053 2370 3114 mendose;
2398 3053 2456 3106 in
2469 3051 2617 3122 quod
2646 3054 2778 3104 ante
2790 3048 3074 3104 Oudinum
3087 3047 3184 3101 alii
3201 3045 3419 3101 dudum

136 3150 220 3196 tes
248 3143 436 3197 acrius
459 3142 738 3208 fovebant,
772 3148 830 3195 et
859 3142 917 3196 in
944 3141 1033 3194 his
1066 3142 1360 3211 Hugonem
1389 3140 1731 3211 Lugdunen-
1750 3119 1792 3178 ί)
1815 3141 2246 3196 observaverunt
2277 3161 2287 3196 :
2325 3157 2455 3196 nam
2484 3119 2883 3195 Ilomnizonem
2923 3153 3023 3208 pro
3052 3134 3335 3190 Bonizone
3359 3141 3418 3190 et

135 3232 610 3298 sem,Anselmum
628 3231 931 3286 Lucensem
951 3230 1354 3285 etRainaldum
1377 3230 1728 3298 Comensem,
1813 3246 1915 3310 pro
1937 3229 2214 3283 Sutriensi
2253 3230 2531 3301 episcopo,
2569 3227 2892 3299 episc0pum
2921 3223 3289 3280 Sabinensem
3318 3240 3417 3297 ap-

135 3322 408 3376 arcuisset
459 3321 733 3375 Henricus
793 3338 805 3374 :
861 3337 1042 3392 neque
1073 3319 1367 3374 Farvensis
1406 3319 1733 3374 manastei-ii
1814 3317 2058 3389 pellavit,
2084 3319 2349 3390 deceptus
2374 3317 2524 3372 haud
2553 3316 2720 3371 dubie
2745 3315 2951 3370 notiori
2979 3313 3086 3368 sibi
3122 3313 3416 3371 Domnizo-

134 3410 355 3478 vicinia,
384 3427 495 3482 quo
517 3410 848 3482 plerumque
876 3427 936 3464 se
963 3409 1213 3481 recipere
1240 3414 1607 3462 consueverat
1633 3408 1734 3463 im-

131 3504 378 3569 perator,
406 3499 632 3553 credere
661 3498 795 3552 sinit
820 3497 1105 3564 Bonizoni,
1131 3497 1216 3550 vel
1253 3496 1485 3550 dimisso
1516 3496 1602 3549 vel
1623 3494 1734 3548 ela-

135 3611 230 3664 pso
250 3593 324 3648 ad
344 3610 576 3664 gregem
604 3611 770 3648 suum
815 3592 999 3646 redire
1054 3591 1339 3660 integrum
1384 3587 1576 3642 fuisse.
1628 3585 1731 3641 Cui

134 3683 348 3738 accedit
377 3684 525 3754 quod
564 3685 776 3754 ejectus
809 3700 843 3735 a
870 3681 1116 3736 Roberto
1150 3696 1218 3733 ex
1276 3677 1414 3732 urbe
1457 3677 1729 3730 Henricus

135 3787 278 3827 anno
312 3770 472 3840 1081,
506 3772 681 3826 Sutrii
710 3771 1043 3834 substiterit,
1075 3769 1158 3823 uti
1189 3785 1253 3822 ex
1284 3767 1478 3820 charta
1502 3765 1728 3819 conﬁci-

132 3869 224 3918 tur
277 3863 536 3918 Ecclesim
587 3864 806 3918 Pisanae
844 3880 877 3915 x
937 3861 1059 3915 Kal.
1097 3858 1254 3912 Junii
1299 3855 1529 3920 tradita,
1559 3870 1728 3924 quam

132 3953 298 4008 refert
335 3952 606 4024 Ughellus
635 3951 703 4021 18)
730 3951 825 4006 ubi
842 3967 1051 4004 annum
1083 3945 1224 4004 1095
1248 3961 1347 4016 pro
1381 3942 1447 3999 8-1
1473 3943 1725 4014 irrepsis-

128 4059 204 4106 se,
245 4059 360 4097 non
399 4040 819 4096 advertentibus
847 4039 1081 4110 Ughello
1111 4042 1168 4090 et
1205 4035 1418 4097 Coleto,
1467 4038 1616 4086 recte
1658 4048 1724 4084 ex

130 4133 271 4186 notis
300 4131 536 4202 reliquis
567 4130 837 4200 temporis
866 4127 1116 4199 ejusdem
1165 4121 1504 4195 diplomatis.
1537 4121 1724 4174 obser-

130 4227 217 4274 vat
259 4226 559 4276 accuratus
605 4225 867 4273 notarum
914 4221 1110 4271 auctor
1159 4214 1216 4267 in
1245 4213 1396 4266 idem
1423 4209 1721 4271 Muratorii

129 4330 262 4385 opus
289 4309 615 4382 germanico
641 4308 905 4362 idiomate
938 4306 1208 4359 donatum
1246 4304 1339 4372 (9).

194 4397 450 4454 Rediisse
467 4394 609 4448 forte
633 4392 702 4446 ad
721 4392 910 4446 sedem
937 4389 1232 4462 pristinam
1256 4385 1591 4441 Bonizonem
1618 4401 1720 4438 no-

1815 3409 1902 3463 nis
1927 3409 2173 3476 nomine,
2211 3408 2307 3480 qui
2334 3409 2403 3462 de
2422 3407 2591 3462 rebus
2610 3406 2784 3477 gestis
2808 3403 3100 3459 Mathildae
3127 3403 3199 3458 ad
3227 3402 3412 3475 ipsam

1812 3497 2148 3552 Mathildam
2181 3514 2320 3570 opus
2351 3495 2646 3550 metricum
2678 3493 2956 3564 scripsita
2983 3491 3260 3546 Leibnitio
3289 3491 3413 3548 edi-

1812 3591 1932 3640 tum
1941 3627 1958 3655 ,
1986 3602 2112 3640 cum
2143 3603 2270 3640 vero
2302 3589 2544 3654 uterque
2563 3583 2620 3637 in
2643 3582 2774 3635 aula
2786 3579 3420 3638 celebratissimaaillius.

1811 3679 2081 3729 matronae
2109 3675 2392 3745 gratiosus
2421 3673 2605 3737 fuerit,
2631 3671 2791 3726 facile
2812 3686 2934 3740 qua:
2952 3670 3021 3723 ad
3046 3670 3409 3724 alterutrum-

1811 3779 1920 3834 que
1939 3761 2298 3832 pertinebant
2324 3761 2382 3815 in
2409 3777 2584 3816 unum
2614 3759 2769 3814 fuere
2795 3758 3016 3811 collata.

1879 3851 1960 3904 De
1999 3851 2195 3904 ﬁctitio
2217 3851 2320 3904 hoc
2358 3850 2616 3920 episcopo
2647 3845 2942 3902 Sabinensi
2972 3861 3139 3916 quem
3170 3843 3406 3900 Baronii

1808 3939 2144 3994 auctoritate
2183 3939 2398 3994 inducti
2427 3936 2696 4007 Ughellus
2725 3941 2783 3990 et
2827 3933 3120 3988 Ciaconius
3148 3932 3403 3988 cardina-

1805 4028 1943 4082 lium
1966 4029 2350 4100 episcoporum
2383 4025 2777 4082 Sabinensium
2802 4023 3058 4092 catalogo
3088 4022 3159 4076 ad
3185 4038 3399 4077 annum

1806 4114 1943 4174 1076
1974 4118 2348 4183 inseruerunt,
2383 4116 2654 4171 videndus
2690 4113 2964 4177 Oudinus,
3021 4111 3117 4183 qui
3149 4127 3399 4167 errorem

1803 4206 1973 4260 istum
2005 4224 2070 4260 ex
2088 4208 2208 4261 loco
2237 4207 2478 4262 Hubaldi
2510 4210 2817 4260 memorato
2847 4201 3158 4273 dispungit,
3189 4206 3246 4256 et
3270 4200 3403 4257 Bol-

1802 4293 2053 4348 landiani
2082 4295 2153 4348 ad
2183 4296 2238 4348 d.
2270 4312 2361 4350 xvi
2388 4296 2541 4366 Sept.
2559 4294 2617 4348 in
2635 4293 2765 4346 Vita
2793 4291 2852 4346 B.
2877 4289 3133 4356 Victoris,
3159 4306 3280 4360 cap.
3308 4287 3394 4356 10,

1803 4399 2042 4454 quorum
2069 4383 2236 4437 verba
2263 4383 2485 4453 integra
2514 4383 2604 4436 hic
2626 4381 2737 4452 legi
2767 4385 3060 4434 merentur
3089 4392 3100 4426 :
3137 4399 3160 4429 c
3193 4379 3401 4435 Secun-

127 4492 303 4540 strum
354 4482 594 4537 Henrico
649 4488 808 4534 trans
854 4481 1007 4550 alpes
1035 4494 1306 4548 represso,
1343 4474 1448 4528 etsi
1477 4474 1546 4526 de
1573 4489 1719 4526 anno
1737 4474 1785 4532 D
1804 4473 1939 4527 dum
1988 4473 2312 4527 Ciaconium
2342 4474 2399 4526 in
2428 4471 2700 4543 Gregorio
2728 4469 2858 4533 VII,
2885 4469 3080 4524 fuisset
3106 4468 3395 4534 Domnizo,

126 4577 240 4646 ipso
271 4571 489 4626 reditus
514 4587 625 4624 non
656 4575 846 4624 exacte
870 4573 1109 4630 constet,
1149 4565 1316 4619 rebus
1337 4562 1720 4618 Sutriensibus

126 4666 296 4718 densa
326 4659 566 4730 caligine
594 4659 776 4712 adhuc
805 4655 1162 4721 obnubilatis,
1210 4671 1338 4707 vero
1396 4661 1586 4708 tamen
1608 4669 1717 4705 non

127 4758 208 4805 est
235 4749 514 4806 absimile.
542 4748 741 4803 Sedem
767 4747 950 4801 denuo
976 4763 1136 4800 suam
1168 4761 1467 4814 occupasse
1496 4744 1716 4797 videtur

125 4848 375 4912 tempore
410 4837 595 4892 obitus
611 4837 862 4891 Anselmi
883 4834 1167 4894 Lucensis.
1187 4835 1283 4905 qui
1305 4833 1540 4904 contigit
1565 4848 1714 4886 anno

129 4927 278 4994 1086,
313 4925 550 4980 diexvm
575 4924 730 4989 Maii,
765 4924 848 4978 uti
873 4928 1029 4995 patet
1058 4939 1123 4976 ex
1175 4923 1292 4976 loco
1325 4921 1586 4985 Hubaldi,
1621 4920 1715 4990 qui

125 5016 267 5070 beati
312 5014 563 5070 Anselmi
592 5013 858 5068 Lucensis
906 5013 1095 5066 Vitam
1152 5012 1211 5066 in
1254 5011 1462 5082 scripta
1499 5010 1716 5063 misisse

126 5107 329 5176 passim
361 5103 706 5176 perhibetur.
725 5103 864 5157 Eum
881 5102 1087 5168 locum,
1112 5118 1276 5172 quem
1297 5100 1633 5171 etUghellus
1664 5105 1720 5152 et

128 5195 376 5249 Oudinus
409 5210 476 5247 ex
514 5191 829 5248 Sebastiani
851 5191 1215 5261 Tengnagelii
1243 5190 1569 5246 collectione
1599 5189 1712 5242 sive

128 5288 476 5354 syntagmate
513 5287 766 5336 veterum
806 5286 1300 5334 monumentorum
1346 5296 1447 5351 pro
1507 5278 1714 5347 Grego-

195 5425 264 5497 (6)
281 5425 499 5506 _Cb_ron.
533 5423 812 5478 Farvense
854 5423 1004 5493 apud
1048 5421 1352 5506 M'urator.,
1393 5427 1436 5474 t.
1465 5420 1540 5484 II,
1570 5437 1625 5490 p.
1671 5433 1713 5472 ιι

126 5497 262 5640 1%.
279 5497 498 5623 13169.Ιὶ
519 5566 764 5640 d’_ltalia,
794 5571 836 5621 t.
861 5563 988 5629 VII,
1024 5583 1082 5636 p.
1114 5581 1188 5618 m.
1213 5562 1345 5631 274;
1383 5568 1437 5616 et
1466 5560 1710 5633 Interpr.

128 5636 332 5707 Germ.,
353 5655 410 5710 p.
441 5655 520 5694 m.
553 5636 652 5693 441
667 5677 680 5691 .

1804 4563 1897 4632 qui
1935 4569 1990 4617 et
2029 4563 2251 4632 Regizo.
2313 4561 2515 4632 inquit,
2570 4560 2660 4614 hic
2715 4557 3040 4614 Sabinensis
3081 4557 3396 4629 episcopus,

1799 4667 1928 4704 cum
1981 4651 2131 4704 dicat
2158 4650 2316 4703 illum
2347 4649 2669 4702 interfuisse
2725 4646 3000 4716 exsequiis
3039 4646 3097 4700 S.
3143 4645 3397 4698 Anselmi

1799 4739 2086 4802 Lucensis,
2118 4756 2264 4792 anno
2291 4738 2546 4808 sequenti
2562 4733 2702 4792 1086
2720 4735 2987 4790 defuncti.
3012 4735 3088 4787 At
3104 4750 3206 4788 nec
3231 4733 3396 4787 Dom-

1799 4829 1921 4882 nizo
1952 4845 2078 4882 cum
2109 4827 2387 4897 Regizone
2417 4824 2844 4880 confundendus
2882 4829 2988 4888 est,
3039 4838 3223 4893 neque
3251 4822 3395 4877 alte-

1797 4925 1956 4973 ruter
1983 4917 2090 4972 fuit
2118 4917 2409 4988 episcopus
2434 4912 2780 4979 Sabinensis,
2810 4916 3085 4983 quantum
3115 4910 3391 4981 existimo;

1797 5007 1928 5062 licet
1956 5007 2015 5061 in
2048 5005 2350 5060 novissima
2367 5003 2588 5074 Ughelli
2609 5000 2851 5055 editione
2888 5006 3126 5070 uterque
3154 4999 3212 5053 in
3239 5007 3394 5055 cata-

1799 5097 1924 5166 lego
1962 5097 2351 5168 episcoporum
2397 5090 2789 5148 Sabinensium
2837 5088 3171 5160 reperiatur.
3204 5089 3397 5144 Errori

1801 5187 2148 5240 occasionem
2177 5184 2333 5238 dedit
2359 5181 2639 5237 Baronius
2693 5180 2752 5233 in
2797 5175 3112 5246 Annalibus
3163 5177 3234 5231 ad
3289 5193 3393 5232 an-

1795 5291 1932 5329 num
1966 5272 2122 5341 1086,
2167 5289 2330 5329 num.
2380 5270 2468 5328 10.
2526 5269 2674 5323 Nam
2717 5283 2845 5321 cum
2898 5266 2959 5320 in
3011 5263 3143 5320 Vita
3180 5265 3238 5322 S.
3283 5266 3395 5320 An-

1867 5416 1950 5485 (8)
1966 5417 2028 5470 T.
2058 5415 2147 5471 III
2175 5416 2234 5470 in
2263 5411 2749 5485 archieptPjsanu
2779 5425 2836 5485 n_.
2868 5407 2959 5473 39,
2984 5407 3090 5464 col.
3119 5405 3246 5466 4°20.

1865 5479 1945 5557 (9)
1977 5487 2040 5541 P.
2076 5484 2311 5557 m,45‘2,
2343 5479 2482 5557 ιοωέ
2519 5479 2613 5536 VI.
2640 5479 2888 5557 notati.“
3016 5549 3082 5557 __
3343 5509 3346 5514 -

1867 5547 1974 5631 (10)
1998 5559 2061 5613 Τ.
2097 5556 2175 5612 XI
2195 5547 2396 5611 Annal.
2413 5555 2485 5608 ad
2513 5568 2726 5606 annum
2757 5547 2916 5622 1086,
2937 5567 2993 5623 p.
3014 5549 3106 5608 58.
