3920 6354
1186 274 1292 356 δὲ
1330 295 1502 358 ViTA
1539 305 1629 361 ET
1666 302 1989 362 sumens
2026 270 2432 362 BONIZONIS'.
2558 330 2559 333 ~
2809 276 2819 287 ”
3057 346 3061 351 .
3331 252 3455 363 ίᾶρο

171 433 375 504 pendit
392 432 725 491 Baronianae
740 418 941 492 messis
953 455 1170 497 vannus
1190 445 1404 500 critica.
1419 442 1625 519 Pagius
1644 447 1746 517 (16)
1757 488 1770 502 .

1870 430 1996 485 stico
2034 431 2133 485 sed
2171 431 2356 485 omnis
2397 429 2686 509 politioris
2705 442 2863 513 aeque
2894 432 2967 484 ac
2986 413 3267 517 gravioris
3302 413 3454 503 litte-

160 522 288 600 .Sed
320 527 377 576 et
400 522 557 577 locus
575 525 830 601 galvanei
860 528 1119 602 ﬂammae,
1145 534 1238 602 qui
1260 518 1550 589 historiam
1573 536 1776 591 Medio-

1870 526 2069 574 raturze
2114 523 2274 590 copia
2301 520 2504 574 collato
2537 535 2754 601 mecum
2797 520 2983 573 studio
3033 518 3447 574 communicare

172 611 497 687 lanensium
534 613 605 667 ab
635 598 863 669 V.C.Vad
898 598 1108 672 annum
1136 598 1360 676 circiter
1380 621 1513 680 1336
1530 626 1773 680 conscri-

1870 602 2077 679 iignati
2104 614 2255 671 sunt,
2282 625 2383 679 per
2409 598 2672 679 epistolas
2703 608 2969 672 consuiti,
2985 602 3089 663 viri
3118 600 3288 679 supra
3330 600 3453 683 lau-

176 700 311 775 psit.
330 684 456 754 hac
487 701 557 755 de
586 710 647 756 re
664 705 1053 783 consulendus
1083 710 1234 780 apud
1262 688 1630 783 Muratorium
1661 712 1769 783 (17)

1870 698 1958 751 des
1985 714 2138 752 meas
2164 688 2330 768 positi
2384 698 2716 752 Franciscus
2762 696 3075 771 Toepselius
3120 696 3453 769 praepositus

180 772 277 859 qui
305 788 433 875 ejus
469 772 1046 865 Manipulu'm‘ﬂorum
1087 772 1187 853 (ita
1218 817 1359 871 opus
1385 772 1774 875 inscripserat')
1859 780 2223 857 Ροιιίηεεηιιε
2270 792 2329 841 9t
2364 788 2544 867 (cuius
2564 788 2684 856 iam
2718 787 2805 841 Vel
2833 800 3041 875 ηοιηβιι
3080 787 3247 857 θῙοὲίί
3268 785 3469 875 .

156 258 281 346 '7m

180 855 246 953 ex
277 855 468 959 codice
499 855 860 938 membraneo
886 855 1288 943 Mediolanensi
1317 896 1373 959 et
1415 855 1775 959 alterovétin-I-

1870 892 1980 931 Esse
2007 855 2193 948 coepit)
2217 855 2469 946 ejusdem
2489 875 2897 956 antiquissimae
2910 874 3013 929 sub
3037 855 3233 959 regula
3261 855 3453 930 D.Au-

1648 953 1657 965 ’
1855 965 2068 1037 gnstini
2096 966 2344 1039 canonis;
2367 953 2631 1032 decanus,
2658 965 2928 1020 Eusebius
2949 954 3236 1023 Amortus.

1928 1054 2014 1109 ‘De
2032 1052 2212 1109 sancti
2224 1060 2282 1108 et
2295 1043 2449 1108 beati
2470 1054 2635 1108 titulo
2652 1054 2711 1108 in
2724 1053 2884 1108 'hunc
2901 1053 3084 1108 virum
3105 1059 3246 1109 testu
3265 1051 3454 1110 monii

1862 1148 1919 1197 et
1946 1143 2207 1197 factionis
2236 1159 2351 1198 suae
2376 1130 2788 1214 imprudentius
2803 1158 3098 1219 accensum
3119 1128 3455 1217 anonnullis

1863 1232 2552 1302 collatoAgiographorum
2567 1233 3075 1303 Antwerpiensium
3088 1231 3429 1287 sententiam
3441 1273 3455 1297 ,

1862 1337 1929 1376 eo
1963 1321 2258 1375 referimus
2278 1321 2562 1375 lubentius
2588 1338 2698 1392 quo
2713 1321 2926 1392 aequior
2949 1306 3128 1387 nobis,
3161 1317 3457 1375 nonnullo-

1863 1424 1991 1464 rum
2021 1409 2414 1476 recentiorum,
2443 1427 2547 1465 nec
2585 1410 3053 1487 auctoritate-nec
3072 1408 3288 1481 judicio
3327 1409 3457 1483 nixa

1864 1488 2144 1570 largitate,
2178 1514 2402 1570 semper
2429 1499 2547 1553 visa
2568 1506 2679 1557 est.
2710 1500 2798 1554 Ita
2824 1502 3014 1553 autem
3043 1496 3284 1573 civitatis
3296 1495 3458 1554 Chri-

1864 1589 2062 1643 stianae
2089 1588 2353 1643 tabularii
2383 1593 2441 1642 et
2468 1588 2677 1664 archivi
2728 1589 3053 1644 collectores
3094 1588 3152 1643 et
3176 1585 3456 1664 custodes

1865 1678 2122 1749 perpetui
2155 1676 2256 1741 (19)
2293 1693 2303 1730 :
2343 1699 2365 1726 α
2406 1663 2746 1732 Bonizonem
2797 1676 3143 1732 Sutriensem
3189 1663 3455 1750 primum,

172 965 458 1040 brosianae
488 966 645 1039 dedit
657 1016 669 1028 .

251 1051 534 1135 Ceterum
563 1059 633 1137 de
659 1062 808 1131 caede
832 1060 1153 1139 Bonizonis,
1178 1068 1282 1121 etsi
1311 1069 1601 1125 seditionis
1628 1070 1778 1126 illius

180 1144 523 1201 Placentinae
552 1148 894 1205 mentionem
919 1152 1146 1215 faciant,
1179 1171 1290 1210 uno
1320 1156 1434 1211 fere
1456 1174 1552 1213 ore
1580 1158 1779 1214 obmu-

180 1239 406 1289 tescunt
419 1252 606 1290 rerum
623 1239 1074 1296 Placentinarum
1090 1244 1391 1315 scriptores
1414 1248 1776 1319 antiquiores.

182 1321 427 1376 Joannes
456 1324 524 1377 de
552 1327 755 1381 Mussis
781 1329 913 1384 civis
939 1331 1316 1398 Placentinus,
1349 1335 1443 1405 qui
1465 1352 1554 1389 res
1586 1337 1781 1407 patriae

184 1427 301 1465 suae
353 1412 424 1465 ab
452 1430 599 1469 anno
629 1414 734 1472 2‘22
758 1417 824 1472 ad
858 1435 1069 1475 annum
1099 1421 1240 1478 160?,
1264 1424 1546 1479 luculento
1568 1426 1782 1479 calamo

184 1499 503 1571 descripsit.
536 1511 595 1557 et
622 1522 789 1574 quem
841 1524 877 1561 a
916 1526 975 1563 se
1029 1510 1240 1564 editum
1293 1511 1552 1583 plurimis
1598 1512 1781 1567 verbis

187 1591 548 1645 commendat
592 1588 955 1662 Muratorius,
981 1598 1050 1651 de
1087 1599 1362 1654 Bonizone
1406 1605 1597 1655 tamen
1635 1603 1782 1673 pisce

186 1678 371 1747 magis
397 1686 587 1734 mutus
609 1682 976 1740 existit.Idem
1002 1687 1169 1741 etiam
1193 1687 1553 1743 observamus
1582 1691 1637 1744 in
1659 1691 1783 1757 aliis

188 1761 453 1818 Ecclesiae
508 1765 659 1820 illius
706 1768 1090 1839 scriptoribus,
1139 1772 1308 1826 etiam
1341 1772 1778 1844 antiquioribus,
1797 1786 1844 1846 Β
1865 1768 2068 1823 deinde
2116 1766 2522 1832 Placentinum,
2556 1773 2621 1821 ut
2648 1767 2842 1820 volunt
2875 1766 3018 1837 (imo
3043 1769 3233 1842 velint,
3258 1768 3458 1839 nolint)

188 1851 287 1919 qui
307 1867 411 1906 sua
440 1869 662 1925 quoque
681 1873 711 1909 e
728 1858 1123 1913 vetustioribus
1152 1861 1483 1921 hauserunt.
1508 1868 1565 1916 et
1590 1878 1731 1934 quos
1751 1879 1784 1916 a

187 1939 299 1993 ﬁde
327 1946 386 1995 et
414 1958 604 2019 rerum
634 1945 792 2016 copia
815 1947 1006 2001 laudat
1032 1949 1200 2003 toties
1238 1949 1503 2004 laudatus
1532 1951 1784 2005 Murato-

188 2029 308 2083 rius
334 2031 403 2099 (t.
438 2031 564 2086 XVI
612 2034 735 2088 Rer.
769 2038 924 2097 καί..
957 2054 1013 2107 p.
1048 2054 1126 2091 m.
1173 2037 1344 2109 443):
1392 2045 1450 2093 et
1482 2036 1563 2093 illi
1591 2046 1785 2094 tamen

188 2121 307 2171 tam
330 2117 556 2180 uberes.
571 2124 684 2174 tam
706 2121 1027 2194 locupletes.
1043 2131 1159 2179 tam
1176 2127 1465 2189 luculenti,
1493 2126 1788 2201 Bonizonis

190 2222 262 2261 ne
291 2223 498 2261 nomen
530 2209 775 2279 quidem.
831 2213 1036 2267 nedum
1068 2230 1157 2269 res
1184 2222 1372 2287 gestas
1411 2221 1469 2271 et
1504 2218 1788 2271 crudelem

190 2297 401 2350 caedem
432 2298 766 2354 memorant.
787 2300 966 2356 Unius
992 2303 1212 2368 horum,
1251 2321 1415 2375 quem
1447 2305 1788 2360 Muratorius

192 2402 223 2438 e
251 2386 440 2440 codice
466 2386 685 2442 Estensi
715 2389 908 2457 edidit,
942 2397 996 2445 et
1034 2391 1104 2446 de
1147 2410 1258 2464 quo
1298 2401 1522 2465 reperto
1555 2394 1790 2450 fortunae

191 2476 410 2545 gratias
430 2477 674 2546 agendas
697 2480 1135 2553 putat.jejunum
1159 2482 1434 2537 Annalem
1459 2484 1518 2537 in
1541 2484 1788 2538 medium

189 2564 560 2635 proferemus,
595 2566 662 2620 iis
695 2569 988 2623 ﬁrmandis
1011 2587 1133 2641 quae
1162 2572 1506 2626 asseruimus
1538 2587 1550 2622 :
1581 2592 1608 2623 «
1640 2573 1702 2627 A.
1724 2573 1786 2628 Ο.

202 2649 340 2709 1089
373 2653 480 2708 fuit
502 2654 779 2710 discordia
811 2657 960 2711 inter
1004 2659 1211 2713 milites
1241 2666 1297 2713 et
1328 2660 1629 2731 populares
1661 2642 1788 2715 Pla-

198 2742 396 2821 centiae
419 2783 434 2808 ,
469 2750 526 2797 et
560 2745 765 2799 milites
790 2746 1048 2801 exierunt
1090 2747 1159 2801 de
1203 2747 1445 2812 civitate,
1475 2750 1794 2804 habitantes

199 2838 383 2885 castra
405 2838 462 2885 et
474 2832 637 2907 villas
653 2840 711 2888 et
729 2835 1090 2906 prohibentes
1109 2845 1307 2907 gentes
1329 2838 1680 2911 episcopatus
1701 2854 1793 2893 ve-

198 2920 320 2974 nire
380 2922 451 2975 ad
500 2930 807 2998 mercatum
860 2925 1177 2992 Placentiae,
1227 2932 1285 2981 et
1329 2934 1466 3001 tunc
1495 2927 1794 2998 populares

1868 1855 2209 1925 episcopum,
2264 1852 2472 1906 sanctis
2525 1853 2702 1907 Italiae
2750 1853 2811 1906 in
2843 1853 3015 1931 priori
3055 1860 3158 1908 suo
3205 1853 3461 1930 catalogo

1874 1944 2245 1997 adnumerare
2259 1958 2428 1995 ausus
2453 1957 2564 1995 non
2577 1936 2763 1996 fuerat
2784 1941 3267 2008 Ferrarius,astin
3285 1939 3462 1996 altero

1866 2031 2116 2102 generali
2148 2031 2314 2101 paulo
2342 2029 2572 2085 liberius
2602 2031 2983 2101 pronuntiavit
3015 2048 3026 2084 :
3073 2050 3096 2082 ι
3141 2028 3463 2100 Placentiae,

1874 2140 1899 2172 α
1932 2122 2000 2177 Β.
2046 2119 2343 2173 Bonizonis
2371 2119 2615 2190 episcopi
2646 2124 2703 2173 et
2720 2105 3013 2190 martyris,
3069 2132 3097 2172 ι
3127 2119 3198 2195 de
3242 2102 3355 2190 qut;
3396 2124 3464 2195 ut

1870 2199 2062 2263 sancto
2083 2218 2140 2261 et
2168 2208 2352 2273 beato,
2378 2208 2568 2261 nullus
2599 2194 3264 2265 meminithactenusrin
3294 2194 3466 2263 adno-

1869 2297 2176 2352 tationibus
2196 2297 2423 2351 confuse
2454 2297 2662 2367 allegat
2675 2297 2862 2351 nescio
2885 2306 3026 2368 quos
3048 2298 3294 2353 Annales
3310 2296 3466 2354 urbis

1873 2378 2210 2437 Placentinae
2261 2376 2662 2436 et'Baronium
2704 2382 2774 2436 ad
2819 2394 3031 2437 annum
3090 2380 3240 2440 1089.
3296 2378 3470 2439 'Hunc

1873 2468 2047 2543 igitur
2105 2471 2348 2544 primum
2397 2470 2673 2536 consului,
2724 2471 2783 2526 in
2821 2486 2932 2543 quo
2964 2471 3036 2526 de
3085 2472 3359 2528 Bonizone
3387 2472 3470 2527 nil

1874 2576 2104 2632 prorsus
2160 2560 2343 2631 reperi
2394 2567 2598 2630 praeter
2632 2559 2916 2631 ipsissima
2969 2559 3137 2621 verba
3181 2561 3472 2616 Bertholdi

1868 2651 2340 2715 Constantiensis,
2375 2649 2432 2703 in
2463 2649 2770 2720 appendice
2802 2650 3112 2704 Hermanni
3155 2651 3224 2704 ad
3256 2636 3471 2706 dictum

1878 2756 2087 2795 annum
2115 2737 2271 2796 1089.
2310 2760 2331 2788 ι
2368 2738 2558 2793 Refert
2586 2744 2781 2809 postea
2820 2739 3005 2793 locum
3034 2722 3336 2797 Berthold'i.
3376 2748 3471 2795 ac-

1876 2828 2265 2884 curatissimus
2285 2828 2538 2899 Cuperus
2554 2815 2618 2889 (is
2636 2828 2787 2881 enim
2812 2828 3237 2883 adnotationum
3264 2812 3472 2885 harum

1876 2924 2091 2987 auctor)
2122 2923 2180 2971 et
2206 2932 2370 2987 porro
2395 2916 2580 2987 pergit
2612 2932 2624 2967 :
2657 2933 2683 2967 α
2724 2915 2824 2969 His
2852 2915 3116 2987 ponderis
3145 2907 3245 2997 aut
3272 2922 3470 2995 aucto-

200 3015 472 3063 exeuntes
491 2994 560 3065 de
594 3012 817 3066 civitate
847 3020 1042 3068 contra
1073 3015 1296 3079 milites,
1332 2992 1853 3093 erpugnaveruntc
1875 2999 2059 3063 ritatis
2087 2996 2324 3061 ΐιίῘιίίυῐΠ
2355 3005 2627 3059 Βθνοηίυε
2651 3004 2721 3059 de
2749 3020 2852 3058 8‘10
2881 3004 3118 3093 addidit
3147 2992 3218 3061 ile
3239 2992 3465 3077 quidem

196 3105 384 3152 castra
414 3116 596 3176 usque
620 3099 687 3155 ad
713 3100 1156 3157 Trabantianum
1212 3104 1280 3158 Et
1306 3112 1442 3159 tunc
1474 3105 1678 3159 milites
1695 3122 1794 3174 per

197 3188 368 3241 aliam
392 3189 535 3242 viam
557 3192 879 3261 congregati
908 3191 1258 3247 intraverunt
1288 3193 1573 3247 civitatem
1605 3193 1792 3248 exclu-

196 3276 396 3331 dentes
426 3278 495 3332 de
515 3278 736 3333 civitate
760 3279 1078 3351 populares,
1112 3281 1206 3352 qui
1238 3283 1535 3352 populares
1564 3298 1675 3336 non
1703 3298 1793 3335 va-

196 3365 377 3420 lentes
408 3366 690 3443 civitatem
720 3369 930 3423 intrare
954 3376 1233 3424 steterunt
1252 3372 1413 3440 juxta
1428 3372 1790 3437 S.Lazarum,

198 3460 256 3508 et
282 3456 514 3510 tandem
541 3456 601 3510 in
631 3458 772 3511 festo
794 3458 850 3512 S.
878 3458 1164 3513 Michaelis
1186 3459 1421 3533 invicem
1439 3459 1794 3515 concordiam

199 3544 457 3623 fecerunt
486 3551 542 3610 (ι.
577 3565 605 3600 c
631 3588 645 3613 ,
671 3546 775 3601 col.
805 3547 951 3604 25H.
985 3565 1008 3599 ι

268 3635 374 3690 Ubi
408 3620 547 3689 nihil
579 3632 998 3708 reperias,quod
1015 3637 1213 3691 faciem
1235 3638 1458 3691 illorum
1475 3640 1795 3709 temporum

195 3723 423 3801 referat,
484 3725 687 3796 quibus
746 3726 959 3779 Arialdi
990 3733 1047 3779 et
1094 3724 1407 3780 Herlibaldi
1457 3727 1593 3780 mali
1627 3728 1795 3801 sopiti

196 3813 355 3882 ignes
405 3820 462 3867 et
498 3804 765 3891 incendia
794 3816 1047 3887 atrocius
1078 3831 1249 3885 quam
1282 3830 1530 3886 unquam
1554 3816 1793 3870 antehac

195 3903 520 3957 saeviebant.

265 3993 543 4047 Caeterum
568 4010 691 4067 quae
717 3993 918 4048 Petrus
960 3994 1139 4049 Maria
1167 3995 1432 4065 Campius
1461 3993 1794 4048 novissimus

195 4081 459 4136 Historiae
498 4082 882 4137 ecclesiasticae
930 4083 1285 4145 Placentinae,
1310 4083 1471 4154 isque
1501 4098 1613 4135 non
1646 4080 1791 4136 indi-

193 4172 378 4245 ligens
400 4172 501 4245 scd
532 4187 882 4225 summorum
903 4171 1145 4244 virorum
1176 4172 1437 4226 laudibus
1466 4171 1792 4225 notissimus

193 4261 435 4331 scriptor
474 4261 542 4314 de
568 4258 843 4315 Bonizone
872 4261 1154 4331 congessit
1183 4279 1247 4315 ex
1276 4261 1475 4315 iisdem
1522 4260 1788 4328 fontibus,

194 4350 344 4425 unde
373 4355 568 4404 nostra
591 4350 904 4411 hausimus,
946 4351 1245 4421 desumpta
1275 4349 1656 4421 percepimus;
1690 4366 1790 4403 ne-

1874 3098 2022 3152 beati
2054 3096 2279 3151 titulum
2334 3095 2578 3148 Annales
2632 3094 2990 3148 Placentinos
3035 3078 3175 3149 alios
3215 3110 3328 3173 non
3356 3094 3472 3151 vili

1874 3193 2079 3260 printer
2093 3202 2206 3249 eos,
2234 3201 2373 3256 quos
2399 3183 2586 3237 ltalide
2604 3182 2847 3253 vulgavit
2874 3184 3076 3263 Petrus
3100 3183 3287 3239 Maria
3309 3182 3474 3240 Cam-

1874 3277 2019 3348 pius,
2044 3275 2175 3329 alibi
2207 3290 2240 3329 a
2268 3273 2427 3328 nobis
2456 3288 2738 3336 excussus,
2764 3273 2824 3325 in
2872 3271 3063 3327 Indice
3087 3271 3272 3349 operis
3296 3263 3468 3350 Boni-

1875 3344 2068 3420 aonem
2099 3363 2488 3417 canonizatum
2524 3377 2638 3415 non
2670 3366 2819 3415 recte
2848 3344 3259 3425 asserensrnec
3292 3344 3470 3439 magis

1876 3472 2004 3509 vere
2034 3469 2272 3508 narrans
2315 3466 2425 3523 pag
2451 3450 2574 3515 358,
2608 3467 2736 3505 eum
2776 3466 2812 3505 a
2842 3452 3078 3507 Baronio
3105 3456 3365 3509 vocatum
3394 3440 3460 3513 Ξ.

1878 3546 2233 3608 Bonizonem,
2265 3542 2376 3596 nisi
2405 3542 2593 3611 inepte
2628 3540 2890 3606 indicem,
2920 3541 3110 3596 nescio
3143 3559 3175 3597 a
3206 3560 3317 3615 quo
3345 3554 3473 3599 con-

1878 3633 2184 3698 cinnatum,
2233 3648 2336 3702 pro
2379 3629 2669 3684 annalium
2712 3634 2871 3685 textu
2921 3629 3278 3687 substituerit
3313 3650 3326 3687 :
3362 3648 3474 3707 nec

1878 3722 2177 3777 Bucelinus
2197 3721 2322 3792 plus
2339 3719 2553 3773 roboris
2571 3718 2856 3788 adjungit:
2877 3736 2910 3772 a
2932 3736 3042 3789 quo
3060 3717 3206 3773 male
3227 3716 3475 3795 refertur

1875 3812 2045 3868 tertia
2060 3810 2230 3866 Junii.
2253 3809 2505 3863 Admitto
2523 3813 2580 3861 et
2598 3806 2839 3878 suspicio
2861 3807 3155 3877 praeclaros
3174 3808 3470 3864 Bonizonis

1875 3901 2096 3956 labores
2124 3915 2317 3954 omnes
2347 3900 2404 3951 et
2426 3896 2759 3967 gravissima
2786 3896 3017 3951 vulnera
3047 3898 3098 3951 ei
3142 3914 3175 3952 a
3204 3896 3474 3971 schisma-

1876 3991 2000 4044 ticis
2028 3990 2260 4045 inﬂicta.
2294 3995 2355 4041 at
2380 3993 2683 4058 martyrem
2724 4002 2969 4057 unquam
2999 3985 3254 4059 legitima
3281 3994 3472 4044 aucto-

1876 4080 2044 4134 ritate
2076 4079 2419 4133 declaratum
2444 4076 2637 4141 fuisse,
2665 4075 2751 4129 vel
2789 4079 2853 4130 ut
2883 4066 3074 4143 talem,
3108 4072 3303 4146 Sutrii,
3339 4072 3468 4133 Pia-

1873 4170 2071 4224 centiae
2102 4174 2201 4222 aut
2219 4168 2455 4220 Veronae
2484 4166 2845 4225 cultum,non
2870 4165 3109 4236 probant
3136 4178 3330 4233 earum
3374 4158 3472 4221 Ec-

1874 4259 2150 4312 clesiarun
2172 4253 2407 4322 tabulae;
2440 4268 2544 4308 nec
2572 4252 2791 4324 Ughelli
2822 4252 3081 4324 Elogium
3110 4261 3262 4311 tomo
3287 4255 3334 4312 Ι.
3358 4258 3465 4312 col.

1874 4347 1996 4414 190,
2026 4345 2121 4400 ubi
2160 4344 2428 4399 Bonlzzus
2468 4347 2714 4403 vocatur,
2749 4341 2818 4397 de
2848 4342 2961 4417 ullo
2992 4345 3148 4399 cultu
3167 4342 3465 4415 meminit;

195 4424 305 4510 que
337 4440 489 4494 enim
525 4441 644 4511 ejus
664 4439 883 4493 vivendi
914 4445 1084 4510 atque
1133 4439 1417 4493 evolvendi
1448 4438 1665 4493 occasio
1697 4426 1855 4492 ob-D
1878 4450 1980 4488 nec
2008 4433 2143 4487 mihi
2193 4424 2325 4484 licet
2370 4430 2518 4484 sedis
2563 4430 2881 4501 apostolicae
2913 4430 3189 4501 judicium
3233 4442 3471 4505 praei/er-

192 4529 355 4599 tigit;
376 4529 525 4582 idem
552 4528 649 4582 sed
679 4538 1065 4582 asseveranter
1081 4528 1446 4599 pronuntiare
1463 4528 1532 4581 de
1564 4527 1628 4581 iis
1661 4543 1791 4598 pos-

193 4635 413 4685 sumus,
438 4634 561 4688 quae
585 4616 654 4671 de
685 4617 986 4684 Bonizone,
1015 4617 1258 4671 Joannes
1308 4617 1546 4671 Lironus
1571 4616 1790 4670 Carnu-

194 4694 405 4769 tensis,‘
453 4704 903 4782 congregationis
942 4706 998 4760 S.
1029 4706 1211 4760 Mauri
1264 4706 1586 4765 monachus,
1636 4705 1792 4759 varia

196 4797 515 4853 eruditione
563 4795 895 4867 conspicuus
947 4800 1100 4848 tomo
1155 4795 1179 4849 Ι
1231 4795 1613 4865 Singularium
1669 4809 1793 4847 suo-

195 4902 324 4942 rum
356 4885 486 4959 (18),
519 4902 586 4939 ex
614 4879 908 4939 Lambecio
958 4883 1194 4954 aliisque
1242 4883 1549 4937 desultoria
1599 4887 1795 4953 tamen

192 4972 468 5047 brevitate
495 4974 738 5044 collegit.

266 5064 400 5119 Haec
426 5069 577 5129 sunt,
609 5076 731 5133 quae
768 5060 838 5115 de
864 5061 979 5115 vita
1009 5067 1066 5115 et
1100 5059 1269 5133 rebus
1300 5056 1592 5115 Bonizonis
1613 5060 1793 5131 deque

195 5154 373 5226 ipsius
387 5150 622 5225 cruento
633 5146 789 5206 obitu
808 5150 1080 5204 hactenus
1096 5151 1166 5204 ad
1188 5156 1443 5222 posteros
1467 5163 1788 5220 pervenere,

198 5257 435 5315 quaeque
460 5257 526 5315 ex
545 5236 707 5312 parte
730 5256 831 5311 pro
860 5237 1144 5309 uberrima
1175 5255 1288 5293 non
1331 5237 1495 5293 modo
1522 5236 1794 5291 ecclesia-.

270 5381 383 5452 (ιβ)
407 5383 547 5452 Crit.
575 5384 801 5441 Baron..
835 5387 880 5435 t.
911 5382 1003 5445 1V,
1036 5382 1102 5435 ad
1134 5398 1266 5452 ann.
1309 5379 1461 5448 1057,
1490 5397 1545 5452 1x
1574 5386 1630 5433 et
1670 5396 1789 5451 seq.

274 5447 381 5534 (τῇ
504 5456 577 5510 XI
608 5455 735 5534 Bari
759 5454 1076 5534 _It‘:‘l:3_°“P'
1116 5447 1528 5534 λεονμαηίρξιιί
1562 5447 1786 5525 “omni-

200 5522 386 5655 m(13811
385 5522 792 5654 οὲξίιὲαιαῆιεε
825 5522 1146 5590 litterarii-ec,
1170 5530 1214 5579 t.
1239 5524 1284 5591 Ι,
1311 5522 1548 5579 nombre
1583 5536 1705 5589 xm,
1734 5522 1792 5593 p.

1871 4527 2009 4578 tere.
2049 4541 2070 4571 ι
2102 4519 2200 4574 His
2225 4518 2517 4589 subjungit
2541 4518 2887 4591 epitaphium
2927 4520 3217 4576 Cremonae
3267 4522 3327 4575 in
3357 4532 3467 4592 quo

1873 4610 2095 4681 quidem
2126 4615 2343 4679 martyr
2370 4608 2527 4661 audit
2551 4592 2774 4673 Boniio,
2817 4608 2913 4661 sed
2944 4607 3000 4661 id
3030 4608 3310 4684 recentius
3339 4622 3468 4665 cum

1872 4701 1965 4765 sit,
2016 4699 2156 4752 nihil
2196 4697 2387 4771 ﬁrmat
2433 4697 2776 4751 reclamante
2807 4696 3165 4773 antiquitate.
3196 4696 3470 4754 Observat

1875 4789 2116 4843 Sandius
2138 4788 2197 4840 in
2228 4785 2375 4839 notis
2405 4791 2461 4838 et
2481 4783 3064 4839 animadversionibus
3084 4788 3155 4840 ad
3185 4786 3368 4842 Vossii
3393 4786 3465 4843 de

1876 4868 2168 4932 Historicis
2191 4875 2404 4930 Latinis
2454 4889 2595 4943 opus
2624 4857 3076 4928 doctissimorum
3106 4875 3348 4931 virorum
3380 4884 3470 4931 ao-

1876 4965 2219 5022 cessionibus
2234 4971 2293 5019 et
2308 4963 2448 5017 lima
2464 4960 2633 5016 hodie
2653 4961 3150 5035 perpolitissimum
3187 4958 3467 5036 (pag.353.

1877 5057 2009 5112 edit.
2037 5050 2648 5117 Amstel.1677.in‘11),
2666 5050 3001 5104 Bonizonem
3028 5052 3143 5107 sive
3165 5046 3470 5127 Bonithum

1875 5163 1909 5200 a
1927 5143 2210 5200 nonnullis
2238 5161 2263 5195 ι
2289 5141 2636 5196 Οιτγτιιοιηεδι
2656 5138 2865 5193 dictum
2897 5138 3043 5210 quod
3064 5140 3255 5214 prima
3277 5142 3470 5201 littera

1874 5236 1918 5302 B
1948 5234 2162 5290 credita
2182 5232 2354 5287 fuerit
2378 5228 2746 5285 beatitudinis
2764 5228 3054 5303 indicium.
3061 5230 3259 5304 sQuod
3283 5231 3469 5305 obtusi

1948 5376 2051 5445 (19)
2086 5376 2152 5430 In
2182 5376 2373 5429 adnot.
2406 5374 2490 5447 de
2505 5371 2896 5447 praetermissis
2926 5372 3017 5447 die
3046 5388 3136 5426 xiv
3166 5373 3322 5447 Julii,
3357 5392 3469 5446 quo

1878 5438 2116 5527 1°09de
2160 5438 2725 5527 twomshéfurm
2745 5513 2753 5527 .
2770 5440 3024 5527 “eius:
3045 5438 3336 5527 μηδεμία
3373 5438 3477 5527 i9-

1881 5520 2086 5593 nentis,
2107 5513 2202 5573 me
2214 5513 2447 5597 indnuit
2462 5513 2534 5570 iii.
2555 5513 3166 5596 Mortusg'thpolii'nc
3182 5517 3346 5597 alios.
