3920 6358
482 269 604 343 fisi

1516 279 1657 336 BDN
1665 280 1778 336 120
1816 280 2222 339 PLACENTIN
2229 281 2316 339 US
2355 278 2765 337 EPISCOPUS.

3665 267 3774 327 792

502 395 626 451 nasi
655 399 938 454 recentius
963 404 1366 460 commentum.
1414 418 1582 457 nemo
1626 419 1736 458 non
1775 404 1870 476 qui
1901 409 2424 467 emun-Aerrorem
2455 421 2618 460 suum
2643 417 3004 473 cognoscens,
3038 397 3312 454 suadente
3342 397 3688 470 imperatore
3716 412 3774 452 se

503 484 664 540 ctiori
694 485 892 549 utitur,
915 488 1301 559 deprehendit.

578 575 804 628 Nullam
821 581 1083 630 caeterum
1105 577 1400 633 Bonizonis
1418 581 1564 650 apud
1585 580 1997 654 bibliographos
2013 584 2095 638 in-

503 661 784 730 signiores
799 663 1294 734 SigebertumGem
1302 667 1636 734 blacensen),
1646 671 1764 724 lien
1772 671 2096 727 ricumGan-

483 750 826 822 .gdavensem,
859 753 1129 808 Joannem
1157 754 1548 821 Trithemium,
1582 758 1924 814 cardinalem
1968 762 2095 816 Bel-

505 839 830 905 larminum,
871 841 1233 898 Guillelmum
1273 845 1738 916 Eisengreinium,
1781 848 2092 904 Aubertum

506 927 781 995 Miraeum,
808 931 1116 984 Antonium
1147 933 1854 1000 Possevinum,Conradum
1879 938 2092 992 Gesne-

507 1033 632 1072 rum
677 1024 735 1072 et
778 1020 900 1089 ejus
928 1021 1344 1091 epitomatores,
1377 1039 1561 1094 neque
1589 1026 1736 1094 apud
1778 1027 2090 1081 Gerardum

504 1107 779 1161 Joannem
811 1108 1092 1175 Vossium,
1135 1127 1302 1181 quem
1330 1112 1399 1164 de
1437 1113 1714 1168 historicis
1752 1114 2088 1169 scribentem

483 1211 640 1270 cura
663 1195 762 1249 illa
799 1198 1029 1268 prapius
1057 1199 1364 1269 spectabat,
1397 1202 1737 1256 mentionem
1777 1220 2089 1270 occurrere,

505 1300 673 1339 nemo
701 1301 828 1339 cum
859 1286 1132 1341 Casimiro
1160 1289 1380 1344 Oudino
1417 1291 1576 1344 valde
1624 1291 1940 1360 mirabitur,
1974 1295 2089 1364 qui,

503 1391 673 1445 quam
699 1375 900 1446 supine
927 1383 1322 1446 argumentum
1362 1378 1500 1432 illud
1523 1380 1897 1444 vastissimum
1926 1388 2094 1453 atque

505 1463 901 1519 inexhaustum
927 1465 1176 1537 plerique
1197 1468 1696 1540 eorum.(quosipsa
1722 1470 1882 1540 cepia
1900 1470 2094 1542 inopes

505 1552 742 1609 subinde
787 1553 952 1623 fecit)
995 1556 1380 1621 tractaverint,
1428 1574 1616 1612 secum
1657 1575 1828 1630 prope
1859 1576 2093 1630 perpen-

505 1642 710 1697 derint.
750 1644 932 1698 Tanta
978 1643 1130 1698 enim
1177 1651 1406 1715 tamque
1456 1645 1731 1700 immensa
1778 1663 1907 1702 cum
1946 1654 2095 1703 esset

2175 495 2452 549 abdicavit
2473 493 2674 548 ofﬁcio.
2701 511 2730 546 ι

2248 583 2383 638 Haec
2411 589 2600 637 autem
2628 597 2740 636 non
2768 579 2918 650 apud
2949 577 3356 634 Domnizonem
3387 578 3575 648 (quem
3601 575 3776 630 videri

2178 678 2366 743 posset
2399 671 2502 726 sub
2536 669 2773 726 Deonito
2803 684 2906 722 suo
2935 661 3292 724 intellexisse)
3332 667 3497 736 cujus
3547 664 3684 720 libri
3707 665 3776 718 ad

2178 761 2506 816 Mathildam
2539 763 2764 814 exstant
2809 757 2879 812 ab
2907 755 3112 810 illustri
3156 754 3433 810 Leibnitio
3477 753 3775 824 recogniti,

2177 847 2274 900 sed
2293 845 2441 917 apud
2460 845 2795 900 Bonizonem
2817 847 3094 905 nostrum,
3116 846 3174 894 et
3191 838 3463 912 prolixius
3483 839 3774 908 leguntur.

2179 935 2286 989 Sed
2313 941 2370 988 et
2398 935 2515 1005 ipse
2545 931 2907 996 Muratorius,
2929 948 3030 1002 pro
3068 945 3294 984 summa
3321 944 3426 983 sua
3451 928 3512 982 in
3544 927 3780 982 edendis

2179 1023 2560 1078 monumentis
2605 1020 2926 1090 integritate
2974 1023 3168 1074 monet
3208 1018 3330 1072 loco
3361 1017 3588 1072 Deoniti
3627 1017 3779 1071 inter

2177 1114 2384 1167 lineam
2429 1111 2734 1182 ascriptum
2767 1110 2825 1163 in
2868 1107 3055 1162 codice
3085 1106 3304 1164 Bonici.
3340 1106 3496 1160 Adeo
3527 1121 3707 1175 prope
3745 1121 3777 1157 a

2177 1219 2306 1256 vero
2361 1200 2538 1254 abfuit
2591 1199 2672 1253 vir
2716 1206 2833 1252 tam
2870 1196 3178 1271 perspicax,
3223 1194 3322 1249 sed
3361 1210 3492 1248 eum
3535 1192 3777 1247 notioris

2177 1289 2530 1344 Domnizonis
2560 1304 2763 1342 nomen
2793 1303 2828 1340 a
2858 1302 2987 1340 vero
3016 1284 3306 1349 abstraxit,
3333 1299 3499 1354 quem
3537 1288 3778 1338 noverat

2176 1379 2432 1434 Mathildi
2453 1378 2656 1432 librum
2681 1391 3052 1446 nuncupasse,
3071 1379 3448 1444 utreponeret
3471 1388 3517 1425 ε(
3537 1388 3610 1426 an
3631 1370 3778 1426 forte

2181 1467 2385 1533 Donizi,
2410 1484 2507 1522 seu
2537 1465 2897 1522 Domnizonis
2926 1465 2949 1516 ἰ)
2984 1483 3011 1514 »

2249 1556 2365 1611 Sub
2395 1555 2639 1610 Henrico
2666 1554 2743 1609 IV
2774 1553 3064 1607 historiam
3093 1550 3462 1605 Hildebrandi
3487 1554 3555 1619 (ι.
3583 1567 3632 1603 c.
3667 1549 3772 1602 col.

2177 1645 2298 1705 2‘22)
2331 1645 2532 1717 prioris
2562 1643 2951 1700 Cluniacensis
2982 1646 3174 1713 postea
3206 1639 3487 1712 pontiﬁcis
3519 1637 3776 1708 Gregorii

498 1748 719 1798 eorum,
761 1749 1000 1803 quorum
1032 1732 1238 1803 scripta
1263 1739 1382 1803 tum
1413 1734 1621 1804 passim
1647 1736 1959 1801 exstabant,
1997 1755 2090 1792 co-
2115 1721 2302 1800 BVII,
2345 1733 2822 1805 archiepiscopum
2867 1731 3271 1786 Ebroniensem
3318 1728 3582 1782 Simoniae
3630 1727 3776 1780 miro

499 1820 613 1892 pia,
640 1820 802 1876 facile
829 1837 1044 1882 eorum,
1076 1839 1315 1892 quorum
1336 1830 1457 1877 tum
1487 1829 1546 1877 et
1572 1824 1721 1878 fama
1750 1829 1806 1878 et
1833 1826 2092 1880 lucubra-

500 1909 684 1964 tiones
720 1910 836 1964 alta
889 1910 1127 1981 caligine
1183 1916 1242 1966 et
1278 1911 1390 1966 situ
1429 1912 1848 1983 premebantur,
1889 1914 2092 1970 oblivio

498 1997 764 2070 obrepsit.

569 2080 692 2144 Non
728 2093 919 2143 tamen
951 2088 1249 2144 Bonizonis
1279 2091 1511 2162 ejusque
1541 2109 1776 2162 operum
1818 2094 2093 2148 memoria

493 2177 576 2231 ita
603 2177 832 2232 omnino
862 2178 1196 2244 exoleverat,
1212 2184 1276 2232 ut
1296 2180 1510 2234 nullum
1543 2182 1767 2250 penitus
1798 2182 2090 2252 vestigium

496 2271 742 2320 exstaret
772 2285 783 2319 :
819 2283 950 2320 nam
989 2273 1046 2320 et
1086 2283 1403 2336 anonymus
1431 2269 1782 2336 Mellicensis,
1827 2271 2091 2324 Bonizoni

495 2361 690 2408 nostro
747 2355 1116 2424 synchronus,
1163 2372 1196 2409 a
1255 2341 1542 2410 Bernardo
1581 2357 1742 2412 Pezio
1797 2359 1854 2412 in
1906 2360 2088 2413 lucem

496 2448 837 2513 protractus,
869 2443 988 2511 ejus
1019 2443 1360 2497 mentionem
1411 2445 1548 2498 facit
1583 2443 1698 2511 ('20)
1734 2447 1822 2499 his
1854 2446 2032 2500 verbis
2076 2466 2088 2500 :

499 2550 522 2583 ε
561 2532 766 2586 Ponizo
815 2531 1121 2586 Sutriensis
1151 2531 1441 2603 presbyter
1470 2534 1704 2605 Septimi
1743 2536 2092 2606 temporibus

500 2620 695 2674 scribit
723 2627 982 2691 excerpta
1002 2621 1071 2674 de
1084 2621 1521 2676 canonibuSJEt
1551 2623 1699 2693 quod
1721 2625 2092 2679 Muratorium

468 2709 710 2765 .Rerum
757 2709 1078 2764 Italicarum
1127 2714 1280 2764 tomo
1306 2711 1407 2774 III,
1440 2710 1536 2781 qui
1577 2713 1717 2766 Acta
1757 2712 2092 2768 Pontificum

497 2798 880 2853 Romanorum
910 2803 969 2854 et
996 2798 1154 2852 Vitas
1181 2799 1570 2869 complectitur
1599 2816 1634 2853 a
1664 2801 1892 2854 Nicolao
1916 2803 2087 2856 Arra-

467 2887 677 2956 -gonie
708 2886 772 2944 S.
812 2886 876 2941 R.
905 2887 967 2941 E.
1000 2887 1283 2940 rardinale
1301 2888 1664 2958 conscriptas,
1695 2889 1752 2942 in
1786 2890 1986 2943 Leonis
2016 2891 2092 2945 1X

2175 1831 2508 1894 argumento
2534 1821 2909 1876 convincentis
2937 1825 2994 1874 et
3025 1820 3094 1873 ad
3125 1817 3536 1882 abdicationem
3562 1832 3774 1886 cogen-

2175 1912 2267 1978 tis,
2301 1912 2497 1966 iisdem
2529 1913 2645 1966 fere
2672 1910 2853 1964 verbis
2882 1913 3094 1974 narrat,
3131 1924 3252 1978 quae
3279 1907 3446 1960 hodie
3489 1905 3774 1960 Bonizone

2175 2007 2428 2056 exstante
2459 2001 2718 2071 legimus.
2773 1999 2896 2062 Quo
2946 1999 3066 2052 loco
3116 1995 3486 2052 Riccobaldus
3525 1994 3774 2048 auctoris

2174 2091 2260 2145 sui
2273 2092 2489 2157 nomen:
2523 2106 2634 2144 non
2650 2090 2770 2158 jam
2789 2092 3108 2142 truncatum
3131 2092 3230 2140 aut
3249 2082 3622 2148 deforme,sed
3647 2099 3774 2136 vere

2175 2185 2233 2234 et
2275 2179 2521 2249 genuine
2551 2178 2723 2232 refert
2752 2176 3088 2231 Bonizonem
3114 2175 3380 2228 vocando.
3428 2171 3776 2228 Muratorius

2175 2275 2366 2322 tamen
2395 2267 2534 2322 adeo
2566 2266 2702 2320 nihil
2730 2265 3047 2336 suspicatur
3073 2262 3326 2333 genuini,
3363 2266 3428 2316 ut
3455 2266 3512 2315 et
3539 2260 3631 2315 hic
3658 2261 3774 2314 Do-

2173 2357 2428 2410 nizonem
2462 2353 2844 2426 reponendum
2875 2358 3054 2424 putet.

2246 2445 2538 2500 Bonizonis
2555 2445 2796 2513 denique
2827 2441 3084 2496 meminit
3103 2440 3273 2494 etiam
3299 2438 3578 2494 Martinus
3602 2439 3775 2492 Polo-

2175 2552 2281 2589 nus
2313 2535 2370 2588 in
2401 2533 2696 2599 Chronico,
2719 2533 2826 2586 etsi
2856 2548 2956 2585 nec
2979 2531 3035 2584 in
3058 2529 3320 2584 omnibus
3335 2546 3420 2593 co,
3451 2527 3773 2582 necdicibus

2176 2623 2370 2677 eodem
2421 2622 2605 2680 modo.
2643 2622 2808 2676 Juvat
2855 2636 2921 2674 ea
2951 2620 3019 2673 de
3050 2635 3111 2672 re
3158 2619 3341 2689 ipsum
3372 2617 3570 2672 audire
3601 2617 3772 2670 Lam-

2178 2711 2450 2773 beccium,
2484 2710 2577 2782 qui
2609 2717 2735 2764 octo
2775 2727 2840 2764 ea
2879 2709 2937 2764 in
2975 2726 3034 2762 re
3063 2708 3211 2762 inter
3240 2725 3300 2762 se
3332 2707 3569 2760 contulit
3624 2723 3769 2776 quos

2172 2818 2368 2855 omnes
2399 2799 2834 2871 locupletissima
2862 2799 2959 2852 illa
2983 2804 3040 2852 et
3066 2815 3194 2850 vere
3219 2798 3471 2867 Augusta
3503 2796 3610 2851 lcui
3638 2813 3780 2867 prae-

2173 2889 2305 2959 fuit)
2350 2889 2687 2942 bibliotheca
2729 2887 2996 2958 possidet.
3031 2888 3117 2941 Ita
3145 2891 3336 2940 autem
3381 2885 3516 2938 ille:
3572 2904 3594 2936 c
3636 2883 3771 2940 Haec

495 2975 626 3030 Vita
638 2975 932 3029 manifeste
949 2983 1186 3047 apparet
1205 2976 1496 3034 Nicolaum
1524 2977 2093 3033 Bonizonishistorias
2115 3037 2150 3048 Α
2179 2977 2354 3048 igitur
2382 2982 2516 3032 sunt
2549 2976 2646 3030 illa
2689 2977 2950 3030 chronica
2976 2974 3292 3039 Bonizonis,
3339 2974 3473 3040 sive,
3505 2978 3571 3027 ut
3619 2973 3773 3027 idem

492 3080 608 3136 pre
635 3064 812 3120 oculis
845 3037 1108 3120 habuisse
1133 3079 1145 3113 :
1180 3064 1318 3119 adeo
1349 3081 1462 3119 non
1509 3082 1599 3120 res
1626 3072 1849 3121 tantum
1899 3067 1997 3122 sed
2037 3037 2153 3122 etc
2175 3037 2314 3120 alias
2345 3071 2605 3136 corrupte
2632 3065 2970 3136 appellatur,
3001 3063 3213 3119 Bonisii
3246 3037 3316 3116 de
3340 3037 3514 3133 gestis
3539 3063 3774 3117 Pontiﬁ-

465 3150 662 3224 ,verba
687 3151 859 3219 illius,
907 3168 1010 3207 sua
1060 3152 1193 3206 facit
1219 3158 1296 3224 (p.
1340 3170 1416 3206 m.
1468 3151 1614 3223 277).
1649 3155 1762 3209 Nec
1806 3155 1864 3208 in
1893 3156 2092 3210 Leonis

470 3246 718 3301 tantum
747 3241 844 3296 sed
864 3246 923 3295 et
948 3241 1007 3295 in
1039 3241 1308 3312 Stephani
1339 3243 1434 3309 1X,
1465 3242 1681 3296 Nicolai
1701 3244 1751 3299 ΙΙ
1773 3250 1831 3298 et
1851 3245 2093 3299 Alexan-

493 3327 638 3384 driII
653 3329 832 3399 gestis
850 3330 1024 3384 vitulo
1047 3329 1337 3384 Bonizonis
1354 3337 1582 3385 strenue
1609 3333 1789 3386 aravit
1807 3333 2088 3400 Nicolaus,

495 3417 602 3473 etsi
621 3419 744 3487 ejus
762 3417 988 3472 interim
999 3417 1167 3472 verbo
1185 3435 1296 3472 non
1317 3419 1820 3484 meminerit.Quod
1836 3422 2093 3492 pluribus

466 3507 788 3570 conficere.
816 3523 943 3561 cum
983 3507 1221 3561 conferri
1245 3509 1365 3578 jam
1398 3507 1546 3562 inter
1588 3526 1668 3576 se,
1697 3527 1869 3582 Opera
1898 3518 2092 3566 nostra

491 3595 787 3667 utriusque
815 3595 1024 3667 scripta
1047 3595 1275 3666 possint.
1313 3597 1482 3667 hujus
1506 3598 1611 3652 loci
1645 3616 1810 3669 porro
1833 3617 1942 3654 non
1967 3618 2088 3654 esse

465 3684 732 3738 .videtur.
767 3685 1021 3739 Sufficiat
1047 3685 1246 3739 saltem
1276 3692 1501 3740 notasse
1533 3687 1588 3740 in
1611 3688 1894 3758 specimen
1920 3690 2088 3743 Nico-

493 3774 646 3827 laum
678 3773 734 3827 in
768 3774 880 3827 vita
906 3773 1205 3827 Alexandri
1227 3774 1277 3829 II
1298 3775 1639 3829 mentionem
1681 3777 1863 3830 facere
1890 3777 2088 3832 statuti

492 3879 526 3916 a
568 3861 897 3916 Lombardis
927 3863 1201 3934 episcopis
1231 3863 1503 3918 Guiberto
1535 3865 1824 3919 Parmensi
1857 3874 2086 3920 auctore

467 3951 644 4017 _facti,
674 3957 738 4006 ut
765 3951 992 4006 aliunde
1014 3968 1124 4006 non
1148 3951 1417 4006 deberent
1447 3969 1647 4024 papam
1676 3955 1943 4025 recipere,
1977 3956 2086 4010 nisi

470 4057 560 4106 _ex
583 4041 842 4111 paradiso
867 4041 1194 4112 Italize,quae
1213 4041 1450 4096 totidem
1468 4041 1647 4096 verbis
1667 4044 1816 4114 apud
1833 4049 2088 4100 nostrum

467 4189 474 4193 ,
492 4130 760 4199 leguntur
772 4175 784 4187 .

567 4217 900 4272 Ricobaldus
933 4234 1153 4289 quoque
1200 4219 1592 4285 Ferrariensis,
1627 4221 1929 4274 canonicus
1981 4222 2086 4276 Ra-

493 4322 727 4372 vennas,
757 4306 815 4360 in
850 4307 1095 4360 Historia
1133 4307 1539 4379 imperatorum
1569 4309 2088 4365 Romano-Germa-

2174 3171 2302 3210 cum
2354 3154 2756 3217 Romanorum,
2815 3169 3056 3224 quorum
3107 3151 3382 3207 Martinus
3429 3151 3678 3205 Polonus
3718 3151 3774 3206 in

2175 3244 2422 3298 chronici
2447 3243 2536 3297 sui
2565 3243 2888 3314 praefatione
2915 3241 3170 3296 meminit
3209 3241 3296 3295 his
3324 3239 3506 3294 verbis
3530 3258 3580 3293 ει
3613 3241 3776 3295 Com-

2180 3353 2206 3386 ¢
2237 3333 2401 3404 pilavi
2450 3339 2639 3386 autem
2695 3348 2938 3403 praesens
2983 3331 3312 3402 opusculum
3349 3346 3412 3384 ex
3445 3329 3673 3400 scriptis
3703 3329 3768 3383 Τ.

2180 3443 2201 3474 ε
2236 3422 2396 3488 Livii,
2443 3437 2507 3474 ex
2538 3420 2814 3475 chronicis
2859 3420 3063 3485 Orosii,
3117 3437 3184 3474 ex
3233 3419 3510 3474 chronicis
3538 3419 3771 3473 Damasi

2178 3532 2200 3563 ι
2237 3528 2394 3582 papae
2440 3510 2519 3564 De
2565 3509 2740 3580 gestis
2769 3510 3120 3580 pontificum,
3155 3525 3219 3563 ex
3249 3507 3525 3562 chronicis
3555 3508 3770 3562 Bonisii

2176 3619 2200 3651 ι
2234 3600 2476 3671 episcopi
2499 3599 2713 3654 Sutrini
2736 3599 2814 3654 De
2833 3599 3008 3670 gestis
3027 3599 3376 3669 pontificum,
3397 3615 3463 3652 ex
3476 3599 3770 3652 chronicis

2177 3710 2198 3739 ε
2237 3689 2395 3742 Pauli
2427 3688 2678 3753 Diaconi,
2713 3706 2737 3739 ι
2771 3694 2883 3746 etc.
2925 3689 3011 3742 Ita
3057 3688 3208 3741 enim
3257 3687 3347 3740 hic
3378 3687 3533 3740 locus
3573 3705 3770 3742 revera

2173 3778 2439 3847 legendus
2469 3783 2572 3841 est,
2597 3793 2706 3830 non
2737 3781 2947 3832 autem.
2971 3783 3035 3830 ut
3064 3776 3121 3830 in
3150 3775 3380 3830 Joannis
3396 3776 3631 3846 Oporini
3659 3777 3772 3830 edi-

2169 3866 2322 3919 tione
2355 3865 2662 3919 Basileensi
2714 3881 2864 3920 anno
2925 3864 3076 3929 l559,
3131 3865 3310 3918 in-fol.
3345 3871 3402 3918 et
3447 3864 3505 3918 in
3539 3865 3770 3920 Suffridi

2171 3955 2323 4009 Petri
2352 3955 2595 4009 editione
2619 3955 3028 4026 Antwerpiensi
3069 3955 3424 4009 Plantiniana
3448 3970 3600 4009 anno
3633 3955 3767 4012 15751

2170 4042 2308 4108 in-8,
2341 4060 2632 4115 perperam
2657 4049 2714 4097 et
2729 4044 2994 4098 mendose
3017 4043 3222 4115 legitur
3255 4063 3266 4097 :
3295 4044 3374 4098 De
3400 4043 3578 4114 gestis
3605 4044 3768 4099 Boni-

2169 4132 2239 4186 zii
2269 4132 2512 4204 episcopi
2541 4132 2776 4194 Sutrini,
2805 4132 2880 4186 De
2906 4132 3082 4202 gestis
3111 4132 3462 4203 pontificum.
3493 4133 3676 4197 Quam
3702 4132 3771 4186 ad

2169 4238 2288 4274 rem
2321 4225 2522 4275 merito
2555 4221 3049 4292 reprehendendus
3073 4226 3160 4274 est
3186 4222 3430 4275 Joannes
3460 4221 3770 4283 Fabricius.

2169 4310 2499 4379 cognomine
2523 4310 2728 4376 Caesar,
2751 4311 2846 4380 qui
2863 4310 2920 4363 in
2944 4309 3194 4364 editione
3216 4327 3320 4364 sua
3340 4311 3593 4380 ejusdem
3613 4311 3771 4366 chro-

472 4395 748 4457 nicorum
777 4395 1024 4450 aCarolo
1055 4396 1311 4467 M.usque
1341 4397 1410 4451 ad
1429 4413 1640 4451 annum
1661 4397 1802 4454 1298
1815 4395 2150 4470 productaD
2169 4399 2277 4453 nici
2306 4399 2533 4453 coloniae
2564 4399 2886 4470 Agrippina:
2916 4399 3066 4470 typis
3097 4399 3336 4453 Gerardi
3366 4399 3770 4455 Grevenbruch

491 4484 642 4555 apud
672 4484 962 4539 laudatum
991 4486 1362 4540 Muratorium
1415 4492 1473 4547 lt.
1528 4487 1603 4540 1X
1631 4488 1751 4541 Iter.
1785 4488 1953 4560 Ital.)
1991 4490 2086 4559 qui

474 4589 619 4647 eam
649 4573 865 4644 pridem
897 4589 930 4627 a
962 4573 1104 4628 νει.
1129 4581 1187 4628 et
1213 4575 1426 4628 Joanne
1450 4574 1689 4644 Georgio
1716 4577 1958 4632 Eccardo
1973 4578 2088 4632 edi-

491 4670 611 4718 tam
618 4678 746 4732 ,ope
759 4662 962 4718 codicis
981 4663 1230 4717 Estensis
1252 4664 1547 4734 purgatius
1561 4664 1960 4736 etlocupletius
1994 4684 2086 4721 re-

477 4750 626 4808 .cudi
655 4749 804 4819 fecit,
825 4751 883 4805 in
909 4751 1152 4806 Henrico
1171 4750 1224 4805 Il
1239 4751 1636 4822 imp.qu2edam
1655 4770 1685 4807 e
1704 4753 1983 4809 Bonizone
2001 4755 2086 4809 af-

491 4841 745 4911 fert(col.
771 4839 909 4905 121).
931 4857 1033 4895 nec
1063 4841 1167 4894 nisi
1191 4840 1247 4894 in
1277 4841 1396 4893 solo
1421 4841 1646 4895 nomine
1665 4841 1873 4898 titubat
1888 4845 2088 4899 Deoni-

491 4935 615 4986 tum
627 4929 981 5002 appellando.
993 4946 1020 4982 α
1037 4927 1246 4983 Inlibro
1257 4934 1446 4983 tamen
1461 4929 1911 5002 Deoniti,inquit,
1921 4951 2088 5004 quem

493 5019 653 5074 misit
677 5018 748 5072 ad
777 5017 1118 5072 comitissam
1167 5017 1516 5083 Mathildam,
1549 5018 1754 5074 dicitur
1782 5023 1930 5092 quod
1960 5039 2087 5076 cum

492 5109 675 5164 dictus
697 5105 1079 5178 presbyter(de
1092 5105 1362 5160 Gratiano
1386 5123 1452 5178 pa
1458 5115 1621 5178 patus
1637 5116 1888 5180 emptore
1903 5126 2088 5164 sermo

495 5202 602 5267 est)
635 5196 995 5268 simplicitate
1015 5195 1217 5249 ductus
1240 5196 1626 5266 pontiﬁcatum
1664 5197 1770 5251 sibi
1796 5215 1898 5269 per
1926 5215 2090 5268 pecu-

492 5288 646 5342 niam
670 5285 1074 5357 acquisivisset,
1108 5291 1172 5339 ut
1191 5285 1478 5339 schismati
1509 5285 1777 5351 obviaret,
1812 5287 1931 5357 ipse
1961 5304 2089 5341 mox

469 5472 507 5500 ρ
571 5428 677 5500 (‘20)
709 5429 844 5500 Cap.
879 5426 997 5500 H2.
1028 5445 1082 5500 p.
1109 5445 1183 5482 m.
1217 5425 1340 5493 489,
1374 5427 1445 5481 ad
1473 5427 1682 5483 calcem
1713 5427 1964 5498 ejusdem
1993 5428 2086 5484 Bi-

495 5499 800 5554 bliotheca!
812 5499 1462 5555 Benedicto«Mauriane.

563 5567 682 5637 (Ἃ)
721 5570 789 5624 In
810 5570 1038 5625 dissert.
1069 5571 1144 5625 de
1160 5571 1284 5628 cod.
1331 5587 1438 5630 me.
1468 5569 1838 5626 Ambrasiauo
1889 5588 2080 5626 uuv.

2168 4504 2316 4542 anno
2349 4485 2484 4543 1616
2505 4487 2690 4540 in-fol.
2719 4503 2941 4552 excusa,
2975 4487 3142 4540 verba
3172 4487 3513 4558 praefationis
3538 4487 3769 4542 Martini

2168 4576 2384 4642 Poloni,
2403 4575 2606 4648 quibus
2636 4577 3028 4630 chronicorum
3061 4575 3292 4641 Bonisii,
3324 4576 3438 4630 sive
3472 4577 3770 4631 Bonizonis

2169 4667 2248 4720 De
2265 4667 2439 4735 gestis
2471 4667 2795 4736 pontificum
2813 4665 3196 4720 Romanorum
3228 4665 3362 4719 facit
3391 4667 3767 4734 mentionem,

2171 4755 2400 4809 omnino
2427 4755 2649 4822 omisit;
2717 4771 2920 4825 nempe
2956 4753 3104 4808 haud
3136 4754 3248 4807 alia
3277 4754 3346 4808 de
3373 4769 3564 4819 causa,
3599 4771 3769 4825 quam

2168 4844 2434 4914 quoniam
2464 4844 2570 4915 ipsi
2593 4843 2847 4898 Bonizius
2878 4844 2983 4898 iste
3013 4843 3127 4897 sive
3147 4843 3374 4910 Bonizo,
3406 4859 3638 4914 prorsus
3666 4843 3771 4898 fuit

2170 4931 2487 5003 incognitus
2521 4932 2824 5002 (21).»Hzec
2843 4931 3222 5000 Lambeccius,
3253 4932 3348 5003 qui
3367 4931 3563 4986 eodem
3590 4931 3686 4985 lib.
3709 4945 3765 4996 II,

2170 5038 2273 5092 cap
2297 5019 2332 5078 8
2359 5021 2463 5088 ('22)
2484 5022 2694 5075 variam
2716 5028 3154 5076 memoratorum
3171 5021 3295 5074 cod.
3335 5037 3444 5075 ms.
3464 5021 3766 5075 lectionem

2173 5110 2322 5164 hisce
2351 5110 2560 5164 indicat
2584 5110 2765 5164 verbis
2799 5128 2812 5164 :
2840 5130 2861 5161 ι
2898 5110 3290 5164 Necessarium
3317 5109 3578 5163 arbitror.
3601 5117 3663 5163 ut
3680 5109 3765 5162 hic

2170 5199 2447 5254 corollarii
2477 5199 2656 5253 instar
2687 5199 2890 5252 addam
2911 5199 3190 5269 quomodo
3218 5198 3364 5251 idem
3396 5199 3554 5251 locus
3585 5215 3646 5252 se
3669 5199 3762 5251 ha-

2170 5288 2298 5342 beat
2328 5289 2385 5344 in
2414 5294 2536 5343 octo
2567 5305 2736 5360 supra
2765 5288 3092 5342 memoratis
3141 5287 3264 5341 cod.
3299 5303 3405 5341 ms.
3438 5288 3585 5356 Aug.
3620 5286 3756 5341 Bibl.

2240 5430 2347 5502 122)
2367 5432 2431 5486 In
2461 5447 2673 5486 recens.
2705 5429 2827 5485 cod.
2851 5446 3035 5502 iccuv,
3075 5430 3134 5484 in
3162 5434 3382 5502 quarto
3411 5429 3635 5502 majori,
3666 5429 3757 5500 qui

2169 5499 2401 5560 Martini
2430 5502 2625 5559 Poloni
2655 5501 2997 5560 Chronicum
3025 5499 3294 5568 continet,
3325 5518 3383 5574 p.
3408 5499 3514 5558 8'72
3541 5517 3661 5573 seq.
