3920 6354
76 329 185 384 793

1097 325 1188 382 DE
1229 324 1401 386 ἾΙΤΔ
1438 325 1529 387 ET
1566 328 1890 386 SCRIPTIS
1931 326 2334 388 BONlZONIS.

3261 330 3366 388 794

71 455 220 510 Cass.
248 452 315 509 In
341 452 524 526 primo
543 451 716 524 igitur
734 455 793 506 et
815 447 1060 506 secundo
1083 449 1310 508 illorum
1334 454 1457 510 cod.
1486 454 1755 525 legiturA
1773 474 1797 506 ι
1831 460 2026 527 potero
2060 456 2364 525 ruminare,
2403 456 2673 515 fratribus
2700 456 3081 531 indigentibus
3116 457 3361 522 libenter

73 545 179 598 hoc
214 543 386 597 modo
418 561 431 592 :
467 561 494 594 α
527 543 669 598 Item
699 557 764 594 ex
794 539 1070 594 chronicis
1109 541 1296 596 Coniti
1327 543 1542 598 Sutrini
1575 544 1691 615 epi-

73 631 231 702 scopi
257 632 340 686 De
363 631 542 703 gestis
559 630 886 702 pontiﬁcum
909 634 967 682 et
986 628 1412 700 imperatorum.
1437 633 1499 688 In
1524 632 1691 688 tertio

74 722 291 790 legitur
331 739 344 774 :
401 740 424 771 ε
484 720 628 775 Item
678 735 745 772 ex
799 716 1078 772 chronicis
1135 718 1352 785 Bobini,
1403 742 1420 768 ο
1466 726 1580 780 etc.
1627 722 1690 776 In

76 814 286 879 quarto
326 808 575 879 legitur:
616 827 636 859 ο
683 808 824 862 Item
868 809 944 861 De
981 807 1156 876 gestis
1195 807 1407 862 Bonisii
1447 810 1692 881 episcopi

78 896 304 950 Sutrini
336 897 416 950 De
445 896 620 966 gestis
663 895 1011 966 pontiﬁcum.
1047 913 1074 947 ι)
1106 896 1169 950 In
1198 913 1248 952 v.
1282 914 1354 964 Vl,
1390 911 1464 952 vu
1502 903 1559 952 et
1593 913 1689 953 vm

79 987 330 1056 legitur:
364 1003 390 1037 α
422 985 563 1040 Item
592 1001 657 1038 ex
681 983 957 1037 chronicis
991 981 1182 1041 Bobini
1203 984 1418 1040 Sutrini
1443 987 1689 1060 episcopi

80 1076 162 1129 De
182 1073 367 1144 gestis
396 1080 792 1143 utrorumque.
827 1091 852 1124 »

152 1165 345 1233 Atque
374 1162 490 1216 haec
521 1167 654 1215 sunt
683 1177 804 1231 qua:
833 1161 902 1214 de
933 1161 1206 1216 Bonizone
1236 1180 1338 1233 pro
1370 1165 1690 1235 argumenti

83 1257 141 1305 et
187 1250 527 1305 eruditionis
574 1250 754 1320 copia,
795 1250 907 1303 sive
955 1250 1145 1322 inopia
1189 1251 1396 1322 potius,
1429 1254 1692 1324 colligere

81 1339 270 1410 potui.
289 1341 371 1394 De
393 1355 502 1410 quo
521 1355 646 1392 vere
669 1354 922 1392 asserere
943 1355 1241 1409 possumus
1261 1341 1408 1411 quod
1424 1341 1492 1396 de
1515 1343 1689 1397 Servii

83 1427 318 1497 Sulpitii
357 1426 651 1490 nobilitate
686 1426 877 1480 Cicero
899 1429 1029 1493 (Pro
1061 1429 1356 1498 Muraena),
1381 1450 1402 1480 ι
1439 1447 1563 1485 eam
1588 1431 1692 1486 ho-

84 1515 336 1570 minibus
359 1514 626 1569 litteratis
646 1521 702 1569 et
723 1514 1004 1568 historicis
1025 1516 1300 1571 notiorem
1323 1536 1464 1584 esse,
1484 1521 1688 1590 populo

81 1622 215 1659 vero
247 1610 307 1658 et
334 1603 802 1674 suffragatoribus
829 1602 1230 1659 obscuriorem.
1259 1629 1278 1653 ι
1309 1607 1467 1670 Quod
1497 1625 1688 1679 super-

81 1699 184 1758 est,
215 1693 288 1747 ad
321 1691 533 1764 ingenii
564 1693 686 1761 ejus
717 1697 1082 1746 monumenta
1119 1694 1381 1764 pertinet,
1424 1713 1547 1766 quae
1578 1697 1688 1752 sino

77 1784 214 1854 gula
245 1781 444 1837 ordine
468 1781 834 1836 recensenda.

497 1903 928 1960 CATALOGUS
968 1904 1284 1960 OPERUM.

85 2033 331 2101 Epitome
351 2032 604 2084 omnium
626 2046 852 2098 operum
881 2034 930 2082 et
962 2032 1365 2083 sententiarum
1390 2031 1446 2085 S.
1475 2029 1688 2098 Augus-

155 2105 270 2156 tini
286 2103 589 2156 Paradisus
610 2103 1060 2168 Augustinianus
1075 2102 1344 2170 inscripta
1361 2106 1408 2155 et
1431 2104 1493 2154 in
1516 2103 1685 2155 libros

146 2179 264 2228 octo
287 2174 488 2226 divisa.

144 2270 372 2326 Primus
387 2269 640 2324 omnium
663 2269 832 2339 hujus
848 2269 1035 2340 operis
1056 2269 1312 2323 notitiam
1331 2269 1480 2324 eruit
1495 2269 1683 2324 belluo

79 2360 168 2414 ille
184 2359 461 2413 librorum
486 2358 980 2430 (quemadmodum
999 2358 1138 2411 Cato
1155 2358 1426 2428 appellari
1448 2359 1684 2424 solebat)

81 2449 282 2502 Petrus
328 2447 707 2506 Lambeccius,
740 2446 1088 2500 bibliothecae
1119 2448 1385 2517 Augustae
1415 2448 1682 2502 Caesarea:

83 2535 531 2591 Vindobonensis
550 2541 843 2608 praetectus
860 2535 1024 2605 longe
1058 2536 1454 2605 dignissimus;
1483 2537 1528 2590 is
1553 2555 1683 2592 eum

85 2642 195 2679 una
214 2641 344 2679 cum
369 2625 492 2677 aliis
510 2623 794 2678 codicibus
814 2623 1048 2676 vetustis
1071 2623 1323 2678 Caesareo
1348 2625 1509 2694 jussu
1535 2642 1683 2680 anno

85 2713 272 2768 saeculi
320 2713 628 2783 superioris
665 2711 1012 2781 sexagesimo
1042 2711 1240 2781 quinto
1277 2729 1342 2766 ex
1382 2729 1509 2766 arce
1547 2715 1683 2769 Am-

85 2802 348 2857 brasiana
384 2802 441 2855 in
479 2801 790 2856 Cmsaream
829 2799 1223 2854 bibliothecam
1267 2817 1302 2854 a
1338 2817 1398 2855 se
1435 2803 1683 2856 transla-

83 2898 224 2958 tum,
257 2890 403 2945 libro
427 2890 673 2944 secundo
693 2889 1240 2944 Commentariorum
1266 2905 1518 2956 suorum,
1544 2908 1684 2961 quos

86 2981 152 3034 de
191 2979 392 3035 eadem
437 2978 909 3049 locupletissimos
953 2977 1057 3031 etsi
1101 2977 1172 3031 ad
1220 2978 1390 3032 ﬁnem
1422 2995 1535 3033 non
1564 2997 1686 3051 per-

88 3070 284 3124 ductos
328 3067 570 3139 posteris
597 3066 920 3137 reliquerat.
953 3065 1255 3135 diligenter
1284 3072 1340 3120 et
1374 3073 1564 3122 exacte
1595 3085 1686 3122 re-

90 3157 324 3212 censuit.

155 3245 352 3300 Exstat
393 3260 536 3316 opus
575 3244 634 3298 in
674 3243 796 3298 cod.
839 3257 1035 3299 Lxxxv,
1080 3244 1392 3309 chartaceo,
1438 3245 1683 3313 in-folio,

90 3334 401 3405 conscripto
441 3348 590 3387 anno
625 3331 778 3389 M39.
827 3331 1266 3404 Nuncupaverat
1300 3333 1437 3388 illud
1482 3335 1686 3388 Bonizo

89 3423 287 3478 Joanni
307 3421 519 3488 abbati,
543 3439 710 3493 quem
739 3421 897 3476 illum
927 3422 1163 3476 scientia
1189 3422 1416 3493 pietate,
1445 3429 1502 3477 et
1523 3424 1688 3477 Chri-

89 3513 270 3566 stiana
281 3510 1228 3566 mansuetudinecelebratissimum
1240 3512 1688 3566 JoannemGual-

91 3600 231 3656 berti
257 3601 427 3654 Vallis
448 3600 735 3654 Umbrosze
755 3600 1110 3654 fundatorem
1133 3600 1306 3654 fuisse
1326 3601 1476 3655 inter
1495 3602 1687 3655 doctos

92 3691 300 3745 dudum
340 3695 577 3743 constat.
613 3689 918 3759 Epistolam
951 3689 1106 3742 illam
1148 3689 1297 3743 notis
1343 3690 1459 3744 suis
1501 3708 1690 3745 recon-

93 3779 217 3833 ditae
262 3777 598 3832 eruditionis
641 3777 981 3832 illustratam
1011 3778 1292 3847 integram
1338 3779 1454 3832 fere
1491 3779 1690 3834 inserit

94 3866 520 3923 Commentariis
567 3867 686 3920 suis
731 3866 1117 3930 Lambeccius,
1151 3866 1298 3936 quod
1328 3867 1384 3920 in
1421 3884 1488 3922 ea
1514 3869 1690 3922 .insti-

92 3963 272 4012 tutum
322 3961 834 4026 argumentumque
884 3955 1070 4026 operis
1120 3955 1288 4026 plane
1336 3962 1394 4009 et
1449 3957 1689 4012 dilucide

93 4046 479 4117 explicaretur.
507 4043 648 4098 Eam
681 4044 786 4098 hoc
813 4050 1084 4116 tanquam
1111 4062 1238 4100 vere
1271 4062 1374 4100 suo
1403 4045 1524 4100 loco
1552 4047 1684 4118 legi,

94 4135 180 4189 ubi
217 4135 286 4189 de
344 4133 640 4188 Bonizonis
695 4132 862 4188 rebus
917 4150 982 4186 ex
1037 4133 1298 4188 instituto
1335 4134 1544 4204 agitur,
1583 4153 1687 4190 nec

93 4222 540 4294 intempestivum
585 4237 689 4276 nec
719 4221 1020 4277 molestum
1057 4222 1278 4277 erudito
1314 4223 1510 4278 lectori
1540 4224 1687 4278 vide-

94 4309 234 4367 bitur
253 4310 392 4382 ('23).

140 4457 336 4510 Bonizo
367 4457 428 4508 in
458 4453 685 4521 familia
705 4453 806 4507 Dei
835 4455 1112 4506 minimus
1141 4455 1352 4508 Joanni
1379 4471 1632 4508 reveren-

513 4525 740 4578 dissimo
768 4526 956 4578 abbati
996 4527 1250 4578 salutem.

162 4661 183 4692 ι
223 4639 520 4695 Dominica
559 4655 689 4694 voce
727 4655 856 4692 reus
899 4639 1108 4709 agitur,
1141 4639 1237 4709 qui
1274 4639 1551 4694 talentum
1582 4641 1688 4695 sibi

101 4748 123 4781 ι
151 4730 421 4783 creditum
453 4727 650 4782 maluit
679 4728 852 4782 humo
880 4733 1070 4798 tegere
1102 4744 1270 4798 quam
1291 4729 1688 4783 nummulariis

101 4837 122 4868 ε
152 4819 216 4872 ad
270 4833 527 4872 mensam
575 4817 953 4880 commodare,
999 4817 1158 4886 cujus
1194 4817 1426 4871 admissi
1464 4819 1686 4888 culpam

105 4925 126 4959 α
155 4906 382 4961 sollicite
411 4905 588 4960 vitare
610 4905 956 4970 desiderans,
983 4905 1308 4971 deliberavi,
1335 4907 1436 4961 Dei
1456 4907 1690 4977 juvante

106 5016 125 5045 ι
151 4995 348 5066 gratia,
381 4995 632 5065 quandiu
675 4994 907 5066 spiritus
939 4994 1122 5048 vitalis
1171 5012 1325 5049 meos
1353 4996 1694 5065 vegetaverit

105 5105 120 5133 ο
152 5091 323 5150 artus,
354 5083 629 5154 quidquid
661 5083 858 5137 auditu
901 5083 1086 5137 cordis
1128 5090 1184 5137 et
1227 5084 1476 5155 corporis
1508 5085 1689 5154 perci-

107 5191 128 5224 ι
156 5190 301 5244 pere,
326 5172 616 5226 intellectu
639 5172 973 5238 discernere,
1001 5172 1272 5244 quidquid
1297 5173 1484 5244 palato
1506 5173 1689 5227 cordis

170 5313 525 5386 (‘23)7Retulit
553 5319 686 5368 ante
711 5331 814 5368 nos
846 5314 1100 5369 Oudinus
1129 5319 1173 5386 t.
1205 5315 1276 5370 II.
1305 5315 1686 5370 Commentar.

111 5385 178 5440 De
199 5385 458 5457 scriptor.
490 5386 796 5457 ecclesiast.
826 5387 932 5440 col.
967 5404 1042 5440 m.
1081 5385 1203 5452 739,
1236 5403 1354 5456 seq.

169 5456 274 5525 (24)
312 5455 558 5527 ‘Deihoc
603 5456 889 5527 Tychonio
938 5457 1166 5511 natione
1196 5455 1429 5527 Atroiad
1462 5455 1692 5512 Genna-

114 5527 249 5600 dium
275 5527 377 5600 lib.
407 5526 493 5600 De
518 5526 883 5600 scriptoribus
911 5528 1130 5600 eccles.,
1153 5544 1276 5600 cap.
1309 5526 1391 5600 18,
1421 5533 1480 5583 et
1505 5537 1693 5600 aucto-

115 5614 194 5653 res
215 5598 421 5654 ibidem
449 5598 650 5654 citatos
675 5598 736 5654 in
760 5599 993 5657 Auberti
1013 5599 1189 5654 Mimi
1213 5598 1438 5655 Scholia
1454 5599 1691 5658 remittit

1778 565 1799 596 α
1836 546 2274 606 communicare.
2321 550 2552 621 Suscipe
2589 549 2783 620 igitur.
2823 549 2993 604 Pater
3025 549 3358 609 venerande.

1775 654 1802 689 α
1834 637 2161 705 Excerptum
2190 641 2598 692 sententiarum
2626 641 2857 705 miriﬁci
2887 640 3120 692 doctoris
3140 637 3362 705 Augus-

1776 744 1799 776 ¢
1837 725 1965 789 tini,
2001 727 2104 781 tibi
2148 727 2412 782 sudatum
2456 733 2514 782 et
2551 745 2653 800 per
2695 744 2906 782 annum
2937 727 3023 780 vix
3051 727 3120 781 ad
3152 727 3363 782 calcem

1773 833 1800 867 ι
1833 814 2182 886 perductum,
2213 817 2362 887 quod
2392 823 2516 870 octo
2544 816 2920 870 voluminibus
2943 815 3183 870 divisum
3212 831 3248 869 a
3272 831 3364 868 me

1775 925 1799 960 ι
1832 906 2094 960 Parad-isi
2133 906 2359 961 nomine
2397 911 2484 962 est
2522 905 2868 973 decoratum,
2909 910 2967 960 et
3001 919 3115 959 non
3160 903 3363 959 imme-

1777 1016 1797 1048 ι
1834 996 1964 1058 rito,
2003 1019 2022 1043 η
2056 1002 2162 1050 etc.

1844 1085 2033 1139 Refert
2080 1089 2276 1156 postea
2319 1084 2680 1140 Lambeccius
2725 1101 2847 1155 quae
2903 1084 2973 1138 de
3011 1082 3361 1154 singulorum

1772 1174 2043 1228 librorum
2076 1180 2409 1244 argumento
2445 1173 2592 1228 circa
2633 1175 2800 1228 ﬁnem
2833 1173 3084 1244 ejusdem
3113 1172 3362 1243 epistolae

1773 1281 1886 1318 sum
1919 1269 2194 1318 memorat
2231 1264 2456 1328 Bonizo,
2490 1285 2515 1311 α
2549 1263 2850 1333 Accingere
2879 1263 3069 1332 itaque
3097 1277 3356 1332 pergens,

1777 1371 1803 1404 «
1839 1352 2008 1406 Pater
2032 1351 2360 1406 charissime
2391 1357 2448 1405 et
2467 1350 2814 1406 admirabilis
2841 1350 3084 1406 doctoris
3111 1355 3363 1404 scrutare

1777 1459 1804 1493 ι
1835 1442 2162 1503 sententias,
2191 1447 2248 1495 et
2279 1441 2410 1512 quid
2432 1441 2506 1495 sit
2524 1441 2694 1506 Deus,
2718 1446 2775 1494 et
2792 1440 2926 1513 quid
2952 1455 3064 1494 non
3092 1439 3166 1495 sit
3188 1438 3358 1506 Deus,

1776 1551 1799 1582 α
1833 1538 1890 1586 et
1918 1531 2053 1601 quid
2083 1531 2158 1584 sit
2183 1531 2447 1595 Trinitas,
2475 1529 2676 1601 quidve
2705 1529 2892 1583 unitas
2919 1527 3110 1583 subtili
3134 1528 3363 1598 indaga-

1775 1638 1799 1670 «
1833 1619 1987 1674 tione
2015 1619 2324 1681 considera,
2357 1623 2415 1673 et
2450 1619 2519 1674 de
2559 1618 2884 1673 diversitate
2909 1633 3275 1688 personarum
3305 1621 3363 1671 et

1775 1725 1802 1762 α
1833 1709 1902 1763 de
1935 1709 2378 1780 uniuscujusque
2401 1725 2652 1780 personae
2681 1706 3025 1778 proprietate
3056 1711 3114 1760 et
3140 1705 3210 1760 de
3231 1705 3361 1760 mis-

1777 1819 1800 1849 ι
1832 1799 1990 1852 sione
2027 1798 2154 1852 Filii
2186 1803 2243 1852 et
2278 1799 2348 1852 de
2377 1799 2730 1870 processione
2757 1798 2815 1852 S.
2849 1796 3112 1868 Spiritus,
3145 1800 3203 1849 et
3229 1810 3364 1866 qua-

1776 1904 1801 1937 (ι
1832 1886 1964 1940 liter
1989 1903 2164 1940 unum
2194 1885 2306 1940 tria
2331 1886 2420 1951 sit,
2451 1892 2508 1940 et
2535 1886 2778 1956 qualiter
2807 1883 2918 1938 tria
2939 1900 3115 1937 unum
3141 1883 3274 1948 sint,
3305 1888 3362 1937 et

1775 1994 1800 2028 a
1833 1976 1902 2030 de
1930 1975 2118 2030 divina
2145 1975 2495 2046 providentia
2530 1975 2584 2028 in
2617 1974 2800 2045 primo
2837 1975 2960 2043 lege
2993 1978 3050 2027 et
3088 1971 3360 2041 investiga

1775 2083 1800 2118 «
1834 2064 2087 2118 viriliter.
2128 2062 2192 2118 In
2223 2064 2466 2118 secundo
2505 2080 2633 2118 vero
2670 2061 2953 2117 volumine
2991 2062 3060 2116 de
3098 2058 3361 2114 rationali

1769 2172 1795 2207 α
1828 2170 2014 2224 quaere
2059 2159 2319 2208 creatura
2357 2159 2415 2207 et
2463 2151 2706 2223 qualiter
2753 2151 3009 2222 angelica
3058 2154 3248 2204 creata
3285 2148 3360 2204 sit

1769 2263 1793 2294 ‹‹
1827 2248 2086 2298 creatura
2107 2243 2414 2314 qualiterve
2439 2243 2702 2298 humana.
2719 2247 2778 2295 et
2794 2257 2896 2295 cur
2910 2241 3058 2295 Deus
3073 2237 3358 2293 diabolum

1770 2351 1795 2382 (ί
1827 2333 2118 2398 creaverit,
2151 2349 2318 2402 quem
2361 2331 2666 2401 prescierat
2692 2335 3070 2401 peccaturum,
3105 2344 3206 2382 cur
3228 2343 3359 2382 vero

1769 2439 1795 2470 «
1827 2420 2135 2487 hominem,
2164 2427 2220 2474 et
2241 2420 2310 2474 de
2337 2420 2514 2474 libero
2539 2418 2770 2474 arbitrio
2793 2424 2850 2472 et
2877 2418 2946 2472 de
2969 2418 3154 2488 gratia
3174 2431 3360 2488 quaere

1769 2527 1795 2560 «
1828 2509 2129 2578 diligenter
2156 2515 2213 2563 et
2257 2508 2530 2565 invenies.
2572 2509 2632 2562 In
2673 2507 2840 2561 tertio
2875 2523 3005 2561 vero
3047 2507 3116 2560 de
3146 2505 3360 2576 origine

1769 2617 1794 2649 α
1825 2598 1960 2652 Adae
1985 2603 2040 2651 et
2080 2598 2149 2652 de
2188 2598 2401 2652 Pascha
2429 2605 2485 2652 et
2523 2598 2592 2651 de
2623 2597 2886 2668 baptismi
2917 2597 3279 2650 Sacramenta
3307 2599 3366 2648 et

1770 2705 1793 2739 ι
1827 2687 1896 2740 de
1911 2687 2159 2757 corporis
2182 2693 2239 2740 et
2262 2687 2551 2757 sanguinis
2584 2687 2804 2740 Domini
2839 2685 3179 2739 eucharistia
3208 2691 3264 2739 et
3291 2685 3362 2738 de

1768 2796 1798 2830 ι
1826 2776 2101 2830 charitate
2143 2783 2396 2830 scrutare
2430 2775 2680 2830 viriliter.
2729 2776 2794 2829 In
2839 2781 3040 2846 quarto
3085 2790 3214 2828 vero
3262 2790 3363 2827 cur

1771 2882 1794 2916 α
1828 2863 2148 2920 adorandus
2173 2864 2249 2918 sit
2277 2865 2445 2926 Deus,
2477 2881 2602 2918 cum
2643 2864 2783 2918 sciat
2812 2863 2944 2934 quid
2975 2862 3134 2916 nobis
3159 2861 3234 2916 sit
3263 2877 3362 2916 ne—

1771 2971 1796 3004 «
1828 2953 2152 3018 cessarium,
2199 2959 2256 3007 et
2283 2953 2353 3006 de
2381 2958 2594 3022 septem
2624 2951 3005 3022 petitionibus,
3037 2956 3094 3005 et
3121 2951 3190 3004 de
3234 2949 3364 3004 dili-

1702 3039 1746 3098 C
1775 3061 1797 3092 ι
1827 3043 2012 3112 gendo
2036 3043 2172 3108 Deo,
2201 3049 2258 3094 et
2277 3042 2347 3094 de
2371 3042 2494 3112 lege
2519 3041 2785 3104 naturali,
2809 3047 2864 3094 et
2888 3041 3034 3112 quod
3063 3041 3263 3095 melius
3293 3039 3366 3094 sit

1771 3149 1798 3185 α
1828 3130 1899 3184 ab
1927 3131 2155 3184 homine
2194 3146 2363 3202 quam
2392 3147 2427 3184 a
2456 3130 2587 3184 vitio
2613 3129 2778 3199 vinci,
2809 3134 2866 3184 et
2893 3129 2963 3182 de
2991 3129 3365 3201 adipiscendis

1773 3240 1796 3272 ι
1829 3219 2131 3273 virtutibus
2178 3226 2235 3272 et
2273 3219 2343 3272 de
2387 3218 2645 3272 cavendis
2683 3217 2854 3285 vitiis,
2883 3224 2942 3272 et
2981 3218 3052 3272 de
3098 3217 3366 3288 fugiendo

1771 3326 1802 3359 α
1830 3307 2140 3371 mendacio,
2183 3313 2240 3361 et
2275 3308 2344 3361 de
2392 3311 2515 3360 octo
2554 3306 2855 3376 generibus
2883 3305 3158 3376 ejusdem,
3205 3311 3264 3361 et
3299 3306 3369 3361 de

1773 3416 1796 3448 ι
1831 3395 2205 3468 percipiendis
2232 3396 2534 3461 alimentis,
2558 3400 2616 3450 et
2643 3395 2912 3450 adversus
2941 3395 3368 3450 mathematicos

1774 3504 1798 3537 «
1839 3492 1895 3539 et
1909 3492 2104 3540 contra
2117 3485 2484 3555 Origenistas,
2501 3501 2549 3538 ει
2567 3484 2853 3555 quaesieris
2869 3485 3107 3554 naviter,
3121 3484 3371 3540 invenies

1774 3594 1798 3627 «
1833 3575 2218 3630 dilucidatum.
2261 3573 2326 3629 In
2357 3574 2554 3645 quinto
2583 3591 2712 3627 vero
2743 3573 2989 3628 invenies
3017 3573 3086 3627 de
3114 3573 3370 3628 doctrina

1775 3685 1796 3716 α
1832 3665 2175 3733 Christiana,
2198 3671 2254 3718 et
2283 3664 2432 3735 quod
2461 3663 2609 3717 inter
2631 3663 2822 3716 omnia
2855 3663 3014 3732 signa
3037 3661 3205 3716 verba
3223 3662 3372 3718 obti-

1776 3773 1801 3806 (ί
1833 3759 2008 3808 neant
2035 3753 2430 3824 principatum,
2462 3757 2521 3806 et
2566 3752 2635 3806 de
2684 3751 2861 3821 signis
2902 3751 3179 3820 ambiguis
3207 3756 3262 3805 et
3300 3751 3370 3806 de

1779 3863 1800 3894 ι
1836 3842 2090 3912 ﬁguratis
2121 3842 2516 3907 locutionibus,
2550 3847 2608 3895 et
2635 3841 2878 3911 qualiter
2901 3839 3264 3909 intelligenda
3295 3840 3371 3894 sit

1775 3949 1804 3984 ι
1835 3932 2008 3985 Sacra
2037 3932 2346 4002 Scriptum,
2378 3937 2436 3984 et
2461 3930 2531 3983 de
2559 3929 2818 3983 cavendis
2862 3927 3191 3982 barbarismi
3221 3927 3369 3982 vitiis

1772 4039 1801 4074 «
1835 4026 1892 4074 et
1918 4021 1988 4075 de
2011 4021 2218 4075 artium
2243 4019 2444 4091 peritia
2463 4024 2520 4072 et
2543 4019 2613 4072 de
2634 4017 2956 4088 eloquentia
2985 4022 3042 4070 et
3061 4017 3131 4071 de
3150 4023 3367 4088 septem

1777 4129 1799 4161 ι
1833 4110 2100 4180 Tychonii
2151 4108 2273 4179 (2’1)
2320 4108 2551 4178 regulis,
2592 4113 2648 4161 et
2685 4107 2754 4161 de
2807 4106 3276 4178 quinquagesima
3311 4112 3370 4161 et

1775 4217 1801 4250 α
1833 4198 2282 4270 quadragesima.
2316 4198 2378 4251 In
2410 4203 2565 4251 sexto
2590 4213 2718 4250 vero
2753 4196 2822 4250 de
2853 4196 3194 4250 auctoritate
3223 4195 3372 4250 LXX.

1695 4326 1745 4385 Β
1775 4307 1799 4339 ε
1831 4287 2202 4358 interpretum
2234 4286 2397 4356 quive
2422 4285 2724 4341 fuerint.et
2747 4285 2818 4339 ab
2844 4285 2964 4356 ipso
2990 4284 3152 4338 initio
3179 4283 3368 4338 Gene-

1770 4394 1794 4427 «
1828 4392 1953 4428 seos
1982 4391 2160 4445 usque
2185 4374 2254 4428 ad
2301 4374 2616 4428 Salomonis
2643 4380 2896 4446 tempora
2937 4372 3274 4444 multiplices
3303 4377 3364 4428 et

1770 4485 1792 4514 ι
1826 4463 2096 4524 difﬁciles,
2120 4464 2334 4517 solutas
2353 4479 2387 4515 a
2409 4463 2471 4516 B.
2499 4463 2814 4533 Augustino
2834 4463 3084 4517 invenies
3109 4461 3377 4533 quaestio-

1769 4574 1790 4603 ι
1829 4569 1947 4606 nes.
1992 4553 2055 4606 In
2104 4559 2300 4606 octavo
2333 4568 2463 4605 vero
2494 4554 2766 4624 scriptum
2815 4553 3080 4624 reperies,
3125 4551 3260 4622 quid
3298 4553 3374 4606 sit

1775 4661 1796 4690 ι
1833 4641 2102 4704 infernus,
2123 4647 2181 4694 et
2196 4648 2387 4694 utrum
2409 4642 2469 4695 in
2485 4642 2702 4696 inferno
2721 4643 2852 4696 mali
2873 4648 3094 4696 tantum
3112 4658 3184 4695 an
3201 4641 3370 4695 etiam

1774 4749 1798 4780 ι
1831 4729 1964 4783 boni
1993 4729 2244 4783 mansuri
2273 4729 2406 4794 sint,
2445 4737 2502 4783 et
2539 4747 2612 4784 an
2641 4747 2878 4802 corpora
2905 4730 3123 4800 possint
3160 4746 3283 4784 esse
3313 4729 3372 4782 in

1774 4837 1799 4868 «
1832 4818 2054 4872 ustione
2084 4818 2228 4887 ignis
2252 4824 2540 4888 perpetua.
2566 4829 2624 4873 et
2644 4820 2846 4890 quibus
2874 4819 3210 4873 sacriﬁcium
3241 4834 3372 4888 pro-

1778 4924 1802 4957 α
1836 4907 1911 4961 sit
1963 4914 2089 4978 post
2128 4915 2386 4971 mortem,
2431 4915 2488 4961 et
2534 4909 2778 4978 qualiter
2816 4909 3024 4962 mortui
3063 4907 3122 4961 in
3160 4905 3374 4960 somnis

1777 5015 1803 5048 (ί
1835 4995 2144 5050 viventibus
2173 5002 2501 5066 appareant,
2535 5002 2592 5049 et
2617 4996 2687 5050 de
2721 4995 3003 5051 oblatione
3032 5002 3088 5050 et
3127 4996 3373 5050 eleemo-

1777 5103 1799 5136 ι
1834 5101 1977 5156 syna
1992 5101 2092 5156 pro
2111 5085 2408 5150 defunctis,
2428 5090 2487 5139 et
2505 5085 2653 5156 quod
2675 5085 2853 5139 Adam
2876 5092 3058 5140 morte
3082 5083 3374 5139 Dominica

1775 5192 1801 5225 «
1833 5174 1905 5227 ab
1934 5173 2153 5227 inferno
2180 5173 2256 5227 sit
2283 5173 2571 5240 liberatus,
2596 5186 2651 5229 et
2671 5174 2741 5228 de
2765 5173 2984 5229 duabus
3015 5174 3382 5229 resurrectio-

1773 5314 2448 5388 Lambecciuslectorem.
2478 5316 2554 5370 De
2574 5317 2695 5388 ipso
2723 5334 2850 5372 vero
2879 5317 3182 5372 Donatistae
3207 5317 3376 5387 hujus

1773 5386 2003 5458 scripto,
2029 5387 2230 5458 saepius
2247 5389 2364 5456 jam
2397 5388 2546 5441 edito
2577 5386 2741 5457 plura
2771 5388 2942 5443 habet
2973 5389 3048 5445 cl.
3090 5386 3376 5458 Schaetge-

1773 5457 1916 5512 nius.
1954 5458 1990 5511 l.
2033 5457 2124 5511 xxi
2171 5457 2514 5513 bibliothecae
2555 5459 2794 5516 Fabricii
2839 5460 3039 5519 mediae
3069 5466 3126 5515 et
3170 5457 3374 5516 intima:

1773 5529 2115 5596 Latinitatis,
2149 5546 2204 5602 p.
2236 5546 2310 5584 m.
2342 5527 2468 5584 764.
