3920 6350
583 247 706 342 7.9.5

1593 258 1856 346 nemo
1873 319 1878 322 ,
1897 261 2402 345 ΡΙᾼΟΕΝΤΙΝΗΞ
2417 264 2865 357 jam-socrus.

3738 270 3834 348 ἐξθῦ

591 391 622 428 ι
651 374 836 458 nibus.
869 383 928 432 et
953 379 1114 458 quod
1127 386 1378 476 Aperacto
1417 383 1632 452 judicio
1661 385 1807 455 ignis
1837 388 1934 440 ﬁet
1979 390 2184 467 conﬂa-
2205 395 2247 461 Α
2270 406 2414 442 cere.
2447 390 2582 460 Ejus
2621 396 2818 445 auctor
2858 396 2945 444 est
2988 391 3212 456 Bonizo.
3249 410 3274 444 ι
3307 392 3376 446 de
3403 408 3535 464 quo,
3571 398 3836 476 postquam

593 479 622 515 ι
653 453 858 534 gratio,
871 470 930 519 et
948 451 1020 520 an
1038 468 1107 521 ad
1126 453 1398 523 Dominici
1413 469 1662 541 corporis
1677 475 1924 538 modum,
1941 456 2190 531 omnium

601 545 1008 608 (mortuorum
1040 565 1424 612 resurrectura
1461 560 1574 614 sint
1614 579 1866 632 corpora,
1911 573 1965 618 et
1993 565 2060 618 de
2089 583 2191 619 no-

595 655 630 692 t
658 641 830 695 vitate
845 643 1091 714 corporis
1112 645 1418 715 spiritualis
1439 654 1494 700 et
1512 649 1580 701 de
1603 653 1950 719 possessione
1970 660 2191 708 aeternae

602 745 630 781 α
659 721 1042 795 beatitudinis,
1062 737 1121 786 et
1143 733 1213 786 de
1241 735 1511 810 qualitate
1545 737 1790 804 visionis,
1816 757 1925 810 qua
1958 742 2104 794 Deus
2132 743 2190 796 in

599 835 627 869 α
659 818 851 872 futuro
871 820 1167 882 videbitur,
1193 828 1246 875 et
1277 807 1346 876 de
1373 820 1593 878 aeternae
1621 807 1858 882 civitatis
1889 829 1987 882 Dei
2019 829 2189 884 felici-

601 923 631 960 ι
661 913 796 961 tate.
837 909 1066 963 Talibus
1112 909 1438 966 deliciarum
1488 915 1671 984 pomis
1727 933 1964 978 vescere,
2007 919 2094 972 his
2134 926 2190 973 to

604 1014 630 1047 ι
662 1012 826 1066 pasce
855 997 1086 1063 deliciis,
1114 999 1304 1068 sicque
1343 1000 1477 1070 ligni
1510 1003 1635 1058 vita:
1676 1005 1964 1074 saginatus
2003 1008 2191 1061 dulce-

591 1099 634 1136 ἀ
664 1084 794 1138 dine
831 1076 1118 1140 sermones
1161 1089 1368 1142 Christi
1399 1089 1666 1151 servabis.
1704 1100 2054 1166 mortemque
2085 1115 2194 1152 non

601 1191 629 1224 α
661 1165 914 1244 gustabis
965 1175 1022 1228 in
1071 1183 1362 1231 aeternum.
1417 1179 1552 1232 Meae
1596 1198 1816 1252 quoque
1853 1165 2198 1256 con‘ipatiens

605 1282 627 1312 ε
661 1262 998 1329 inﬁrmitati,
1032 1267 1140 1318 mei
1191 1265 1396 1319 laboris
1435 1283 1546 1320 non
1587 1269 1882 1325 immemor
1917 1273 1987 1326 ab
2025 1291 2199 1329 aemu-

602 1351 843 1404 «lorum
890 1353 1188 1408 latratibus
1243 1361 1398 1409 scuto
1441 1361 1554 1410 tuze
1601 1359 1870 1414 orationis
1926 1379 2015 1416 me
2069 1381 2200 1434 pro-

597 1458 624 1492 ι
654 1445 803 1511 tege.
840 1459 862 1492 »

670 1529 864 1584 Reiert
918 1539 1112 1601 postea
1164 1533 1386 1588 initium
1443 1534 1570 1588 libri
1630 1537 1794 1606 primi
1834 1539 1921 1592 his
1961 1539 2140 1593 verbis
2182 1559 2194 1592 :

601 1634 632 1668 α
665 1617 846 1672 Omne
892 1621 1039 1690 quod
1071 1629 1156 1675 est
1199 1623 1351 1677 aliud
1391 1633 1494 1686 est,
1557 1626 1702 1696 quod
1747 1635 2002 1694 constat;
2045 1629 2198 1683 aliud

2275 495 2401 533 eum
2444 495 2507 532 ex
2554 479 2870 540 Bertholdo,
2923 477 3176 551 Ughello,
3219 477 3564 544 Lambeccio.
3613 469 3840 540 Caveoct

2275 566 2494 622 Oudino
2522 569 2797 622 notiorem
2819 567 2968 632 fecit,
2998 586 3162 639 porro
3186 577 3394 639 monet,
3425 569 3678 640 opusculi
3705 571 3840 645 hujus

2273 664 2404 713 ante
2435 674 2493 710 se
2541 674 2649 710 non
2679 657 2860 712 solum
2891 655 3296 721 Mabillonium,
3323 658 3424 728 sed
3457 666 3516 712 et
3545 669 3676 713 ante
3703 661 3840 720 istum

2263 743 2500 799 ‘Petrum
2541 747 2774 819 Mariam
2806 747 3100 818 Campium
3131 745 3379 801 historiae
3409 745 3738 804 Placentinae
3763 767 3843 804 au-

2275 839 2483 886 ctorem
2515 840 2636 887 tum
2663 834 2846 888 adhuc
2869 834 3164 900 ineditum,
3193 836 3516 890 meminisse
3547 841 3798 910 tanquam
3820 855 3846 891 a

2275 937 2334 974 se
2363 923 2548 976 Romae
2587 923 2686 976 visi
2717 923 2820 978 sub
2849 923 3018 978 rubro
3049 925 3127 977 De
3150 923 3539 980 ecclesiasticis
3568 941 3846 983 sacramen-

2275 1009 2365 1063 tis.
2410 1031 2432 1061 ι
2489 1009 2604 1064 Hoc
2653 1011 2828 1081 igitur
2878 1009 3205 1082 Opusculum
3263 1012 3465 1084 (pergit
3522 1013 3844 1082 Muratorius)

2281 1099 2424 1168 quod
2453 1117 2482 1153 e
2505 1101 2886 1172 manuscripto
2911 1101 3098 1155 codice
3125 1101 3509 1156 Ambrosianae
3535 1101 3845 1158 bibliotheca:

2281 1187 2410 1240 olim
2435 1205 2536 1257 ego
2566 1185 2726 1242 hausi
2753 1189 2821 1242 ad
2845 1187 3192 1243 Gualterium
3227 1190 3529 1244 Leonensis
3558 1193 3847 1246 monasterii

2281 1292 2392 1330 non
2423 1272 2680 1330 abbatem
2715 1277 2810 1342 (uti
2852 1284 3218 1349 properanter
3253 1277 3470 1348 legerat
3498 1275 3844 1349 Mabillonius)

2283 1365 2374 1418 sed
2411 1365 2672 1436 priorem,
2709 1366 2979 1438 scriptum
3021 1367 3404 1422 dissertationi
3443 1368 3584 1424 huic
3629 1371 3848 1434 additum

2282 1455 2427 1507 volo.
2456 1475 2478 1504 ι

2352 1543 2417 1598 Id
2459 1561 2578 1609 nos,
2611 1545 2716 1598 etsi
2753 1546 2946 1600 multis
2975 1545 3286 1600 rationibus
3316 1547 3612 1602 doctorum
3640 1547 3849 1602 virorum

2281 1633 2640 1687 meditatione
2671 1641 2728 1688 et
2769 1635 3163 1690 exercitatione
3203 1636 3596 1706 dignissimum
3637 1652 3752 1690 cum
3783 1635 3849 1688 al-

608 1725 632 1757 ι
667 1713 754 1760 est
781 1723 892 1778 quo
919 1717 1175 1776 constat;
1209 1713 1358 1766 aliud
1392 1730 1502 1784 quo
1539 1715 1867 1778 dicernitur,
1905 1716 2057 1771 aliud
2089 1710 2260 1789 quoB
2281 1721 2441 1776 tioris
2472 1723 2544 1776 sit
2574 1721 2852 1792 indaginis
2882 1730 2939 1777 et
2971 1725 3089 1794 jam
3125 1723 3328 1794 publici
3353 1725 3501 1794 juris
3539 1729 3740 1779 factum
3774 1725 3844 1788 sit,

609 1813 634 1846 ι
668 1797 956 1865 congruit.
991 1799 1259 1854 Universa
1285 1802 1460 1871 igitur
1494 1810 1768 1866 creatura,
1805 1824 1830 1856 ι
1864 1812 1968 1860 etc.

676 1883 740 1938 In
771 1885 949 1955 ipsius
972 1905 1102 1942 vero
1127 1890 1312 1960 operis
1336 1893 1874 1947 commendationem
1897 1895 2012 1949 haec
2034 1911 2199 1966 porro

601 1964 796 2044 adjicit
837 1975 1146 2031 indefessus
1187 1979 1280 2033 ille
1325 1979 1822 2035 bibliothecarius:
1861 2001 1886 2034 «
1930 1964 2198 2053 Dignissi-

595 2054 758 2116 mum
793 2058 1041 2134 profecto
1063 2073 1148 2120 est
1173 2068 1276 2121 hoc
1308 2083 1448 2139 opus
1473 2077 1536 2123 ut
1571 2070 1913 2126 adminiculo
1941 2081 2202 2143 typogra-

602 2151 748 2222 phiae
779 2153 984 2223 publici
1015 2155 1115 2209 fiat
1139 2157 1304 2226 juris,
1339 2174 1464 2211 cum
1499 2165 1726 2230 propter
1755 2163 2199 2216 enucleationcm

598 2231 866 2296 doctrinae
923 2244 980 2296 S.
1021 2245 1338 2314 Augustini,
1390 2253 1510 2300 tum
1557 2245 1702 2302 vero'
1729 2247 1896 2302 etiam
1949 2259 2200 2320 respectu

601 2327 780 2399 ipsius
821 2331 1133 2397 Bonizonis,
1161 2325 1318 2402 cujus
1357 2350 1448 2387 res
1491 2351 1555 2387 ex
1597 2336 1896 2390 Bertholdo
1927 2339 2201 2392 Constan-

601 2418 790 2478 tiensi.
836 2419 1090 2489 Ughello.
1125 2423 1352 2485 Baroni,
1397 2422 1770 2494 Ferrarioque
1798 2426 1902 2479 hoc
1931 2427 2050 2481 loco
2081 2444 2206 2498 pro-

606 2506 716 2561 lixe
739 2513 795 2562 et
822 2505 1097 2563 laboriose
1123 2511 1508 2581 prosequitur.
1551 2531 1574 2564 ι)

1367 2599 1440 2654 ΙΙ.

954 2690 1028 2742 De
1055 2691 1430 2742 ecclesiasticis
1462 2694 1844 2744 sacramentis.

674 2774 897 2829 Primus
919 2775 1056 2856 illud
1079 2765 1738 2848 Opusculum'reipublicze
1759 2780 2046 2834 litterariae
2063 2781 2208 2856 indi-

603 2864 749 2916 cavit
785 2855 1030 2918 Joannes
1090 2863 1455 2928 Mabillonius,
1507 2868 1756 2937 ejusdem
1809 2877 2204 2924 ornamentum

603 2951 768 3022 longe
798 2949 1130 3010 maximum.
1171 2955 1471 3026 Repertum
1503 2963 1561 3012 et
1599 2958 1880 3012 evolutum
1911 2976 1943 3013 a
1971 2975 2030 3013 se
2057 2959 2204 3026 (bre-

599 3041 892 3094 vissimum
933 3041 1082 3094 enim
1127 3047 1255 3110 cst).
1305 3045 1360 3098 in
1399 3045 1773 3101 Ambrosiana
1807 3048 2204 3102 Mediolanensn

603 3143 730 3183 cum
761 3141 909 3182 anno
937 3129 1069 3184 1685
1097 3128 1335 3193 Italiam,
1360 3133 1645 3187 litteraria:
1666 3136 1866 3189 mercis
1891 3138 2204 3208 emporium

601 3215 966 3278 ditissimum.
997 3219 1136 3289 pede
1179 3220 1420 3291 impigro
1459 3231 1828 3292 percurreret.
1883 3227 1967 3278 ita
2015 3232 2204 3279 autem

603 3303 698 3357 ille
727 3306 782 3358 in
815 3306 1020 3361 Itinere
1049 3308 1243 3362 Italico
1277 3318 1430 3362 tomo
1461 3312 1480 3364 l
1509 3312 1684 3366 Musei
1715 3312 1890 3366 ltalici
1919 3314 2204 3388 praemisso

601 3393 714 3462 (‘25)
751 3411 763 3446 :
802 3411 827 3446 σ
866 3391 927 3448 In
953 3396 1062 3450 alio
1091 3398 1280 3451 codice
1318 3404 1496 3453 exstat
1525 3401 1813 3454 tionizonis
1845 3403 2056 3456 Sutrini
2085 3403 2204 3474 epi-

602 3484 752 3554 scopi
782 3483 925 3538 liber
953 3486 1024 3539 de
1063 3489 1430 3542 sacramentis
1458 3489 1528 3543 ad
1557 3490 1866 3544 Galterium
1905 3490 2205 3546 Leonensis

601 3573 926 3628 monasterii
956 3575 1214 3630 abbatem
1248 3589 1260 3622 =
1294 3594 1404 3647 quo
1433 3578 1488 3631 in
1521 3579 1662 3632 libro
1707 3586 1904 3634 auctor
1948 3581 2206 3636 meminit

603 3663 834 3717 alterius
845 3665 1096 3735 opusculi
1116 3667 1205 3719 cui
1231 3674 1424 3720 contra
1445 3668 1694 3737 Ugonem
1715 3669 2147 3724 Schismaticum.
2174 3689 2196 3721 ι

601 3745 732 3805 Haec
763 3751 967 3806 ibidem
1001 3753 1352 3809 Mabillonius
1381 3757 1539 3826 quasi
1569 3758 1775 3811 cursim
1820 3758 2076 3812 Pressius
2103 3777 2201 3832 pe-

599 3835 726 3894 dem
751 3841 873 3896 ﬁxit.
898 3842 1136 3896 illustris
1155 3840 1517 3902 Maratorius.
1539 3847 1631 3915 qui
1659 3847 1988 3916 Opusculum
2015 3847 2199 3918 ipsum

596 3945 663 3982 ex
695 3925 924 3998 eodem,
967 3949 1133 4002 quem
1175 3932 1532 3987 Mabillonius
1575 3935 1793 3987 viderat
1832 3936 2201 3990 Ambrosiano

597 4021 785 4074 codice
837 4022 1177 4091 descriptum
1227 4022 1433 4092 publici
1476 4023 1622 4092 juris
1673 4024 1804 4076 iecit
1850 4025 1908 4077 in
1940 4025 2202 4102 praeclaro

596 4125 764 4180 opere
809 4111 1227 4180 Antiquitatum
1261 4111 1580 4166 Italicarum
1628 4111 1797 4164 medii
1843 4112 1960 4178 aevi,
2003 4112 2205 4166 disser-

597 4199 813 4252 tatione
841 4213 1023 4252 xxxvu
1055 4199 1177 4266 (26).
1206 4203 1393 4270 Agens
1413 4202 1563 4254 enim
1591 4217 1653 4253 ex
1679 4201 1968 4254 occasione
1991 4201 2205 4256 tabula-

2282 1811 2406 1864 aliis
2443 1812 2875 1866 examinandum
2907 1821 2963 1866 et
3005 1813 3408 1867 recensendum
3439 1815 3693 1868 consulto
3715 1813 3850 1866 relin-

2283 1899 2528 1969 quimus.
2695 1888 2700 1894 ’
3301 1974 3309 1980 .

2355 1989 2612 2044 Meminit
2653 1989 2713 2042 in
2742 2005 2808 2043 eo
2842 1990 3046 2044 Bonizo
3095 1991 3326 2045 alterius
3371 1991 3666 2062 cujusdam
3689 1989 3850 2045 libria

2283 2095 2342 2130 se
2359 2065 2551 2148 scripti
2570 2077 2630 2131 in
2645 2078 2896 2147 Ugonem
2917 2079 3338 2134 schismaticum
3351 2081 3422 2134 de
3435 2097 3553 2151 quo
3571 2087 3753 2151 postea
3769 2093 3847 2131 suo

2283 2166 2424 2220 loco.

3035 2241 3136 2295 ΠΙ.

2284 2329 2575 2390 Ποσιέιαια,
2588 2331 2699 2381 sive
2719 2335 3014 2396 syntagma
3031 2331 3378 2383 decretorum
3395 2333 3845 2385 ecclesiasticarum

2357 2416 2420 2452 ea:
2446 2415 2603 2452 sacra
2640 2399 2934 2468 Scriptura
2962 2402 3308 2468 probatisque
3336 2405 3612 2464 conciliis,
3653 2405 3773 2454 utet
3798 2415 3848 2454 ac

2355 2473 2616 2538 pontiﬁcu
2629 2487 2678 2522 m
2700 2473 3070 2525 Romanorum
3087 2475 3136 2522 et
3154 2477 3473 2526 sanctorum
3505 2475 3727 2527 Patrum
3741 2475 3846 2525 alw-

2359 2557 2593 2609 rumque
2615 2543 3039 2595 orthodoworum
3068 2547 3361 2596 auctorum
3388 2545 3751 2597 monumentis
3770 2545 3849 2593 col-

2357 2617 2555 2665 lectum
2565 2617 2612 2666 et
2624 2615 2926 2667 secundum
2940 2618 3076 2668 locos
3095 2629 3408 2669 communes
3423 2617 3490 2668 in
3507 2620 3698 2684 septem
3714 2616 3846 2667 libros

2355 2685 2616 2737 divisum.

2360 2773 2440 2828 Ita
2469 2773 2687 2843 insigne
2715 2773 2822 2828 hoc
2849 2791 2990 2845 opus
3017 2781 3273 2830 recenset
3299 2774 3660 2831 Lambeccius
3695 2791 3755 2828 ex
3775 2789 3848 2826 oo-

2286 2862 2408 2916 dice
2463 2861 2825 2917 membraneo
2877 2865 3146 2934 Auguste
3200 2865 3667 2929 Vindobonensis,
3714 2877 3845 2934 quem

2288 2950 2488 3004 merito
2510 2951 2751 3021 propriis
2777 2951 2956 3005 verbis
2981 2969 3099 3006 rem
3119 2961 3482 3007 enarrantem
3506 2953 3768 3007 audimus.
3784 2949 3846 3003 De

2229 3025 2272 3084 ί]
2293 3039 2583 3093 Bonizonis
2610 3041 2759 3094 enim
2786 3040 3265 3095 lucubrationibus
3293 3058 3468 3110 agens
3499 3041 3696 3113 partim
3719 3039 3845 3094 tilica-

2288 3128 2498 3198 logicis,
2539 3129 2744 3200 partim
2789 3129 3085 3194 historicis,
3143 3150 3166 3181 ‹
3219 3146 3416 3193 unum,
3449 3131 3636 3202 inquit
3681 3127 3780 3198 (lib.
3816 3140 3845 3178 u

2289 3219 2610 3279 Comment,
2647 3235 2701 3288 ρ.
2739 3216 2877 3284 797).
2911 3235 3023 3290 prae
3051 3219 3264 3273 ueteris
3295 3220 3661 3274 memorabile
3699 3214 3846 3287 reperi

2289 3306 2436 3360 inter
2474 3309 2739 3377 Augusta
2769 3307 3113 3362 bibliothecae
3151 3308 3416 3362 Caesarea:
3439 3303 3847 3369 Vindobonensis

2288 3396 2408 3448 cod.
2444 3412 2543 3449 ms.
2581 3397 2876 3450 historicos
2907 3396 3151 3461 Latinos,
3185 3398 3279 3467 qui
3310 3399 3563 3462 nondum
3591 3396 3748 3451 certis
3765 3409 3847 3448 nu-

2287 3485 2459 3537 meris
2487 3486 2666 3540 notati
2711 3493 2861 3539 sunt.
2905 3486 3196 3548 Volumen,
3231 3503 3340 3556 quo
3377 3487 3520 3541 illud
3549 3486 3844 3544 continetur.

2289 3573 2774 3628 membranaceum
2809 3580 2894 3628 est
2928 3574 2988 3628 in
3015 3574 3148 3628 folio
3176 3575 3376 3629 minori
3404 3593 3508 3630 seu
3537 3581 3726 3647 quarto
3751 3587 3846 3626 mn-

2277 3663 2410 3732 jori.
2431 3672 2488 3718 et
2514 3672 2786 3735 quantum
2803 3681 2870 3717 ex
2898 3664 3179 3734 scriptura
3196 3665 3433 3734 aliisque
3451 3659 3846 3720 circumstantiis

2277 3752 2533 3822 judicare
2579 3753 2727 3818 licet,
2781 3769 2895 3807 non
2941 3753 3120 3806 multo
3159 3761 3285 3822 post
3325 3754 3620 3809 Bonizonis
3647 3758 3846 3807 mortem

2284 3849 2572 3896 exaratum
2605 3850 2710 3897 est.
2749 3843 3044 3897 Possessor
3075 3841 3244 3909 hujus
3289 3843 3563 3898 rarissimi
3583 3851 3656 3911 ,et
3692 3842 3844 3894 forsan

2284 3932 2435 3986 unici
2469 3931 2578 3998 (27)
2608 3932 2813 3985 codicis
2841 3949 2943 3985 ms.
2976 3931 3084 3984 fuit
3119 3929 3272 3993 olim,
3309 3937 3372 3985 ut
3399 3933 3524 4004 ipse
3553 3933 3722 4004 primo
3750 3930 3844 3996 ejus

2286 4019 2416 4072 folio
2445 4020 2669 4089 prapria
2696 4037 2865 4074 manu
2885 4026 3146 4089 testatur,
3180 4023 3424 4076 Joannes
3443 4022 3703 4076 Albertus
3720 4014 3848 4071 Wid-

2287 4108 2593 4164 mestadius
2634 4109 2992 4178 imperatoris
3032 4111 3402 4166 Ferdinandl
3446 4106 3777 4165 consiliarius
3801 4108 3844 4155 et

2287 4199 2696 4269 provinciarum
2725 4201 2968 4255 Austrim
2988 4203 3277 4257 orientalis
3297 4200 3676 4256 cancellarius.
3696 4216 3716 4247 ι
3737 4194 3843 4248 Post

598 4303 724 4341 rum
769 4277 1132 4357 antiquarum
1180 4290 1236 4342 in
1284 4290 1402 4344 loco
1443 4290 1576 4343 Leni
1608 4290 1860 4343 dioecesis
1907 4290 2446 4362 Brixiensisocujus
2476 4289 2871 4342 litteratissimi
2898 4291 2999 4344 viri
3021 4301 3078 4346 et
3101 4292 3287 4346 saeculi
3319 4291 3404 4345 sui
3437 4285 3781 4358 Polihystoris
3795 4294 3842 4333 ac

599 4381 975 4436 exaratarum,
1011 4372 1334 4431 monasterii
1382 4378 1684 4432 Leonensis
1727 4378 1842 4432 sive.
1888 4379 1957 4432 ad
1989 4381 2201 4433 Leones

599 4471 664 4518 ut
705 4465 1104 4535 posterioribus
1145 4467 1494 4537 temporibus
1532 4467 1874 4538 appellatum
1915 4468 2022 4521 fuit
2051 4469 2203 4522 varia

597 4561 965 4608 monumenta
998 4555 1056 4608 in
1098 4556 1278 4609 lucem
1324 4555 1599 4626 producit.
1645 4556 1752 4610 Sed
1797 4557 1974 4626 ipsum
2017 4557 2202 4627 potius

595 4641 792 4696 audire
837 4649 1065 4713 praestat
1115 4644 1316 4698 edendi
1363 4643 1615 4714 opusculi
1659 4645 2003 4698 occasionem
2037 4645 2204 4716 expli-

597 4737 846 4788 cantem.
889 4750 916 4785 c
958 4733 1066 4786 Sed
1106 4733 1349 4802 quando.
1385 4732 1588 4802 inquit.
1634 4739 1943 4786 memorato
1978 4735 2096 4787 loco
2146 4735 2202 4788 in

598 4819 890 4875 Leonense
933 4821 1336 4875 monasterium
1378 4819 1700 4886 incidimus,
1741 4823 1960 4876 veniam
2005 4822 2141 4876 mihi
2171 4839 2205 4876 a

597 4909 900 4966 lectoribus
926 4910 1194 4980 polliceor
1221 4909 1458 4970 (veniam
1484 4909 1508 4962 'I
1536 4911 1648 4964 imo
1676 4911 1944 4980 gratiam)
1973 4913 2020 4965 si
2063 4909 2202 4966 illud

596 5017 710 5055 non
753 5006 885 5053 ante
913 4999 1179 5052 dimisero
1209 5013 1378 5068 quam
1413 5000 1743 5068 opusculum
1777 5001 2048 5054 hactenus
2081 5001 2203 5055 luce

521 5075 528 5080 ’
594 5105 794 5144 carens
825 5085 978 5141 hisce
1005 5093 1255 5140 veterum
1291 5087 1620 5142 swculorum
1649 5089 2027 5143 monumentis
2057 5089 2202 5158 adji-

672 5229 780 5300 (‘25)
813 5229 1000 5287 Lutet.
1050 5229 1226 5301 Paris.
1281 5227 1430 5301 172’s,
1466 5230 1582 5284 in-4
1610 5248 1664 5301 p.
1705 5248 1781 5284 m.
1813 5231 1898 5284 13.
1941 5261 2004 5270 —
2041 5229 2196 5292 1685,

595 5303 777 5374 Aprili
808 5301 867 5374 iu
895 5300 1270 5374 descriptione
1294 5300 1677 5374 Ambrosianai
1708 5302 2144 5356 \tediolanensns.

653 5371 781 5436 126i
811 5373 887 5444 T.
927 5373 1026 5438 ΙΙΙ,
1074 5391 1126 5443 p.
1173 5387 1246 5424 m.
1297 5371 1418 5434 .399,
1461 5388 1560 5444 seq
1627 5373 1849 5427 dissert.
1896 5388 2095 5436 xxxvu,
2129 5375 2199 5427 de

601 5443 984 5516 Hospitalibus
1013 5443 1458 5515 peregrinorum,
1489 5443 1865 5510 inﬁrmorum,
1897 5445 2198 5500 inlantium

604 5517 1006 5586 eXpositorum,
1042 5524 1146 5570 etc.
1701 5585 1707 5586 γ
2183 5517 2190 5534 ’

679 5585 796 5656 (27)
835 5587 1153 5642 Pleniorem
1188 5588 1369 5642 multo
1422 5587 1574 5643 inter
1618 5585 1893 5642 Brixiana
1943 5587 2202 5642 Ecclesiae

2286 4376 2595 4446 Poliphemi
2625 4377 2836 4441 laudes,
2875 4393 2944 4432 ne
2973 4380 3196 4449 quidem
3225 4386 3350 4451 post
3378 4378 3671 4432 reconditae
3696 4368 3844 4427 erudi-

2285 4465 2452 4519 tionis
2485 4467 2675 4533 plenos
2703 4465 2772 4518 de
2799 4468 2920 4535 ejus
2954 4468 3168 4522 meritis
3206 4466 3497 4522 litterariis
3535 4471 3840 4520 summorum

2284 4555 2530 4608 virorum
2563 4555 2911 4608 Schoallornii
2939 4564 2994 4610 et
3028 4558 3256 4611 Maschii
3285 4553 3708 4611 commentarios
3733 4545 3840 4601 satis

2284 4644 2685 4713 deprredicatos
2733 4641 3090 4700 Lambeccius
3128 4662 3294 4718 porro
3341 4646 3421 4700 ita
3468 4640 3835 4716 prosequitur:

2291 4752 2314 4783 α
2345 4733 2678 4787 Continetur
2707 4740 2894 4786 autem
2921 4735 3038 4804 jam
3070 4740 3380 4788 memorato
3409 4734 3593 4787 codice
3613 4733 3840 4784 hactenus

2285 4821 2560 4875 ineditum
2593 4821 2887 4875 Bonizonis
2917 4823 3213 4888 decretale,
3239 4821 3352 4877 sive
3379 4829 3666 4904 syntagma
3689 4817 3841 4870 decre-

2283 4917 2470 4965 torum
2492 4909 3013 4977 ecclcsiasticorum,
3036 4929 3100 4966 ex
3123 4929 3282 4966 sacra
3301 4901 3588 4984 Scriptura
3611 4901 3842 4980 probatis-

2285 5017 2392 5072 que
2433 4999 2700 5064 conciliis,
2733 5004 2797 5053 ut
2836 5006 2892 5054 et
2939 5017 3003 5054 ex
3051 5002 3374 5072 pontificum
3419 4997 3773 5054 Romanorum
3798 4991 3840 5040 et

2285 5093 2604 5142 sanctorum
2624 5089 2854 5160 Patrum
2875 5085 3227 5160 aliorumque
3249 5087 3674 5143 orthodoxorum
3688 5085 3840 5136 aucto-

2281 5231 2497 5304 codices
2528 5247 2628 5284 ms.
2679 5232 2944 5304 latentem
2982 5247 3109 5304 mox
3141 5229 3527 5304 indicabimus.
3559 5229 3658 5304 list
3682 5227 3836 5304 auten}

2280 5300 2725 5355 deobonensis'
2765 5302 2858 5379 ille
2909 5302 3373 5374 membranaceus
3421 5299 3628 5379 iii-folio

2281 5391 2376 5426 seu
2401 5381 2600 5443 quarto
2633 5373 2852 5443 majori,
2872 5382 2922 5424 rt
2952 5372 3227 5441 quantum
3255 5391 3321 5426 ca:
3345 5377 3620 5440 scriptura
3641 5372 3837 5443 aliisqltt”

2281 5437 3000 5512 circumstantiis'judrcare
3020 5449 3161 5510 licet,
3190 5457 3303 5516 non
3321 5437 3558 5516 multum
3581 5443 3687 5516 post
3707 5437 3832 5516 3.9"!"

2283 5519 2439 5571 sonis
2461 5519 2698 5570 mortem
2715 5511 2996 5582 exoratus,
3029 5522 3095 5570 ut
3120 5515 3290 5570 verba
3317 5521 3450 5570 sunt
3479 5511 3779 5570 Lambeccii:
