3920 6352
122 255 226 313 797

1132 258 1234 357 ps
1269 257 1441 311 VITA
1479 257 1568 312 ET
1605 256 1928 343 somnis
1966 262 2380 341 sOleonIs.

3277 259 3402 355 .138

120 402 249 440 rum
269 387 655 469 monumentis
672 387 970 442 collectum
993 390 1051 440 et
1068 384 1376 467 secundum
1407 383 1558 437 locos
1574 399 1720 436 com-
1742 386 1787 443 A
1816 384 1940 461 (29)_
1980 409 2000 433 ιι
2035 385 2229 471 Placet
2254 388 2432 442 doctis
2482 385 2757 454 Brixianis
2797 389 3046 457 spartam
3073 385 3219 473 hanc
3240 401 3399 469 ξιον.

119 491 323 529 mones
348 464 421 530 'in'
441 480 657 547 septem
690 468 863 530 libros
880 475 1131 529 'divisum
1168 492 1179 526 :
1206 464 1295 528 cui
1327 473 1581 543 procemii
1603 474 1726 526 loco

124 565 352 634 praeﬁxa
371 571 458 619 est
479 566 724 635 epitome
736 564 984 618 historiae
1005 564 1326 633 pontificum
1346 563 1725 616 Romanorum

123 668 157 705 a
187 653 241 706 S.
278 651 469 717 Petro,
500 655 881 725 apostolorum
934 653 1186 723 principe
1215 668 1393 721 usque
1425 652 1495 705 ad
1523 668 1725 722 papam

126 740 419 795 Urbanum
441 742 513 807 lI,
537 743 635 813 qui
654 742 745 795 die
762 756 839 795 xu
863 742 1051 795 Martii
1067 742 1200 795 anui
1220 738 1361 797 1088
1380 742 1587 795 electus
1617 747 1721 799 est.

125 830 353 884 Titulus
368 832 486 900 jam
517 836 840 885 memoratae
865 830 1137 900 epitomes
1155 830 1247 883 hic
1288 835 1375 884 est
1403 848 1414 882 :
1452 831 1723 883 Chronica

122 918 517 973 Romanorum
546 922 873 987 pontiﬁcum
902 921 1044 973 edita
1076 936 1110 972 a
1149 921 1448 973 Bonithone
1488 918 1720 973 Sutrino

119 1011 365 1076 episcopo
387 1011 510 1062 viro
531 1025 632 1077 per
658 1011 848 1062 omnia
879 1010 1206 1061 doctissimo.
1234 1031 1257 1055 ιι

194 1091 392 1150 Refert
417 1101 616 1167 postea
670 1096 1006 1167 principium
1056 1097 1257 1166 operis,
1303 1097 1452 1167 quod
1509 1112 1636 1151 cum
1666 1097 1724 1150 in

123 1185 319 1239 codice
363 1184 625 1239 Brixiano
675 1186 941 1256 aceplialo
971 1186 1337 1248 desideretur,
1373 1191 1539 1255 prout
1564 1187 1657 1239 ille
1694 1203 1723 1238 e

120 1273 544 1328 Vindobonensi
588 1274 906 1344 descripsit,
938 1273 1264 1327 exhibemus
1300 1293 1309 1326 :
1347 1295 1370 1324 ι
1404 1276 1724 1345 Scripturus

121 1362 196 1415 de
230 1363 557 1416 excellentia
581 1364 846 1416 Romana:
870 1364 1125 1416 Ecclesiae
1141 1369 1197 1417 et
1224 1364 1294 1416 de
1324 1364 1624 1433 privilegiis
1652 1365 1722 1417 ad

119 1452 378 1519 ejusdem
413 1452 666 1506 Ecclesiae
722 1442 1040 1521 episcopum
1086 1452 1515 1522 pertinentibus,
1556 1461 1613 1506 et
1650 1452 1719 1505 dc

119 1539 624 1595 constitutionibus
666 1542 935 1609 ejusdem,
969 1542 1234 1594 solertem
1268 1558 1401 1610 rogo
1432 1543 1716 1601 lectorem.

1809 458 2055 528 nandam
2086 458 2427 544 relinquere,
2461 466 2595 530 etin
2625 466 3037 549 uniusrftantum
3066 458 3277 527 codicis
3302 475 3399 549 de-

1807 563 2111 634 scriptione
2151 564 2557 636 aliquantisper
2593 563 2911 619 immomri.
2951 540 3398 639 Conscriptustis

1809 656 1893 704 est
1919 653 2119 705 saeculo
2137 669 2213 708 XI.
2229 652 2477 707 Titulum
2510 652 2736 724 praefert
2754 669 2853 705 ora
2880 652 3136 706 secundae
3156 644 3392 722 paginae,

1809 741 1904 810 qui
1935 741 2015 793 sic
2072 757 2131 793 se
2170 739 2341 794 habet
2371 760 2381 793 :
2419 743 2712 795 Bonizonis
2742 742 2975 810 episcopi
2992 741 3054 794 de
3080 744 3401 795 sanctorum

1809 831 2039 883 Patrum
2060 831 2396 884 authentici's
2426 832 2709 885 canonicis
2728 832 2803 885 ad
2829 824 3158 905 Gregorium
3176 828 3400 901 presby-

1806 925 2004 973 terum.
2041 939 2065 971 ι
3185 918 3189 924 ’
3304 914 3311 923 ’
3342 909 3353 931 ⁸

1880 1007 2016 1062 Post
2038 1008 2264 1062 brevem
2294 1014 2491 1080 postea
2519 1010 2588 1063 de
2613 1009 2893 1063 Bonizone
2916 1014 2972 1062 et
2997 1011 3119 1085 ejus
3139 1007 3402 1063 lucubra-

1806 1097 2053 1151 tionibus
2076 1114 2140 1151 ac
2161 1097 2318 1151 libris
2342 1098 2622 1164 notitiam,
2638 1115 2805 1168 porro
2837 1098 2919 1152 ita
2942 1098 3302 1171 prosequitur
3318 1098 3404 1152 vir

1806 1187 2189 1240 doctissimus:
2220 1205 2246 1238 α
2275 1188 2418 1239 Atex
2434 1187 2520 1240 his
2536 1186 2724 1239 nullus
2757 1184 3400 1256 illoprasstantiorcujus

1807 1293 1871 1329 ex
1897 1276 2158 1329 Brixiano
2186 1275 2409 1328 archivo
2425 1291 2574 1328 nunc
2593 1275 2796 1327 damus
2809 1275 3259 1345 descriptionem,
3284 1275 3400 1328 sive

1806 1383 1894 1418 res
1915 1364 2173 1417 attendas
2227 1381 2363 1433 quas
2393 1363 2799 1434 complectitur,
2840 1363 2957 1416 sive
2984 1364 3276 1439 raritatem
3309 1378 3400 1416 co-

1801 1454 1937 1507 dicis
1963 1459 2019 1505 et
2041 1452 2416 1521 praestantiam
2438 1450 3027 1504 co:;si«lei‘es.Alterius
3042 1450 3187 1504 enim
3209 1452 3393 1522 solum

1804 1545 2045 1599 occurrit
2066 1543 2274 1596 mentio
2297 1542 2351 1595 in
2380 1542 2832 1595 Vindobonensis
2861 1540 3205 1596 bibliotheca:
3246 1557 3394 1595 com-

117 1644 190 1682 ne
212 1628 564 1682 citissimein
592 1645 771 1682 meam
793 1630 1568 1699 prorumpatsugillationem,
1586 1630 1718 1683 dum
1805 1632 2114 1687 mentariis.
2136 1648 2300 1707 quem
2329 1631 2679 1684 rarissimum
2712 1630 2950 1683 fortasse
2979 1630 3146 1683 etiam
3169 1624 3397 1684 unicum

117 1716 330 1770 viderit
353 1734 442 1770 me
471 1718 529 1770 in
560 1723 675 1770 tam
703 1715 926 1787 profuso
953 1734 1119 1787 opere
1149 1718 1511 1781 succinctum,
1546 1736 1719 1789 pauca
1742 1734 1788 1794 Β
1807 1722 2053 1792 appellat
2082 1722 2201 1773 loco
2243 1720 2413 1773 citato
2442 1718 2697 1773 Oudinus
2727 1724 2789 1777 (t.
2814 1716 2888 1781 II,
2912 1736 2966 1790 p.
3002 1717 3143 1773 737:.
3175 1719 3403 1773 Accedit

119 1807 330 1859 dixisse
351 1806 421 1858 de
443 1806 684 1875 magnis.
705 1807 862 1869 Quod
880 1807 927 1859 si
951 1808 1167 1877 Moyses
1191 1824 1414 1861 onmem
1433 1809 1721 1885 scientiam
1806 1810 1963 1864 illum
1998 1825 2255 1862 mancum
2275 1824 2550 1871 esse,cum
2579 1812 2791 1877 septem
2813 1806 3093 1885 duntaxat
3111 1804 3398 1877 contineat

120 1896 323 1949 doctus
360 1896 768 1965 Egyptiacam,
802 1896 894 1965 qui
927 1901 1050 1948 erat
1087 1896 1171 1947 vir
1199 1895 1528 1950 mitissimus
1556 1880 1725 1967 super
1806 1899 1994 1961 libros,
2046 1898 2236 1951 decem
2288 1913 2419 1949 vero
2480 1895 2789 1949 Brixianus.
2828 1880 3238 1949 Prima'charta
3266 1896 3395 1949 cum

121 2000 321 2038 omnes
350 1984 609 2038 hamincs
635 1985 728 2055 qui
759 1984 1091 2037 habitabant
1116 1985 1170 2038 in
1202 1991 1376 2050 terra,
1406 2003 1571 2055 quem
1605 1988 1719 2041 Do-
1805 1988 2174 2047 desideretur,
2194 1985 2323 2038 libri
2346 1985 2512 2037 etiam
2540 1984 2705 2054 primi
2726 1984 2946 2037 initium
2961 1984 3137 2049 deest,
3161 1984 3404 2055 reliquo-

120 2074 313 2127 minus
340 2080 569 2127 noverat
604 2089 669 2126 ex
720 2073 966 2139 nomine,
1000 2074 1444 2128 incircumcisum
1478 2092 1537 2127 se
1565 2076 1724 2129 labiis

122 2163 285 2225 dicit,
310 2179 383 2216 ne
413 2163 736 2216 mitteretur
764 2163 835 2215 ad
882 2162 1205 2233 Egyptum,
1240 2169 1296 2216 et
1343 2164 1615 2217 Jeremias
1664 2181 1723 2218 se

126 2266 370 2321 puerum
410 2251 685 2305 nominat.
734 2266 803 2303 ne
835 2250 903 2303 ad
941 2267 1110 2319 regna
1159 2252 1448 2305 evellenda
1477 2261 1533 2305 et
1570 2254 1725 2323 plan-

126 2339 325 2401 tanda,
377 2340 702 2392 aediﬁcanda
751 2345 808 2391 et
835 2339 1172 2392 destruenda
1219 2341 1540 2394 mitteretur
1567 2359 1725 2395 excu-

126 2445 258 2482 sans
290 2447 302 2480 :
333 2428 465 2499 quid
514 2445 617 2497 ego
677 2428 1026 2481 miserrimus
1075 2429 1284 2482 nullius
1345 2429 1609 2484 bonitatis
1640 2433 1724 2485 vel

127 2518 376 2571 scientiae
410 2518 545 2571 mihi
576 2518 850 2570 conscius.
886 2518 1037 2571 aliud
1090 2535 1255 2587 quam
1318 2536 1405 2571 me
1432 2519 1722 2589 indignum

125 2612 286 2660 tanto
316 2622 485 2676 opere
528 2606 791 2675 judicabo
812 2605 840 2657 ?
873 2606 977 2659 Sed
1008 2607 1139 2684 quia
1172 2608 1320 2660 Deus
1367 2608 1422 2659 in
1475 2609 1725 2662 sentibus

124 2697 348 2749 locutus
378 2702 481 2755 est,
516 2701 574 2748 et
592 2711 716 2748 cum
741 2694 934 2758 voluit,
964 2695 1210 2764 linguam
1239 2696 1726 2752 rudentisresolvit

123 2784 182 2837 in
212 2784 381 2838 verba
437 2784 717 2854 loquentis
758 2790 984 2853 accepta
1038 2784 1243 2838 ﬁducia
1272 2784 1342 2837 ab
1382 2786 1493 2845 illo,
1529 2803 1560 2839 a
1613 2803 1724 2856 quo

125 2888 292 2926 omne
311 2872 511 2925 datum‘
524 2872 797 2942 optimum
814 2878 871 2925 et
882 2888 1046 2925 omne
1059 2873 1267 2925 donum
1288 2873 1591 2943 perfectum
1609 2880 1714 2936 est,

133 2960 464 3031 supplicabo
475 2961 546 3023 ei,
572 2977 740 3014 orans
756 2967 819 3014 ut
832 2977 984 3014 meas
996 2961 1209 3013 utinam
1231 2963 1243 3015 !
1260 2978 1370 3014 non
1386 2963 1725 3032 dedignetur

126 3050 590 3104 inviseresentes.
619 3050 888 3104 .Vlihivero
922 3050 1097 3103 multa
1115 3051 1331 3103 voventi
1366 3067 1431 3104 ac
1455 3053 1723 3121 cogitanti

121 3140 203 3193 nil
234 3139 727 3201 meliusoccurrit,
781 3155 947 3209 quam
1010 3140 1155 3208 quod
1206 3140 1321 3193 haec
1369 3148 1725 3195 sacrosancta

124 3228 371 3282 Ecclesia
402 3227 574 3280 nullis
592 3228 872 3298 synodicis
904 3228 1227 3289 constituta,
1264 3230 1359 3281 sed
1405 3230 1582 3299 ipsius
1611 3232 1691 3284 Do

124 3317 266 3369 mini
306 3321 395 3369 est
428 3332 557 3369 voce
582 3312 1087 3378 fundata,dicentis
1107 3318 1174 3369 ad
1206 3317 1429 3370 beatum
1450 3320 1676 3373 Petrum
1705 3340 1715 3372 :

124 3400 207 3460 Tu
236 3405 780 3475 esl’etrus,etsuper
800 3406 943 3457 hanc
976 3405 1200 3459 Petram
1224 3406 1510 3459 aediﬁcabo
1542 3409 1722 3461 Eccle-

129 3495 268 3547 siam
306 3509 491 3546 meam
549 3493 857 3547 Cuiaddita
878 3502 964 3546 est
983 3493 1222 3548 societas
1246 3494 1393 3548 beati
1423 3496 1577 3549 Pauli
1611 3513 1724 3549 ma-

126 3582 290 3651 gistri
308 3580 586 3650 gentium.
623 3590 686 3634 ut
719 3597 841 3650 quze
879 3586 1003 3634 erat
1030 3583 1207 3634 electa
1251 3590 1420 3652 caput
1443 3584 1719 3651 gentium,

122 3671 284 3723 sedes
308 3676 457 3723 esset
488 3670 868 3740 apostolorum
920 3670 1188 3740 principis
1218 3677 1275 3723 et
1304 3673 1553 3740 magistri
1584 3689 1721 3741 gen-

123 3758 288 3812 tium.
314 3759 441 3828 Ipsa
468 3766 554 3811 est
585 3759 734 3811 enim
752 3764 935 3811 vertex
954 3765 1011 3812 et
1032 3761 1447 3812 firmamentum
1470 3762 1721 3815 omnium

125 3847 501 3915 Ecclesiarum
534 3846 756 3900 dicente
787 3847 1023 3900 Domino
1050 3848 1119 3901 ad
1155 3848 1382 3901 beatum
1442 3848 1672 3903 Petrum
1705 3866 1719 3905 :

124 3937 232 4003 Ego
254 3951 357 4005 pro
380 3942 429 3988 te
454 3940 663 4003 rogavi.
690 3939 861 4001 Pclre,
901 3943 962 3989 ut
986 3953 1096 3990 non
1118 3939 1334 4004 deﬁciat
1379 3942 1507 4003 ﬁdes
1527 3946 1652 3994 'tua.
1677 3946 1725 3993 et

123 4030 184 4077 tu
210 4026 520 4092 aliquando
546 4041 837 4077 conversus
862 4028 1132 4091 conﬁrma
1181 4028 1388 4091 [rat-ros
1410 4032 1545 4079 tuos.
1580 4028 1725 4091 Quid

126 4114 310 4167 dicam
336 4114 482 4183 quod
506 4114 688 4167 omnis
702 4114 1025 4167 Christiana
1044 4115 1298 4183 religio,»
1325 4117 1723 4170 etc.Hactenus

130 4203 360 4273 quidem
392 4202 753 4256 Lambeccius
786 4220 847 4256 ex
880 4203 1070 4255 codice
1114 4203 1554 4261 Vindobonensi.
1596 4207 1723 4259 Ple-

128 4292 344 4345 niorcm
359 4291 545 4361 Operis
567 4292 737 4361 hujus
758 4292 1020 4345 notitiam
1037 4290 1196 4346 nobis
1216 4294 1538 4363 suppeditat
1554 4296 1720 4349 codex

130 4378 447 4445 Brixianus,
473 4397 639 4450 quem
667 4396 729 4433 ex
754 4381 977 4434 archivo
996 4382 1239 4434 ecclesia:
1261 4383 1727 4438 illiuscatbedrali

128 4475 385 4523 recenset
412 4468 496 4521 vir
516 4485 623 4523 non
646 4469 826 4523 solum
860 4470 930 4522 ab
953 4486 1019 4522 ea
1046 4486 1168 4539 quae
1200 4487 1232 4523 a
1261 4471 1534 4540 sanguine
1558 4456 1725 4538 venit,

127 4560 221 4612 sed
248 4565 308 4612 et
335 4574 467 4611 vera
487 4556 585 4612 illa
599 4575 764 4628 quam
788 4559 992 4612 littera:
1020 4559 1250 4629 pariunt
1271 4560 1565 4613 nobilitate
1595 4579 1727 4615 con-

128 4647 358 4718 spicuus
385 4647 629 4701 Joannes
662 4648 1036 4718 Hieronymus
1068 4648 1412 4702 Gradonicus
1454 4666 1576 4702 can.
1606 4666 1724 4719 reg,

128 4737 327 4790 Brixiae
342 4751 513 4789 sacrae
533 4736 1183 4790 aurtorlaudatissimus.
1209 4738 1594 4791 Constituerat
1624 4739 1717 4791 ille

126 4825 394 4880 absolutae
422 4841 456 4878 a
495 4842 553 4878 se
598 4826 925 4895 pontiﬁcum
979 4824 1371 4879 Brixianorum
1425 4828 1588 4879 seriei
1614 4826 1723 4893 (’28)

1807 2094 1928 2131 rum
1962 2092 2089 2129 vero
2110 2074 2269 2127 initia
2300 2080 2433 2126 sunt
2460 2073 2576 2125 hzcc
2603 2088 2614 2120 ε

1881 2184 1904 2216 ‹‹
1941 2164 2143 2234 Incipit
2170 2162 2312 2216 liber
2340 2161 2640 2215 secundus.
2676 2161 2831 2224 Quod
2865 2166 2995 2214 ante
3017 2160 3090 2214 sit
3112 2160 3396 2214 docendus

1810 2253 2050 2307 «omnis
2103 2268 2270 2323 quam
2318 2250 2683 2321 baptizandus
2728 2269 2740 2302 :
2795 2255 2852 2303 et
2903 2248 3034 2320 quid
3092 2249 3166 2302 sit
3213 2246 3401 2331 bapti-

1812 2362 1836 2391 «
1873 2357 2056 2394 smus:
2091 2345 2146 2392 et
2162 2338 2365 2409 quibus
2384 2338 2562 2391 modis
2578 2338 2679 2391 ﬁat
2703 2356 2713 2389 :
2740 2344 2797 2390 et
2810 2354 2840 2390 a
2855 2354 2963 2407 quo
2981 2336 3223 2407 sumpsit
3238 2332 3399 2409 exor-

1813 2452 1836 2481 ι
1870 2431 2047 2483 dium.
3086 2426 3090 2431 ’

1883 2540 1906 2570 ι
1942 2517 2147 2589 Incipit
2174 2517 2315 2570 liber
2342 2517 2564 2569 tertius.
2592 2515 2853 2570 Clemens
2909 2514 3167 2585 episcopo
3196 2512 3400 2568 Jacobo

1811 2630 1835 2659 «
1870 2610 1925 2662 in
1951 2608 2039 2660 his
2081 2606 2399 2659 civitatibus
2431 2606 2812 2676 apostolorum
2847 2604 3103 2675 princeps
3132 2604 3401 2681 primates

1813 2720 1833 2750 ι
1872 2696 2183 2751 instituisse
2204 2695 2298 2749 ubi
2329 2695 2588 2765 primitus
2619 2693 3045 2771 archiﬂamines,
3076 2700 3181 2747 etc.
3338 2690 3343 2697 ’

1882 2811 1901 2834 «
1939 2786 2144 2855 Incipit
2177 2772 2319 2837 liber
2333 2790 2595 2853 quartus:
2628 2783 3042 2859 Scripturusde.
3073 2782 3401 2835 excelle‘ntia

1814 2895 1837 2927 α
1868 2877 2133 2929 Romanae
2162 2873 2421 2927 Ecclesiae
2464 2879 2520 2925 et
2577 2873 2645 2925 de
2691 2870 2995 2942 privilegiis
3044 2870 3114 2923 ad
3146 2868 3399 2940 ejusdem

1814 2986 1835 3017 ι
1873 2965 2131 3018 Ecclesiae
2156 2962 2444 3032 episcopos
2474 2959 2903 3030 pertinentibus,
2938 2964 3042 3013 etc.

1882 3072 1907 3104 «
1943 3052 2141 3122 Incipit
2185 3051 2326 3104 liber
2343 3046 3204 3120 quintus:Superioribustribus
3232 3045 3395 3100 libel-

1812 3162 1833 3192 ε
1870 3142 1958 3203 lis,
2024 3140 2205 3210 qualis
2270 3139 2473 3192 debeat
2537 3136 2667 3207 eligi
2731 3137 3088 3207 episcopus...
3142 3139 3399 3206 superest

1811 3251 1831 3281 «
1859 3247 2008 3283 nunc
2033 3230 2102 3281 de
2134 3227 2360 3282 secundi
2388 3226 2601 3280 ordinis
2628 3214 3011 3279 sacerdotibus
3037 3230 3094 3279 et
3120 3224 3399 3305 diaconi--

1808 3340 1830 3369 ι
1866 3319 1968 3372 bus
1994 3318 2320 3387 caeterisque
2335 3315 2645 3384 ordinibus,
2665 3320 2831 3385 prout
2860 3301 3012 3367 Deus
3039 3300 3377 3367 cencesserit

1810 3428 1831 3459 ‹
1867 3423 2150 3468 enarrare,
2185 3413 2239 3459 et
2268 3406 2510 3476 primum
2555 3405 2627 3458 ab
2684 3403 3036 3457 ordinatione
3086 3402 3399 3468 ordiamur,

1810 3516 1831 3546 α
1866 3501 1976 3551 etc.
2912 3498 2915 3501 ’

1882 3604 1907 3631 ί(
1964 3583 2166 3654 Incipit
2205 3582 2345 3636 liber
2396 3589 2585 3635 sextus
2635 3599 2645 3632 :
2700 3579 3102 3633 Monachorum
3160 3584 3401 3649 quatuor

1815 3693 1837 3722 ε
1874 3689 1996 3725 esse
2014 3688 2241 3740 genera,
2295 3671 2459 3724 beato
2496 3668 2791 3723 Benedicto
2820 3668 3117 3730 referente,
3144 3666 3400 3736 cognovi-

1810 3781 1835 3813 «
1865 3778 2009 3825 mus,
2042 3768 2146 3814 etc.
2819 3749 2824 3753 ’

1883 3870 1905 3901 ε
1955 3850 2157 3920 Incipit
2184 3849 2325 3902 liber
2368 3848 2640 3917 septimus
2672 3866 2684 3900 :
2717 3845 3036 3916 Scripturas
3082 3844 3150 3896 de
3172 3842 3398 3912 regibus

1810 3956 1838 3991 α
1872 3946 1927 3993 et
1950 3939 2252 4009 judicibus,
2288 3944 2344 3990 et
2374 3938 2441 3990 de
2482 3937 2566 3990 his
2619 3936 2714 4006 qui
2746 3935 2802 3988 in
2831 3933 3013 3987 laicali
3043 3932 3240 3985 ordine
3265 3926 3399 3985 sunt

1813 4050 1836 4079 «
1873 4027 2181 4087 constituti,
2217 4043 2398 4096 operae
2427 4024 2667 4094 pretium
2694 4024 2871 4076 visum
2905 4027 3008 4082 est,
3041 4029 3146 4073 etc.

1883 4135 1907 4167 «
1931 4116 2131 4186 incipit
2163 4114 2302 4167 liber
2316 4112 2541 4166 octavus
2567 4131 2577 4163 τ
2600 4112 2743 4175 Quia
2785 4127 2912 4163 vero
2951 4109 3225 4179 superiori
3254 4108 3398 4185 libro

1812 4226 1834 4256 ι
1870 4207 1937 4259 de
1969 4204 2213 4275 praelatis
2238 4203 2295 4255 in
2334 4202 2627 4271 laicalique
2652 4200 2863 4254 ordinis
2904 4196 3164 4268 positis...
3197 4199 3401 4269 Super-

1813 4315 1835 4345 ι
1871 4302 1958 4347 est
1977 4310 2124 4347 nunc
2138 4293 2193 4345 in
2210 4291 2463 4345 ulteriori
2487 4290 2626 4343 libro
2643 4288 2886 4360 qualiter
2900 4285 3110 4341 subditi
3123 4287 3294 4341 vitam
3312 4289 3405 4343 de-

1817 4406 1842 4433 .‹
1878 4382 2049 4436 beant
2078 4382 2388 4438 instituere.
2415 4380 2658 4434 breviter
2684 4379 2969 4448 indagare.
3356 4382 3365 4387 ’

1888 4490 1911 4522 ‹‹
1940 4471 2136 4541 incipit
2166 4470 2306 4523 liber
2327 4485 2537 4523 nonus:
2558 4468 2722 4524 Liber
2757 4468 2862 4521 iste
2899 4467 3262 4522 medicinalis
3313 4469 3404 4522 in-

1818 4582 1841 4612 ι
1874 4559 2154 4621 scribitur,
2174 4576 2239 4612 eo
2264 4560 2409 4629 quod
2430 4558 2825 4628 aegrotantium
2850 4558 3004 4611 varia
3024 4548 3271 4612 continet
3290 4573 3406 4611 me-

1815 4670 1836 4700 (
1871 4646 2187 4703 dicamenta
2208 4648 2544 4700 animarum.
3292 4650 3299 4655 ’

1884 4758 1909 4790 ι
1944 4737 2146 4807 Incipit
2200 4736 2341 4789 liber
2402 4736 2684 4788 decimus:
2717 4735 2998 4805 Superiori
3026 4734 3169 4788 libro
3197 4735 3403 4789 dixisse

1811 4847 1834 4878 ι
1870 4844 1958 4880 me
1987 4824 2280 4879 memini...
2313 4839 2498 4893 operae
2520 4823 2761 4892 pretium
2798 4823 2976 4876 visum
3003 4828 3089 4876 est
3118 4823 3253 4875 mihi
3275 4811 3402 4877 auc-

125 4915 247 4968 cod.
283 4914 507 4983 ms.qui
536 4914 594 4966 in
623 4914 845 4967 archivo
878 4914 1120 4967 ecclesiae
1150 4914 1302 4967 illius
1333 4916 1730 4970 custodiuntur
1814 4916 1836 4967 ἀ
1868 4914 2127 4969 toritates
2170 4920 2225 4967 et
2274 4913 2528 4982 exempla
2578 4911 2674 4964 SS.
2731 4910 2963 4964 Patrum
3004 4910 3401 4980 compehdidse

128 5000 434 5056 Elenchum
464 5003 705 5071 adjicere
728 5022 739 5068 ;
774 5003 871 5056 sed
898 5009 1115 5056 mutato
1138 5010 1332 5074 postea
1351 5005 1581 5057 consilio
1596 5023 1725 5059 eru-

127 5093 256 5146 ditis
286 5108 388 5162 spe
436 5108 539 5145 sua
593 5092 831 5145 exclusis
890 5100 1040 5145 certe
1096 5093 1534 5153 dolendo.intra
1560 5096 1725 5149 unius

129 5182 333 5235 codicis
359 5180 740 5234 recensionem
772 5180 1041 5245 substitit,
1074 5181 1168 5251 qui
1221 5182 1512 5236 Bonizonis
1548 5184 1723 5238 nostri

128 5271 406 5324 decretale
425 5270 694 5323 continet.
713 5270 818 5323 Sed
838 5270 1023 5340 ipsum
1040 5268 1225 5340 potius
1274 5271 1363 5324 cui
1382 5277 1514 5324 ante
1536 5275 1725 5326 oculos

133 5361 267 5413 etin
294 5358 537 5429 genibus
584 5359 755 5412 codex
795 5359 890 5413 ille
918 5358 1028 5413 fuit
1057 5366 1381 5414 narrantem
1427 5361 1725 5415 audiamus

124 5536 297 5665 ἱῐι(ΞΒ)
322 5537 525 5622 Brixiae
545 5534 707 5606 1755,
742 5553 809 5611 ex
834 5543 1058 5621 typogr.
1102 5538 1224 5617 Joh.
1275 5539 1437 5611 Bapt.
1494 5538 1721 5595 Bossini

263 5626 400 5665 mai.

263 5626 400 5680 maj.

1813 5025 1838 5057 «
1872 5005 2130 5074 colligere
2144 5009 2199 5055 et
2233 5001 2443 5072 judicia
2472 5001 2540 5053 de
2570 4998 2900 5052 criminibus
2925 4999 3167 5070 qualiter
3188 5000 3402 5069 judica-

1812 5114 1834 5145 ι
1868 5111 2017 5148 vero.
2041 5093 2171 5147 huic
2196 5090 2383 5145 libello
2404 5089 2669 5142 inserere.
2703 5105 2725 5139 ν
3292 5086 3295 5093 “

1879 5185 1957 5237 Ex
1981 5178 2456 5253 quibusomnibus
2480 5194 2590 5231 non
2616 5177 2759 5230 male
2780 5176 3063 5232 concludit
3090 5177 3172 5229 vir
3203 5177 3397 5231 claris-

1810 5273 1985 5326 simus
1997 5270 2299 5342 plurimum
2324 5274 2591 5339 praestare
2617 5264 3036 5320 Vindobonensi
3052 5266 3231 5320 codici
3253 5266 3402 5320 hunc

1808 5361 2152 5415 Brixianum.

1804 5538 1981 5669 [μέζεὶῖ
2005 5541 2070 5595 In
2101 5540 2413 5612 appendice
2470 5537 2539 5591 de
2591 5537 2713 5591 cod.
2758 5550 2864 5588 ms.
2895 5542 3191 5607 memorat,
3240 5556 3298 5611 ρ.
3327 5552 3404 5595 m.
