3920 6366
521 317 629 380 799

1521 320 1783 379 BONIZO
1821 322 2323 382 PLACENTINUS
2361 327 2780 384 EPISCOPUS.

3684 327 3794 383 800

594 447 820 505 Primus
865 450 989 520 ejus
1041 447 1227 521 operis
1281 446 1626 502 mentionem
1675 447 1871 503 fecisse
1900 448 2506 524 videturAprivilegiis
2529 451 2599 507 ad
2627 449 2946 508 Romanum
2985 449 3308 524 pontiﬁcem
3355 449 3792 524 pertinentibus,

523 541 858 612 Anonymus
907 538 1241 594 Mellicensis
1271 537 1529 609 superius
1557 554 1592 592 a
1631 537 1791 592 nobis
1823 539 2116 607 adductus,

527 631 624 703 qui
647 631 717 684 ab
746 647 858 686 uno
886 648 1053 702 opere
1083 631 1412 685 Bonizonem
1467 630 1685 685 videtur
1717 632 1954 686 novisse.
1986 631 2122 686 Post

527 717 846 773 Lambeccii
862 736 989 772 vero
1009 718 1388 772 recensionem
1426 738 1448 767 ι
1465 718 1710 772 Brixiani
1742 720 1946 773 codicis
1970 719 2118 774 noti-

525 808 662 862 tiam
699 807 1001 879 (pergimus
1022 807 1078 861 in
1099 807 1282 861 verbis
1294 806 1612 877 Gradenigi)
1630 808 1847 878 primus
1875 808 2122 878 vulgavit

527 895 584 950 in
617 896 1021 967 supplementis
1041 896 1111 950 ad
1137 895 1506 951 Labbaeanam
1528 896 1889 950 conciliorum
1917 896 2120 950 editio-

527 1001 656 1039 nem
685 985 1008 1040 Dominicus
1049 985 1297 1039 Mansius
1333 992 1488 1054 (tom.
1523 985 1595 1050 II,
1648 989 1711 1038 in
1741 987 1902 1052 Pref.
1933 987 2007 1038 ad
2028 1002 2120 1054 ap-

526 1077 709 1143 pencL,
739 1091 794 1146 p.
829 1079 902 1141 3),
937 1091 1104 1145 quem
1151 1074 1221 1128 de
1274 1074 1503 1145 pretiosi
1561 1074 1765 1128 codicis
1798 1074 2118 1129 inventione

526 1162 955 1217 reddideramus
1009 1163 1326 1218 certiorem.
1359 1164 1442 1218 Cl.
1475 1163 1647 1218 abbas
1684 1163 2057 1218 Trombellius
2086 1182 2121 1219 a

526 1249 688 1304 nobis
710 1251 972 1305 laudatus
992 1267 1122 1306 eum
1145 1251 1387 1305 codicem
1400 1268 1525 1305 cum
1540 1251 1828 1305 nobiscum
1859 1257 1990 1306 ante
2019 1253 2121 1306 ali-

528 1346 667 1410 quot
697 1355 875 1393 annos
918 1339 977 1394 in
1034 1341 1204 1394 citato
1259 1340 1481 1394 archivo
1507 1340 1751 1404 vidisset,
1781 1341 2123 1411 provinciam

529 1428 776 1500 suscepit
799 1429 859 1482 in
889 1429 1070 1483 lucem
1095 1429 1408 1495 emittendi,
1442 1428 1671 1483 obtenta
1707 1429 1765 1484 in
1791 1446 1919 1483 eum
1951 1431 2120 1484 ﬁnem

527 1517 680 1572 illius
702 1517 1047 1572 exscribendi
1071 1517 1141 1572 ab
1165 1518 1448 1571 illustriss.
1478 1535 1543 1571 ac
1571 1535 1684 1572 rev.
1717 1518 1998 1572 canonicis
2037 1519 2120 1572 fa-

527 1607 756 1661 cultate.
791 1627 813 1656 ι

603 1695 922 1766 Optandam
952 1712 1088 1750 sane
1118 1696 1646 1751 reverendissimum
1692 1697 1857 1753 hodie
1885 1714 2121 1768 congre~

530 1783 776 1854 gationis
805 1786 862 1839 S.
920 1784 1224 1839 Salvatoris
1267 1785 1525 1840 abbatem
1581 1787 1924 1856 generalem.
1960 1792 2017 1840 et
2040 1791 2123 1840 tot

532 1873 745 1944 ingenii
757 1879 926 1945 atque
938 1873 1204 1929 doctrina:
1225 1874 1440 1929 eximite
1453 1875 1829 1930 monumentis
1846 1874 2120 1944 insignem

530 1963 804 2016 Joannem
821 1963 1282 2034 Chrysostomum
1304 1963 1803 2029 Trombellium,ab
1814 1980 1881 2017 ea
1899 1980 1998 2034 spe
2021 1979 2122 2017 nos

529 2067 640 2105 non
685 2050 985 2106 deturbare
1040 2051 1110 2106 ob
1157 2052 1644 2106 mendosissimum
1683 2058 1740 2106 et
1795 2052 2124 2124 acephalum

528 2139 776 2194 codicem
834 2140 1199 2207 Brixiensem,
1232 2159 1397 2212 quem
1439 2141 1620 2196 obiter
1655 2142 1966 2213 inspectum
1997 2141 2123 2195 ofﬁ-

527 2229 675 2285 ciose
695 2229 865 2284 nimis
893 2232 1424 2285 commendaverant
1443 2231 1557 2286 alii.
1579 2231 1821 2285 Maxime
1837 2248 1966 2286 cum
1995 2247 2122 2302 spes

527 2318 778 2373 nondum
800 2319 1092 2374 decollarit
1119 2336 1185 2374 ea
1213 2337 1335 2391 quae
1366 2321 1447 2374 vel
1479 2320 1638 2374 hiant
1685 2321 1770 2374 vel
1797 2321 2066 2377 deﬁciunt
2091 2341 2123 2378 e

529 2405 974 2474 Vindobonensi,
1024 2409 1384 2472 resarciendi,
1426 2410 1761 2464 emendandi
1790 2416 1848 2464 et
1873 2411 2124 2466 redinte-

527 2495 749 2564 grandi.
769 2497 834 2551 In
854 2497 1107 2567 catalogo
1125 2497 1245 2568 ipso
1257 2497 1376 2551 cod.
1404 2497 1774 2552 Brixiensium
1808 2500 2122 2555 Gradonico

530 2584 807 2639 referente
835 2587 917 2640 ita
941 2593 1266 2640 recensetur
1288 2608 1298 2641 :
1323 2606 1344 2637 ι
1372 2585 1672 2641 Bonizonis
1694 2587 1956 2659 episcopi,
1990 2595 2119 2658 etc.,

530 2677 637 2726 etc.
670 2673 937 2729 Collectio
975 2692 1254 2730 canonum
1302 2681 1390 2728 est
1443 2692 1590 2729 anno
1627 2675 1763 2741 {100
1793 2677 1880 2731 vix
1908 2679 2119 2750 elapso,

529 2763 783 2818 confecta
803 2764 939 2834 (imo
960 2765 1228 2819 decennio
1259 2771 1392 2819 ante
1425 2770 1483 2819 et
1510 2765 1749 2836 amplius
1780 2766 1927 2820 diem
1958 2784 2120 2822 suum

523 2853 643 2922 jam
673 2853 892 2908 obierat
910 2853 1138 2921 Bonizo)
1173 2871 1312 2926 opus
1354 2853 1630 2908 ineditum
1667 2860 1772 2909 est.
1811 2856 2002 2910 Prima
2031 2874 2124 2928 pa-

528 2941 660 3011 gina
693 2942 1049 2998 desideratur
1075 2944 1310 3015 aliaeque
1341 2944 1625 2998 nonnullae
1653 2945 1938 3001 nonnullis
1969 2946 2026 3000 in
2047 2946 2126 3000 lo-

525 3045 605 3083 CIS
613 3071 625 3084 .
658 3051 682 3083 »

1270 3124 1369 3179 IV.

691 3211 934 3279 Epitomc
954 3213 1198 3267 historiae
1223 3216 1540 3281 pontificum
1567 3216 1962 3269 Romanorum.

602 3296 836 3352 Exhibet
852 3299 1004 3354 illam
1022 3300 1168 3354 idem
1186 3301 1280 3354 ille
1300 3301 1470 3355 codex
1492 3301 1944 3358 Vindobonensis
1957 3304 2122 3359 modo

532 3397 897 3452 memoratus,
931 3389 1026 3460 qui
1058 3389 1350 3443 Bonizonis
1378 3389 1656 3444 decretale
1685 3393 1954 3456 continet,
1974 3411 2001 3446 ι
2033 3395 2122 3448 cui

529 3474 792 3529 Piommii
825 3476 946 3531 loco
976 3479 1199 3547 praeﬁxa
1256 3484 1344 3532 est
1396 3483 1550 3546 (sunt
1593 3480 1762 3535 verba
1812 3480 2123 3537 Lambeccii

530 3565 652 3634 [loc.
687 3569 803 3630 cit.,
837 3583 871 3636 p
915 3564 1040 3636 797]
1071 3584 1102 3620 a
1129 3568 1185 3621 S.
1220 3567 1384 3622 Petro
1435 3570 1816 3639 apostolorum
1874 3571 2124 3642 principe

529 3670 710 3724 usque
727 3655 796 3708 ad
816 3672 1017 3726 papam
1045 3656 1336 3712 Urbanum
1357 3658 1538 3734 Π,ηυί
1556 3661 1646 3714 die
1670 3674 1744 3713 xu
1770 3658 1961 3714 Martii
1991 3661 2123 3714 anni

534 3740 672 3800 1138
700 3744 910 3798 electus
935 3751 1039 3802 est.
1069 3745 1290 3800 Titulus
1339 3749 1458 3817 jam
1500 3755 1823 3804 memoratae
1850 3750 2123 3821 epitomes

530 3832 621 3886 hic
651 3838 737 3886 est
770 3850 782 3886 :
821 3833 1091 3888 Chronica
1121 3837 1499 3890 Romanorum
1542 3841 1866 3907 pontiﬁcum
1913 3840 2059 3892 edita
2087 3854 2121 3890 a

528 3922 828 3977 Bonithone
849 3923 1086 3978 Sutrino
1112 3927 1368 3994 episcopo,
1401 3929 1522 3980 viro
1548 3943 1648 3996 per
1668 3931 1860 3982 omnia
1881 3929 2123 3981 doctissi-

528 4027 635 4064 NIO.
660 4030 686 4062 ))

598 4098 842 4154 Illustris
871 4101 1230 4168 Muratorius,
1259 4121 1427 4174 quem
1458 4105 1598 4159 nihil
1618 4106 1762 4176 fugit
1791 4105 1938 4176 quod
1956 4105 2122 4160 rebus

527 4185 705 4242 Italiae
735 4187 1086 4244 illustrandis
1117 4207 1340 4262 quoque
1370 4193 1534 4246 modo
1563 4194 1788 4258 faceret,
1822 4210 1947 4248 cum
1980 4193 2124 4250 Lan-

2203 543 2345 596 etde
2365 543 2736 614 praerogativa
2757 541 2930 612 ipsius
2942 539 3110 602 sedis,
3131 557 3242 595 non
3283 541 3513 612 profuse
3543 539 3639 594 sed
3669 557 3797 594 suc-

2201 634 2402 696 cincte,
2422 633 2520 687 Dei
2543 634 2781 702 juvante
2804 630 3008 702 gratia,
3031 629 3393 683 disseramus.
3429 648 3450 680 ι
3473 629 3607 684 Post
3621 645 3798 700 quam

2201 723 2354 776 velut
2369 721 2745 794 prophonesin
2765 721 2836 775 ad
2856 720 3135 774 decretale
3173 735 3360 785 suum,
3384 718 3454 772 de
3484 734 3595 788 quo
3626 732 3801 786 supe-

2201 811 2320 864 rius
2349 812 2586 881 egimus,
2609 809 2984 882 progreditur.

2271 899 2578 953 Casimirus
2599 898 2874 962 Oudinus,
2907 897 3003 967 qui
3045 895 3260 966 primus
3290 911 3324 949 a
3354 893 3711 960 Lambeccio,
3747 900 3805 948 et

2203 1005 2266 1041 ex
2285 988 2380 1042 illo
2400 987 2754 1058 potissimum
2773 985 3110 1040 Bonizonem
3129 983 3500 1054 scriptoribus
3530 983 3802 1036 llistorim

2202 1077 2588 1133 ecclesiastica:
2611 1075 2868 1142 inseruit,
2909 1074 3080 1129 alium
3111 1073 3363 1143 ejusdem
3395 1071 3672 1142 epitomes
3702 1088 3803 1125 co-

2201 1167 2380 1220 dicem
2408 1183 2511 1220 ms.
2531 1183 2595 1220 ex
2616 1166 2832 1220 Thoma
2875 1163 3054 1218 Smito
3076 1161 3316 1231 catalogi
3343 1161 3464 1214 cod.
3501 1177 3638 1214 mss.
3672 1161 3805 1215 Cot-

2204 1256 2445 1309 toniana:
2489 1261 2765 1308 memorat
2793 1252 2902 1322 (3|)
2945 1253 3033 1305 his
3088 1251 3270 1304 verbis
3303 1269 3370 1303 :«
3405 1251 3598 1304 Exstat
3641 1249 3802 1303 aliud

2205 1361 2309 1398 ms.
2344 1344 2629 1414 exemplar
2652 1342 2820 1412 hujus
2846 1339 3101 1412 operisin
3119 1338 3454 1395 Cottoniana
3471 1339 3692 1409 Angliaa
3722 1337 3804 1392 bi-

2205 1432 2476 1487 bliotheca
2497 1431 2600 1486 sub
2621 1431 2806 1501 efﬁgie
2843 1430 2977 1484 Julii
3009 1429 3198 1484 littera
3223 1431 3288 1496 A,
3328 1430 3450 1484 cod.
3481 1429 3608 1495 VII,
3636 1444 3798 1482 num.

2202 1539 2258 1584 ιι.
2275 1522 2363 1575 his
2385 1520 2594 1576 verbis:
2623 1521 2893 1575 Chronica
2908 1521 3279 1574 Romanorum
3295 1521 3622 1588 pontiﬁcum
3654 1519 3804 1572 edita

2201 1627 2238 1665 a
2267 1610 2563 1664 Bonithonc
2591 1608 2824 1663 Sutrino
2838 1611 3095 1677 episcopo,
3120 1610 3239 1661 viro
3266 1609 3596 1671 doctissimo,
3630 1623 3806 1674 usque

2204 1701 2276 1752 ad
2308 1699 2592 1753 Urbanum
2623 1699 2699 1762 ΙΙ,
2729 1701 2789 1750 ut
2843 1697 3000 1750 habet
3047 1697 3246 1750 titulus
3273 1715 3290 1750 :
3329 1695 3512 1765 Hujus
3559 1693 3807 1748 Romani

2207 1787 2488 1860 pontiﬁcis
2509 1792 2651 1852 acta,
2687 1792 2880 1840 auctor
2914 1785 3111 1840 intime
3139 1801 3199 1839 se
3240 1784 3526 1855 scripsisse
3564 1783 3722 1837 dicit.
3778 1802 3804 1836 n

2209 1879 2337 1932 Haec
2362 1876 2458 1940 ibi,
2488 1875 2582 1930 ubi
2615 1881 2805 1928 tamen
2848 1873 3059 1928 fallitur
3104 1873 3187 1927 vir
3244 1871 3618 1937 doctissimus,
3669 1872 3809 1926 dum

2207 1967 2494 2021 existimat
2522 1964 2826 2019 Martinum
2856 1963 3154 2032 Polonum,
3184 1962 3317 2016 dum
3353 1960 3694 2015 Bonizonem
3726 1961 3808 2014 De

2203 2055 2378 2124 gestis
2409 2053 2736 2126 pontiﬁcum
2763 2052 2988 2123 allegat,
3009 2053 3154 2106 hanc
3177 2051 3462 2122 epitomen
3489 2065 3603 2120 prae
3627 2049 3808 2103 oculis

2205 2143 2488 2210 habuisse,
2514 2160 2640 2198 cum
2673 2148 2892 2197 constet
2910 2141 3114 2196 librum
3145 2141 3216 2195 ad
3241 2139 3520 2202 Amicum,
3552 2139 3651 2209 qui
3679 2155 3807 2192 vere

2205 2231 2355 2286 hunc
2385 2231 2614 2287 titulum
2638 2236 2926 2302 gestorum
2958 2229 3175 2301 implet,
3205 2227 3502 2298 designare
3524 2225 3792 2282 voluisse.

2386 2412 2592 2467 Contra
2620 2410 2904 2477 Hugonem
2932 2409 3344 2462 schismaticum
3375 2407 3609 2460 libellus.

2276 2500 2417 2554 Eum
2447 2498 2672 2563 librum,
2707 2497 2803 2569 qui
2839 2496 3049 2551 Urbani
3078 2496 3127 2551 Il
3154 2495 3317 2550 initia
3361 2494 3804 2565 comprehende-

2205 2589 2320 2652 bat,
2350 2588 2516 2642 hodie
2545 2593 2646 2642 aut
2671 2593 2994 2658 eXSpectare
3010 2585 3278 2656 jubemur
3297 2585 3566 2638 latentem
3587 2591 3692 2636 aut
3711 2583 3805 2636 de-

2204 2681 2425 2750 plorare
2441 2676 3074 2749 deperditumMeminit
3086 2675 3208 2745 ejus
3223 2675 3343 2746 ipse
3364 2672 3562 2728 Bonizo
3578 2672 3805 2726 duobus

2205 2769 2264 2822 in
2289 2768 2442 2834 locis,
2498 2767 2672 2822 semel
2716 2766 2774 2820 in
2805 2765 3073 2836 opusculo
3113 2765 3193 2819 De
3222 2761 3588 2818 sacramentis
3618 2761 3805 2815 Eccle-

2205 2858 2318 2923 siae,
2338 2857 2486 2928 quod
2503 2855 3110 2911 Muratoriusinlucem
3124 2852 3418 2924 protraxit,
3449 2851 3538 2905 his
3567 2850 3755 2904 verbis
3787 2867 3799 2903 :

2209 2968 2232 2999 ι
2269 2947 2522 3011 Qualiter
2555 2961 2684 3000 vero
2733 2945 2951 3015 primus
2981 2943 3056 2996 sit
3097 2944 3176 3009 (S.
3209 2942 3470 2997 Clemens
3497 2937 3664 3011 papa)
3706 2955 3806 3010 per

2208 3036 2535 3090 electionem
2565 3033 2740 3097 Petri,
2761 3039 2819 3087 et
2845 3033 3047 3086 tertius
3066 3032 3124 3086 in
3142 3031 3343 3101 gradu,
3367 3029 3414 3084 si
3435 3029 3562 3100 quis
3588 3043 3804 3098 gnarus

2140 3119 2188 3180 Ο
2208 3142 2328 3180 esse
2357 3123 2612 3188 voluerit,
2637 3122 2789 3193 legat
2813 3121 3061 3186 Librum,
3095 3136 3260 3191 quem
3290 3118 3486 3190 scripsi
3516 3119 3575 3172 in
3601 3115 3806 3188 Hugo-

2205 3229 2332 3268 nem
2357 3213 2796 3276 schismaticum,
2815 3217 2873 3264 et
2916 3211 2994 3264 ibi
3025 3209 3270 3264 inveniet
3291 3207 3360 3262 ad
3391 3208 3621 3279 plenum
3653 3205 3803 3260 dilu-

2203 3304 2448 3359 cidatum
2479 3300 2614 3372 (32).
2650 3300 2756 3354 ιΕι
2772 3301 2956 3354 denuo
2985 3306 3154 3370 atque
3181 3297 3460 3369 copiosius
3489 3297 3545 3350 in
3575 3311 3806 3367 perora-

2206 3393 2361 3448 tione
2385 3393 2658 3463 epitomes
2689 3389 2985 3461 pontiﬁcize
3039 3387 3302 3442 Historiae
3338 3387 3408 3440 de
3450 3401 3562 3457 qua
3607 3385 3799 3448 modo,

2206 3487 2533 3553 sequentem
2583 3480 2638 3534 in
2691 3479 2920 3533 modum
2956 3477 3122 3548 (apud
3175 3475 3585 3540 Lambeccium,
3616 3477 3656 3528 ι.
3683 3479 3757 3541 c)
3786 3493 3796 3528 :

2206 3571 2419 3626 Urbani
2451 3586 2578 3623 vero
2611 3567 2888 3639 pontificis
2917 3574 3060 3631 acta,
3094 3571 3152 3620 et
3189 3565 3258 3620 de
3288 3566 3409 3635 ejus
3457 3563 3716 3627 victoria,
3757 3563 3802 3617 si

2205 3661 2330 3732 quis
2349 3660 2491 3714 scire
2511 3657 2934 3726 voluerit.legat
2959 3655 3162 3710 librum
3194 3672 3358 3726 quem
3389 3653 3586 3724 scripsi
3617 3653 3675 3706 in
3693 3654 3804 3707 Hu-

2203 3767 2408 3820 gonem
2431 3747 2868 3814 schismaticum,
2901 3752 2960 3800 et
2985 3744 3062 3799 ibi
3093 3744 3337 3798 inveniet
3364 3743 3437 3796 ad
3471 3742 3704 3813 plenum
3724 3741 3803 3796 di-

2204 3839 2467 3893 lucidata.

2275 3927 2614 3996 De'Hugone
2629 3921 2880 3978 Candido
2898 3921 3189 3986 cardinali,
3217 3920 3379 3992 quiet
3409 3920 3730 3975 Alexandro
3753 3919 3803 3973 II

2204 4017 2354 4088 apud
2395 4017 2669 4085 Agnetem
2695 4018 2944 4066 nostram
2975 4017 3275 4080 augustam
3315 4010 3543 4065 Henrici
3577 4008 3657 4063 IV"
3691 4025 3805 4062 ma-

2203 4113 2349 4161 trem
2380 4105 2583 4159 ﬁuctus
2613 4101 2888 4166 excitavit,
2937 4105 2994 4154 et
3043 4107 3237 4171 postea
3285 4099 3557 4170 Gregorio
3604 4097 3717 4152 VII
3747 4098 3803 4150 in

2203 4194 2444 4265 gratiam
2475 4191 2700 4246 Henrici
2729 4189 2827 4243 ﬁlii
2857 4189 3097 4243 maxime
3139 4189 3468 4242 adversatus
3516 4193 3620 4252 est,
3654 4191 3802 4240 tem-

529 4273 790 4330 becciana
808 4277 922 4331 haec
950 4278 1179 4348 legeret,
1199 4282 1415 4336 nullum
1447 4299 1558 4336 non
1589 4283 1834 4354 lapidem
1853 4284 2044 4349 movit,
2063 4290 2130 4340 ut
2209 4300 2408 4355 porum
2431 4283 2654 4336 illorum
2677 4279 2996 4350 scriptores,
3014 4295 3114 4350 pro
3142 4278 3387 4348 partium
3414 4275 3652 4348 quisque
3688 4281 3802 4328 stu-

529 4371 958 4421 monumentum
1008 4367 1111 4422 hoc
1157 4369 1363 4440 publici
1415 4372 1561 4442 juris
1603 4373 1830 4438 faceret,
1877 4374 1958 4428 uti
2004 4373 2300 4445 ipse_dio
2321 4372 2564 4444 plurima
2587 4374 2922 4424 memorant.
2948 4370 3072 4439 Ipse
3091 4367 3292 4421 Bonizo
3311 4367 3368 4420 in
3389 4363 3803 4419 rebusAlexan-

528 4458 772 4508 testatur
817 4455 903 4508 his
954 4455 1134 4511 verbis
1181 4473 1192 4506 :

531 4545 804 4612 (cpitmnes
823 4545 1066 4600 historia:
1081 4551 1405 4616 pontiﬁcum
1427 4552 1847 4619 Romanormn),
1870 4569 1996 4607 cum
2019 4570 2121 4624 ego

526 4648 882 4703 summopere
933 4633 1127 4688 avidus
1179 4639 1375 4701 forem,
1407 4638 1653 4693 intellexi
1701 4641 1926 4694 tandem
1981 4641 2120 4696 nihil

527 4721 679 4775 aliud
703 4722 819 4775 illic
849 4722 1118 4786 exhiberi.
1147 4726 1254 4779 nisi
1284 4744 1499 4782 merum
1553 4728 1772 4784 brevem
1804 4733 2120 4802 catalogum

536 4812 920 4866 Romanorum
953 4812 1303 4883 pontiﬁcum.
1331 4817 1525 4886 quales
1567 4818 1771 4873 multos
1826 4819 2117 4889 habemus,

526 4903 939 4971 praptereaque
966 4899 1039 4954 ab
1085 4916 1150 4954 eo
1181 4901 1330 4956 ultra
1376 4904 1516 4960 mihi
1566 4908 1915 4976 procurando
1943 4909 2120 4964 absti-

527 4989 646 5044 nui.
684 5009 712 5043 ι)

595 5079 890 5135 Postrema
915 5080 1084 5136 verba
1103 5083 1272 5152 hujus
1293 5082 1566 5154 epitomes
1595 5085 1710 5139 haec
1737 5091 1870 5140 sunt
1897 5105 1909 5138 :
1944 5105 1970 5140 «
2001 5087 2121 5141 Hu-

523 5183 734 5238 cusque
755 5167 1027 5239 incipiens
1047 5185 1081 5221 a
1098 5169 1260 5224 beato
1281 5169 1451 5224 Petro
1471 5172 1849 5241 apostolorum
1869 5172 2121 5244 principe

526 5271 707 5326 usque
731 5256 802 5310 ad
843 5263 1038 5312 nostra
1065 5263 1322 5330 tempora
1361 5259 1740 5314 Romanorum
1789 5261 2116 5331 pontiﬁcum

519 5352 645 5400 acta
673 5346 1065 5416 compendiose
1116 5346 1472 5416 digessimus,
1504 5333 1762 5419 superest
1790 5364 1940 5403 nunc
1966 5358 2027 5404 ut
2048 5351 2117 5405 de

521 5483 711 5620 5
737 5487 932 5612 ﬁﬁtiq.
971 5487 1150 5544 Italiae
1183 5489 1351 5545 Medii
1384 5491 1484 5547 aevi
1512 5491 1738 5548 dissert.
1780 5508 1978 5560 xxxvu,
2007 5494 2116 5550 col.

595 5625 705 5695 (34)
735 5628 888 5696 T.II,
920 5646 975 5700 p.
1009 5631 1131 5696 744,
1165 5633 1288 5700 745,
1320 5634 1417 5688 ubi
1441 5635 1652 5690 mentio
1679 5637 1921 5709 catalogi
1949 5637 2119 5708 hujus

1243 4457 1352 4530 (30)
1388 4433 1435 4511 ί(⁷
1469 4463 1626 4532 cujus
1680 4433 1949 4532 postremi
1994 4433 2290 4517 li-briDdri
2321 4433 2396 4518 ⁸11
2445 4460 2715 4532 prolixam
2763 4433 3106 4511 mentionem
3163 4455 3316 4518 facit,
3354 4454 3454 4507 sed
3485 4451 3801 4506 uberiorem

2205 4551 2380 4605 multo
2403 4549 2554 4604 haud
2584 4547 2752 4602 dubie
2780 4545 2835 4600 in
2870 4562 2934 4598 eo
2958 4545 3184 4615 scripto,
3211 4542 3503 4614 quohodie
3519 4557 3795 4605 caremus,

2203 4640 2430 4701 fecerat,
2459 4637 2604 4708 quod
2656 4636 2843 4707 ipsum
2876 4635 3019 4688 forte
3075 4649 3200 4686 cum
3233 4631 3524 4702 deplorata
3559 4630 3796 4700 jamjam

2203 4729 2448 4784 auctoris
2463 4725 2637 4781 nostri
2663 4723 2869 4795 scripta
2890 4729 3059 4794 caput
3086 4722 3391 4793 proferant,
3417 4719 3561 4774 bono
3596 4723 3797 4773 eventu

2203 4822 2471 4886 emerget.

2274 4909 2405 4962 Ant.
2451 4903 2654 4974 Pagius
2705 4902 2922 4957 Criticm
2979 4895 3710 4966 Historico-Chronologicm
3740 4895 3796 4947 in

2203 4996 2407 5052 Annal.
2443 4991 2669 5049 Baronii
2699 4996 2741 5045 t.
2777 4991 2876 5060 ιν,
2897 4991 2968 5044 ad
2997 5006 3130 5044 ann.
3187 4987 3341 5053 1044,
3385 5004 3440 5057 p.
3476 4985 3582 5040 166
3621 4983 3674 5048 b,
3710 4983 3798 5036 cui

2205 5087 2322 5140 viro
2367 5102 2401 5139 a
2429 5100 2489 5138 se
2521 5081 2729 5152 sagaci,
2779 5097 2980 5135 nasum
3017 5079 3271 5132 criticum
3317 5081 3588 5147 praeterea
3615 5073 3793 5135 ﬁnxit,

2204 5174 2521 5247 prodigium
2547 5168 2877 5224 eruditionis
2906 5169 3292 5238 Longueryus,
3324 5165 3404 5218 ita
3432 5164 3501 5217 de
3540 5163 3794 5231 Hugone,

2204 5264 2498 5320 occasione
2526 5261 2693 5329 hujus
2743 5258 2916 5328 ipsius
2964 5257 3256 5328 opusculi:
3290 5275 3312 5306 α
3349 5253 3656 5322 lnscriptus
3694 5250 3799 5304 fuit

2200 5356 2260 5409 in
2282 5355 2575 5423 Hugonem
2598 5346 3038 5414 schismaticum,
3053 5348 3158 5401 hoc
3191 5351 3278 5399 est
3288 5349 3483 5398 contra
3501 5341 3794 5409 Hugonem

2199 5513 2346 5552 anno
2383 5492 2538 5555 1696.
2561 5491 2764 5549 Oxonii
2794 5490 2852 5544 in
2871 5490 2966 5544 fol.
2991 5488 3148 5552 editi,
3170 5506 3224 5558 p.
3247 5485 3302 5544 2.

2273 5567 2383 5638 (32)
2408 5565 2624 5622 Libello
2665 5565 2736 5619 de
2763 5561 3148 5627 sacramentis,
3172 5557 3330 5629 apud
3358 5557 3564 5610 Murat.
3599 5572 3633 5622 ι,
3656 5570 3704 5607 c.
3735 5569 3790 5622 p.

2199 5637 2324 5693 602.
