3920 6390
94 339 190 397 801

1101 338 1197 398 DE
1232 339 1404 399 VITA
1439 343 1530 400 ET
1567 340 1893 400 SCRIPTIS
1932 341 2347 403 BONIZONIS.

3258 342 3366 403 802

88 468 467 535 cognomenta
489 462 1178 526 Candidum.cardinalem
1200 465 1592 538 presbyterum
1617 468 1680 525 Τ.
1700 467 1754 530 Α
1836 467 2065 523 Plenius
2087 468 2144 522 id
2167 468 2454 541 praestabit
2469 485 2610 543 opus
2637 469 2998 543 ipsum,quod
3013 469 3365 525 eruditorum

93 553 153 608 S.
205 552 516 609 Clementis
590 552 687 626 qui
726 570 873 608 anno
912 550 1041 610 1061
1078 560 1206 625 post
1232 555 1448 611 obitum
1478 558 1694 613 Nicolai

91 656 248 713 papae
267 648 442 713 caput
465 647 526 696 et
550 641 957 712 antesignanus
985 642 1093 697 fuit
1128 659 1324 699 eorum
1355 645 1453 716 qui
1483 662 1691 701 novum

90 731 412 803 pontiﬁcem
441 731 758 786 Romanum
792 749 904 787 non
949 733 1058 788 nisi
1087 735 1341 789 consulto
1367 740 1438 789 et
1462 752 1693 791 consen-

88 820 267 876 tiente
302 820 446 892 imp.
474 820 712 875 Henrico
761 821 837 875 IV
883 820 1187 877 creandum
1224 839 1348 878 esse
1385 824 1691 879 contende-

92 915 248 964 runt.
281 926 310 962 ι

838 998 935 1053 VI.

605 1088 761 1141 Liber
787 1089 861 1142 ad
886 1089 1165 1143 Amicum.

160 1175 250 1229 Ita
287 1190 420 1230 eum
471 1173 740 1246 indigitat
781 1175 903 1247 ipse
953 1176 1156 1231 Bonizo
1187 1177 1245 1231 in
1280 1177 1391 1232 ﬁne
1419 1177 1693 1249 epitomes

90 1262 352 1318 Historiae
380 1263 700 1335 pontiﬁciae,
719 1281 996 1320 canonum
1014 1266 1328 1321 collectioni
1358 1282 1391 1321 a
1419 1284 1480 1321 se
1510 1284 1693 1321 susce-

89 1357 217 1422 ptae,
242 1351 301 1405 in
319 1351 508 1407 codice
526 1352 946 1409 Vindobonensi
968 1356 1329 1425 praeﬁxaeEst
1343 1362 1534 1411 autem
1552 1373 1693 1428 opus

88 1440 243 1494 istud
262 1440 501 1512 insigne,
533 1441 720 1512 ipsum
748 1441 890 1497 illud
921 1443 1069 1514 quod
1091 1460 1158 1497 ex
1188 1444 1532 1499 membranis
1565 1445 1690 1499 Boi-

86 1530 184 1593 cis,
213 1545 416 1584 novem
438 1528 611 1584 libros
635 1530 957 1602 complexis,
994 1531 1159 1586 modo
1188 1531 1246 1586 in
1266 1533 1446 1588 lucem
1467 1540 1689 1605 protra-

87 1618 715 1689 himus.Argumentum
728 1619 1427 1677 breviteritaadumbravit
1446 1623 1653 1677 Bonizo
1671 1641 1684 1676 :

1775 557 1950 611 oculis
1977 556 2312 613 subductum
2343 564 2401 613 et
2427 560 2595 631 longa
2618 558 2894 613 oblivione
2923 557 3197 613 memoria
3224 557 3370 630 ipso-

1774 661 1903 700 rum
1932 651 2272 717 exemptum,
2320 664 2518 718 parum
2566 648 2746 703 abfuit
2783 647 2920 719 quin
2977 647 3100 718 ipso
3143 645 3261 700 fere
3311 646 3371 700 in

1774 740 1940 805 portu
1964 736 2318 806 naufragium
2341 737 2571 792 faceret.
2586 737 2634 792 E
2661 736 2995 791 bibliotheca
3015 735 3164 790 enim
3183 733 3369 800 Boica,

1776 821 1871 876 ubi
1925 823 2137 878 latebat
2163 830 2222 878 et
2246 824 2474 880 fallebat
2500 825 2726 896 ignotus
2773 826 2963 889 codex,
3008 824 3068 878 in
3125 820 3372 877 hominis

1775 911 1977 982 privati
2005 912 2399 969 bibliothecam
2425 914 2794 985 (superﬂuam
2823 914 2987 967 luxus
3016 917 3074 966 et
3106 909 3370 982 potentiae

1775 1000 2199 1071 supellectilem}
2231 1004 2541 1070 traductus,
2586 1020 2620 1057 a
2662 1008 2844 1057 morte
2874 1002 3016 1073 ejus,
3056 1000 3116 1054 in
3154 998 3365 1071 angulo

1776 1089 2018 1161 quodam
2052 1076 2277 1146 familiae
2304 1091 2684 1147 herciscundae
2732 1090 3086 1146 commodum
3115 1094 3365 1159 tempus,

1774 1179 1954 1233 donec
1971 1179 2045 1233 ad
2079 1179 2418 1234 bractearios
2451 1180 2578 1244 iret,
2610 1179 3056 1253 praestolabatur.
3083 1178 3219 1233 dum
3250 1192 3367 1231 ma-

1773 1284 1909 1323 num
1941 1270 2180 1324 ducente
2201 1269 2453 1325 Minerva
2478 1270 2535 1325 in
2555 1287 2683 1326 eum
2701 1270 2898 1325 incidit
2921 1268 3006 1322 vir
3027 1266 3366 1323 reverendus

1774 1363 1829 1412 et
1854 1357 2208 1427 gravioribus
2252 1375 2410 1430 aeque
2451 1375 2517 1413 ac
2568 1357 2966 1413 ammnioribus
3002 1356 3227 1421 litteris,
3260 1371 3363 1428 pro

1773 1447 2045 1501 natalium
2069 1451 2127 1501 et
2146 1446 2388 1502 instituti
2417 1447 2693 1518 dignitate
2721 1445 3187 1502 instructissimus
3202 1446 3369 1500 Joan-

1771 1551 1873 1589 nes
1902 1535 2280 1590 Edelweckius
2310 1536 2562 1591 clericor.
2622 1554 2739 1607 reg.
2790 1536 2860 1591 D.
2905 1535 3163 1606 Gajetani
3206 1534 3359 1606 apud

1771 1641 1872 1679 nos
1901 1624 2225 1694 degentium
2263 1629 2385 1680 tum
2427 1625 2779 1697 praepositus,
2804 1624 2900 1695 qui
2937 1624 3235 1696 profugum
3264 1626 3367 1678 aut

90 1726 121 1798 ξ
150 1706 432 1798 Caeterum
460 1706 508 1761 si
539 1707 663 1798 quis
689 1708 759 1798 de
788 1709 1185 1798 Theophilacto
1211 1711 1689 1783 Tusculano,qua-
1706 1738 1753 1798 Β
1770 1719 1996 1784 raptum
2027 1714 2255 1768 familiae
2280 1714 2547 1775 restituit.

86 1795 216 1849 liter
232 1795 438 1850 Joanni
462 1796 737 1851 sacerdoti
754 1797 1001 1852 vendidit
1019 1805 1307 1871 papatum,
1334 1805 1391 1855 et
1411 1802 1690 1871 quomodo

86 1900 200 1937 uno
231 1885 543 1955 eodemque
565 1890 819 1957 tempore
836 1886 1289 1959 Theophylactus
1307 1893 1365 1942 et
1384 1889 1690 1960 Gregorius

86 1977 144 2026 et
172 1973 460 2044 Sylvester
478 1973 797 2029 Romanum
825 1991 937 2030 non
953 1975 1240 2046 regebant,
1269 1978 1367 2032 sed
1395 1977 1692 2032 vastabant

85 2061 499 2132 pontiﬁcatum,
551 2069 610 2118 et
655 2063 898 2134 qualiter
952 2063 1231 2121 Henricus
1283 2083 1398 2130 rex,
1451 2066 1693 2122 Conradi

86 2151 256 2215 ﬁlius,
288 2152 602 2206 Romanam
634 2152 935 2207 Ecclesium
965 2170 999 2208 a
1025 2153 1232 2209 talibus
1273 2154 1522 2227 pestibus
1550 2155 1691 2211 libe-

84 2240 249 2303 ravit,
282 2257 498 2311 gnarus
534 2257 656 2295 esse
691 2241 949 2304 voluerit,
982 2242 1133 2314 legat
1160 2243 1363 2298 librum
1402 2261 1570 2315 quem
1600 2245 1690 2300 di-

85 2329 255 2395 ctavi,
283 2329 379 2401 qui
410 2329 740 2385 inscribitur
783 2331 871 2387 Ad
897 2332 1192 2395 Amicum;
1234 2337 1292 2386 et
1332 2331 1410 2386 ibi
1443 2333 1689 2389 inveniet

89 2418 205 2472 haec
225 2418 620 2474 ordinabiliter
635 2436 756 2474 esse
780 2419 1019 2490 digesta.
1044 2421 1298 2476 Inveniet
1315 2426 1525 2484 autem,
1541 2428 1598 2476 et
1613 2422 1693 2477 ibi

87 2523 236 2578 papa
269 2506 530 2562 Clemens
550 2507 1013 2579 electusqualiter
1025 2508 1121 2577 sit,
1151 2509 1458 2580 qualiterve
1487 2510 1695 2565 Henri—

97 2612 197 2650 cus
225 2613 325 2649 rex
356 2595 664 2668 imperator
712 2596 783 2651 ab
833 2598 1029 2652 eodem
1075 2598 1367 2654 ordinatus
1412 2599 1506 2666 sit,
1539 2605 1597 2654 et
1622 2600 1693 2654 de

91 2684 339 2739 Damaso
367 2685 488 2755 ejus
518 2702 837 2741 successore
858 2692 994 2757 quot
1009 2686 1066 2740 in
1082 2692 1292 2759 papatu
1313 2688 1534 2743 duxerit
1548 2688 1685 2753 dies,

1844 1802 2031 1856 Codex
2065 1802 2183 1874 ipse
2215 1802 2675 1860 membranaceus
2723 1808 2810 1858 est
2856 1801 2915 1857 in
2955 1806 3156 1874 quarta
3195 1816 3367 1873 quam
3422 1841 3427 1849 .

1771 1898 1971 1945 vocant
2018 1890 2198 1946 forma
2242 1908 2422 1963 eaque
2451 1892 2667 1946 minore
2695 1898 2754 1947 et
2799 1907 2927 1946 vere
2971 1890 3266 1962 quadrata.
3300 1890 3369 1944 In

1774 1978 2103 2034 Bavaricam
2155 1997 2221 2034 ex
2252 1980 2619 2039 Schedeliana
2661 1980 2908 2046 transiit,
2950 1978 3116 2034 toties
3145 1995 3180 2033 a
3207 1977 3368 2033 nobis

1782 2068 2468 2141 memorata.Antiquioris
2478 2069 2692 2124 domini
2710 2070 2926 2125 nullum
2948 2068 3027 2123 ibi
3047 2067 3366 2138 vestigium,

1772 2158 1831 2212 in
1864 2158 2078 2229 postico
2104 2174 2292 2213 assere
2339 2157 2396 2212 in
2445 2158 2713 2213 schedula
2751 2156 3121 2229 agglutinata,
3166 2156 3368 2210 chara-

1771 2252 1923 2300 ctere
1950 2262 2116 2318 quem
2144 2251 2345 2301 vocant
2364 2247 2672 2301 monastico
2699 2246 2942 2317 legitur:
2975 2247 3209 2301 Libellus
3227 2244 3368 2299 Boni

1789 2336 2007 2401 Thom‘s,
2048 2339 2098 2388 et
2142 2339 2216 2389 est
2249 2335 2520 2390 Chronica
2549 2351 2586 2389 a
2616 2335 2978 2389 Constantino
3035 2348 3223 2402 usque,
3256 2336 3364 2386 etc.

1846 2424 1911 2478 In
1959 2423 2144 2478 antico
2176 2440 2306 2478 vero
2355 2422 2708 2490 forinsecus:
2762 2423 3009 2477 Historia
3047 2421 3370 2475 Bom'thom‘s

1783 2511 2061 2567 Satricus.
2114 2514 2273 2580 epz'sc.
2318 2514 2381 2566 dc
2407 2513 2779 2581 persecutione
2817 2511 3081 2565 Ecclesia.
3126 2509 3365 2580 Adjecta

1781 2605 1916 2654 nota
1955 2600 2129 2655 veteri
2156 2599 2504 2657 bibliothecae
2550 2600 2689 2656 Stat.
2725 2600 2832 2665 VII,
2866 2615 3025 2653 nunt.
3058 2610 3148 2653 Liv
3173 2599 3241 2666 Α,
3271 2595 3369 2669 qui

1778 2688 1936 2755 ordo,
1964 2687 2298 2743 bibliotheca
2321 2705 2389 2743 ex
2416 2687 2975 2743 arteTaul'kirchensi
3006 2685 3368 2741 monachium

85 2780 146 2827 et
172 2774 245 2827 de
270 2774 539 2845 praeclaro
567 2775 770 2834 Leone.
805 2776 940 2845 quid
971 2775 1028 2830 in
1062 2782 1272 2848 papatu
1315 2777 1521 2847 egerit,
1550 2794 1693 2849 qua-
1774 2775 1845 2830 ab
1893 2777 2125 2831 Alberto
2156 2777 2452 2843 translata,
2482 2782 2676 2848 postea
2703 2775 3054 2839 immutatus,
3085 2772 3370 2828 codicibus

84 2863 287 2917 literve
314 2862 486 2917 vitam
518 2863 745 2928 ﬁnierit,
777 2869 834 2918 et
861 2864 931 2918 de
966 2864 1184 2920 Victore
1209 2866 1332 2936 ejus
1362 2882 1686 2920 successore
1769 2865 1952 2920 adhuc
2002 2865 2176 2920 lueret
2224 2865 2418 2920 illitus.
2471 2865 2650 2919 Hodie
2692 2863 2843 2919 inter
2897 2864 3020 2918 cod.
3080 2879 3185 2917 ms.
3238 2862 3367 2918 Lat.

85 2951 224 3023 quid
254 2951 453 3022 egerit,
494 2956 592 3006 aut
622 2953 755 3024 quid
786 2954 908 3024 ejus
937 2953 1285 3025 temporibus
1326 2971 1533 3010 novum
1560 2971 1688 3010 eve-
1770 2970 1929 3009 num.
1965 2968 2169 3008 ncxvm
2197 2953 2451 3024 signatus
2477 2959 2581 3007 est.
2613 2952 2743 3023 Ipse
2773 2952 2947 3006 codex
2984 2953 3367 3006 characterem

85 3040 265 3107 nerit;
295 3046 356 3095 et
381 3040 451 3094 de
489 3041 773 3112 Stephano
805 3042 1094 3097 Godefridi
1122 3043 1282 3098 ducis
1311 3061 1604 3114 germano,
1635 3049 1691 3098 et
1707 3090 1749 3150 ί,
1773 3042 1961 3097 smculi
1999 3042 2319 3096 duodecimi
2372 3042 2453 3096 ita
2500 3041 2768 3112 graphice
2804 3040 2993 3102 refert,
3034 3046 3098 3095 ut
3142 3038 3369 3139 paradi-

86 3129 340 3201 qualiter
368 3130 488 3200 ejus
515 3129 861 3202 temporibus
882 3133 1118 3186 Patarea
1143 3132 1290 3204 apud
1310 3130 1693 3187 Mediolanum
1707 3127 1752 3150 “
1776 3131 1983 3204 gmatis
2011 3132 2133 3185 loco
2156 3131 2239 3186 rei
2270 3129 2642 3202 diplomaticae
2668 3129 2965 3202 tyronibus
2995 3145 3117 3183 esse
3142 3127 3319 3199 possit
3352 3144 3364 3179 :

87 3221 283 3271 exorta
305 3224 429 3284 est;
462 3224 520 3272 et
549 3217 618 3272 de
640 3219 869 3274 Nicolao
901 3235 1048 3292 papa
1071 3225 1128 3275 et
1154 3220 1243 3274 de-
1262 3221 1360 3275 lite
1393 3238 1561 3292 quam
1590 3221 1697 3283 ha-_
1776 3221 1977 3275 litterae
2040 3219 2308 3291 capitales
2370 3218 2537 3274 hodie
2591 3218 2816 3282 rubent,
2887 3218 2987 3273 sed
3041 3217 3102 3272 in
3165 3215 3369 3288 quibus

87 3306 215 3362 buit
237 3322 368 3363 cum
400 3306 698 3362 Benedicto
727 3307 1007 3373 invasore,
1041 3314 1098 3364 et
1125 3309 1259 3381 quid
1298 3310 1478 3381 egerit
1504 3310 1560 3365 in
1591 3327 1694 3382 pa-
1773 3308 2011 3379 vestigia
2029 3308 2270 3379 argenti,
2302 3324 2412 3379 quo
2433 3307 2671 3362 inductae
2697 3306 2941 3372 fuerant,
2981 3305 3166 3360 adhuc
3194 3303 3371 3359 mani-

85 3400 249 3466 patu,
280 3399 341 3450 et
367 3395 438 3449 de
466 3395 783 3450 Alexandro
813 3413 978 3468 papa,
1003 3403 1060 3452 et
1088 3397 1158 3452 de
1189 3397 1286 3452 lite
1299 3414 1468 3468 quam
1493 3398 1695 3452 habuit
1773 3399 1936 3453 festa.
1961 3398 2041 3454 De
2069 3413 2237 3468 opere
2266 3396 2387 3468 ipso
2415 3396 2556 3450 nihil
2585 3401 2672 3450 est
2701 3395 2850 3466 quod
2881 3401 3014 3450 ante
3041 3393 3205 3448 dictis
3230 3392 3371 3464 adji-

83 3499 214 3539 cum
241 3484 455 3539 Cadolo
499 3482 805 3539 Parmense
836 3490 894 3540 et
922 3485 991 3540 de
1021 3487 1143 3557 ejus
1170 3487 1420 3554 victoria,
1473 3492 1531 3541 et
1555 3486 1692 3559 quid
1775 3487 1937 3542 ciam.
1970 3488 2194 3542 Testem
2244 3492 2565 3558 temporum
2595 3485 2822 3540 illorum
2859 3500 3068 3538 novum
3100 3483 3368 3554 produco,

87 3572 274 3644 egerit
294 3573 357 3628 in
381 3580 591 3645 papatu
620 3579 678 3628 et
696 3574 766 3628 de
789 3574 910 3644 ejus
938 3568 1078 3641 ﬁne,
1099 3580 1156 3630 et
1184 3575 1254 3630 de
1283 3575 1523 3647 septimo
1554 3576 1692 3630 Gre-
1775 3592 1849 3630 an
1887 3580 1944 3630 et
1986 3574 2276 3630 veritatis?
2298 3575 2338 3629 ii
2364 3574 2715 3630 arbitrantur
2741 3574 2838 3646 qui
2882 3579 3134 3629 veterum
3163 3572 3366 3644 elogia,

88 3662 253 3731 gorio
277 3668 336 3717 et
365 3662 434 3717 de
454 3662 574 3731 ejus
604 3662 893 3729 electione,
927 3669 985 3718 et
1031 3664 1101 3718 de
1127 3664 1241 3718 vita
1263 3665 1385 3734 ejus
1435 3669 1495 3719 et
1520 3665 1698 3718 mori-
1777 3680 1902 3719 cum
1932 3669 2189 3719 recenter
2212 3663 2448 3736 repertis
2476 3663 2813 3719 testimoniis
2859 3662 3165 3717 conferent.
3197 3663 3375 3717 Notas

90 3749 217 3818 bus,
250 3756 309 3806 et
339 3751 583 3822 qualiter
620 3752 692 3806 ad
737 3752 915 3806 altare
947 3753 1171 3807 Domini
1216 3753 1274 3808 in
1317 3752 1613 3808 nativitate
1662 3770 1696 3808 a
1779 3769 1891 3807 non
1919 3753 2096 3824 adjeci
2119 3753 2289 3824 idque
2303 3753 2558 3808 consulto
2580 3770 2651 3807 ne
2675 3752 2812 3807 mihi
2840 3768 3048 3822 coquos
3065 3750 3377 3822 iniquiorcs

89 3839 294 3895 Gentio
323 3838 443 3894 viro
472 3839 684 3895 crudeli
727 3846 923 3912 captus
953 3842 1046 3909 sit,
1073 3846 1132 3896 et
1160 3858 1225 3896 eo
1255 3841 1345 3896 die
1382 3842 1484 3897 Dei
1511 3841 1698 3913 gratia
1781 3842 2075 3897 redderem
2124 3858 2295 3913 quam
2329 3842 2604 3907 convivas,
2639 3848 2697 3897 et
2735 3858 2857 3912 quze
2904 3856 3127 3895 summa
3154 3839 3374 3894 consilii

89 3928 388 3992 liberatus,
431 3928 575 3982 etde
602 3928 807 3983 Werra
836 3945 1005 4000 quam
1038 3929 1309 3985 sustinuit
1332 3930 1408 3985 ab
1455 3931 1697 3985 Henrico
1779 3931 1905 3997 fuit,
1938 3936 2165 4002 propter
2205 3931 2512 4002 jusculum,
2545 3931 2753 4002 piscem
2781 3929 3013 4002 perdere
3057 3928 3207 3982 nolui
3234 3946 3247 3981 :
3278 3944 3381 3982 re-.

90 4015 461 4089 imperatore,
507 4022 564 4071 et
591 4017 661 4071 de
691 4018 1087 4085 controversia,
1139 4035 1309 4091 quam
1351 4019 1549 4074 habuit
1571 4037 1699 4075 cum
1781 4025 2002 4074 centem
2058 4019 2290 4090 praebui,
2338 4019 2435 4074 alii
2480 4019 2765 4074 condiant.
2811 4019 3020 4073 Rerum
3077 4017 3375 4072 Boicarum

94 4104 378 4170 Wiberto,
407 4110 466 4160 et
491 4105 560 4160 de
588 4106 874 4174 aerumnis.
902 4124 1041 4178 quas
1070 4108 1357 4175 sustinuit,
1384 4113 1441 4163 et
1469 4108 1539 4163 de
1557 4107 1702 4163 obsi-
1782 4107 2148 4180 scriptoribus
2177 4108 2348 4162 inseri
2381 4126 2415 4162 a
2458 4124 2547 4162 me
2590 4107 2952 4173 Bonizonem,
2984 4106 3032 4162 si
3079 4106 3175 4178 qui
3208 4109 3378 4161 erunt

92 4193 265 4249 dione
295 4193 539 4248 civitatis
568 4200 625 4249 et
652 4211 776 4261 sua,
810 4200 868 4250 et
882 4196 1175 4267 qualitera
1203 4197 1472 4252 Rotberto
1497 4198 1702 4253 Roma—
1784 4197 1881 4269 qui
1902 4197 2241 4268 vitilitigent,
2261 4214 2356 4251 eos
2375 4196 2603 4268 quidem
2625 4197 2822 4266 dignos
2843 4213 2956 4250 non
2976 4196 3155 4251 habeo
3186 4195 3378 4250 adver-

91 4298 297 4338 norum
319 4283 463 4337 duce
479 4283 554 4337 sit
567 4282 859 4347 liberatus,
891 4289 950 4339 et
970 4285 1213 4356 qualiter
1227 4284 1392 4341 beato
1412 4287 1525 4340 ﬁne
1540 4286 1702 4358 quie-
1783 4303 1880 4340 sus
1899 4302 2039 4358 quos
2068 4285 2446 4341 maximorum
2476 4284 2720 4339 virorum
2745 4284 2917 4356 (quod
2946 4285 3172 4356 possim)
3196 4300 3379 4339 exem-

93 4371 256 4435 verit,
281 4371 576 4443 aptissime
599 4372 903 4429 declarata.
931 4392 958 4427 ι
982 4375 1116 4429 Haec
1144 4375 1508 4446 Bonizo,quze
1533 4374 1765 4447 verba“
1787 4376 1880 4447 plo
1909 4391 2000 4430 me
2020 4379 2214 4442 tuear;
2252 4373 2392 4428 mihi
2420 4379 2570 4429 certe
2598 4378 2814 4440 auctor,
2826 4373 3099 4429 hactenus
3126 4373 3380 4446 deplora-

97 4460 297 4516 exinde
349 4461 685 4532 deprompta
732 4468 925 4517 exacte
951 4463 1157 4534 repetit
1185 4463 1486 4519 Baroniani
1512 4464 1699 4536 operis
1718 4460 1765 4482 ν
1784 4470 1896 4530 tus,
1928 4463 2024 4534 qui
2053 4479 2165 4517 non
2194 4463 2556 4518 Germanicas
2584 4463 2766 4518 solum
2796 4479 2909 4526 res,
2946 4479 3144 4518 verum
3177 4462 3379 4518 Boicas

104 4548 343 4620 insignis
370 4555 782 4605 commentator
809 4550 1035 4622 Pagius,
1067 4557 1126 4607 et
1154 4568 1310 4607 more
1341 4568 1444 4608 suo
1472 4551 1703 4608 insertis
1785 4568 2008 4624 quoque
2037 4551 2297 4623 plurimis
2343 4551 2402 4606 in
2445 4551 2582 4607 locis
2609 4552 2939 4619 illustraret,
2973 4553 3020 4608 si
3048 4552 3160 4607 alia
3188 4551 3381 4608 omnia

105 4638 255 4693 notis
283 4639 534 4694 illustrat
563 4643 679 4700 (loc.
698 4642 840 4710 cit.),
866 4641 937 4694 ad
958 4657 1096 4712 quas
1116 4641 1384 4696 lectorem
1412 4641 1702 4696 remittere
1784 4641 1976 4696 desint
2005 4641 2143 4711 (quo
2183 4639 2405 4694 abunde
2433 4645 2625 4697 tamen
2654 4642 2974 4713 supersunt)
3013 4640 3381 4712 dignissimus

106 4727 327 4797 placet;
362 4733 637 4800 quantum
667 4734 857 4784 autem
885 4730 1128 4801 pretium
1160 4730 1427 4786 statuerit
1452 4730 1547 4785 ille
1580 4730 1701 4802 ipse
1784 4730 1937 4785 visus
1955 4734 2058 4790 est.
2091 4728 2187 4800 qui
2217 4728 2401 4800 prima
2417 4745 2642 4801 quaque
2662 4745 2774 4784 non
2794 4730 2928 4784 data
2948 4734 3170 4785 tantum
3185 4746 3381 4785 verum

105 4822 602 4871 monumentorum
631 4817 881 4874 historiae
911 4818 1297 4875 ecclesiastica;
1324 4819 1532 4891 probus
1552 4819 1704 4875 aesti-
1786 4820 1956 4873 etiam
1985 4823 2215 4889 arrepta
2241 4817 2533 4872 occasione
2560 4818 2825 4873 ederetur
2848 4837 2861 4885 ;
2902 4819 3053 4890 quod
3100 4835 3168 4872 ea
3206 4817 3382 4872 conti-

104 4910 312 4973 mator,
365 4921 432 4960 ex
482 4905 665 4962 verbis
716 4907 920 4978 quibus
966 4908 1251 4978 jacturam
1279 4909 1400 4980 ejus
1447 4909 1706 4980 deplorat
1787 4912 1938 4975 neat,
1976 4927 1998 4959 ι
2034 4924 2158 4978 quae
2197 4905 2292 4977 qui
2321 4907 2492 4976 legat,
2523 4921 2637 4960 non
2663 4906 2903 4960 multum
2933 4905 3214 4961 desideret
3251 4922 3381 4961 con-

105 4992 271 5049 facile
292 4994 631 5066 colligimus.
667 5014 695 5048 «
720 4996 995 5061 Profecto,
1025 4998 1300 5052 exclamat
1322 4996 1439 5066 ille,
1474 4996 1706 5068 periisse
1786 5000 1995 5050 textam
2014 4993 2309 5048 historiam
2338 4993 2565 5048 illorum
2592 4998 2945 5064 temporum;
2977 4993 3056 5048 sic
3086 4993 3236 5048 enim
3264 5009 3382 5048 om-

107 5098 264 5153 opus,
280 5083 431 5155 quod
453 5083 747 5140 annalibus
776 5085 1165 5141 ecclesiasticis
1197 5085 1498 5140 maximam
1526 5086 1708 5140 lucem
1789 5084 1886 5139 nia
1913 5085 1984 5139 de
2012 5082 2213 5138 studiis
2246 5081 2584 5154 principum.
2613 5081 2762 5136 vitiis
2789 5082 3020 5145 ducum,
3053 5081 3381 5137 mutationi-

107 5169 401 5227 effudisset
429 5188 788 5245 summopere
825 5174 1146 5230 dolendum.
1178 5176 1310 5231 Haec
1334 5180 1524 5230 tamen
1552 5174 1706 5229 sufﬁ—
1784 5173 1889 5229 bus
1928 5172 2244 5245 reipublicze
2288 5171 2601 5244 perscripta
2628 5175 2777 5236 sunt,
2811 5176 2876 5225 ut
2902 5170 3043 5225 nihil
3081 5170 3142 5225 in
3170 5170 3239 5225 iis
3266 5186 3381 5227 non

109 5258 272 5314 ciunt
319 5260 390 5315 ad
441 5259 842 5317 declarandum
890 5268 1164 5335 quantum
1205 5263 1255 5318 is
1291 5263 1362 5318 de
1391 5262 1559 5318 rebus
1599 5264 1705 5318 hoc
1785 5267 2056 5335 appareat
2079 5262 2275 5334 (Nepos
2304 5262 2372 5316 de
2399 5263 2558 5331 epist.
2594 5261 2869 5317 Ciceronis
2892 5261 2965 5314 ad
2991 5260 3281 5331 Atticum).

107 5353 366 5419 tempore
390 5349 582 5406 Romae
608 5352 781 5422 gestis
801 5352 1031 5410 edoctus
1059 5352 1248 5410 fuerit.
1274 5372 1302 5409 ι
