3920 6358
487 332 603 426 803'
638 330 663 343 ”’
870 456 875 457 ί

488 493 2022 524 W

1506 332 1903 422 BONIZONIS
1941 334 2374 421 PLACENTINI
2412 324 2759 415 EPISCOPI.

3663 312 3787 414 soi

2023 481 3757 512 μ

1432 637 2797 823 BONIZONIS

1292 894 1749 981 SUTRIEN'S'IS‘
1796 916 2133 991 PRIMUM,
2185 917 2485 977 POSTEA
2526 916 2997 976 PLAGENTINI

1975 1080 2062 1122 EPl
2068 1080 2218 1120 SCOPI

986 1202 1730 1366 LIBER

1906 1231 2202 1363 AD
2370 1227 3272 1369 AMICUM

2054 1440 2187 1486 SIVE

1105 1590 1277 1711 DE
1359 1585 2374 1709 PERSECUTIONE
2459 1586 3130 1711 ECCLESUE

1654 1820 2047 1900 LIBRI
2129 1784 2644 1901 NOVEM

500 1976 685 2054 Nunc.
720 1976 991 2070 primum
1037 2008 1069 2049 e
1116 1987 1333 2070 codice
1376 1986 1782 2070 membraneo
1828 1986 2011 2048 unico
2055 1986 2450 2070 bibliothecae
2497 1988 2813 2067 quondam
2858 1986 3311 2070 Schedelianle,
3349 1985 3537 2048 hodie
3564 1987 3784 2047 Bava-

1245 2068 1413 2144 rica},
1464 2066 1797 2144 descripsit
1839 2071 2026 2145 atque
2072 2067 2267 2127 edidit
2311 2066 2591 2128 Andreas
2636 2070 2807 2129 Felix
2853 2068 3151 2130 OEFELIUS

1927 2344 2348 2417 INCIPIT

1098 2544 1375 2622 llBEﬂ
1452 2544 1969 2624 BDNIZO‘NIS
2049 2546 2088 2622 8

2184 2544 2644 2623 Talsusls
2726 2513 3167 2624 EPISOPI

1431 2709 1567 2779 QUI
1613 2709 2121 2772 INSCRIBiTUR
2163 2707 2277 2768 AD
2316 2707 2673 2770 AJIICUM
2711 2708 2834 2786 (33)

1997 2850 2277 2862 ⁸⁵*

872 2947 1141 3037 INCIPIT
1175 2948 1396 3004 LIBER
1433 2949 1719 3004 PRIMUS.

569 3091 783 3155 Quaeris
807 3110 842 3146 a
860 3108 969 3155 me,
994 3091 1219 3145 unicum
1251 3108 1285 3144 a
1303 3090 1665 3148 tribulatione
1703 3108 1827 3163 quae
1855 3092 2094 3146 circum-

498 3178 657 3233 dedit
674 3197 763 3233 me
796 3180 1139 3249 praesidium,
1165 3179 1299 3249 quid
1333 3188 1419 3234 est
1449 3183 1594 3251 quod
1630 3184 1731 3234 hac
1760 3188 2095 3251 tempestate

498 3274 683 3320 mater
712 3268 976 3330 Ecclesia,
1007 3268 1066 3319 in
1092 3265 1256 3333 terris
1281 3268 1482 3337 posita,
1526 3286 1758 3338 gemens
1788 3270 1995 3322 clamat
2024 3269 2094 3322 ad

497 3354 821 3408 Dominum.
849 3372 951 3408 nec
981 3356 1276 3423 exauditur
1317 3356 1389 3409 ad
1435 3364 1645 3416 votum.
1688 3358 1963 3427 premitur
1991 3376 2094 3415 nec

497 3442 788 3505 liberatur,
840 3442 1052 3514 ﬁliique
1082 3444 1412 3499 obedientiaa
1442 3452 1499 3499 et
1530 3447 1680 3516 pacis
1724 3448 1915 3515 jacent
1960 3465 2091 3518 pro-

499 3536 681 3587 strati.
700 3531 800 3584 filii
815 3536 1001 3586 autem
1027 3532 1204 3587 Belial
1226 3535 1508 3587 exsultant
1523 3551 1650 3587 cum
1668 3552 1798 3605 rege
1816 3554 1936 3601 suo,
1958 3553 2092 3606 prae-

499 3619 691 3674 sertim
722 3637 848 3674 cum
880 3621 976 3692 qui
1006 3622 1295 3692 dispensat
1313 3623 1519 3683 omnia,
1544 3624 1662 3694 ipse
1682 3624 2097 3695 sitquijudicat

498 3709 781 3779 aequitate.
804 3711 901 3764 Est
931 3717 988 3764 et
1015 3711 1167 3765 aliud
1201 3712 1347 3764 unde
1371 3713 1440 3765 de
1463 3713 1741 3776 veteribus
1772 3722 2093 3767 sanctorum

497 3797 729 3852 Patrum
759 3800 1027 3869 exemplis
1056 3816 1089 3852 a
1113 3815 1202 3852 me
1235 3800 1379 3869 petis
1408 3802 1821 3866 auctoritatem,
1842 3802 1889 3855 si
1916 3802 2088 3868 licuit,

497 3892 562 3939 ut
589 3887 741 3949 licet,
772 3888 1094 3942 Christiano
1126 3904 1226 3958 pro
1270 3889 1531 3958 dogmate
1562 3891 1734 3944 armis
1782 3891 2089 3945 decertare.

497 3974 711 4037 Quibus
738 3981 849 4029 tua;
902 3976 1107 4029 mentis
1136 3976 1592 4031 ﬂuctuationibus
1643 3978 1689 4031 si
1718 3995 1932 4045 aurem
1971 3978 2095 4033 sani

495 4063 678 4117 cordis
706 4063 1050 4128 adhibueris,
1084 4064 1245 4118 facile
1272 4067 1722 4136 respondebitur,
1739 4073 1860 4121 tum
1884 4068 2015 4137 quia
2037 4067 2095 4121 in

493 4156 760 4221 promptu
787 4152 950 4206 nobis
975 4157 1081 4209 est.
1106 4158 1228 4206 tum
1249 4154 1380 4223 quia
1403 4155 1506 4208 hoc
1528 4161 1782 4225 tempore
1807 4156 1943 4209 mihi
1966 4157 2097 4210 scri-

493 4236 628 4291 bere
652 4238 757 4292 hoc
789 4240 943 4292 valde
970 4239 1146 4294 visum
1177 4247 1263 4294 est
1283 4244 1659 4298 necessarium
1705 4244 1884 4314 Igitur
1899 4245 1969 4298 de
1993 4245 2091 4298 Dei
2112 4228 2160 4287 Β

494 4327 884 4382 misericordia
912 4328 1227 4401 conﬁsi,qui
1256 4331 1478 4401 linguas
1507 4331 1810 4387 infantium
1846 4333 2091 4387 disertas

493 4415 647 4479 facit,
680 4416 1006 4471 adoriamur
1034 4436 1375 4473 sermonem.

567 4504 750 4559 Mater
772 4505 1034 4571 Ecclesia,
1078 4524 1203 4578 quae
1230 4524 1458 4562 sursum
1510 4513 1597 4562 est
1626 4525 1729 4563 nec
1759 4510 1933 4564 servit
1956 4527 2085 4565 cum

496 4591 626 4646 ﬁliis
654 4593 791 4658 suis,
847 4598 967 4649 tum
998 4598 1240 4650 maxime
1287 4597 1578 4661 liberatur,
1614 4594 1741 4652 cum
1776 4600 2083 4670 premitur;

495 4684 631 4734 tunc
657 4682 898 4738 maxime
926 4685 1143 4750 crescit,
1177 4701 1305 4738 cum
1352 4685 1654 4742 minuitur.
1704 4689 1889 4745 Nemo
1940 4689 2089 4743 enim

495 4770 735 4824 caelestis
761 4773 919 4841 regni
935 4773 1075 4826 Abel
1100 4773 1342 4826 concivis
1369 4791 1490 4827 esse
1513 4776 1834 4842 merebitur,
1860 4778 1967 4831 nisi
1999 4778 2094 4848 qui

493 4858 551 4912 in
580 4860 843 4930 praesenti
873 4860 1011 4914 Cain
1046 4861 1265 4914 malitia
1292 4862 1362 4915 ad
1395 4879 1629 4932 puerum
1677 4864 1974 4921 limaverit.
2005 4866 2096 4920 Sic

492 4952 684 5006 Enoch
710 4952 978 5023 probatus
1012 4961 1270 5024 repertus
1304 4974 1325 5005 ι
1362 4961 1558 5025 raptus
1599 4963 1702 5023 est,
1757 4975 1825 5013 ne
1877 4960 2094 5013 malitia

490 5043 740 5094 mutaret
757 5056 854 5094 cor
881 5057 1047 5095 suum
1078 5042 1228 5110 (Sep.
1267 5040 1343 5106 Iv,
1376 5044 1479 5105 ll).
1516 5062 1542 5095 ι
1569 5045 1659 5099 Sic
1685 5048 1825 5111 Noe,
1857 5044 2090 5102 humani

483 5132 712 5197 generis
726 5131 1149 5201 reparator,per
1168 5137 1461 5185 sexcentos
1485 5133 1659 5187 ferme
1681 5137 2087 5207 annos,quibus

488 5217 562 5270 ab
590 5219 680 5272 his
705 5218 800 5289 qui
845 5235 906 5272 se
942 5218 1155 5289 injuste
1186 5221 1602 5274 maculaverant
1648 5226 2085 5280 commutatione

488 5307 669 5360 multa
686 5323 1136 5377 perpessus.cum
1160 5307 1327 5361 domo
1344 5325 1447 5362 sua
1470 5311 1679 5363 mundo
1700 5311 1917 5367 vindice
1938 5331 2084 5384 aqua

486 5399 789 5461 pereunte,
822 5393 964 5448 liber
1003 5394 1195 5448 evasit.
1229 5395 1386 5459 Quod
1435 5396 1481 5449 si
1512 5396 1613 5449 lilii
1642 5398 1948 5454 Jerusalem
1980 5401 2085 5454 ali-

490 5482 715 5549 quando
737 5482 943 5552 captivi
966 5482 1508 5551 detinentur,tamen
1530 5501 1644 5539 non
1664 5489 2094 5560 serviunt,qued

562 5616 669 5685 (33)
694 5619 824 5675 Haec
841 5624 1049 5680 litteris
1068 5627 1374 5698 argenteis.

2113 2955 2162 3011 A
2183 2955 2240 3003 et
2269 2951 2315 3003 si
2341 2968 2510 3023 super
2532 2950 2765 3004 ﬂumina
2781 2950 3007 3020 quidem
3027 2930 3291 3029 sedentes
3313 2950 3511 3003 ﬂentes
3531 2947 3781 3018 irriguas

2176 3055 2287 3092 non
2320 3039 2690 3104 delectantur,
2722 3039 2780 3092 in
2833 3038 3094 3093 salicibus
3136 3024 3489 3108 suspendunt
3531 3052 3766 3108 organa.

2178 3134 2233 3181 et
2260 3144 2370 3181 non
2400 3135 2632 3181 cantant
2660 3129 2936 3182 canticum
2965 3129 3020 3181 in
3054 3134 3208 3181 terra
3233 3128 3435 3190 aliena,
3462 3129 3561 3182 sed
3590 3127 3660 3180 ad
3683 3123 3795 3179 Je-'

2175 3222 2418 3274 rusalem
2452 3222 2769 3291 suspirant;
2805 3228 2861 3274 et
2892 3222 3016 3275 ideo
3047 3220 3197 3274 beati
3226 3220 3323 3291 qui
3367 3221 3612 3298 allidunt
3640 3236 3779 3290 par-

2174 3310 2331 3363 vulos
2354 3310 2421 3361 ad
2449 3317 2688 3379 petram,
2708 3309 2824 3362 ﬁlia
2849 3316 3037 3363 autem
3059 3309 3358 3379 Babylonis
3387 3308 3780 3377 miseraU’sal,

2175 3413 2408 3460 cxxxvn.
2473 3398 2563 3451 Sic
2614 3397 2877 3452 Hebraeus
2921 3398 3013 3452 ille
3045 3398 3271 3468 quidem
3307 3398 3426 3473 Hur
3451 3414 3562 3452 non
3593 3398 3787 3452 tenuit

2174 3486 2584 3546 Chaldaeorum.
2620 3485 2915 3539 Babilonio
2950 3503 3059 3541 non
3091 3486 3313 3540 servivit
3359 3486 3549 3548 fastui,
3581 3486 3653 3539 ad
3685 3487 3785 3540 Je-

2178 3576 2420 3628 rusalem
2443 3592 2572 3628 vero
2599 3575 2850 3628 tedendit
2880 3575 3287 3629 Melchisedech
3312 3574 3589 3639 videlicet,
3619 3580 3675 3628 et
3705 3574 3775 3628 ab

2179 3680 2244 3716 eo
2274 3663 2600 3717 benedictus
2626 3663 2719 3716 ab
2749 3664 3148 3734 Omnipotente
3182 3683 3207 3713 «
3259 3670 3421 3734 pater
3464 3664 3782 3717 multarum

2175 3753 2428 3821 gentium
2458 3772 2479 3802 ll
2509 3752 2824 3822 appellatus
2859 3760 2945 3805 est
2988 3753 3130 3807 lGen.
3163 3766 3298 3815 val,
3334 3753 3412 3821 4).
3441 3752 3604 3815 Quod
3639 3768 3771 3805 vero

2179 3840 2450 3910 scriptum
2482 3846 2567 3893 est
2600 3859 2623 3891 «
2650 3840 2790 3894 duos
2821 3841 2967 3894 ﬁlios
2990 3839 3269 3894 habuisse.
3291 3857 3466 3895 unum
3489 3840 3559 3893 de
3579 3840 3811 3915 ancilla!

2079 3932 2091 4003 ξ
2178 3933 2236 3981 et
2265 3944 2442 3981 unum
2472 3929 2541 3981 de
2573 3927 2767 3991 libera,
2798 3928 3011 3983 scilicet
3040 3929 3136 4000 qui
3156 3929 3226 3982 de
3252 3929 3455 3983 ancilla
3470 3929 3787 4003 secundum

2179 4032 2425 4081 carnem,
2479 4018 2575 4086 qui
2604 4023 2793 4070 autem
2831 4017 2901 4070 de
2948 4017 3121 4071 libera
3154 4034 3253 4088 per
3283 4017 3785 4091 repromissionem

2176 4105 2320 4175 (Gal.
2357 4120 2433 4171 lv,
2460 4104 2548 4164 22,
2580 4104 2692 4172 23);
2739 4106 2836 4174 qui
2867 4112 3000 4159 sunt
3025 4106 3134 4160 duo
3156 4106 3367 4177 populi,
3401 4122 3550 4183 unus
3580 4106 3787 4160 Catho-

2178 4186 2431 4256 licorum,
2465 4194 2610 4247 alter
2628 4210 2756 4247 vero
2786 4194 3200 4261 hareticorum,
3225 4195 3369 4249 sicut
3394 4202 3530 4249 tunc
3562 4195 3658 4266 qui
3689 4212 3784 4249 se-

2176 4280 2419 4334 cundum
2443 4298 2668 4336 carnem
2701 4283 3145 4353 persequebatur
3168 4301 3296 4338 eum
3333 4283 3430 4355 qui
3460 4284 3780 4339 secundum

2173 4366 2433 4439 spiritum
2476 4371 2656 4439 (lbz‘d.,
2714 4372 2818 4438 :9);
2870 4371 2951 4425 ita
2986 4378 3043 4426 et
3074 4389 3240 4426 nunc.
3276 4373 3435 4427 Unde
3462 4372 3600 4426 dicit
3628 4373 3784 4426 Scri-

2174 4466 2342 4528 ptura
2374 4476 2384 4509 :
2440 4477 2466 4511 α
2501 4458 2647 4533 Ejice
2678 4459 2938 4513 ancillam
2973 4467 3030 4514 et
3074 4446 3259 4517 ﬁlium.
3294 4460 3442 4531 ejus.
3486 4467 3597 4516 .\ec
3627 4462 3785 4516 enim

2171 4534 2351 4601 haeres
2381 4544 2486 4601 erit
2517 4549 2666 4602 ﬁlius
2696 4549 2911 4603 ancilla:
2935 4566 3061 4604 cum
3079 4550 3192 4603 filio
3214 4550 3400 4604 liberae
3418 4552 3603 4616 (lbid.,
3631 4550 3780 4618 30)..

2171 4637 2367 4707 Itaque
2396 4637 2535 4691 Sara
2562 4639 2841 4693 clamante
2868 4639 2939 4693 ad
2969 4639 3252 4693 Abraham
3280 4639 3495 4717 Angelo
3526 4639 3782 4694 interce-

2176 4725 2362 4791 dente,
2399 4727 2603 4780 Ismael
2632 4745 2697 4782 ex
2729 4729 3118 4798 persecutione
3163 4728 3569 4807 exhaeredatur,
3620 4729 3783 4803 Isaac

2175 4830 2303 4867 vero
2335 4815 2664 4870 haereditate
2706 4817 2949 4871 donatur
2980 4818 3131 4883 (Gen.
3181 4832 3311 4889 XXI).
3339 4817 3476 4872 Ecce
3505 4816 3619 4870 alia
3654 4834 3784 4888 per-

2176 4903 2585 4976 secutio,quam
2616 4906 2772 4960 Isaac
2801 4907 3043 4961 sustinet
3063 4906 3537 4983 patienter.Fodit
3558 4912 3784 4977 puteos,

2137 5039 2141 5044 .
2177 5008 2315 5061 quos
2363 4998 2495 5046 ante
2526 4984 2742 5048 foderat
2772 5002 2932 5066 pater
2960 4997 3105 5065 ejus,
3145 4994 3359 5049 invenit
3406 5010 3636 5065 aquam,
3677 5010 3781 5065 pro

2174 5095 2283 5148 qua
2312 5080 2477 5134 rixati
2517 5089 2648 5135 sunt
2697 5074 2975 5154 Allophili
3001 5085 3148 5139 «Gen.
3186 5098 3337 5145 XXVI,
3374 5083 3460 5149 19,
3496 5082 3607 5154 '20).
3648 5085 3778 5139 Non

2170 5170 2520 5239 repugnavit,
2584 5171 2863 5242 patienter
2908 5173 3196 5236 sustinuit,
3252 5172 3502 5247 quandiu
3563 5173 3783 5229 invenit

2168 5252 2571 5311 abundantiam
2607 5267 2663 5313 et
2700 5277 2798 5329 per
2826 5260 3232 5316 abundantiam
3270 5260 3482 5314 veniret
3528 5260 3600 5314 ad
3635 5262 3775 5315 Ber-

2168 5345 2300 5398 sabe
2318 5347 2502 5411 (lbz’d.,
2533 5344 2748 5415 32,33),
2781 5365 2904 5417 qua:
2935 5358 3138 5418 puteus
3159 5348 3434 5418 septimus
3458 5355 3514 5402 et
3542 5349 3772 5419 requies

2176 5433 2598 5504 interpretatur,
2633 5436 2754 5489 luce
2780 5436 2983 5490 clarius
3003 5437 3413 5496 demonstrans.
3439 5454 3565 5491 cum
3589 5454 3781 5509 perse-

2177 5522 2325 5575 cutio
2352 5521 2422 5575 ab
2450 5521 2536 5577 his
2568 5525 2662 5594 qui
2689 5524 2826 5579 foris
2855 5532 2987 5579 sunt
3014 5525 3174 5581 nobis
3200 5526 3457 5592 infertur,
3474 5526 3774 5583 tolerando
