3920 6366
104 349 221 419 805'

1221 357 1443 417 LIBER‘
1472 343 1584 416 AD,
1606 361 1922 422 AMICUM.
1969 363 2112 422 LIB.
2160 363 2240 422 II.

3256 328 3392 428 806-.

105 488 676 544 devince'ndam.Cum
707 505 835 543 vero
868 490 936 543 ab
957 489 1047 543 his
1078 490 1172 560 qui
1193 490 1345 544 intus
1367 495 1499 544 sunt
1529 479 1764 547 evan-A
1783 490 1953 544 debat
1969 492 2259 562 exemplis.
2280 492 2563 563 Praecipue
2591 493 2878 555 Romanus
2909 493 3392 568 Christianusque'

105 580 278 649 gelica
308 579 449 632 falce
478 580 633 648 prius
674 579 1084 639 succidendam.
1135 585 1187 632 et
1219 587 1411 650 postea
1441 579 1699 633 omnibus

106 668 308 721 viribus
337 675 395 721 et
413 667 587 720 armis
600 667 1008 720 debellandam.
1033 668 1188 730 Quod
1223 669 1422 720 melius
1448 669 1701 721 ostende-

108 757 227 811 mus
257 757 552 826 exemplis;
586 757 681 808 sed
701 757 830 825 quid
852 757 1009 809 nobis
1029 775 1154 809 cum
1182 757 1494 826 allegoria?
1519 757 1700 810 venia-

108 864 227 900 mus
265 847 387 916 jam
433 847 499 898 ad
535 845 918 914 Evangelicam
950 847 1261 898 veritatem.
1297 847 1600 899 Veniamus
1629 846 1699 898 ad

105 938 280 990 lucem
319 956 341 985 α
371 951 493 1004 quae
523 934 801 986 illuminat
823 951 1046 986 omnem
1070 935 1351 987 hominem
1385 935 1697 988 venientem

104 1026 159 1078 in
188 1025 340 1077 hunc
367 1023 634 1076 mundum
671 1024 847 1089 (Joan.
881 1021 1006 1086 1,9).
1044 1043 1068 1074 »
1102 1023 1406 1076 Veniamus
1434 1025 1498 1076 ad
1538 1023 1704 1077 verba

107 1113 238 1167 coelo
254 1119 520 1181 terraque
542 1109 901 1173 durabiliore,
927 1117 982 1163 et
1008 1111 1352 1164 inveniemus
1380 1112 1518 1164 nihil
1544 1112 1704 1166 nobis

109 1219 228 1256 cum
281 1201 493 1254 mundo
534 1199 797 1265 amicum,
849 1200 992 1252 nilve
1045 1217 1362 1253 commune.
1406 1199 1537 1253 Ideo
1592 1219 1703 1255 non

110 1289 409 1343 dolendum
447 1294 532 1341 est
570 1287 746 1350 nobis,
781 1305 906 1340 cum
938 1288 1203 1357 perimus,
1238 1289 1331 1341 sed
1363 1291 1546 1360 potius
1571 1308 1705 1359 gau-

109 1379 374 1432 dendum.
407 1377 495 1431 Sic
526 1377 674 1429 enim
704 1376 959 1430 Salvator
979 1377 1059 1429 ait
1090 1396 1100 1428 :
1139 1397 1162 1426 ι
1193 1377 1379 1431 Nolite
1411 1379 1622 1442 mirari,
1657 1379 1703 1432 si

112 1468 226 1522 odit
255 1479 352 1519 vos
375 1465 841 1520 mundus,scitote
865 1465 995 1534 quia
1025 1481 1114 1517 me
1135 1466 1376 1535 priorem
1402 1467 1552 1519 vobis
1576 1467 1704 1520 odio

118 1555 312 1609 habuit
331 1553 742 1619 (Joan.xv,18).
771 1573 794 1604 ›
834 1554 898 1606 Et
930 1554 1134 1607 iterum
1169 1573 1178 1606 :
1221 1573 1244 1605 «
1281 1557 1480 1608 Pacem
1523 1573 1705 1609 meam

1783 586 2031 642 senatus,
2066 582 2160 650 qui
2195 597 2228 632 a
2261 581 2421 634 beato
2458 583 2836 652 apostolorum
2872 584 3116 655 principe
3146 603 3376 642 sumens

1784 668 2069 720 exordium
2121 687 2220 738 per
2261 669 2530 723 ducentos
2568 672 2742 724 ferme
2781 689 2956 725 annos
2986 672 3054 725 ad
3088 674 3164 743 pii
3197 675 3373 728 Cons-

1782 756 1986 808 tantini
2044 763 2316 827 tempora,
2379 760 2660 812 continuis
2711 760 2983 814 bellorum
3033 763 3379 818 successibus

1783 843 1979 897 diebus
2013 846 2378 916 noctibusque
2429 864 2552 900 cum
2602 849 2832 918 antiquo
2882 850 3044 903 hoste
3085 852 3380 906 decertans

1783 947 1955 984 xxxm
2012 932 2223 986 vicibus
2264 933 2332 987 de
2374 935 2568 988 eodem
2597 954 2872 990 venenoso
2899 945 3158 1007 serpente
3183 940 3381 994 trium-

1784 1021 1981 1089 phans,
2016 1039 2127 1075 non
2157 1027 2287 1076 ante
2309 1009 2784 1079 desiit'tolerando
2812 1032 3044 1088 certare,
3075 1026 3378 1097 subjiciens

1787 1109 1888 1162 sibi
1919 1111 2266 1180 principatus
2297 1117 2354 1164 et
2382 1119 2687 1182 potestates
2729 1117 2774 1182 tl
2802 1118 2943 1168 Petr.
2988 1131 3072 1174 III,
3100 1115 3209 1191 22),
3246 1118 3380 1186 quia

1788 1199 1967 1268 ipsum
2002 1200 2239 1252 Romani
2291 1201 2511 1271 imperii
2551 1203 2750 1255 ducem
2783 1205 3114 1258 Christianae
3145 1205 3382 1275 subjecit

1786 1288 2063 1357 religioni.

2237 1379 2476 1446 Emplicz't
2515 1383 2651 1433 liber
2687 1385 2924 1450 primus.

2108 1465 2380 1520 INCIPIT
2421 1468 2627 1522 LIBER
2669 1471 3061 1529 SECUNDUS.

1859 1551 2042 1622 Igitur
2091 1555 2455 1610 Constantino
2505 1575 2538 1610 a
2567 1560 2848 1628 Sylvestro
2880 1568 3084 1618 sanctae
3115 1565 3379 1638 Romana

116 1647 182 1698 do
218 1644 397 1706 vobis,
430 1659 622 1714 pacem
650 1642 907 1712 relinquo
937 1643 1125 1708 vobis;
1169 1661 1278 1696 non
1311 1645 1588 1714 quomodo
1619 1645 1707 1697 hic
1791 1641 2046 1696 Ecclesize
2097 1643 2352 1714 episcopo
2395 1645 2671 1716 baptizato
2693 1654 2749 1700 et
2779 1648 2847 1701 ab
2878 1651 3072 1705 eodem
3105 1653 3384 1725 imperiali

120 1735 490 1794 mundusdat,
511 1749 612 1802 ego
639 1733 708 1785 do
730 1731 883 1784 vobis
913 1735 1083 1796 (Joan.
1104 1748 1209 1784 xlv.
1243 1733 1348 1796 27).
1377 1753 1402 1784 »
1430 1734 1474 1787 Ο
1498 1741 1708 1803 quanta
1730 1801 1772 1811 ﬁ
1791 1729 2107 1784 diademate
2148 1734 2448 1786 sublimato
2477 1736 2665 1788 clausa
2696 1745 2825 1791 sunt
2868 1743 3096 1811 templa,
3125 1752 3387 1800 reseratae

119 1825 360 1894 dignitas
376 1801 646 1876 mundum
673 1839 797 1874 cum
825 1821 1073 1874 FilioDei
1096 1821 1301 1875 sentire
1322 1822 1629 1886 inimicum,
1649 1830 1708 1875 ut
1730 1801 1776 1859 Β
1796 1827 1928 1872 sunt
1975 1822 2246 1884 Ecclesize,
2294 1832 2584 1890 coeperunt
2613 1827 2916 1894 parietibus
2949 1830 3174 1902 depingi
3200 1834 3388 1904 imago

120 1915 368 1976 patrem,
401 1911 495 1980 qui
522 1911 578 1963 in
599 1910 751 1964 caelis
771 1915 872 1970 est,
895 1926 1005 1962 una
1037 1910 1240 1963 habere
1269 1911 1546 1980 possimus
1576 1912 1712 1963 ami-
1797 1909 2100 1962 Salvatoris
2131 1917 2186 1962 et
2212 1929 2240 1963 e
2265 1911 2480 1981 publice
2510 1914 2668 1982 dejici
2690 1917 2876 1986 imago
2897 1919 3072 1986 Jovis;
3098 1930 3390 1992 cceperunt

114 2019 257 2056 cum.
319 2000 425 2063 Qui
466 2004 658 2069 postea
702 2015 803 2051 nos
850 1998 1090 2051 invitans
1141 1999 1209 2050 ad
1253 2000 1586 2068 passionem,
1630 2000 1708 2052 sic
1793 1997 1992 2049 altaria
2026 1998 2162 2067 erigi
2196 2007 2250 2052 et
2287 2001 2586 2055 simulacra
2606 2005 2805 2073 dejiei;
2839 2008 3054 2062 reddita
3081 2018 3166 2064 est
3195 2028 3298 2082 pax
3326 2013 3386 2066 in

111 2092 185 2144 ait
218 2109 228 2142 :
270 2112 290 2139 ε
328 2087 515 2143 Nolite
546 2087 744 2140 timere
784 2104 877 2140 eos
906 2087 998 2156 qui
1029 2088 1287 2142 occidunt
1323 2105 1541 2159 corpus,
1585 2090 1706 2142 ani-

111 2197 256 2233 mam
305 2185 497 2232 autem
537 2194 647 2230 non
682 2182 916 2246 possunt
948 2177 1197 2230 occidere
1241 2179 1410 2231 Mat/1..
1445 2196 1495 2240 x,
1531 2177 1642 2249 ‘28).
1681 2179 1722 2228 ιΔ

108 2269 178 2323 Et
214 2273 344 2340 post
401 2281 576 2338 pauca
609 2285 618 2317 :
649 2285 673 2314 α
707 2265 765 2319 Si
805 2265 927 2335 quis
965 2267 1117 2319 venit
1165 2272 1287 2334 post
1329 2284 1435 2331 me,
1470 2267 1708 2336 abneget

113 2357 499 2427 semetipsum,
539 2360 595 2408 et
631 2354 793 2407 tollat
849 2371 1067 2407 crucem
1110 2371 1289 2418 suam,
1333 2361 1388 2408 et
1439 2361 1708 2425 sequatur

106 2462 191 2499 me
220 2443 415 2510 (Mam.
450 2461 539 2506 xv,
572 2443 683 2513 ‘24).
720 2462 744 2494 »
769 2442 928 2504 Quod
959 2443 1004 2494 si
1038 2443 1286 2495 membra
1307 2443 1510 2495 summi
1542 2445 1705 2514 Capi-

109 2535 177 2588 tis
205 2550 422 2592 sumus.
455 2531 722 2585 debemus
738 2548 863 2584 eum
899 2531 1168 2584 imitando
1195 2531 1356 2601 eique
1380 2532 1706 2587 inhaerendo

109 2625 238 2678 illuc
265 2623 497 2677 tendere
527 2637 635 2690 quo
684 2637 808 2673 eum
844 2621 1160 2690 pervenisse
1184 2637 1282 2689 pro
1317 2626 1467 2673 certo
1513 2638 1712 2690 cogno-

112 2714 290 2765 vimus
347 2711 722 2780 [inserendum
761 2711 902 2776 forte
948 2725 1049 2778 per
1091 2713 1171 2761 re!
1215 2699 1382 2778 post].
1426 2709 1624 2780 probra
1661 2715 1716 2762 et

115 2802 336 2872 ﬂagella
358 2805 414 2852 et
439 2798 724 2851 irrisiones
755 2804 811 2850 et
835 2796 1216 2866 turpissimam
1254 2804 1490 2851 mortem
1515 2800 1714 2862 crucis,

119 2894 183 2945 ad
213 2889 455 2961 gloriam
475 2887 730 2957 pervenit
759 2887 1182 2939 resurrectionis
1214 2895 1269 2939 et
1297 2897 1717 2941 consummatus

118 2982 314 3040 factus,
334 2974 516 3047 gloria
539 2982 594 3028 et
608 2976 817 3028 honore
838 2976 1318 3036 coronatus,sedet
1340 2977 1405 3029 ad
1431 2977 1718 3030 dexteram

119 3069 216 3124 Dei
265 3059 458 3121 Patris
498 3063 914 3133 omnipotentis.
952 3063 1040 3116 Sic
1068 3071 1124 3115 et
1155 3080 1272 3127 nos,
1309 3065 1354 3117 si
1388 3066 1480 3118 ﬁlii
1509 3066 1714 3119 summi

119 3159 302 3212 Patris
331 3169 547 3218 sumus,
583 3171 681 3224 per
708 3153 1022 3205 mundanas
1055 3154 1415 3223 possessione:
1451 3157 1716 3210 debemus

122 3244 391 3300 commori
408 3259 613 3303 secum,
634 3248 697 3294 ut
713 3247 1173 3311 conresurgente's
1192 3243 1356 3296 simul
1377 3262 1718 3314 conregnare

121 3334 420 3405 possimus,
456 3331 698 3400 q‘uodilli
725 3330 918 3383 matris
951 3337 1149 3384 nostrze
1182 3349 1292 3384 non
1325 3333 1579 3386 habentis
1602 3353 1718 3388 ma-

124 3424 305 3476 culam
342 3435 522 3489 neque
556 3435 750 3488 rugam
792 3419 959 3486 Epiros
1005 3437 1053 3480 v,
1086 3417 1172 3471 27.
1210 3421 1371 3489 primi
1401 3422 1724 3476 fundatores

127 3519 181 3567 et
236 3509 588 3565 documentis
627 3509 864 3562 docuere
904 3515 959 3561 et
1005 3509 1270 3578 exemplis
1313 3518 1714 3570 monstravere.

127 3598 450 3672 Respondet
477 3599 622 3651 enim
647 3597 793 3651 aliud
828 3597 1084 3668 princeps
1107 3598 1263 3650 ovilis
1297 3604 1352 3651 et
1381 3617 1473 3652 vas
1500 3602 1725 3655 electio-

130 3691 213 3742 nis
252 3695 310 3742 et
340 3688 438 3741 ﬁlii
483 3689 798 3755 Boarnages
830 3689 929 3738 ’z'ta
968 3688 1114 3749 cod.)
1160 3693 1216 3739 et
1251 3687 1450 3742 fratres
1498 3689 1725 3743 Domini

130 3777 425 3847 caaterique
451 3775 726 3829 Dominici
754 3774 939 3844 gregis
966 3775 1186 3840 arietes,
1215 3776 1365 3829 aliud
1391 3795 1490 3830 nos
1520 3779 1726 3832 docue-

130 3873 280 3927 runt,
307 3865 437 3936 quia
470 3865 737 3916 mundum
771 3881 894 3916 cum
929 3864 1146 3932 pompis
1177 3865 1292 3916 suis
1325 3865 1724 3936 relinquentes.

133 3961 255 4026 quae
285 3969 507 4007 sursum
541 3959 671 4004 sunt
699 3951 999 4021 sapiamus,
1035 3968 1142 4003 non
1176 3969 1296 4020 qure
1323 3969 1491 4022 super
1520 3961 1725 4008 terram

135 4044 254 4107 (Col.
285 4051 371 4104 In,
420 4041 495 4107 τὶ).
545 4041 701 4104 Quod
750 4040 1016 4110 exemplis
1075 4047 1544 4098 monstraverunt.
1605 4043 1735 4097 cum

133 4131 280 4186 irent
305 4130 618 4201 gaudentes
639 4147 670 4182 a
691 4136 988 4198 conspectu
1016 4128 1250 4192 concilii,
1284 4131 1546 4198 quoniam
1580 4132 1734 4201 digni

134 4220 309 4274 habiti
339 4223 503 4273 erant
533 4235 630 4288 pro
663 4219 887 4271 nomine
918 4218 1045 4270 Jesu
1072 4220 1439 4272 contumelias
1456 4220 1571 4288 pati
1597 4223 1730 4284 (Act.

1790 2091 1907 2136 toto
1939 2085 2070 2138 orbe
2102 2086 2358 2139 Ecclesiis
2383 2090 2632 2157 quamvis
2663 2109 2772 2144 non
2803 2094 2968 2164 longo
2997 2101 3250 2168 tempore.
3279 2100 3395 2160 du-.

1790 2179 2002 2224 ratura.
2033 2174 2080 2225 Ν
2087 2191 2175 2225 am
2199 2175 2448 2242 ejusdem
2473 2176 2546 2246 pii
2573 2179 2836 2248 principis
2850 2187 3121 2252 tempore,
3145 2180 3388 2241 surrexit

1789 2260 1974 2324 Arius,
2012 2262 2287 2316 maximus
2320 2264 2574 2319 Ecclesiae
2605 2267 2940 2335 devastator,
2973 2289 3006 2324 a
3037 2290 3145 2342 quo
3175 2275 3386 2330 Ariana

1791 2351 2018 2403 haeresis
2049 2362 2239 2405 exorta
2265 2359 2367 2416 est,
2403 2365 2458 2406 et
2487 2354 2556 2408 ab
2587 2373 2651 2409 eo
2682 2359 2834 2412 mille
2864 2360 3137 2416 lizereseos
3168 2365 3388 2419 novita-

1790 2444 2098 2498 tes,contra
2110 2458 2248 2511 quas
2261 2443 2413 2494 omni
2428 2444 2746 2498 Christiano
2771 2451 3134 2517 pugnandum
3152 2468 3250 2521 pro
3268 2431 3387 2506 ofﬁ—

1793 2529 1876 2580 cio
1897 2529 1983 2582 sui
2006 2530 2454 2584 consideratione
2484 2533 2621 2586 nulli
2651 2535 2884 2588 dubium
2913 2540 3175 2593 est.Nam
3207 2547 3390 2612 veter-

1795 2635 1965 2670 nosus
1987 2635 2149 2671 senex
2166 2619 2361 2673 dolens
2383 2620 2696 2690 impcrialia
2714 2642 2859 2687 vasa,
2871 2643 2971 2694 per
2986 2645 3108 2698 qua:
3123 2630 3391 2685 Christia-

1797 2723 1926 2758 nam
1950 2708 2389 2777 persequebatur
2413 2710 2738 2779 religionem
2761 2714 2866 2767 sibi
2885 2732 3005 2769 esse
3020 2718 3260 2783 sublata,
3277 2737 3393 2773 om-

1800 2811 1927 2846 nem
1967 2812 2026 2849 se
2056 2797 2279 2865 collegit
2311 2797 2366 2850 in
2397 2798 2558 2859 iram,
2595 2807 2651 2852 et
2681 2819 2780 2870 per
2810 2805 3080 2873 quosdam
3111 2823 3224 2859 sua)
3255 2809 3394 2862 artis

1801 2884 1945 2936 viros
1977 2885 2110 2937 falsa
2129 2887 2352 2954 justitia
2384 2887 2708 2954 inebriatos,
2743 2907 2852 2944 non
2883 2895 3254 2952 cessavitmec
3282 2914 3397 2952 ces-

1802 2980 1906 3037 sat,
1933 2989 2032 3024 nec
2070 2974 2136 3026 ad
2164 2991 2338 3043 usque
2369 2976 2519 3029 illius
2547 2996 2570 3025 «
2605 2977 2698 3046 qui
2722 2981 3009 3034 extollitur
3037 2999 3206 3052 super
3227 3001 3394 3039 omne

1802 3061 1893 3131 qui
1921 3061 2124 3114 dicitur
2155 3070 2251 3116 aut
2279 3064 2482 3118 colitur
2511 3066 2659 3118 Deus
2689 3069 2767 3128 (ΙΙ
2800 3070 2968 3122 Thess.
3015 3085 3078 3137 II,
3099 3072 3154 3140 4)
3189 3091 3214 3122 ››
3248 3079 3395 3126 tem-

1800 3139 1936 3220 pora
1967 3151 2205 3204 cessabit
2238 3153 2491 3206 Ecclesize
2521 3156 2803 3208 maculare
2825 3158 3157 3226 puritatem.

1872 3238 1977 3292 Sed
2017 3257 2138 3292 cum
2193 3257 2226 3292 a
2273 3239 2642 3296 Constantino
2669 3246 3018 3314 coeperimus,
3045 3250 3398 3306 Constantini

1803 3328 1997 3380 laudes
2017 3332 2547 3399 persequamur.Hic
2562 3342 2646 3385 est
2667 3335 3070 3390 Constantinus
3102 3341 3195 3409 qui
3219 3341 3400 3410 legem

1807 3417 1994 3486 posuit
2021 3419 2632 3487 evangeliceedoctrinze
2665 3432 3086 3488 consonantem,
3116 3437 3179 3483 ut
3207 3447 3404 3484 omnes

1808 3505 2047 3576 episcopi
2073 3505 2382 3560 Romanum
2408 3509 2727 3580 episcopum
2753 3513 3024 3568 haberent
3045 3524 3228 3588 caput,
3256 3521 3402 3574 sicut

1809 3612 2000 3647 omnes
2026 3595 2242 3663 judices
2268 3614 2484 3667 regem.
2525 3599 2625 3652 Hic
2662 3607 2746 3653 est
2780 3602 3079 3658 Dominicze
3107 3607 3286 3660 crucis
3321 3610 3403 3662 in-

1809 3685 2316 3738 ventorChristiani
2331 3687 2571 3740 nominis
2588 3689 2861 3742 maximus
2874 3698 3402 3763 prepagatoralmae

1810 3789 1962 3824 novae
1993 3773 2182 3826 Romae
2211 3774 2491 3835 fundator.
2510 3775 2865 3832 basilicarum
2897 3782 3209 3852 praecipuus
3231 3785 3405 3838 fabri-

1811 3869 1967 3912 cator
1986 3881 1997 3924 ;
2019 3863 2107 3914 hic
2138 3871 2217 3915 est
2235 3864 2330 3932 qui
2361 3863 2520 3917 nobis
2545 3872 2794 3918 sanctam
2818 3867 3100 3922 Nicaenam
3121 3874 3401 3942 synodum

1814 3951 2190 4020 congregavit,
2217 3952 2273 4004 in
2307 3970 2414 4022 qua
2440 3953 2689 4006 omnium
2723 3955 3108 4026 episcoporum
3141 3961 3409 4018 subsellia

1815 4039 1934 4108 ipse
1966 4041 2297 4111 composuit,
2323 4048 2378 4094 et
2407 4041 2521 4111 ipse
2548 4041 2649 4094 sub
2673 4044 2918 4112 pedaneo
2944 4047 3146 4100 sedens
3167 4051 3408 4108 scabello

1816 4128 2106 4198 indignum
2134 4129 2391 4198 judicans
2434 4131 2778 4199 imperialem
2818 4135 3006 4187 sedem
3035 4137 3251 4193 thronis
3282 4141 3410 4196 illo-

1819 4235 1942 4270 rum
1964 4218 2029 4270 ad
2040 4218 2518 4288 misceri,quorum
2541 4219 2700 4272 sedes
2715 4220 3047 4290 judicaturze
3062 4229 3412 4286 suntduode-

135 4327 185 4375 v,
221 4310 338 4375 41).
386 4308 569 4378 Igitur
619 4316 914 4378 postquam
971 4307 1028 4359 in
1074 4324 1293 4360 omnem
1325 4313 1531 4360 terram
1572 4309 1738 4361 exivit
1760 4343 1806 4400 D
1829 4306 1933 4358 cim
1965 4307 2144 4360 tribus
2171 4305 2345 4359 Israel
2379 4309 2561 4370 (Mam.
2595 4323 2706 4371 xIx,
2741 4308 2849 4367 ‘28).
2879 4310 2983 4365 Cui
3011 4330 3135 4367 cum
3167 4319 3414 4386 quadam

142 4415 310 4453 sonus
372 4413 565 4451 eorum
632 4399 790 4456 (Psal.
851 4409 1008 4455 xvm,
1061 4394 1137 4465 5).
1181 4397 1550 4449 consummati
1606 4397 1737 4450 facti

138 4486 428 4541 constituti
458 4485 588 4538 sunt
604 4483 883 4555 principes
897 4500 1065 4553 super
1093 4501 1314 4537 omnem
1343 4492 1550 4538 terram
1570 4485 1734 4550 (Psal.

143 4591 290 4639 xLIv,
344 4575 451 4641 17).
503 4572 622 4626 Hos
663 4581 888 4626 secutus
941 4579 1025 4625 est
1069 4580 1378 4643 martyrum
1410 4575 1739 4627 candidatus

143 4665 452 4730 exercitus,
488 4661 582 4732 qui
621 4679 718 4732 per
753 4662 903 4714 varia
946 4678 1234 4732 pcenarum
1265 4679 1474 4731 genera
1504 4669 1738 4715 mortem

142 4755 511 4814 invenientes,
554 4760 820 4805 {eternam
871 4751 1038 4803 vitam
1082 4753 1278 4804 lucratl
1312 4758 1460 4806 sunt.
1496 4747 1748 4816 Quorum

143 4845 236 4898 alii
268 4841 553 4914 stipitibus
582 4840 856 4910 suspensi,
896 4840 991 4892 alii
1040 4841 1203 4893 variis
1247 4840 1743 4912 cruciatibus‘per-

146 4933 338 5004 empti,
391 4931 486 4984 alii
529 4929 706 5000 capite
733 4930 1000 4993 truncati,
1043 4930 1140 4982 alii
1179 4929 1283 4981 vivi
1329 4931 1613 4987 excoriati.
1649 4931 1744 4984 alii

149 5022 392 5078 ﬂammis
421 5019 780 5080 concremati,
812 5018 908 5071 alii
941 5017 1263 5071 fluminibus
1295 5019 1493 5082 necati,
1527 5019 1622 5072 alii
1654 5037 1746 5073 ve—

148 5113 329 5166 ctibus
357 5107 644 5180 perforati,
665 5107 758 5160 alii
791 5107 893 5159 vivi
919 5107 1142 5166 defessi,
1175 5107 1270 5160 alii
1301 5108 1604 5162 luminibus
1636 5109 1750 5178 pri-

150 5201 282 5259 vati,
316 5199 408 5252 alii
443 5195 707 5250 membris
737 5195 952 5249 caeteris
1001 5195 1297 5268 debilitati.
1340 5198 1434 5249 alii
1465 5197 1619 5255 secti,
1654 5197 1750 5250 alii

1825 4395 1914 4447 die
1945 4395 2112 4448 libelli
2144 4391 2556 4449 accusatiOnum
2581 4397 2650 4450 ab
2672 4398 2945 4470 episcopis
2966 4404 3414 4478 porrigerentur,

1824 4483 2001 4536 fertur
2032 4484 2233 4536 dixisse
2255 4503 2264 4536 :
2286 4483 2463 4546 Absit,
2490 4491 2553 4538 ut
2573 4487 2936 4556 egojudicem
2953 4490 3086 4544 deos
3110 4493 3120 4544 !
3155 4495 3235 4548 De
3264 4496 3418 4552 vobis

1825 4572 1972 4624 enim
2002 4572 2210 4624 dictum
2239 4579 2354 4625 est:
2385 4592 2410 4625 «
2437 4574 2550 4644 Ego
2573 4575 2694 4628 Dixi
2722 4594 2732 4628 :
2769 4577 2857 4629 Dii
2888 4579 3021 4632 estis
3040 4583 3202 4647 (Psal.
3224 4601 3413 4654 LXXXI,

1826 4661 1916 4728 6);
1957 4683 1977 4710 ι
2020 4678 2199 4730 neque
2242 4661 2393 4715 enim
2432 4673 2646 4717 rectum
2692 4671 2777 4718 est
2817 4673 2881 4719 ut
2924 4670 3102 4738 major
3138 4689 3170 4724 a
3202 4674 3420 4730 minore

1821 4747 2122 4819 judicetur.
2185 4743 2288 4802 llic
2327 4756 2432 4810 est,
2487 4751 2556 4803 de
2601 4769 2708 4822 quo
2740 4753 2948 4822 legitur
2979 4757 3183 4812 dixisse
3211 4762 3343 4830 quia
3371 4763 3419 4816 si

1826 4839 2131 4891 invenirem
2149 4831 2682 4909 aliquem,religioso
2698 4841 2890 4896 habitu
2910 4844 3416 4918 circumamictum,

1831 4919 2235 4998 turpitudinem
2275 4917 2623 4998 operantem,
2657 4930 2824 4998 pallio
2857 4948 2980 4984 meo
3009 4939 3422 5006 cooperuissem

1832 5034 1981 5080 eum,
2031 5034 2100 5070 ne
2146 5015 2391 5085 dignitas
2439 5016 2582 5070 tanti
2612 5017 2856 5072 nominis
2883 5019 3276 5082 infamaretur.
3317 5029 3423 5084 Hic

1833 5106 2061 5176 reliquit
2088 5106 2250 5168 ﬁlios,
2284 5105 2530 5158 haeredes
2561 5105 2785 5175 quidem
2819 5110 2996 5177 regni,
3031 5112 3126 5164 sed
3161 5130 3273 5168 non
3295 5105 3424 5171 reli-

1832 5194 2185 5263 gionisNam
2231 5187 2378 5246 ﬁlius
2433 5195 2552 5262 ejus
2602 5195 2979 5260 tonstantius,
3023 5199 3119 5269 qui
3147 5201 3424 5262 defunctis.

151 5280 405 5358 lapidati,
454 5284 548 5336 alii
600 5281 818 5336 vincula
869 5289 924 5336 et
975 5282 1202 5336 verbera
1249 5284 1478 5353 experti,
1524 5283 1754 5354 insuper
1835 5281 2104 5337 fratribus
2154 5273 2379 5353 imperii
2428 5288 2554 5352 post
2579 5299 2704 5336 eum
2737 5285 2980 5354 suscepit
3021 5293 3427 5361 monarchiam,

156 5386 211 5434 et
235 5393 485 5433 carceres
527 5377 926 5429 circumierunt
954 5377 1024 5428 ’in
1073 5376 1293 5429 melotis
1323 5383 1380 5430 et
1425 5377 1486 5428 in’
1519 5377 1754 5447 pellibus
1839 5369 2060 5426 Arianae
2094 5374 2366 5426 haereseos
2422 5365 2536 5426 zelo
2585 5371 2917 5425 mirabiliter
2967 5379 3198 5432 vastavit
3247 5382 3430 5438 Eccle-

159 5458 399 5538 caprinis'
435 5460 617 5530 (Hebr.
659 5477 736 5526 x1,
767 5463 875 5533 3'7).
907 5464 1025 5518 I-Ios
1055 5463 1130 5516 ad
1148 5471 1258 5516 tam
1281 5465 1606 5535 praeclaram
1633 5461 1754 5533 glo-
1844 5462 2012 5527 siam;
2036 5453 2173 5515 nam.
2198 5461 2484 5543 episcopos
2510 5460 2701 5538 exsilio
2715 5461 2982 5530 relegavit
3009 5467 3278 5552 quosdam
3304 5489 3430 5528 vero

159 5557 306 5609 riam"
331 5551 591 5626 perduxit
631 5553 967 5632 pontiﬁcalis
996 5561 1153 5636 apex,
1190 5554 1303 5623 qui,
1336 5553 1589 5623 quamvis
1619 5559 1758 5636 pene
1840 5550 2389 5636 gladiovltruncavita
2416 5549 2518 5628 Hic
2533 5565 2806 5631 cumiper
2836 5549 3433 5629 Ειξῐῐιοεεηέωμῑθςθη

162 5637 278 5700 toto
297 5634 432 5700 orbe
454 5627 997 5714 jam'd‘iffusus,quod
1016 5630 1194 5696 verbis
1205 5630 1760 5713 praedicabatmstén:
1841 5631 2262 5706 ctum,Paulum
2295 5627 2618 5709 episcopum
2646 5637 2804 5709 Cpoli
2832 5641 3110 5710 expellere
3132 5627 3430 5719 niteretur,
