3920 6362
511 300 619 361 8σ7
1519 293 1909 355 BONIZONIS
1950 297 2388 382 PLACENTINT
2431 295 2762 357 EPISCOPI
2774 341 2787 356 .
3692 299 3811 359 ΜΒ

510 427 752 500 populus
784 424 1200 481 Catholicorum
1228 423 1431 479 divinae
1457 423 1600 496 legis
1620 425 1736 480 zelo
1766 431 2018 480 armatus
2044 425 2105 481 in
2121 427 2463 488 Acanonum
2485 425 2695 496 eligite,
2728 422 2825 496 qui
2856 422 3064 478 nostris
3092 421 3272 496 possit
3300 421 3513 479 mederi
3542 423 3807 481 vulneri-

510 520 734 569 tantum
766 531 866 585 pro
897 513 1131 568 veritate
1149 513 1470 579 decertavit,
1494 520 1559 566 ut
1578 513 1758 584 ipsum
1784 515 2106 584 praefectum
2189 516 2312 569 bus.
2345 516 2524 580 Quam
2556 513 2822 586 piissimis
2848 511 3113 584 principis
3139 512 3521 567 humilitatem
3558 513 3708 568 Deus
3730 529 3804 568 ex

512 620 641 658 cum
658 603 813 657 omni
837 602 1003 656 domo
1028 618 1128 656 sua
1150 607 1206 655 et
1225 601 1436 655 familia
1463 601 1591 671 igne
1605 601 2108 667 cremarent.Quod
2190 604 2301 657 alio
2321 602 2625 674 respiciens
2643 590 2941 661 exaudivit.
2970 606 3029 654 et
3053 599 3156 655 sibi
3186 606 3244 655 et
3275 600 3530 656 Ecclesiae
3560 602 3804 674 donavit

513 691 725 746 factum
746 707 858 746 non
872 697 959 745 est
978 690 1373 762 asapientibus
1396 689 1897 760 improbatum,sed
1921 691 2105 761 potius
2188 692 2546 747 Ambrosium
2578 691 2931 763 episcopum;
2968 689 3065 761 qui
3093 689 3345 761 quandiu
3374 688 3509 743 vixit
3536 707 3680 761 erga
3716 706 3808 745 sa-

515 780 981 844 laudatum.Quid
1008 780 1245 834 referam
1262 779 1332 832 de
1363 779 2105 850 Alexandrinis.quantapro
2189 781 2470 835 cerdotem
2513 780 2611 835 Dei
2653 779 3044 834 devotissimus
3071 778 3301 850 paciﬁca
3345 779 3648 850 imperium
3685 780 3810 835 Ro-

519 870 577 924 S.
608 868 913 923 Athanasio
933 868 1190 940 episcopo
1219 867 1466 938 perpessi
1497 872 1647 929 sunt,
1664 874 1971 937 quantasve
1993 868 2110 921 lau-
2190 886 2420 924 manum
2451 868 2803 939 gubernavit.
2837 868 2947 923 Sed
2975 885 3011 922 a
3040 867 3117 938 pii
3137 866 3493 922 Constantini
3520 884 3710 939 usque
3732 868 3811 922 ad

519 958 732 1014 debiles
762 974 978 1029 pugnas
1003 962 1199 1011 contra
1229 956 1467 1010 Arianos
1495 957 1611 1010 zelo
1640 956 1960 1010 orthodoxae
1980 955 2109 1009 fidei
2192 956 2688 1028 Langobardorum
2707 956 2954 1015 crudelia
2975 972 3150 1026 regna
3161 956 3409 1029 quinque
3429 957 3675 1011 Romani
3700 956 3813 1012 im-

520 1047 886 1102 exercuerint.
914 1044 1059 1110 Quid
1079 1046 1149 1099 de
1172 1044 1694 1110 Mediolanensibus,
1722 1045 1966 1116 qualiter
2004 1044 2110 1116 ipsi
2194 1046 2335 1117 perii
2359 1046 2638 1117 principes
2665 1045 2973 1099 secundum
3004 1044 3103 1099 Dei
3129 1044 3393 1100 timorem
3420 1050 3478 1100 et
3503 1045 3810 1117 episcopo-

522 1135 851 1201 Constantio
899 1135 1105 1189 volenti
1144 1134 1431 1205 episcopos
1461 1133 1520 1187 in
1552 1134 1796 1187 Ecclesia
1824 1134 2113 1187 latitantes
2194 1151 2320 1189 rum
2350 1134 2584 1188 consilia
2614 1141 2670 1189 et
2689 1133 2964 1205 praecipue
2988 1132 3093 1187 sub
3112 1133 3365 1189 Romano
3385 1134 3647 1206 episcopo
3665 1133 3809 1189 obe-

520 1243 738 1299 capere,
797 1224 969 1279 armis
1015 1224 1292 1281 restitere.
1331 1239 1539 1294 eosque
1572 1222 1645 1276 ab
1676 1222 1823 1277 illius
1866 1222 2114 1277 cruentis
2195 1222 3809 1294 dientesexstitere.Ecclesiascolendo,clericosdiligendo

521 1314 842 1369 manibusvi
862 1330 1117 1385 rapuere.
1150 1312 1257 1367 Sed
1287 1311 1550 1383 quoniam
1567 1311 1828 1382 praefatus
1844 1312 2114 1367 Constan-
2195 1312 2513 1366 sacerdotes
2540 1310 2886 1377 honorando,
2902 1311 3034 1365 dum
3059 1310 3243 1365 vixere
3269 1312 3385 1366 alta
3415 1328 3550 1384 pace
3573 1328 3809 1383 rempu-

520 1403 633 1459 tius
664 1420 776 1458 non
816 1402 962 1474 patri
1008 1400 1428 1472 aequiperando,
1461 1400 1558 1455 sed
1585 1399 1745 1470 quasi
1767 1416 2112 1471 paganorum
2197 1399 2398 1454 blicam
2423 1399 2897 1470 gubernaverunt,
2927 1405 2985 1453 et
3015 1405 3253 1454 mortem
3274 1399 3387 1454 vita
3415 1406 3629 1455 aeterna
3648 1418 3781 1455 com
3799 1430 3811 1441 -

522 1509 681 1547 more
705 1492 1012 1563 episcopos,
1032 1490 1286 1561 quamvis
1306 1490 1423 1543 zelo
1442 1488 1543 1543 Dei
1563 1488 1659 1543 sed
1683 1506 1793 1543 non
1807 1489 2113 1543 secundum
2198 1496 2584 1555 mutaverunt;
2619 1488 2715 1560 qui
2745 1504 2874 1541 vero
2904 1487 3288 1544 inobedientes
3317 1490 3473 1543 fuere
3506 1490 3655 1544 malo
3687 1490 3810 1544 fine

523 1580 815 1636 svientiam
844 1585 1170 1651 persecutus
1198 1576 1784 1649 est,ejustemporibus
1803 1577 2119 1648 respublica
2197 1577 2513 1649 perierunt;
2547 1581 2613 1631 ut
2647 1576 2870 1640 Valens,
2906 1576 3287 1632 Valentiniani
3313 1577 3507 1643 frater,
3540 1578 3636 1651 qui
3685 1578 3810 1632 Va-

525 1671 767 1725 multum
800 1675 996 1723 vexata
1026 1675 1129 1735 est;
1155 1684 1287 1722 nam
1317 1674 1375 1722 et
1403 1668 1588 1722 Persae
1619 1668 1899 1722 Romanos
1928 1667 2118 1721 termi-
2137 1699 2181 1759 Β
2199 1665 2508 1721 lentiniano
2524 1666 3810 1733 mortuo,cumeisuccessisset,Valentinianus

524 1774 627 1814 nos
654 1758 948 1823 transiere,
973 1763 1029 1812 et
1048 1758 1387 1812 Francorum
1422 1756 1603 1810 valida
1618 1773 1756 1827 gens
1777 1756 1926 1828 ripas
1937 1756 2117 1811 Rheni
2137 1754 2176 1759 ”’
2200 1754 2321 1825 ejus
2336 1755 2483 1808 filius
2500 1771 2626 1809 cum
2652 1754 2872 1809 Justina
2901 1760 3080 1809 matre
3102 1771 3205 1809 sua
3223 1755 3484 1811 haeretica
3505 1772 3811 1812 assumens

525 1846 748 1912 invasit,
773 1863 897 1918 quae
911 1862 1088 1917 usque
1101 1845 1266 1900 hodie
1286 1844 1618 1899 Christianae
1633 1844 1980 1915 quidem,sed
2002 1861 2115 1898 non
2200 1843 2578 1914 tyrannidem,
2592 1848 2745 1897 totus
2758 1843 3020 1908 Arianus,
3035 1844 3295 1899 ecclesias
3305 1844 3607 1899 orientales
3619 1852 3815 1900 vasta-

525 1936 792 1991 Romanze
820 1935 1071 2005 subjecta
1099 1939 1186 1988 est
1212 1933 1431 1988 ditioni.
1449 1934 1570 1997 Quo
1594 1940 1834 1997 mortuo,
1858 1933 2115 1988 Julianus
2199 1932 2296 1997 vit,
2319 1931 2717 2003 episcoposque
2731 1931 2896 1986 exilio
2914 1932 3389 2003 relegavit.Hujus
3412 1950 3635 2006 quoque
3650 1939 3814 1989 tem-

524 2025 577 2080 ei
604 2026 873 2081 successit
899 2024 957 2079 in
986 2039 1243 2094 regnum,
1265 2023 1348 2077 vir
1374 2028 1631 2094 apostata
1660 2029 1716 2077 et
1737 2023 1851 2077 Deo
1873 2021 2114 2088 odibilis,
2200 2038 2335 2093 pore
2365 2020 2533 2075 Gothi
2553 2026 2611 2074 et
2630 2021 2974 2090 Massagetes
2988 2022 3256 2091 llystrum
3267 2027 3649 2085 transeunt,et
3672 2023 3814 2095 Illy-

525 2115 623 2186 qui
652 2130 752 2186 per
779 2113 1108 2177 triennium,
1133 2111 1336 2184 quibus
1368 2128 1480 2166 non
1511 2112 1822 2166 Romanum
1844 2110 2119 2182 guberna-
2200 2111 2378 2164 ricum
2406 2114 2701 2180 occupant,
2734 2109 3074 2181 Epirumque
3100 2110 3405 2179 invadunt;
3436 2110 3664 2166 demum
3700 2129 3811 2167 ve-

523 2204 623 2269 vit,
637 2202 985 2259 sedvastavit
1010 2201 1577 2273 imperium,quantas
1597 2200 1950 2255 sacerdotum
1979 2206 2121 2255 stra-
2201 2197 2420 2252 nientes
2451 2197 2819 2253 Calcedonam
2864 2198 3050 2269 ipsum
3088 2199 3385 2254 scelestum
3426 2198 3805 2267 interficiunt,

524 2310 626 2364 ges
662 2291 897 2358 dederit,
928 2296 1233 2364 quantosve
1282 2289 1633 2346 Christianos
1669 2289 1905 2345 diversis
1941 2288 2119 2361 poenis
2199 2286 2742 2358 Constantinopolim
2770 2285 3047 2341 obsident.
3076 2287 3184 2342 Sed
3216 2287 3473 2344 mirabile
3502 2288 3688 2344 dictu!

526 2381 792 2446 atl'ecerit,
826 2396 938 2436 non
986 2385 1074 2434 est
1097 2379 1259 2434 facile
1288 2378 1462 2433 dictu.
1496 2377 1607 2433 Sed
1638 2378 1835 2432 eodem
1865 2383 2121 2449 tempore
2271 2374 2563 2430 Dominica
2582 2375 2703 2445 ejus
2734 2374 2948 2438 relicta,
2982 2375 3131 2447 quod
3147 2375 3229 2431 vir
3249 2392 3361 2431 non
3379 2375 3581 2448 potuit.
3612 2377 3815 2432 civita-

525 2465 761 2520 fuerunt
791 2481 903 2519 non
923 2464 1102 2519 solum
1127 2462 1510 2528 sacerdotalis,
1543 2462 1641 2516 sed
1667 2461 1835 2516 etiam
1856 2461 2117 2515 militaris
2201 2468 2313 2518 tem
2332 2480 2367 2517 a
2390 2463 2641 2518 barbaris
2669 2462 2943 2518 liberavit.
2970 2464 3149 2522 Fuere
3178 2465 3350 2520 etiam
3399 2465 3495 2520 alii
3542 2466 3817 2538 pestilen-

527 2553 761 2620 ordinis,
793 2553 889 2625 qui
915 2554 1035 2623 ejus
1067 2551 1305 2607 vesaniae
1329 2556 1523 2623 aperte
1555 2550 1899 2617 resisterent,
1930 2556 1994 2605 ut
2020 2552 2117 2605 Jo-
2199 2558 2304 2620 tes,
2335 2558 2400 2606 ut
2423 2551 2651 2622 quidam
2673 2552 2819 2607 Zeno
2840 2557 2898 2606 et
2925 2552 3331 2608 Constantinus
3359 2559 3417 2608 et
3439 2554 3807 2622 Anastasius,

524 2643 746 2711 vianus,
777 2642 873 2714 qui
912 2643 1034 2713 ejus
1075 2640 1342 2696 successit
1379 2639 1643 2711 imperio;
1682 2639 1778 2710 qui
1816 2655 1944 2694 cum
1975 2642 2121 2694 esset
2201 2640 2299 2713 qui
2325 2646 2582 2713 proterve
2611 2641 2846 2713 loquens
2874 2641 2944 2695 de
2984 2658 3127 2714 papa
3149 2641 3338 2698 divino
3366 2642 3599 2699 fulmine
3628 2643 3818 2699 inter-

525 2732 878 2788 millenarius
891 2730 1115 2801 cingulo
1134 2735 1267 2784 ante
1286 2728 1629 2783 renuntiavit
1644 2744 1809 2799 quam
1833 2728 2116 2798 dogmati;
2202 2735 2425 2801 emptus
2443 2734 2529 2784 est
2552 2748 2565 2795 ;
2597 2735 2655 2783 et
2677 2729 3127 2797 Valentinianus,
3178 2730 3275 2802 qui
3315 2748 3443 2787 cum
3485 2737 3665 2786 matre
3703 2750 3816 2788 sua

526 2822 623 2877 sed
655 2826 713 2876 et
764 2818 1148 2874 Valentiniani
1200 2817 1373 2871 divini
1427 2815 1633 2872 amoris
1687 2816 1960 2870 fervorem
2008 2833 2121 2871 non
2203 2817 2426 2873 Justiua
2448 2834 2622 2888 regno
2641 2835 2742 2872 suo
2767 2818 3031 2890 expulsus
3047 2824 3153 2886 est,
3180 2819 3277 2874 sed
3299 2836 3398 2891 per
3421 2821 3809 2877 Theodosium

526 2909 975 2982 praetermittam.
1011 2908 1109 2965 llic
1131 2923 1257 2962 cum
1281 2900 1523 2977 quadam
1555 2905 1645 2960 die
1674 2923 1739 2959 ex
1768 2905 1970 2971 officio,
2002 2909 2125 2958 erat
2206 2906 2361 2978 pium
2392 2906 2705 2978 principem
2736 2913 3101 2979 recuperatas
3118 2913 3221 2963 est.
3251 2909 3322 2963 Et
3348 2910 3813 2982 Basilius,etqui-

529 3000 683 3055 enim
714 2998 973 3071 princeps
1001 2996 1247 3051 cohortis
1262 2994 1566 3066 legionum,
1582 2994 2121 3064 regemintraturum
2140 3054 2178 3071 ﬁ
2204 2995 2331 3050 dem
2361 2995 2472 3050 Leo
2491 3001 2549 3050 et
2574 2994 2893 3064 Mauritius,
2924 2997 3017 3067 qui
3043 3013 3169 3051 cum
3190 3013 3363 3052 uxore
3384 3002 3441 3052 et
3471 2998 3601 3053 filiis
3629 2998 3748 3054 suis
3772 3016 3813 3054 a

524 3054 799 3159 templum
851 3054 1111 3142 Fortunae
1155 3054 1417 3149 anteiret,
1450 3054 1692 3153 eumque
1743 3082 2023 3143 sacerdos.
2057 3054 2180 3136 utC
2201 3084 2347 3138 Foca
2376 3089 2555 3138 morte
2586 3054 2891 3139 damnatus
2914 3054 3022 3153 est;
3061 3091 3118 3141 et
3145 3086 3243 3141 alii
3269 3103 3439 3165 quam
3467 3087 3679 3159 plures,
3709 3089 3811 3160 qui

524 3177 698 3231 moris
727 3180 869 3237 erat,
915 3189 1064 3245 aqua
1100 3170 1750 3243 aspersionisintrantem
1774 3176 2114 3242 aspergeret,
2201 3172 2546 3227 sacerdotem
2599 3172 2701 3227 Dei
2744 3172 3145 3228 inhonorantes
3199 3174 3491 3246 privilegia
3533 3175 3806 3231 Romanae

526 3265 729 3319 accidit
746 3269 811 3318 ut
836 3264 921 3316 vir
950 3259 1460 3317 Christianissimus
1474 3266 1694 3331 guttam
1714 3276 1875 3332 aquae
1895 3260 1952 3314 in
1972 3260 2120 3314 chla-
2202 3261 2459 3316 Ecclesiae
2486 3260 2708 3316 auferre
2739 3262 3034 3317 molientes
3064 3268 3121 3317 et
3156 3262 3214 3317 in
3246 3264 3506 3334 praesenti
3536 3264 3651 3318 vita
3680 3281 3799 3320 non

526 3352 695 3423 myde
751 3366 855 3405 sua
894 3350 1186 3421 aspiceret,
1239 3365 1477 3419 moxque
1533 3348 1837 3403 Christiani
1876 3348 2119 3403 nominis

525 3442 643 3495 zelo
670 3455 970 3494 succensus
1000 3446 1131 3493 ante
1168 3435 1455 3492 saevissimi
1494 3437 1848 3509 imperatoris
1873 3453 2119 3509 praesen-

524 3530 662 3584 tiam
690 3529 749 3583 in
778 3528 898 3600 ipso
928 3527 1162 3582 introitu
1184 3526 1376 3598 templi
1408 3527 1755 3582 sacerdotem
1784 3543 1975 3598 pugno
1992 3543 2120 3596 per-

526 3634 748 3674 cussum
780 3616 1354 3689 prostravit,clamans
1366 3631 1427 3670 sc
1457 3615 2000 3671 Christianissimum
2017 3632 2117 3686 pro

527 3706 632 3760 hac
659 3705 981 3777 aspersione
1010 3704 1196 3776 potius
1223 3705 1565 3758 maculatum
1595 3720 1763 3775 quam
1790 3710 2113 3775 purgatum.

526 3795 686 3859 Quod
716 3795 922 3849 factum
948 3793 1007 3849 in
1037 3799 1257 3847 tantum
1280 3792 1395 3847 Deo
1413 3792 1640 3864 placuit,
1658 3793 1805 3865 quod
1834 3799 1966 3849 ante
1985 3791 2119 3847 anni

525 3885 867 3940 curriculum
900 3885 1075 3939 totius
1114 3882 1348 3938 Romani
1400 3882 1620 3955 imperii
1655 3884 2039 3939 monarchiam
2067 3883 2119 3938 ei

525 3974 760 4029 tradidit
783 3972 1229 4044 gubernandam.
1266 3973 1408 4027 Nam
1438 3972 1661 4027 Juliano
1690 3974 1932 4044 turpiter
1968 3973 2120 4045 apud

525 4063 726 4117 Persas
756 4064 929 4117 vitam
960 4061 1208 4125 ﬁnientc,
1238 4077 1365 4116 cum
1397 4061 1661 4117 Jovianus
1692 4061 1742 4116 ei
1766 4062 2122 4117 successisset

525 4150 585 4206 in
613 4151 934 4222 imperium,
966 4156 1099 4205 ante
1131 4150 1267 4204 anni
1303 4150 1646 4205 curriculum
1677 4150 1735 4205 in
1766 4167 1901 4222 pace
1931 4152 2121 4222 sepul-

527 4245 620 4295 tus
639 4244 756 4306 est;
790 4255 901 4310 quo
926 4244 1169 4303 mortuo,
1201 4236 1622 4294 Valentinianus
1661 4238 1713 4293 ei
1760 4239 2027 4295 successit
2062 4240 2121 4295 in

2200 3349 2481 3422 quievere,
2505 3356 2563 3405 et
2590 3350 2647 3405 in
2674 3356 2949 3406 aeternum
2981 3352 3221 3424 periere.
3253 3353 3504 3416 Quorum
3533 3354 3805 3426 tempori-

2200 3438 2303 3494 bus
2334 3444 2392 3494 et
2414 3440 2713 3495 Persarum
2744 3440 3024 3496 exercitus
3072 3440 3541 3513 Mesopotamiam
3567 3442 3803 3509 invasit,

2202 3531 2260 3581 et
2282 3528 2719 3582 Sarracenorum
2769 3528 3014 3600 pessima
3052 3547 3193 3601 gens
3220 3546 3443 3585 omnem
3472 3530 3719 3586 Africam
3745 3536 3808 3586 et

2201 3613 2597 3671 Marmaricam
2625 3623 2682 3672 et
2710 3617 2943 3689 Lybiam
2974 3623 3029 3673 et
3060 3618 3336 3690 Egyptum
3360 3625 3417 3675 et
3445 3619 3712 3674 Arabiam
3744 3626 3806 3675 et

2197 3705 2448 3760 Iudaeam
2495 3711 2552 3760 et
2599 3706 2856 3761 Fenicem
2900 3725 2936 3761 a
2963 3708 3219 3762 Romana
3262 3707 3538 3764 subtraxit
3580 3708 3797 3765 ditione

2200 3793 2285 3849 Ab
2313 3795 2576 3866 aquilone
2596 3812 2725 3849 vero
2769 3796 3067 3851 Hunorum
3092 3795 3285 3851 feritas
3314 3803 3372 3852 et
3400 3798 3637 3853 Gothica
3663 3806 3807 3853 tem-

2201 3889 2388 3955 pestas
2414 3890 2471 3938 et
2490 3884 2912 3939 Guandalorum
2932 3885 3174 3956 procella
3196 3903 3420 3941 omnem
3442 3887 3681 3942 vastavit
3701 3888 3806 3943 Oc-

2201 3971 2498 4038 cidentem,
2534 3972 2783 4044 quandiu
2814 3974 3094 4030 decimum
3123 3991 3296 4030 comu
3343 3975 3553 4042 bestiae,
3586 3977 3805 4049 Longo-

2201 4060 2431 4116 bardica
2472 4060 2685 4117 scilicet
2731 4061 2916 4117 rabies
2971 4062 3041 4117 de
3088 4064 3292 4135 vagina
3329 4064 3537 4120 furoris
3575 4066 3800 4122 Domini

2201 4156 2470 4214 extracta,
2502 4150 2722 4205 Italicas
2751 4150 2953 4205 invasit
2984 4151 3260 4223 regiones.
3295 4154 3374 4208 De
3399 4171 3510 4225 qua
3537 4171 3802 4226 persecu-

2201 4238 2353 4293 tione
2382 4239 2580 4293 melius
2601 4245 2688 4295 est
2711 4239 2875 4294 silere
2910 4257 3079 4312 quam
3108 4258 3288 4313 pauca
3316 4242 3519 4298 dicere.

526 4344 787 4398 regnum,
816 4327 903 4381 vir
928 4326 1180 4382 urbanus
1198 4332 1253 4381 et
1270 4327 1803 4394 Christianissimus,
1819 4327 1915 4399 qui
1933 4328 1989 4383 in
2002 4328 2119 4401 pri-
2136 4329 2183 4387 D
2270 4328 2449 4382 Fuere
2482 4327 2649 4383 etiam
2679 4333 2951 4400 prseterea
2965 4329 3377 4400 religiosissimi
3402 4332 3795 4404 imperatores,

528 4414 746 4470 mordio
774 4414 1143 4469 ordinationis
1165 4431 1280 4470 sua;
1308 4415 1539 4470 fratrem
1557 4432 1744 4483 suum,
1766 4416 1994 4472 nomine
2017 4416 2122 4470 Va-

525 4503 759 4569 lentem,
790 4508 1105 4559 consortem
1134 4503 1316 4559 etl‘ecit
1342 4503 1583 4576 imperii,
1616 4505 1757 4576 proh
1785 4505 1975 4560 dolor!
2001 4510 2118 4560 tra-

527 4590 668 4646 dens
692 4590 744 4645 ei
772 4590 945 4645 totius
951 4591 1085 4661 jura
1100 4591 1367 4656 Orientis,
1385 4591 1505 4663 ipse
1526 4592 1898 4648 occidentales
1916 4593 2118 4663 guber-

527 4679 680 4734 navit
706 4679 1092 4750 regiones.Hic
1106 4679 1489 4735 Mediolanum
1516 4681 1704 4735 sedem
1718 4680 1853 4751 legit
1872 4681 2117 4753 imperii.

525 4768 749 4824 Mortuo
793 4784 924 4823 vero
968 4769 1247 4824 Auxentio
1274 4769 1535 4823 heretico
1565 4775 1622 4823 et
1649 4769 1706 4823 in
1738 4786 1873 4839 pace
1901 4772 2120 4842 sepulto

526 4863 721 4913 sancto
751 4857 1020 4930 Dionysio
1058 4858 1279 4923 accidit,
1321 4863 1385 4913 ut
1408 4858 1543 4913 illuc
1563 4847 1932 4913 convenirent
1969 4859 2118 4930 epis-

525 4946 651 5020 copi
679 4946 943 5014 Italiae,ut
965 4946 1071 5002 sibi
1085 4946 1142 5001 in
1154 4962 1451 5001 commune
1476 4945 1751 5016 eligerent
1768 4946 2120 5018 episcopum,

526 5034 598 5091 ad
631 5035 780 5107 quod
804 5034 1120 5090 faciendum
1142 5050 1500 5106 summopere
1519 5034 1943 5105 exspectabatur
1971 5035 2120 5106 regis

525 5124 860 5196 praesentia;
894 5123 1045 5194 quod
1065 5127 1131 5177 ut
1156 5121 1386 5189 audivit,
1418 5122 1538 5194 ipse
1559 5122 1738 5177 modis
1757 5122 2019 5179 omnibus
2039 5124 2122 5179 in-

525 5212 772 5279 terdixit,
802 5212 942 5266 dens
965 5212 1147 5281 legem
1168 5210 1489 5280 evangelica
1509 5210 1744 5265 veritate
1773 5214 2118 5268 concordan-

526 5306 663 5369 tem,
682 5306 748 5357 ut
766 5316 931 5356 nemo
958 5299 1227 5354 laicorum
1246 5297 1564 5370 principum
1595 5299 1679 5353 vel
1706 5306 1996 5371 potentum
2024 5319 2122 5358 au-

528 5390 660 5446 deat
685 5406 745 5444 se
772 5387 1022 5444 inserere
1052 5386 1310 5442 electioni
1354 5386 1686 5459 patriarchae
1716 5387 1802 5442 vel
1833 5394 2120 5461 metropo-

527 5478 661 5541 litae.
692 5477 779 5533 vel
807 5476 1084 5549 episcopi;
1107 5475 1257 5548 quod
1284 5474 1335 5531 si
1361 5475 1572 5532 factum
1590 5476 1780 5544 fuerit,
1802 5475 2123 5534 inordinata

527 5563 1016 5633 erittaliselectio;
1043 5564 1338 5637 adﬁciens:
1357 5566 1552 5622 Talem
1571 5565 1881 5624 secundum
1896 5566 2122 5624 decreta

2200 4421 2266 4471 ut
2294 4416 2643 4473 Theodosius
2674 4423 2733 4472 et
2761 4416 3051 4473 Honorius
3093 4425 3150 4474 et
3177 4419 3323 4474 idem
3366 4421 3715 4478 Theodosius
3743 4430 3802 4478 et

2200 4503 2534 4560 Marciniani
2563 4511 2622 4561 et
2650 4505 3028 4562 Valentiniani
3059 4507 3150 4579 pia
3177 4508 3507 4575 dualitas,et
3524 4510 3797 4567 Constan-

2200 4593 2354 4649 tinus
2404 4600 2461 4649 et
2507 4594 2732 4667 Hyrene
2770 4602 2828 4651 et
2854 4596 2967 4651 Leo
3003 4603 3061 4651 et
3088 4598 3442 4654 Justinianus
3481 4604 3540 4654 et
3566 4600 3796 4671 quidam

2202 4682 2317 4747 alii,
2336 4683 2454 4754 qui,
2473 4689 2539 4739 ut
2554 4684 2813 4756 superius
2831 4686 3246 4757 praelibavimus
3270 4695 3329 4742 et
3348 4688 3463 4742 alta
3495 4705 3634 4760 pace
3654 4706 3800 4745 rem-

2201 4770 2484 4842 publicam
2519 4772 2999 4844 gubernaverunt,
3033 4781 3091 4830 et
3138 4782 3378 4832 mortem
3432 4776 3546 4833 vita
3591 4783 3800 4835 aeterna

2201 4867 2709 4919 commutaveruut.

2272 4951 2593 5021 Imperante
2621 4957 2811 5008 autem
2848 4953 3159 5009 Theodosio
3201 4955 3405 5026 primo.
3428 4958 3794 5029 temporalem

2200 5039 2506 5112 carpebant
2530 5041 2699 5096 vitam
2723 5042 3052 5099 Ambrosius
3083 5049 3141 5099 et
3164 5045 3518 5116 Augustinus
3545 5052 3607 5101 et
3631 5048 3793 5103 Jero-

2198 5129 2405 5194 nimus,
2429 5130 2524 5201 qui
2553 5129 2844 5186 salutifera
2881 5132 3097 5187 vivendi
3126 5133 3308 5188 multa
3328 5134 3491 5190 nobis
3516 5135 3794 5207 reliquere

2199 5223 2507 5289 praecepta;
2541 5235 2777 5290 quorum
2807 5218 3137 5275 Ambrosius
3168 5237 3239 5274 ne
3262 5220 3333 5275 ab
3361 5222 3609 5278 Ecclesia
3630 5223 3794 5293 jussu

2199 5305 2580 5361 Valentiniani
2601 5312 2657 5361 et
2681 5307 2916 5363 Iustinae
2943 5308 3446 5379 pelleretur.armis
3457 5312 3791 5383 populorum

2201 5394 2523 5449 defensatus
2552 5399 2658 5463 est,
2672 5412 2775 5451 nec
2788 5394 3124 5467 vituperavit
3144 5397 3242 5452 Dei
3254 5399 3517 5454 sacerdos
3540 5400 3791 5456 divinum

2202 5483 2393 5557 populi
2414 5482 2710 5550 fervorem,
2732 5484 2828 5543 sed
2845 5485 3034 5560 potius
3045 5484 3313 5542 laudavit.
3337 5486 3546 5543 Eodem
3571 5505 3792 5561 quoque

2200 5575 2454 5645 tempore
2481 5572 2814 5631 venerabilis
2832 5574 3182 5646 Augustinus
3208 5567 3554 5634 Bonifacium
3586 5577 3791 5649 princi-
