3920 6366
107 374 219 434 809

1182 368 1398 429 LIBER
1432 371 1550 430 AD.
1590 370 1899 430 AMICUM.
1947 396 2011 417 ε-
2046 370 2184 431 LIB.
2229 370 2333 431 ΙΙΙ.

3289 375 3398 436 810

111 517 263 571 pem,
292 504 359 555 ut
385 496 710 556 Donatistas
739 504 797 556 e't
825 499 1316 555 Circumcelliones
1361 500 1786 571 depraedeturA
1805 500 1992 555 minus
2014 471 2165 555 Deus
2192 505 2374 571 rogat,
2407 515 2436 552 α
2469 499 2565 570 qui
2593 499 2715 554 vult
2742 515 2938 555 omnes
2965 500 3147 556 salvos
3192 501 3315 558 ﬁeri
3342 507 3403 558 et

114 595 172 643 et
192 595 377 642 vastet
397 589 675 644 hortatur.

185 676 297 730 Sed
345 678 613 747 quoniam
660 678 1049 750 religiosorum
1099 679 1414 749 principum
1457 680 1715 751 superius

115 764 328 818 mentio
355 765 504 820 facta
532 773 636 829 est,
668 768 878 840 aliquid
910 769 978 823 de
1003 768 1118 822 vita
1159 785 1355 823 eorum
1397 775 1452 823 et
1501 768 1716 839 legibus

115 852 187 907 ab
213 854 294 908 eis
323 857 693 927 promulgatis
722 858 851 910 huic
883 858 1150 928 epusculo
1173 858 1552 912 necessarium
1584 856 1716 912 duxi

115 945 383 998 inserere.
426 947 788 999 Nuncautem
801 946 871 1000 ab
896 947 1018 1015 ipso
1047 947 1358 1001 Theodosio
1379 947 1668 1001 ordiamur
1700 965 1711 999 :

117 1032 227 1097 hic,
259 1038 520 1102 suscepto
542 1034 701 1103 regni
728 1033 1127 1103 gubernaculo.
1151 1034 1420 1088 barbaros
1452 1034 1719 1087 mirabili-

116 1127 206 1175 ter
228 1120 363 1175 vicit
380 1126 437 1175 et
461 1121 695 1185 sedavit,
724 1128 781 1176 et
809 1123 1080 1177 Arrianos
1110 1123 1180 1177 ab
1206 1123 1453 1177 ecclesiis
1485 1123 1716 1193 expulit,

119 1214 176 1262 et
203 1225 299 1263 eas
324 1210 645 1264 orthodoxis
676 1211 933 1276 reddidit,
968 1213 1170 1267 Persas
1215 1212 1364 1266 intra
1421 1213 1562 1267 ﬁnes
1588 1229 1720 1267 suos

118 1304 272 1352 stare
294 1299 495 1369 coegit,
520 1299 825 1353 Maximum
843 1306 1145 1367 tyrannum
1177 1318 1353 1371 regno
1377 1302 1608 1369 expulit.
1627 1303 1716 1356 In-

118 1392 278 1440 terea
321 1387 609 1456 paciﬁcato
638 1404 811 1458 regno
838 1389 1287 1443 Thessalonicam
1311 1390 1537 1443 veniens
1566 1389 1723 1459 regia

117 1474 347 1529 licentia
378 1477 646 1546 populum
668 1476 981 1531 inconsulte
1006 1460 1178 1547 jussit
1192 1479 1455 1536 interﬁci.
1469 1479 1571 1542 Qui
1586 1480 1721 1532 dum

120 1563 502 1619 Mediolanum
531 1565 790 1631 venisset,
814 1583 847 1619 a
873 1565 1159 1621 liminibus
1180 1568 1424 1622 ecclesiae
1444 1585 1478 1621 a
1503 1568 1564 1621 B.
1594 1568 1725 1620 Am-

118 1649 311 1705 brosio
340 1652 653 1721 prohibitus
683 1658 785 1717 est,
840 1653 1032 1724 sicque
1062 1672 1402 1724 cognoscens
1434 1659 1723 1725 peccatum

122 1756 289 1794 suum
306 1742 524 1796 tamdiu
544 1742 697 1796 ﬂevit
717 1749 875 1797 extra
899 1744 1188 1798 ecclesiam
1210 1744 1428 1814 publice
1454 1744 1723 1815 quamdiu

1796 590 1866 643 ad
1896 589 2241 659 agnitionem
2270 588 2525 643 veritatis
2554 589 2809 660 venire(l
2833 591 2972 643 Tim.
3005 604 3068 655 Π,
3093 588 3165 656 4),
3184 609 3209 650 D
3227 595 3293 645 ut
3306 591 3403 645 det

1797 678 2041 749 seipsum
2068 684 2123 732 et
2139 679 2354 732 nullam
2385 677 2710 731 tarditatem
2735 677 2923 744 faciat,
2948 683 3005 733 et
3022 678 3252 733 accedat
3267 680 3399 733 huc.

1871 767 2017 830 Quid
2045 767 2398 821 Justinianus
2414 771 2608 821 sancto
2634 783 2791 838 papae
2813 765 3061 821 Johanni
3087 767 3407 838 promulga-

1799 856 1872 909 tis
1901 856 2119 925 legibus
2150 855 2375 920 scribat,
2400 855 2627 909 audite:
2653 856 2905 910 Petimus
2933 862 3183 911 vestrum
3212 862 3407 927 pater-

1798 960 1934 997 num
1964 944 2227 998 allectum
2253 950 2317 998 ut
2348 944 2545 997 vestris
2593 944 2665 997 ad
2713 961 2817 998 nos
2855 944 3152 999 destinatis
3200 945 3406 999 litteris

1800 1032 2163 1087 manifestum
2200 1032 2647 1097 nobis‘faciatis,
2683 1033 2830 1104 quod
2862 1050 2977 1096 eos,
3013 1033 3111 1104 qui
3139 1033 3406 1105 praedicta

1801 1126 1953 1174 recte
1982 1123 2338 1186 conﬁtentur,
2368 1121 2638 1192 suscipiat
2664 1128 2848 1176 vestra
2877 1122 3163 1187 sanctitas,
3198 1128 3256 1177 et
3282 1139 3399 1189 eos,

1802 1210 1899 1279 qui
1953 1210 2178 1280 judaice
2207 1209 2329 1264 ausi
2357 1216 2490 1264 sunt
2524 1215 2733 1264 rectam
2761 1210 3039 1281 denegare
3068 1211 3237 1265 ﬁdem
3268 1228 3405 1266 con-

1802 1298 2048 1352 demnat.
2082 1298 2194 1352 Sed
2225 1304 2541 1369 postquam,
2566 1303 2631 1352 ut
2645 1315 2816 1369 supra
2837 1299 3153 1367 retulimus,
3178 1300 3403 1371 Longo-

1801 1387 2030 1442 bardica
2050 1386 2233 1441 rabies
2253 1386 2429 1441 Italiae
2452 1387 2658 1441 invasit
2683 1387 2959 1457 regiones,
2976 1404 3078 1459 per
3095 1388 3405 1443 triennium

1806 1492 1915 1546 quo
1936 1476 2261 1547 paganitate
2289 1476 2503 1530 detenti
2533 1483 2684 1541 sunt,
2721 1482 2933 1547 quanta
2964 1493 3255 1555 pinnarum
3300 1493 3402 1546 ge-

1806 1580 1945 1618 nera
1976 1570 2281 1634 quantasve
2302 1580 2525 1619 amaras
2555 1570 2613 1618 et
2630 1565 3045 1619 crudelissimas
3061 1581 3225 1620 neces
3247 1565 3406 1637 Cirri-

1807 1653 2008 1707 stianis
2042 1653 2358 1719 intulerint,
2387 1670 2499 1707 non
2519 1660 2605 1708 est
2630 1654 2792 1708 facile
2809 1654 2981 1708 dictu.
3004 1655 3080 1708 At
3104 1660 3406 1726 postquam

1806 1740 1863 1794 in
1894 1742 2134 1795 Arriana
2160 1742 2361 1797 haeresi
2391 1742 2670 1813 baptisma
2694 1748 3082 1815 perceperunt,
3114 1744 3285 1815 paulo
3308 1742 3411 1796 mi-

127 1837 227 1901 (ita
251 1834 366 1888 cod.
427 1835 538 1885 loco
594 1830 797 1904 donec]
831 1832 1048 1886 veniam
1083 1833 1306 1899 meruit,
1351 1834 1483 1887 data
1512 1834 1633 1903 lege
1661 1815 1787 1886 utB
1806 1847 1942 1898 nus;
1976 1831 2074 1885 sed
2105 1831 2186 1884 ita
2212 1831 2599 1885 crudelissime
2644 1848 2745 1902 per
2799 1847 2903 1885 CXL
2947 1848 3145 1897 annos,
3205 1831 3409 1903 quibus

123 1922 419 1977 sententize
447 1920 764 1990 principum
825 1921 930 1974 sub
982 1920 1465 1976 animadversione
1494 1922 1725 1992 prolatae

124 2026 305 2083 usque
349 2009 420 2063 ad
457 2026 525 2062 XL
553 2008 672 2062 dies
698 2025 812 2062 non
837 2008 1130 2064 obtineant
1150 2010 1495 2063 ﬁrmitatem.

195 2100 480 2164 Quantam
508 2114 638 2151 vero
677 2098 1048 2152 reverentiam
1078 2115 1213 2168 erga
1243 2100 1593 2153 sacerdotem
1623 2098 1725 2152 Dei

125 2187 442 2243 Archadius
460 2190 519 2239 et
545 2184 826 2240 Honorius
855 2185 955 2239 ﬁlii
983 2187 1103 2256 ejus
1125 2186 1446 2251 habuerint,
1480 2188 1630 2257 leges
1655 2186 1725 2240 ab

127 2278 208 2332 eis
231 2275 598 2347 promulgatae
625 2279 907 2329 testantur
935 2275 991 2328 in
1021 2276 1171 2329 hunc
1201 2276 1459 2330 modum:
1481 2275 1730 2346 Impera-

125 2371 279 2421 tores
289 2365 626 2419 ARCHADIUS
649 2368 705 2417 et
731 2363 1018 2421 Honomns
1039 2365 1604 2434 Augusti,Taaonono
1617 2365 1723 2418 PP.

129 2451 354 2521 praesidi
394 2452 671 2521 praefecto.
719 2451 777 2506 Si
809 2452 933 2522 quis
963 2452 1022 2506 in
1076 2453 1181 2507 hoc
1223 2471 1403 2523 genus
1449 2451 1728 2523 sacrilegii

127 2539 450 2605 incurrerit,
483 2545 547 2594 ut
573 2540 633 2594 in
661 2540 908 2594 Ecclesia
927 2542 1202 2595 catholica
1224 2542 1445 2596 irruens
1476 2542 1730 2596 sacerdo-

125 2630 281 2685 tibus
301 2635 360 2685 et
387 2628 677 2705 ministris,
707 2630 788 2682 vel
814 2629 920 2701 ipsi
945 2630 1122 2684 cultui
1142 2631 1376 2702 locoque
1396 2631 1607 2701 aliquid
1629 2631 1731 2683 im-

127 2723 321 2791 portet
348 2716 592 2786 injuriae;
622 2717 769 2787 quod
800 2717 1017 2786 geritur
1046 2734 1074 2770 a
1108 2718 1403 2788 provinciae
1421 2718 1731 2771 rectoribus

135 2807 641 2870 animadvertatur,
674 2811 843 2875 atque
874 2805 957 2859 ita
983 2806 1278 2877 provinciae
1304 2807 1625 2860 moderator
1648 2823 1734 2860 sa-

134 2896 429 2952 cerdotum
467 2900 523 2947 et
550 2894 835 2948 catholicae
878 2894 1134 2948 Ecclesia:
1188 2895 1576 2949 ministrorum
1628 2896 1735 2956 loci

1807 1935 1920 1972 non
1953 1919 2436 1990 gubernaverunt,
2479 1920 2576 1973 sed
2608 1926 2895 1974 vastavere
2938 1919 3184 1986 Italiam,
3218 1926 3410 1991 tyran-

1806 2007 1937 2062 nide
1967 2008 2054 2062 usi
2074 2014 2207 2062 sunt
2234 2014 2300 2062 ut
2338 2008 2385 2062 si
2417 2007 2542 2079 quis
2569 2009 2771 2062 harum
2804 2008 3411 2078 calamitatumgnarus

1808 2113 1928 2150 esse
1957 2097 2215 2160 voluerit,
2238 2097 2390 2167 legat
2420 2096 2778 2166 Dialogorum
2803 2097 3009 2151 librum
3039 2102 3097 2151 et
3123 2097 3412 2167 pontiﬁca-

1807 2187 1885 2240 lia
1920 2187 2093 2240 Gesta
2119 2195 2442 2240 sanctorum
2473 2190 2531 2239 et
2558 2186 2807 2240 inveniet
2825 2185 3174 2241 calamitates
3186 2184 3411 2240 calami-

1809 2281 1991 2329 tatum
2014 2280 2073 2329 et
2109 2274 2368 2329 miserias
2399 2273 2777 2330 miseriarum.

2238 2399 2491 2467 .Explz'cz't
2522 2399 2661 2453 liber
2679 2400 2969 2453 secundus.

2132 2522 2408 2578 INCIPIT
2481 2523 2702 2579 LIBER
2772 2525 3102 2583 TERTIUS.

1882 2630 2249 2701 Temporibus
2263 2636 2455 2685 autem
2468 2631 2700 2686 Adriani
2734 2633 2943 2687 summi
2965 2632 3260 2705 pontiﬁcis,
3285 2649 3415 2688 cum

1814 2736 1874 2773 se
1904 2719 2170 2788 praefatus
2190 2736 2337 2790 papa
2366 2719 2579 2773 videret
2603 2738 2932 2792 oppressum
2954 2722 3146 2776 multis
3174 2722 3416 2777 miseriis

1818 2807 2021 2861 direxit
2055 2808 2274 2861 marino
2303 2808 2506 2862 itinere
2537 2825 2668 2862 suas
2700 2810 3034 2880 apostolicas
3060 2810 3282 2865 litteras
3306 2811 3417 2865 Ka-

1817 2897 1938 2949 rolo
1968 2896 2434 2949 excellentissimo
2455 2897 2575 2966 regi
2605 2898 2968 2964 Francorum,
3004 2898 3309 2970 deprecans
3328 2903 3412 2968 ut,

134 3000 361 3057 quoque
388 2982 564 3054 ipsius
608 2987 666 3036 et
712 2982 883 3035 divini
913 2984 1097 3037 cultus
1125 2983 1388 3054 injuriam
1420 2984 1646 3052 capitali
1677 2982 1735 3036 in
1817 2984 1965 3038 sicut
1987 3001 2123 3038 suus
2153 2989 2315 3055 pater
2350 2990 2559 3039 sanctae
2591 2987 2875 3041 memoria;
2893 2987 3182 3058 Pippinus,
3215 2995 3273 3042 et
3295 2988 3417 3059 ipse

133 3073 418 3128 convictos
445 3072 561 3125 sive
582 3071 862 3126 confessos
893 3073 1174 3126 sententia
1215 3073 1432 3127 noverit
1461 3090 1581 3126 esse
1610 3073 1736 3126 vin-
1819 3079 2171 3127 succurreret
2198 3079 2404 3127 sanctae
2435 3073 2535 3128 Dei
2565 3075 2823 3129 Ecclesiae
2870 3075 3136 3130 adversus
3174 3075 3419 3131 insolen-

134 3162 460 3218 dicandum.
493 3162 564 3215 Et
587 3165 712 3232 post
736 3178 913 3229 pauca.
946 3180 957 3215 :
993 3162 1188 3233 Sitque
1216 3164 1431 3218 cunctis
1452 3163 1737 3218 laudabile
1760 3162 1956 3228 Ctiam
1985 3167 2042 3216 et
2066 3162 2408 3216 tirannidem
2439 3163 2712 3217 Desiderii
2732 3164 2883 3234 regis
2898 3164 3414 3236 Longobardorum.

132 3251 310 3307 factas
338 3257 557 3306 atroces
599 3251 981 3306 sacerdotibus
1009 3252 1243 3323 injurias
1271 3254 1421 3307 velut
1452 3253 1737 3324 publicum
1819 3252 1975 3305 Tunc
2002 3250 2121 3322 ipse
2148 3267 2184 3305 a
2214 3251 2455 3305 Domino
2484 3258 2769 3322 protectus
2801 3253 3044 3308 Karolus
3084 3270 3180 3308 rex
3216 3270 3418 3325 aggre-

131 3342 351 3397 crimen
415 3340 635 3412 insequi
709 3346 764 3395 et
818 3341 887 3395 de
948 3341 1155 3397 talibus
1210 3343 1483 3398 ultionem
1550 3330 1734 3398 mere-
1818 3357 1960 3411 gans
1991 3340 2312 3394 universam
2343 3340 2504 3411 regni
2542 3340 2627 3394 sui
2671 3341 2948 3396 exercitus
2998 3342 3421 3399 multitudinem

134 3429 203 3498 ri,
240 3434 355 3487 etc.
1819 3446 1922 3500 per
1950 3445 2045 3484 sex
2075 3445 2296 3483 menses
2327 3428 2546 3483 obsedit
2579 3431 2819 3484 eundem
2868 3431 3222 3487 Desiderium
3250 3432 3310 3486 in
3337 3432 3420 3486 ci-

205 3518 356 3583 Quid
408 3534 539 3573 vero
571 3517 831 3573 Martiani
865 3524 922 3574 et
953 3519 1334 3575 Valentiniani
1374 3522 1467 3590 pia
1495 3522 1737 3576 dualitas
1820 3518 1992 3572 vitate
2020 3519 2209 3589 Papia.
2261 3517 2625 3587 Adveniente,
2663 3536 2789 3573 vero
2820 3520 3069 3590 paschali
3096 3521 3419 3587 festivitate,

136 3607 208 3661 ad
236 3607 469 3662 beatum
485 3624 684 3679 papam
709 3608 951 3662 Leonem
974 3608 1279 3678 scripserit,
1298 3610 1591 3665 audiamus
1627 3631 1637 3665 :
1671 3612 1739 3666 Et
1822 3623 2025 3678 magno
2057 3607 2336 3661 desiderio
2360 3607 2429 3661 ad
2447 3609 2828 3679 apostolorum
2859 3609 3055 3664 limina
3079 3610 3418 3682 properavit.

136 3701 315 3761 tuam,
341 3695 621 3766 inquiens,
652 3696 1006 3750 sanctitatem
1032 3697 1405 3768 principatum
1438 3700 1495 3753 in
1523 3701 1738 3770 episco-
1821 3696 1925 3749 Cui
1983 3696 2229 3766 pontifex
2275 3697 2621 3751 venerandas
2672 3714 2885 3764 cruces,
2917 3698 2971 3751 id
3005 3704 3090 3753 est
3116 3699 3296 3768 signa,
3327 3698 3422 3753 ob-

134 3789 275 3856 patu
304 3784 438 3838 ﬁdei
469 3784 845 3855 possidentem
884 3785 1055 3838 sacris
1098 3786 1302 3841 litteris
1361 3787 1418 3840 in
1462 3786 1739 3858 principio
1822 3785 1969 3838 viam
1998 3784 2170 3845 misit,
2205 3790 2261 3839 et
2289 3785 2580 3839 universas
2626 3787 2806 3839 scolas
2857 3786 3078 3840 milicia:
3115 3793 3172 3840 et
3217 3802 3421 3856 pueros

134 3873 351 3939 iustum
382 3871 662 3926 credimus
683 3872 1098 3943 alloquendam,
1130 3873 1431 3928 invitantes
1457 3881 1626 3946 atque
1655 3892 1743 3929 ro-

135 3966 340 4031 gantes
360 3965 426 4015 ut
456 3975 555 4029 pro
586 3960 851 4014 ﬁrmitate
878 3962 1053 4015 nostri
1076 3962 1297 4033 imperii
1328 3971 1383 4018 et
1411 3970 1563 4019 statu
1583 3969 1741 4018 teter-

136 4065 274 4104 nam
298 4048 649 4103 divinitatem
677 4055 777 4104 tua
795 4051 1063 4105 sanctitas
1100 4052 1451 4123 deprecetur.

209 4137 468 4201 Qualiter
509 4143 697 4192 autem
733 4138 1154 4205 Constantinus,
1197 4157 1309 4194 non
1358 4141 1452 4195 ille
1501 4142 1736 4212 primus,

138 4225 240 4282 sed
270 4225 431 4289 alter,
455 4227 787 4296 cognomine
814 4226 968 4295 Pius,
992 4229 1302 4299 imperator
1331 4230 1621 4300 scripserit
1647 4231 1741 4285 do-

138 4314 297 4369 mino
336 4331 493 4387 papa:
522 4316 815 4370 advertite.
852 4317 960 4370 Per
1008 4317 1207 4383 Deum,
1241 4302 1519 4389 inquiens,
1556 4319 1741 4373 omni-

138 4407 430 4475 potentem
461 4420 571 4458 non
603 4409 689 4459 est
707 4405 852 4475 apud
893 4422 995 4460 nos
1036 4406 1211 4477 partis
1240 4407 1537 4477 cujuslibet
1564 4408 1737 4472 favor,

140 4493 244 4547 sed
290 4492 668 4564 aequalitatem
718 4494 972 4566 utrisque
1000 4496 1254 4568 partibus
1298 4496 1737 4564 observabimus,

138 4581 472 4636 nullatenus
500 4582 890 4637 necessitatem
920 4583 1185 4638 facientes
1213 4584 1270 4638 in
1303 4601 1635 4657 quocunque
1651 4603 1744 4639 ca-

138 4668 324 4739 pitulo
353 4669 452 4734 eis,
497 4670 591 4741 qui
645 4689 681 4725 a
740 4670 893 4725 vobis
944 4671 1273 4742 diliguntur,
1311 4691 1534 4746 quoque
1579 4675 1745 4728 modo

140 4766 296 4822 sunt,
331 4759 483 4812 omni
516 4760 726 4814 honore
777 4762 1116 4832 competenti
1171 4767 1229 4816 et
1281 4763 1663 4817 muniﬁcentia
1692 4768 1749 4816 et

140 4848 501 4919 susceptione
551 4848 750 4919 dignos
812 4866 907 4904 eos
947 4849 1295 4905 habebimus.
1349 4853 1419 4907 Et
1470 4852 1746 4924 siquidem

142 4936 373 5007 utrique
401 4937 784 5002 convenerint,
821 4955 948 4993 ecce
987 4939 1145 5007 bene,
1175 4939 1263 4994 sin
1291 4947 1481 4995 autem
1514 4941 1747 4995 minime

140 5024 528 5091 convenerint,
574 5031 795 5081 tantum
825 5044 952 5082 cum
980 5028 1133 5083 omni
1162 5028 1518 5084 humanitate
1551 5047 1646 5083 eos
1676 5030 1748 5084 ad

140 5129 243 5169 vos
295 5112 632 5184 dirigemus.
694 5113 763 5169 Et
805 5118 934 5186 post
974 5130 1153 5184 pauca
1188 5135 1199 5170 :
1245 5116 1491 5172 Invitare
1518 5117 1665 5172 enim
1693 5124 1752 5172 et

142 5217 351 5272 rogare
381 5217 679 5271 possumus
703 5202 776 5256 ad
804 5219 1026 5257 omnem
1054 5206 1503 5261 emendationem
1534 5213 1592 5261 et
1622 5207 1750 5261 uni-

147 5296 325 5345 tatem
357 5289 609 5345 omnium
656 5287 1125 5357 Christianorum,
1180 5295 1570 5350 necessitatem
1623 5313 1750 5350 vero

145 5378 358 5434 inferre
377 5378 700 5434 nullatenus
728 5381 1006 5436 volumus.

220 5467 369 5533 Quid
410 5484 543 5522 vero
572 5467 716 5524 alter
745 5469 1146 5526 Constantinus
1176 5477 1233 5527 et
1262 5472 1487 5543 llyrene
1515 5472 1751 5542 Augusti

148 5555 220 5610 ad
241 5555 557 5610 Adrianum
602 5572 803 5627 papam
829 5557 1096 5624 scribant,
1121 5560 1396 5613 attendite
1422 5576 1433 5611 :
1473 5561 1755 5630 Rogamus

149 5649 396 5698 vestram
427 5649 723 5714 paternam
751 5644 1180 5714 beatitudinem,
1206 5647 1387 5717 magis
1408 5648 1631 5719 quidem
1651 5650 1755 5703 Do.

415 5742 678 5807 PATROL.
726 5747 841 5809 CL.

1823 3878 2112 3943 portantes
2133 3890 2321 3928 ramos
2350 3874 2623 3928 olivarum
2662 3874 2776 3928 sive
2800 3875 3137 3944 palmarum.
3169 3875 3296 3945 Ipse
3324 3890 3421 3929 ve-

1821 3979 1885 4017 ro
1911 3962 2411 4016 excellentissimus
2451 3979 2565 4027 rex,
2599 3979 2710 4032 qua
2752 3979 2851 4017 ora
2875 3963 3099 4017 easdem
3129 3962 3421 4017 sanctissi-

1823 4068 1944 4105 mas
1967 4068 2159 4106 cruces
2198 4057 2256 4105 et
2284 4051 2446 4121 signa
2490 4051 2796 4121 conspexit,
2829 4051 3020 4105 statim
3051 4051 3121 4105 de
3151 4068 3294 4122 equo
3319 4050 3418 4105 de-

1824 4141 2096 4195 scendens
2129 4157 2253 4195 cum
2276 4140 2393 4194 suis
2409 4140 2479 4194 ad
2492 4139 2717 4194 beatum
2743 4140 2971 4195 Petrum
3005 4141 3278 4211 pedestris
3298 4157 3422 4213 per-

1825 4229 1985 4284 rexit.
2016 4230 2195 4293 Quem
2218 4228 2568 4282 venerandus
2598 4228 2920 4298 pontifexin
2951 4229 3198 4284 Sabatho
3227 4235 3420 4284 sancto

1826 4318 2054 4373 Paschae
2082 4321 2139 4371 in
2158 4317 2425 4387 gradibus
2451 4317 2627 4389 ipsius
2645 4317 2965 4389 apostolica:
2994 4318 3139 4374 aulae
3166 4335 3293 4374 cum
3317 4319 3425 4373 cle-

1826 4425 1889 4462 ro
1920 4414 1976 4462 et
2005 4407 2208 4478 pepulo
2240 4407 2492 4460 Romano
2508 4408 2862 4477 praestolatus
2884 4413 2993 4465 est.
3032 4407 3140 4473 Qui
3163 4408 3300 4462 dum
3323 4408 3425 4462 ad-

1830 4496 2086 4560 venisset,
2122 4495 2380 4549 omnibus
2401 4495 2671 4565 gradibus
2698 4496 2758 4550 B.
2792 4495 2947 4550 Petri
2970 4496 3326 4565 deosculatis,
3354 4497 3427 4551 ad

1827 4584 2296 4656 pramominatum
2326 4584 2577 4654 pervenit
2600 4583 2940 4656 pontiﬁcem.

1900 4675 2039 4727 Cum
2072 4689 2132 4726 se
2163 4679 2359 4727 mutuo
2398 4674 2699 4744 amplexati
2742 4674 2998 4740 fuissent,
3056 4676 3243 4731 tenuit
3275 4675 3425 4731 idem

1830 4760 2343 4816 Christianissimus
2369 4777 2465 4815 rex
2496 4778 2725 4816 manum
2747 4762 2924 4833 ipsius
2944 4764 3240 4834 pontiﬁcis,
3263 4772 3321 4818 et
3345 4764 3429 4818 ita

1829 4851 1897 4906 ad
1916 4849 2066 4904 beati
2092 4849 2244 4903 Petri
2266 4850 2674 4904 confessionem
2704 4868 2832 4906 cum
2859 4852 3120 4906 omnibus
3156 4853 3271 4907 suis
3294 4868 3428 4922 pro-

1829 4956 2032 5011 perans
2051 4944 2213 4992 terra:
2245 4944 2578 5008 prostratus,
2607 4939 2720 4993 Dee
2750 4946 2805 4993 et
2822 4946 3015 4994 sancto
3039 4941 3161 5011 ejus
3176 4941 3427 5011 apostolo

1828 5035 1957 5083 vota
1987 5027 2256 5099 persolvit.
2289 5027 2446 5081 Tunc
2474 5043 2570 5080 rex
2598 5027 2799 5081 obnixe
2816 5034 3075 5098 precatus
3105 5035 3191 5083 est
3202 5029 3430 5099 pontiﬁ-

1831 5135 1952 5173 cem
1998 5122 2061 5171 ut
2086 5116 2170 5170 illi
2189 5115 2470 5170 licentiam
2498 5115 2773 5170 tribueret
2788 5116 3024 5171 Romam
3053 5117 3425 5187 ingrediendi,

1832 5206 2027 5262 orandi
2048 5204 2232 5276 gratia
2254 5221 2353 5276 per
2370 5204 2618 5259 diversas
2629 5205 2920 5272 ecclesias;
2958 5212 3015 5260 et
3029 5206 3431 5261 descendentes

1833 5295 2048 5368 pariter
2076 5295 2145 5349 ad
2174 5311 2377 5365 corpus
2407 5292 2555 5348 beati
2577 5293 2727 5348 Petri
2760 5310 2886 5348 cum
2911 5294 3195 5365 judicibus
3221 5296 3431 5350 Roma-

1834 5401 2037 5439 norum
2055 5390 2111 5438 et
2131 5385 2493 5450 Francorum,
2521 5399 2756 5454 seseque
2769 5388 2885 5436 mut
2895 5399 2963 5436 uo
2984 5399 3084 5454 per
3111 5400 3432 5438 sacramen-

1835 5479 1894 5528 ta
1918 5472 2236 5527 munientes
2268 5471 2504 5543 ingressi
2540 5483 2675 5526 sunt
2695 5471 2962 5526 continuo
2996 5472 3253 5539 Romam,
3285 5475 3435 5529 cele-

1837 5562 1998 5616 brata
2026 5578 2154 5616 vero
2194 5561 2401 5632 pascali
2456 5560 2775 5627 festivitate,
2826 5567 3028 5632 quarta
3064 5561 3206 5617 feria
3232 5562 3437 5618 oblatis

1840 5649 2056 5720 magnis
2089 5648 2252 5703 donis
2286 5648 2449 5703 beato
2482 5649 2565 5715 P.,
2588 5648 2655 5703 ad
2683 5649 3031 5705 obsidionem
3058 5649 3224 5724 Papae
3252 5668 3438 5705 rever-

3126 5756 3202 5815 ‘26
