  <div class='ocr_page' id='page_1' title='image "/cluster/home/n/w/nwhite01/storage/ocr_20150623/150/umn.31951002477443u/472.png"; bbox 0 0 3920 6386; ppageno 0'>
   <div class='ocr_carea' id='block_1_1' title="bbox 201 379 309 436">
    <p class='ocr_par' dir='ltr' id='par_1_1' title="bbox 201 379 309 436">
     <span class='ocr_line' id='line_1_1' title="bbox 201 379 309 436; baseline -0.009 0"><span class='ocrx_word' id='word_1_1' title='bbox 201 379 309 436; x_wconf 85' lang='grc'>813</span> 
     </span>
    </p>
   </div>
   <div class='ocr_carea' id='block_1_2' title="bbox 1289 377 2400 454">
    <p class='ocr_par' dir='ltr' id='par_1_2' title="bbox 1289 377 2400 454">
     <span class='ocr_line' id='line_1_2' title="bbox 1289 377 2400 454; baseline 0.001 -22"><span class='ocrx_word' id='word_1_2' title='bbox 1289 377 1505 449; x_wconf 76' lang='lat' dir='ltr'><strong>LIBER</strong></span> <span class='ocrx_word' id='word_1_3' title='bbox 1539 380 1636 454; x_wconf 63' lang='lat' dir='ltr'><strong>AD</strong></span> <span class='ocrx_word' id='word_1_4' title='bbox 1675 378 1982 433; x_wconf 66' lang='lat' dir='ltr'>A-MIGUM.</span> <span class='ocrx_word' id='word_1_5' title='bbox 2025 409 2086 419; x_wconf 91' lang='lat'><strong><em>—</em></strong></span> <span class='ocrx_word' id='word_1_6' title='bbox 2292 381 2400 446; x_wconf 64' lang='lat' dir='ltr'>le.</span> 
     </span>
    </p>
   </div>
   <div class='ocr_carea' id='block_1_3' title="bbox 3363 356 3467 461">
    <p class='ocr_par' dir='ltr' id='par_1_3' title="bbox 3363 356 3467 461">
     <span class='ocr_line' id='line_1_3' title="bbox 3363 356 3467 461; baseline 0.067 -7"><span class='ocrx_word' id='word_1_7' title='bbox 3363 356 3467 461; x_wconf 53' lang='lat'>8.1:?!</span> 
     </span>
    </p>
   </div>
   <div class='ocr_carea' id='block_1_4' title="bbox 204 501 3471 581">
    <p class='ocr_par' dir='ltr' id='par_1_4' title="bbox 204 501 3471 581">
     <span class='ocr_line' id='line_1_4' title="bbox 204 501 3471 581; baseline 0.002 -23"><span class='ocrx_word' id='word_1_8' title='bbox 204 504 356 558; x_wconf 86' lang='lat' dir='ltr'>tbica</span> <span class='ocrx_word' id='word_1_9' title='bbox 384 507 719 573; x_wconf 89' lang='lat' dir='ltr'>tempestate</span> <span class='ocrx_word' id='word_1_10' title='bbox 747 509 803 554; x_wconf 90' lang='lat' dir='ltr'>et</span> <span class='ocrx_word' id='word_1_11' title='bbox 836 501 1256 555; x_wconf 89' lang='lat' dir='ltr'>Guandalorum</span> <span class='ocrx_word' id='word_1_12' title='bbox 1284 502 1471 572; x_wconf 88' lang='lat' dir='ltr'>gladio</span> <span class='ocrx_word' id='word_1_13' title='bbox 1503 508 1559 556; x_wconf 92' lang='lat' dir='ltr'>et</span> <span class='ocrx_word' id='word_1_14' title='bbox 1575 503 1793 573; x_wconf 86' lang='lat' dir='ltr'>Longo-</span> <span class='ocrx_word' id='word_1_15' title='bbox 1814 502 2120 581; x_wconf 76' lang='lat' dir='ltr'>Asubjecit</span> <span class='ocrx_word' id='word_1_16' title='bbox 2137 520 2250 558; x_wconf 83' lang='lat' dir='ltr'>suae</span> <span class='ocrx_word' id='word_1_17' title='bbox 2269 504 2491 570; x_wconf 89' lang='lat' dir='ltr'>ditioni,</span> <span class='ocrx_word' id='word_1_18' title='bbox 2511 522 2752 577; x_wconf 83' lang='lat' dir='ltr'>eamque</span> <span class='ocrx_word' id='word_1_19' title='bbox 2782 511 2909 578; x_wconf 84' lang='lat' dir='ltr'>post</span> <span class='ocrx_word' id='word_1_20' title='bbox 2929 508 3178 562; x_wconf 80' lang='lat' dir='ltr'>Henrico</span> <span class='ocrx_word' id='word_1_21' title='bbox 3203 526 3316 564; x_wconf 78' lang='lat' dir='ltr'>suo</span> <span class='ocrx_word' id='word_1_22' title='bbox 3345 509 3471 580; x_wconf 73' lang='lat' dir='ltr'>,ﬁlio</span> 
     </span>
    </p>
   </div>
   <div class='ocr_carea' id='block_1_5' title="bbox 206 591 1801 660">
    <p class='ocr_par' dir='ltr' id='par_1_5' title="bbox 206 591 1801 660">
     <span class='ocr_line' id='line_1_5' title="bbox 206 591 1801 660; baseline 0 -14"><span class='ocrx_word' id='word_1_23' title='bbox 206 593 432 646; x_wconf 87' lang='lat' dir='ltr'>bardica</span> <span class='ocrx_word' id='word_1_24' title='bbox 463 591 615 643; x_wconf 84' lang='lat' dir='ltr'>rabie</span> <span class='ocrx_word' id='word_1_25' title='bbox 637 591 769 643; x_wconf 89' lang='lat' dir='ltr'>dum</span> <span class='ocrx_word' id='word_1_26' title='bbox 793 591 970 644; x_wconf 87' lang='lat' dir='ltr'>Roma</span> <span class='ocrx_word' id='word_1_27' title='bbox 1001 597 1367 660; x_wconf 85' lang='lat' dir='ltr'>premeretur,</span> <span class='ocrx_word' id='word_1_28' title='bbox 1395 608 1504 645; x_wconf 91' lang='lat' dir='ltr'>non</span> <span class='ocrx_word' id='word_1_29' title='bbox 1559 593 1801 646; x_wconf 88' lang='lat' dir='ltr'>ferentes</span> 
     </span>
    </p>
   </div>
   <div class='ocr_carea' id='block_1_6' title="bbox 205 678 1801 750">
    <p class='ocr_par' dir='ltr' id='par_1_6' title="bbox 205 678 1801 750">
     <span class='ocr_line' id='line_1_6' title="bbox 205 678 1801 750; baseline 0 -17"><span class='ocrx_word' id='word_1_30' title='bbox 205 681 480 750; x_wconf 76' lang='lat' dir='ltr'>impetum</span> <span class='ocrx_word' id='word_1_31' title='bbox 503 678 876 731; x_wconf 75' lang='lat' dir='ltr'>barbarorum</span> <span class='ocrx_word' id='word_1_32' title='bbox 899 678 1138 731; x_wconf 91' lang='lat' dir='ltr'>Romani</span> <span class='ocrx_word' id='word_1_33' title='bbox 1165 679 1233 731; x_wconf 89' lang='lat' dir='ltr'>ab</span> <span class='ocrx_word' id='word_1_34' title='bbox 1255 679 1686 750; x_wconf 77' lang='lat' dir='ltr'>imperatoribus</span> <span class='ocrx_word' id='word_1_35' title='bbox 1708 697 1801 750; x_wconf 88' lang='lat' dir='ltr'>pa-</span> 
     </span>
    </p>
   </div>
   <div class='ocr_carea' id='block_1_7' title="bbox 204 767 1802 838">
    <p class='ocr_par' dir='ltr' id='par_1_7' title="bbox 204 767 1802 838">
     <span class='ocr_line' id='line_1_7' title="bbox 204 767 1802 838; baseline 0 -16"><span class='ocrx_word' id='word_1_36' title='bbox 204 769 507 822; x_wconf 91' lang='lat' dir='ltr'>trocinium</span> <span class='ocrx_word' id='word_1_37' title='bbox 565 767 805 821; x_wconf 84' lang='lat' dir='ltr'>militum</span> <span class='ocrx_word' id='word_1_38' title='bbox 863 767 1258 836; x_wconf 82' lang='lat' dir='ltr'>implorabant,</span> <span class='ocrx_word' id='word_1_39' title='bbox 1306 770 1452 838; x_wconf 85' lang='lat' dir='ltr'>quod</span> <span class='ocrx_word' id='word_1_40' title='bbox 1495 769 1590 831; x_wconf 90' lang='lat' dir='ltr'>illi,</span> <span class='ocrx_word' id='word_1_41' title='bbox 1635 776 1802 838; x_wconf 85' lang='lat' dir='ltr'>prout</span> 
     </span>
    </p>
   </div>
   <div class='ocr_carea' id='block_1_8' title="bbox 206 855 1800 927">
    <p class='ocr_par' dir='ltr' id='par_1_8' title="bbox 206 855 1800 927">
     <span class='ocr_line' id='line_1_8' title="bbox 206 855 1800 927; baseline -0.001 -17"><span class='ocrx_word' id='word_1_42' title='bbox 206 863 433 927; x_wconf 87' lang='lat' dir='ltr'>tempus</span> <span class='ocrx_word' id='word_1_43' title='bbox 463 861 834 917; x_wconf 81' lang='lat' dir='ltr'>concesserat,</span> <span class='ocrx_word' id='word_1_44' title='bbox 861 855 1226 908; x_wconf 86' lang='lat' dir='ltr'>libentissime</span> <span class='ocrx_word' id='word_1_45' title='bbox 1252 856 1546 909; x_wconf 81' lang='lat' dir='ltr'>faciebant.</span> <span class='ocrx_word' id='word_1_46' title='bbox 1571 858 1712 910; x_wconf 86' lang='lat' dir='ltr'>Nam</span> <span class='ocrx_word' id='word_1_47' title='bbox 1737 873 1800 910; x_wconf 91' lang='lat' dir='ltr'>ex</span> 
     </span>
    </p>
   </div>
   <div class='ocr_carea' id='block_1_9' title="bbox 205 944 1798 1014">
    <p class='ocr_par' dir='ltr' id='par_1_9' title="bbox 205 944 1798 1014">
     <span class='ocr_line' id='line_1_9' title="bbox 205 944 1798 1014; baseline -0.001 -15"><span class='ocrx_word' id='word_1_48' title='bbox 205 946 382 999; x_wconf 82' lang='lat' dir='ltr'>latere</span> <span class='ocrx_word' id='word_1_49' title='bbox 413 961 516 997; x_wconf 92' lang='lat' dir='ltr'>suo</span> <span class='ocrx_word' id='word_1_50' title='bbox 547 944 833 996; x_wconf 84' lang='lat' dir='ltr'>mittentes</span> <span class='ocrx_word' id='word_1_51' title='bbox 859 944 1133 1012; x_wconf 84' lang='lat' dir='ltr'>spadones</span> <span class='ocrx_word' id='word_1_52' title='bbox 1165 947 1310 996; x_wconf 87' lang='lat' dir='ltr'>viros</span> <span class='ocrx_word' id='word_1_53' title='bbox 1354 944 1798 1014; x_wconf 75' lang='lat' dir='ltr'>probatissimos,</span> 
     </span>
    </p>
   </div>
   <div class='ocr_carea' id='block_1_10' title="bbox 204 1031 1801 1102">
    <p class='ocr_par' dir='ltr' id='par_1_10' title="bbox 204 1031 1801 1102">
     <span class='ocr_line' id='line_1_10' title="bbox 204 1031 1801 1102; baseline 0.001 -18"><span class='ocrx_word' id='word_1_54' title='bbox 204 1033 376 1087; x_wconf 81' lang='lat' dir='ltr'>veluti</span> <span class='ocrx_word' id='word_1_55' title='bbox 406 1034 649 1086; x_wconf 75' lang='lat' dir='ltr'>Narsum</span> <span class='ocrx_word' id='word_1_56' title='bbox 684 1040 740 1085; x_wconf 93' lang='lat' dir='ltr'>et</span> <span class='ocrx_word' id='word_1_57' title='bbox 766 1031 1094 1084; x_wconf 86' lang='lat' dir='ltr'>Belisarium</span> <span class='ocrx_word' id='word_1_58' title='bbox 1119 1039 1175 1084; x_wconf 91' lang='lat' dir='ltr'>et</span> <span class='ocrx_word' id='word_1_59' title='bbox 1194 1033 1332 1085; x_wconf 87' lang='lat' dir='ltr'>alios</span> <span class='ocrx_word' id='word_1_60' title='bbox 1349 1035 1662 1102; x_wconf 87' lang='lat' dir='ltr'>complures</span> <span class='ocrx_word' id='word_1_61' title='bbox 1682 1051 1801 1086; x_wconf 87' lang='lat' dir='ltr'>ma-</span> 
     </span>
    </p>
   </div>
   <div class='ocr_carea' id='block_1_11' title="bbox 202 1120 1801 1192">
    <p class='ocr_par' dir='ltr' id='par_1_11' title="bbox 202 1120 1801 1192">
     <span class='ocr_line' id='line_1_11' title="bbox 202 1120 1801 1192; baseline 0 -17"><span class='ocrx_word' id='word_1_62' title='bbox 202 1123 412 1192; x_wconf 82' lang='lat' dir='ltr'>gistros</span> <span class='ocrx_word' id='word_1_63' title='bbox 428 1121 666 1174; x_wconf 89' lang='lat' dir='ltr'>militum</span> <span class='ocrx_word' id='word_1_64' title='bbox 686 1120 969 1173; x_wconf 85' lang='lat' dir='ltr'>creabant.</span> <span class='ocrx_word' id='word_1_65' title='bbox 997 1120 1400 1183; x_wconf 81' lang='lat' dir='ltr'>Quivenientes</span> <span class='ocrx_word' id='word_1_66' title='bbox 1420 1121 1642 1176; x_wconf 81' lang='lat' dir='ltr'>Italiam</span> <span class='ocrx_word' id='word_1_67' title='bbox 1683 1123 1801 1192; x_wconf 88' lang='lat' dir='ltr'>ple--</span> 
     </span>
    </p>
   </div>
   <div class='ocr_carea' id='block_1_12' title="bbox 207 1207 1802 1280">
    <p class='ocr_par' dir='ltr' id='par_1_12' title="bbox 207 1207 1802 1280">
     <span class='ocr_line' id='line_1_12' title="bbox 207 1207 1802 1280; baseline 0 -17"><span class='ocrx_word' id='word_1_68' title='bbox 207 1227 446 1280; x_wconf 88' lang='lat' dir='ltr'>rumque</span> <span class='ocrx_word' id='word_1_69' title='bbox 498 1209 764 1262; x_wconf 86' lang='lat' dir='ltr'>barbaros</span> <span class='ocrx_word' id='word_1_70' title='bbox 819 1207 1109 1277; x_wconf 86' lang='lat' dir='ltr'>fugabant.</span> <span class='ocrx_word' id='word_1_71' title='bbox 1141 1210 1442 1279; x_wconf 88' lang='lat' dir='ltr'>aliquando</span> <span class='ocrx_word' id='word_1_72' title='bbox 1487 1227 1615 1263; x_wconf 89' lang='lat' dir='ltr'>vero</span> <span class='ocrx_word' id='word_1_73' title='bbox 1655 1211 1802 1264; x_wconf 91' lang='lat' dir='ltr'>solos</span> 
     </span>
    </p>
   </div>
   <div class='ocr_carea' id='block_1_13' title="bbox 205 1298 1800 1369">
    <p class='ocr_par' dir='ltr' id='par_1_13' title="bbox 205 1298 1800 1369">
     <span class='ocr_line' id='line_1_13' title="bbox 205 1298 1800 1369; baseline -0.001 -17"><span class='ocrx_word' id='word_1_74' title='bbox 205 1317 399 1353; x_wconf 91' lang='lat' dir='ltr'>muros</span> <span class='ocrx_word' id='word_1_75' title='bbox 429 1298 580 1352; x_wconf 87' lang='lat' dir='ltr'>urbis</span> <span class='ocrx_word' id='word_1_76' title='bbox 600 1298 923 1352; x_wconf 84' lang='lat' dir='ltr'>tuebantur.</span> <span class='ocrx_word' id='word_1_77' title='bbox 949 1300 1058 1352; x_wconf 85' lang='lat' dir='ltr'>Hos</span> <span class='ocrx_word' id='word_1_78' title='bbox 1075 1300 1331 1352; x_wconf 87' lang='lat' dir='ltr'>Romana</span> <span class='ocrx_word' id='word_1_79' title='bbox 1357 1299 1640 1369; x_wconf 87' lang='lat' dir='ltr'>pOpularis</span> <span class='ocrx_word' id='word_1_80' title='bbox 1664 1300 1769 1352; x_wconf 89' lang='lat' dir='ltr'>sim</span> <span class='ocrx_word' id='word_1_81' title='bbox 1787 1329 1800 1340; x_wconf 75' lang='grc' dir='ltr'><strong><em>ο</em></strong></span> 
     </span>
    </p>
   </div>
   <div class='ocr_carea' id='block_1_14' title="bbox 206 1387 1800 1460">
    <p class='ocr_par' dir='ltr' id='par_1_14' title="bbox 206 1387 1800 1460">
     <span class='ocr_line' id='line_1_14' title="bbox 206 1387 1800 1460; baseline 0 -19"><span class='ocrx_word' id='word_1_82' title='bbox 206 1389 428 1460; x_wconf 87' lang='lat' dir='ltr'>plieitas</span> <span class='ocrx_word' id='word_1_83' title='bbox 453 1389 603 1441; x_wconf 90' lang='lat' dir='ltr'>velut</span> <span class='ocrx_word' id='word_1_84' title='bbox 632 1395 816 1458; x_wconf 86' lang='lat' dir='ltr'>patres</span> <span class='ocrx_word' id='word_1_85' title='bbox 849 1388 1023 1450; x_wconf 87' lang='lat' dir='ltr'>urbis,</span> <span class='ocrx_word' id='word_1_86' title='bbox 1069 1387 1329 1457; x_wconf 89' lang='lat' dir='ltr'>patricios</span> <span class='ocrx_word' id='word_1_87' title='bbox 1357 1388 1692 1458; x_wconf 80' lang='lat' dir='ltr'>appellabat,</span> <span class='ocrx_word' id='word_1_88' title='bbox 1735 1405 1800 1441; x_wconf 91' lang='lat' dir='ltr'>eo</span> 
     </span>
    </p>
   </div>
   <div class='ocr_carea' id='block_1_15' title="bbox 208 1477 1802 1548">
    <p class='ocr_par' dir='ltr' id='par_1_15' title="bbox 208 1477 1802 1548">
     <span class='ocr_line' id='line_1_15' title="bbox 208 1477 1802 1548; baseline -0.001 -17"><span class='ocrx_word' id='word_1_89' title='bbox 208 1495 363 1532; x_wconf 87' lang='lat' dir='ltr'>more</span> <span class='ocrx_word' id='word_1_90' title='bbox 390 1495 501 1548; x_wconf 91' lang='lat' dir='ltr'>quo</span> <span class='ocrx_word' id='word_1_91' title='bbox 541 1495 718 1547; x_wconf 77' lang='lat' dir='ltr'>usque</span> <span class='ocrx_word' id='word_1_92' title='bbox 741 1477 905 1529; x_wconf 84' lang='lat' dir='ltr'>hodie</span> <span class='ocrx_word' id='word_1_93' title='bbox 933 1477 1196 1530; x_wconf 81' lang='lat' dir='ltr'>Romanae</span> <span class='ocrx_word' id='word_1_94' title='bbox 1240 1477 1479 1530; x_wconf 85' lang='lat' dir='ltr'>civitatis</span> <span class='ocrx_word' id='word_1_95' title='bbox 1513 1483 1802 1547; x_wconf 87' lang='lat' dir='ltr'>magnates</span> 
     </span>
    </p>
   </div>
   <div class='ocr_carea' id='block_1_16' title="bbox 204 1564 1797 1637">
    <p class='ocr_par' dir='ltr' id='par_1_16' title="bbox 204 1564 1797 1637">
     <span class='ocr_line' id='line_1_16' title="bbox 204 1564 1797 1637; baseline -0.002 -17"><span class='ocrx_word' id='word_1_96' title='bbox 204 1575 551 1637; x_wconf 88' lang='lat' dir='ltr'>protectores</span> <span class='ocrx_word' id='word_1_97' title='bbox 567 1567 827 1636; x_wconf 84' lang='lat' dir='ltr'>appellat.</span> <span class='ocrx_word' id='word_1_98' title='bbox 855 1566 961 1619; x_wconf 88' lang='lat' dir='ltr'>Sed</span> <span class='ocrx_word' id='word_1_99' title='bbox 983 1565 1063 1618; x_wconf 91' lang='lat' dir='ltr'>rei</span> <span class='ocrx_word' id='word_1_100' title='bbox 1099 1564 1348 1618; x_wconf 90' lang='lat' dir='ltr'>ordinem</span> <span class='ocrx_word' id='word_1_101' title='bbox 1375 1583 1797 1635; x_wconf 88' lang='lat' dir='ltr'>prosequamur.</span> 
     </span>
    </p>
   </div>
   <div class='ocr_carea' id='block_1_17' title="bbox 206 1654 1802 1725">
    <p class='ocr_par' dir='ltr' id='par_1_17' title="bbox 206 1654 1802 1725">
     <span class='ocr_line' id='line_1_17' title="bbox 206 1654 1802 1725; baseline -0.002 -16"><span class='ocrx_word' id='word_1_102' title='bbox 206 1657 278 1709; x_wconf 87' lang='lat' dir='ltr'>Hi</span> <span class='ocrx_word' id='word_1_103' title='bbox 307 1673 460 1712; x_wconf 67' lang='lat' dir='ltr'>vvro.</span> <span class='ocrx_word' id='word_1_104' title='bbox 487 1672 624 1725; x_wconf 91' lang='lat' dir='ltr'>quos</span> <span class='ocrx_word' id='word_1_105' title='bbox 649 1671 820 1724; x_wconf 88' lang='lat' dir='ltr'>supra</span> <span class='ocrx_word' id='word_1_106' title='bbox 861 1654 1308 1718; x_wconf 78' lang='lat' dir='ltr'>memoravimus,</span> <span class='ocrx_word' id='word_1_107' title='bbox 1343 1654 1497 1706; x_wconf 84' lang='lat' dir='ltr'>urbis</span> <span class='ocrx_word' id='word_1_108' title='bbox 1526 1654 1802 1724; x_wconf 86' lang='lat' dir='ltr'>capitanei</span> 
     </span>
    </p>
   </div>
   <div class='ocr_carea' id='block_1_18' title="bbox 206 1743 1799 1814">
    <p class='ocr_par' dir='ltr' id='par_1_18' title="bbox 206 1743 1799 1814">
     <span class='ocr_line' id='line_1_18' title="bbox 206 1743 1799 1814; baseline -0.002 -16"><span class='ocrx_word' id='word_1_109' title='bbox 206 1751 434 1814; x_wconf 85' lang='lat' dir='ltr'>accepta</span> <span class='ocrx_word' id='word_1_110' title='bbox 462 1744 761 1813; x_wconf 76' lang='lat' dir='ltr'>tyrannide</span> <span class='ocrx_word' id='word_1_111' title='bbox 814 1744 1046 1796; x_wconf 89' lang='lat' dir='ltr'>licenter</span> <span class='ocrx_word' id='word_1_112' title='bbox 1076 1753 1276 1796; x_wconf 87' lang='lat' dir='ltr'>cuncta</span> <span class='ocrx_word' id='word_1_113' title='bbox 1315 1743 1610 1796; x_wconf 83' lang='lat' dir='ltr'>faciebant.</span> <span class='ocrx_word' id='word_1_114' title='bbox 1658 1745 1799 1796; x_wconf 88' lang='lat' dir='ltr'>Nam</span> 
     </span>
    </p>
   </div>
   <div class='ocr_carea' id='block_1_19' title="bbox 1881 591 3479 656">
    <p class='ocr_par' dir='ltr' id='par_1_19' title="bbox 1881 591 3479 656">
     <span class='ocr_line' id='line_1_19' title="bbox 1881 591 3479 656; baseline 0.009 -14"><span class='ocrx_word' id='word_1_115' title='bbox 1881 591 2115 644; x_wconf 87' lang='lat' dir='ltr'>tradidit</span> <span class='ocrx_word' id='word_1_116' title='bbox 2136 591 2192 645; x_wconf 92' lang='lat' dir='ltr'>in</span> <span class='ocrx_word' id='word_1_117' title='bbox 2223 593 2509 646; x_wconf 84' lang='lat' dir='ltr'>ducatum.</span> <span class='ocrx_word' id='word_1_118' title='bbox 2534 595 2770 648; x_wconf 83' lang='lat' dir='ltr'>Brocard</span> <span class='ocrx_word' id='word_1_119' title='bbox 2781 613 2874 650; x_wconf 91' lang='lat' dir='ltr'>um</span> <span class='ocrx_word' id='word_1_120' title='bbox 2903 614 3032 650; x_wconf 86' lang='lat' dir='ltr'>vero</span> <span class='ocrx_word' id='word_1_121' title='bbox 3047 598 3353 654; x_wconf 88' lang='lat' dir='ltr'>Suevorum</span> <span class='ocrx_word' id='word_1_122' title='bbox 3374 601 3479 656; x_wconf 88' lang='lat' dir='ltr'>du-</span> 
     </span>
    </p>
   </div>
   <div class='ocr_carea' id='block_1_20' title="bbox 1883 679 3478 754">
    <p class='ocr_par' dir='ltr' id='par_1_20' title="bbox 1883 679 3478 754">
     <span class='ocr_line' id='line_1_20' title="bbox 1883 679 3478 754; baseline 0.007 -23"><span class='ocrx_word' id='word_1_123' title='bbox 1883 695 2001 732; x_wconf 89' lang='lat' dir='ltr'>cem</span> <span class='ocrx_word' id='word_1_124' title='bbox 2031 679 2087 733; x_wconf 94' lang='lat' dir='ltr'>in</span> <span class='ocrx_word' id='word_1_125' title='bbox 2125 681 2466 735; x_wconf 90' lang='lat' dir='ltr'>deditionem</span> <span class='ocrx_word' id='word_1_126' title='bbox 2510 684 2772 754; x_wconf 88' lang='lat' dir='ltr'>suscepit.</span> <span class='ocrx_word' id='word_1_127' title='bbox 2823 685 3038 739; x_wconf 88' lang='lat' dir='ltr'>Dehinc</span> <span class='ocrx_word' id='word_1_128' title='bbox 3077 687 3478 744; x_wconf 74' lang='lat' dir='ltr'>occidentalem</span> 
     </span>
    </p>
   </div>
   <div class='ocr_carea' id='block_1_21' title="bbox 1883 768 3479 844">
    <p class='ocr_par' dir='ltr' id='par_1_21' title="bbox 1883 768 3479 844">
     <span class='ocr_line' id='line_1_21' title="bbox 1883 768 3479 844; baseline 0.008 -24"><span class='ocrx_word' id='word_1_129' title='bbox 1883 768 2174 821; x_wconf 90' lang='lat' dir='ltr'>Franciam</span> <span class='ocrx_word' id='word_1_130' title='bbox 2191 787 2294 839; x_wconf 86' lang='lat' dir='ltr'>per</span> <span class='ocrx_word' id='word_1_131' title='bbox 2314 770 2682 825; x_wconf 89' lang='lat' dir='ltr'>Cunibertum</span> <span class='ocrx_word' id='word_1_132' title='bbox 2707 790 2870 827; x_wconf 91' lang='lat' dir='ltr'>suum</span> <span class='ocrx_word' id='word_1_133' title='bbox 2887 791 3160 844; x_wconf 83' lang='lat' dir='ltr'>generum</span> <span class='ocrx_word' id='word_1_134' title='bbox 3195 777 3479 838; x_wconf 83' lang='lat' dir='ltr'>Saxonum</span> 
     </span>
    </p>
   </div>
   <div class='ocr_carea' id='block_1_22' title="bbox 1883 857 3476 932">
    <p class='ocr_par' dir='ltr' id='par_1_22' title="bbox 1883 857 3476 932">
     <span class='ocr_line' id='line_1_22' title="bbox 1883 857 3476 932; baseline 0.007 -23"><span class='ocrx_word' id='word_1_135' title='bbox 1883 857 2171 926; x_wconf 85' lang='lat' dir='ltr'>conjunxit</span> <span class='ocrx_word' id='word_1_136' title='bbox 2187 858 2441 928; x_wconf 85' lang='lat' dir='ltr'>imperio;</span> <span class='ocrx_word' id='word_1_137' title='bbox 2458 860 2622 914; x_wconf 88' lang='lat' dir='ltr'>Utam</span> <span class='ocrx_word' id='word_1_138' title='bbox 2640 878 2860 932; x_wconf 90' lang='lat' dir='ltr'>quoque</span> <span class='ocrx_word' id='word_1_139' title='bbox 2877 880 3035 917; x_wconf 88' lang='lat' dir='ltr'>suam</span> <span class='ocrx_word' id='word_1_140' title='bbox 3055 865 3476 920; x_wconf 79' lang='lat' dir='ltr'>ﬁliamLudoico</span> 
     </span>
    </p>
   </div>
   <div class='ocr_carea' id='block_1_23' title="bbox 1883 946 3475 1025">
    <p class='ocr_par' dir='ltr' id='par_1_23' title="bbox 1883 946 3475 1025">
     <span class='ocr_line' id='line_1_23' title="bbox 1883 946 3475 1025; baseline 0.007 -27"><span class='ocrx_word' id='word_1_141' title='bbox 1883 946 2210 1000; x_wconf 87' lang='lat' dir='ltr'>Latinorum</span> <span class='ocrx_word' id='word_1_142' title='bbox 2235 955 2292 1000; x_wconf 91' lang='lat' dir='ltr'>et</span> <span class='ocrx_word' id='word_1_143' title='bbox 2312 949 2652 1003; x_wconf 89' lang='lat' dir='ltr'>Francorum</span> <span class='ocrx_word' id='word_1_144' title='bbox 2674 952 2792 1020; x_wconf 88' lang='lat' dir='ltr'>regi</span> <span class='ocrx_word' id='word_1_145' title='bbox 2809 952 3041 1006; x_wconf 81' lang='lat' dir='ltr'>tradidit</span> <span class='ocrx_word' id='word_1_146' title='bbox 3061 953 3119 1006; x_wconf 92' lang='lat' dir='ltr'>in</span> <span class='ocrx_word' id='word_1_147' title='bbox 3131 955 3475 1025; x_wconf 85' lang='lat' dir='ltr'>conjugium;</span> 
     </span>
    </p>
   </div>
   <div class='ocr_carea' id='block_1_24' title="bbox 1884 1034 3480 1114">
    <p class='ocr_par' dir='ltr' id='par_1_24' title="bbox 1884 1034 3480 1114">
     <span class='ocr_line' id='line_1_24' title="bbox 1884 1034 3480 1114; baseline 0.008 -28"><span class='ocrx_word' id='word_1_148' title='bbox 1884 1034 2072 1103; x_wconf 88' lang='lat' dir='ltr'>sicque</span> <span class='ocrx_word' id='word_1_149' title='bbox 2090 1036 2300 1089; x_wconf 88' lang='lat' dir='ltr'>sedatis</span> <span class='ocrx_word' id='word_1_150' title='bbox 2335 1038 2593 1092; x_wconf 90' lang='lat' dir='ltr'>omnibus</span> <span class='ocrx_word' id='word_1_151' title='bbox 2629 1039 2815 1101; x_wconf 86' lang='lat' dir='ltr'>rebus,</span> <span class='ocrx_word' id='word_1_152' title='bbox 2847 1041 2961 1094; x_wconf 84' lang='lat' dir='ltr'>ﬁlio</span> <span class='ocrx_word' id='word_1_153' title='bbox 2982 1059 3084 1096; x_wconf 91' lang='lat' dir='ltr'>suo</span> <span class='ocrx_word' id='word_1_154' title='bbox 3102 1043 3318 1098; x_wconf 87' lang='lat' dir='ltr'>Ottone</span> <span class='ocrx_word' id='word_1_155' title='bbox 3345 1060 3480 1114; x_wconf 77' lang='lat' dir='ltr'>nege</span> 
     </span>
    </p>
   </div>
   <div class='ocr_carea' id='block_1_25' title="bbox 1883 1121 3480 1196">
    <p class='ocr_par' dir='ltr' id='par_1_25' title="bbox 1883 1121 3480 1196">
     <span class='ocr_line' id='line_1_25' title="bbox 1883 1121 3480 1196; baseline 0.008 -21"><span class='ocrx_word' id='word_1_156' title='bbox 1883 1140 1983 1193; x_wconf 87' lang='lat' dir='ltr'>pro</span> <span class='ocrx_word' id='word_1_157' title='bbox 2017 1141 2076 1177; x_wconf 87' lang='lat' dir='ltr'>se</span> <span class='ocrx_word' id='word_1_158' title='bbox 2098 1125 2216 1193; x_wconf 90' lang='lat' dir='ltr'>jam</span> <span class='ocrx_word' id='word_1_159' title='bbox 2239 1126 2528 1196; x_wconf 88' lang='lat' dir='ltr'>designato</span> <span class='ocrx_word' id='word_1_160' title='bbox 2560 1129 2931 1184; x_wconf 78' lang='lat' dir='ltr'>Ecclesiarum</span> <span class='ocrx_word' id='word_1_161' title='bbox 2973 1121 3070 1196; x_wconf 82' lang='lat' dir='ltr'>Dei</span> <span class='ocrx_word' id='word_1_162' title='bbox 3105 1132 3384 1187; x_wconf 80' lang='lat' dir='ltr'>maximus</span> <span class='ocrx_word' id='word_1_163' title='bbox 3402 1133 3480 1187; x_wconf 85' lang='lat' dir='ltr'>fa-</span> 
     </span>
    </p>
   </div>
   <div class='ocr_carea' id='block_1_26' title="bbox 1883 1211 3478 1290">
    <p class='ocr_par' dir='ltr' id='par_1_26' title="bbox 1883 1211 3478 1290">
     <span class='ocr_line' id='line_1_26' title="bbox 1883 1211 3478 1290; baseline 0.008 -26"><span class='ocrx_word' id='word_1_164' title='bbox 1883 1211 2126 1266; x_wconf 87' lang='lat' dir='ltr'>bricator</span> <span class='ocrx_word' id='word_1_165' title='bbox 2154 1220 2208 1265; x_wconf 92' lang='lat' dir='ltr'>et</span> <span class='ocrx_word' id='word_1_166' title='bbox 2237 1213 2568 1270; x_wconf 83' lang='lat' dir='ltr'>Christianae</span> <span class='ocrx_word' id='word_1_167' title='bbox 2621 1217 2906 1287; x_wconf 84' lang='lat' dir='ltr'>religionis</span> <span class='ocrx_word' id='word_1_168' title='bbox 2937 1226 3286 1290; x_wconf 80' lang='lat' dir='ltr'>propagator</span> <span class='ocrx_word' id='word_1_169' title='bbox 3316 1220 3478 1285; x_wconf 82' lang='lat' dir='ltr'>beato</span> 
     </span>
    </p>
   </div>
   <div class='ocr_carea' id='block_1_27' title="bbox 1884 1301 2254 1370">
    <p class='ocr_par' dir='ltr' id='par_1_27' title="bbox 1884 1301 2254 1370">
     <span class='ocr_line' id='line_1_27' title="bbox 1884 1301 2254 1370; baseline 0 -18"><span class='ocrx_word' id='word_1_170' title='bbox 1884 1301 1995 1352; x_wconf 82' lang='lat' dir='ltr'>fine</span> <span class='ocrx_word' id='word_1_171' title='bbox 2029 1301 2254 1370; x_wconf 84' lang='lat' dir='ltr'>quievit.</span> 
     </span>
    </p>
   </div>
   <div class='ocr_carea' id='block_1_28' title="bbox 1957 1391 3478 1467">
    <p class='ocr_par' dir='ltr' id='par_1_28' title="bbox 1957 1391 3478 1467">
     <span class='ocr_line' id='line_1_28' title="bbox 1957 1391 3478 1467; baseline 0.007 -25"><span class='ocrx_word' id='word_1_172' title='bbox 1957 1391 2055 1442; x_wconf 88' lang='lat' dir='ltr'>Cui</span> <span class='ocrx_word' id='word_1_173' title='bbox 2071 1392 2339 1445; x_wconf 88' lang='lat' dir='ltr'>successit</span> <span class='ocrx_word' id='word_1_174' title='bbox 2352 1393 2499 1446; x_wconf 84' lang='lat' dir='ltr'>ﬁlius</span> <span class='ocrx_word' id='word_1_175' title='bbox 2510 1395 2631 1465; x_wconf 74' lang='lat' dir='ltr'>ejus</span> <span class='ocrx_word' id='word_1_176' title='bbox 2647 1395 2778 1448; x_wconf 88' lang='lat' dir='ltr'>Otto</span> <span class='ocrx_word' id='word_1_177' title='bbox 2792 1395 2875 1448; x_wconf 90' lang='lat' dir='ltr'>vir</span> <span class='ocrx_word' id='word_1_178' title='bbox 2896 1397 3227 1467; x_wconf 86' lang='lat' dir='ltr'>magnificus</span> <span class='ocrx_word' id='word_1_179' title='bbox 3240 1402 3298 1452; x_wconf 86' lang='lat' dir='ltr'>et</span> <span class='ocrx_word' id='word_1_180' title='bbox 3323 1402 3478 1453; x_wconf 83' lang='lat' dir='ltr'>totus</span> 
     </span>
    </p>
   </div>
   <div class='ocr_carea' id='block_1_29' title="bbox 1887 1478 3477 1556">
    <p class='ocr_par' dir='ltr' id='par_1_29' title="bbox 1887 1478 3477 1556">
     <span class='ocr_line' id='line_1_29' title="bbox 1887 1478 3477 1556; baseline 0.006 -24"><span class='ocrx_word' id='word_1_181' title='bbox 1887 1478 2417 1534; x_wconf 84' lang='lat' dir='ltr'>Christianissimus.</span> <span class='ocrx_word' id='word_1_182' title='bbox 2434 1481 2540 1535; x_wconf 86' lang='lat' dir='ltr'>Hic</span> <span class='ocrx_word' id='word_1_183' title='bbox 2558 1483 2820 1552; x_wconf 90' lang='lat' dir='ltr'>primum,</span> <span class='ocrx_word' id='word_1_184' title='bbox 2850 1491 2913 1537; x_wconf 90' lang='lat' dir='ltr'>ut</span> <span class='ocrx_word' id='word_1_185' title='bbox 2939 1486 3197 1556; x_wconf 82' lang='lat' dir='ltr'>superius</span> <span class='ocrx_word' id='word_1_186' title='bbox 3210 1486 3477 1554; x_wconf 85' lang='lat' dir='ltr'>diximus,</span> 
     </span>
    </p>
   </div>
   <div class='ocr_carea' id='block_1_30' title="bbox 1885 1568 3480 1637">
    <p class='ocr_par' dir='ltr' id='par_1_30' title="bbox 1885 1568 3480 1637">
     <span class='ocr_line' id='line_1_30' title="bbox 1885 1568 3480 1637; baseline 0.008 -18"><span class='ocrx_word' id='word_1_187' title='bbox 1885 1568 2141 1637; x_wconf 87' lang='lat' dir='ltr'>Ungaros</span> <span class='ocrx_word' id='word_1_188' title='bbox 2185 1569 2500 1630; x_wconf 81' lang='lat' dir='ltr'>debellavit,</span> <span class='ocrx_word' id='word_1_189' title='bbox 2541 1579 2598 1625; x_wconf 88' lang='lat' dir='ltr'>et</span> <span class='ocrx_word' id='word_1_190' title='bbox 2642 1589 2752 1625; x_wconf 90' lang='lat' dir='ltr'>non</span> <span class='ocrx_word' id='word_1_191' title='bbox 2781 1574 2959 1628; x_wconf 87' lang='lat' dir='ltr'>solum</span> <span class='ocrx_word' id='word_1_192' title='bbox 2992 1592 3156 1629; x_wconf 82' lang='lat' dir='ltr'>omne</span> <span class='ocrx_word' id='word_1_193' title='bbox 3201 1593 3366 1630; x_wconf 90' lang='lat' dir='ltr'>suum</span> <span class='ocrx_word' id='word_1_194' title='bbox 3393 1594 3480 1631; x_wconf 85' lang='lat' dir='ltr'>re-</span> 
     </span>
    </p>
   </div>
   <div class='ocr_carea' id='block_1_31' title="bbox 1885 1657 3480 1724">
    <p class='ocr_par' dir='ltr' id='par_1_31' title="bbox 1885 1657 3480 1724">
     <span class='ocr_line' id='line_1_31' title="bbox 1885 1657 3480 1724; baseline 0.008 -16"><span class='ocrx_word' id='word_1_195' title='bbox 1885 1673 2083 1724; x_wconf 85' lang='lat' dir='ltr'>gnum.</span> <span class='ocrx_word' id='word_1_196' title='bbox 2103 1657 2198 1710; x_wconf 90' lang='lat' dir='ltr'>sed</span> <span class='ocrx_word' id='word_1_197' title='bbox 2218 1658 2387 1711; x_wconf 86' lang='lat' dir='ltr'>etiam</span> <span class='ocrx_word' id='word_1_198' title='bbox 2416 1676 2637 1712; x_wconf 90' lang='lat' dir='ltr'>omnem</span> <span class='ocrx_word' id='word_1_199' title='bbox 2658 1663 3016 1718; x_wconf 80' lang='lat' dir='ltr'>Occidentem</span> <span class='ocrx_word' id='word_1_200' title='bbox 3043 1663 3115 1718; x_wconf 87' lang='lat' dir='ltr'>ab</span> <span class='ocrx_word' id='word_1_201' title='bbox 3145 1681 3338 1718; x_wconf 90' lang='lat' dir='ltr'>eorum</span> <span class='ocrx_word' id='word_1_202' title='bbox 3367 1681 3480 1720; x_wconf 87' lang='lat' dir='ltr'>ser-</span> 
     </span>
    </p>
   </div>
   <div class='ocr_carea' id='block_1_32' title="bbox 1886 1745 3483 1825">
    <p class='ocr_par' dir='ltr' id='par_1_32' title="bbox 1886 1745 3483 1825">
     <span class='ocr_line' id='line_1_32' title="bbox 1886 1745 3483 1825; baseline 0.008 -30"><span class='ocrx_word' id='word_1_203' title='bbox 1886 1745 2061 1799; x_wconf 85' lang='lat' dir='ltr'>vitute</span> <span class='ocrx_word' id='word_1_204' title='bbox 2094 1746 2360 1800; x_wconf 82' lang='lat' dir='ltr'>liberavit.</span> <span class='ocrx_word' id='word_1_205' title='bbox 2389 1749 2488 1801; x_wconf 84' lang='lat' dir='ltr'>Hic</span> <span class='ocrx_word' id='word_1_206' title='bbox 2512 1749 2847 1804; x_wconf 90' lang='lat' dir='ltr'>Ludovicum</span> <span class='ocrx_word' id='word_1_207' title='bbox 2869 1759 3169 1822; x_wconf 86' lang='lat' dir='ltr'>cognatum</span> <span class='ocrx_word' id='word_1_208' title='bbox 3197 1771 3483 1825; x_wconf 82' lang='lat' dir='ltr'>suumper</span> 
     </span>
    </p>
   </div>
   <div class='ocr_carea' id='block_1_33' title="bbox 209 1820 3478 1915">
    <p class='ocr_par' dir='ltr' id='par_1_33' title="bbox 209 1820 3478 1915">
     <span class='ocr_line' id='line_1_33' title="bbox 209 1820 3478 1915; baseline 0.004 -29"><span class='ocrx_word' id='word_1_209' title='bbox 209 1851 316 1887; x_wconf 89' lang='lat' dir='ltr'>non</span> <span class='ocrx_word' id='word_1_210' title='bbox 337 1835 521 1886; x_wconf 90' lang='lat' dir='ltr'>solum</span> <span class='ocrx_word' id='word_1_211' title='bbox 553 1833 932 1886; x_wconf 74' lang='lat' dir='ltr'>cardinal-atus</span> <span class='ocrx_word' id='word_1_212' title='bbox 976 1839 1032 1886; x_wconf 90' lang='lat' dir='ltr'>et</span> <span class='ocrx_word' id='word_1_213' title='bbox 1063 1832 1312 1885; x_wconf 88' lang='lat' dir='ltr'>abbatias</span> <span class='ocrx_word' id='word_1_214' title='bbox 1352 1839 1408 1884; x_wconf 90' lang='lat' dir='ltr'>et</span> <span class='ocrx_word' id='word_1_215' title='bbox 1445 1820 2139 1903; x_wconf 81' lang='lat' dir='ltr'>episcopatusBl-lugonis</span> <span class='ocrx_word' id='word_1_216' title='bbox 2179 1837 2532 1906; x_wconf 82' lang='lat' dir='ltr'>tyrannidem</span> <span class='ocrx_word' id='word_1_217' title='bbox 2565 1847 2799 1908; x_wconf 89' lang='lat' dir='ltr'>paterno</span> <span class='ocrx_word' id='word_1_218' title='bbox 2848 1820 2986 1895; x_wconf 79' lang='lat' dir='ltr'>solio</span> <span class='ocrx_word' id='word_1_219' title='bbox 3032 1843 3253 1912; x_wconf 81' lang='lat' dir='ltr'>pulsum</span> <span class='ocrx_word' id='word_1_220' title='bbox 3305 1820 3478 1915; x_wconf 68' lang='lat' dir='ltr'>regno</span> 
     </span>
    </p>
   </div>
   <div class='ocr_carea' id='block_1_34' title="bbox 206 1921 1801 1994">
    <p class='ocr_par' dir='ltr' id='par_1_34' title="bbox 206 1921 1801 1994">
     <span class='ocr_line' id='line_1_34' title="bbox 206 1921 1801 1994; baseline -0.002 -18"><span class='ocrx_word' id='word_1_221' title='bbox 206 1923 535 1994; x_wconf 89' lang='lat' dir='ltr'>turpissima</span> <span class='ocrx_word' id='word_1_222' title='bbox 583 1923 883 1975; x_wconf 88' lang='lat' dir='ltr'>venalitate</span> <span class='ocrx_word' id='word_1_223' title='bbox 936 1921 1240 1984; x_wconf 83' lang='lat' dir='ltr'>foedabant,</span> <span class='ocrx_word' id='word_1_224' title='bbox 1277 1921 1371 1974; x_wconf 87' lang='lat' dir='ltr'>sed</span> <span class='ocrx_word' id='word_1_225' title='bbox 1418 1921 1601 1990; x_wconf 89' lang='lat' dir='ltr'>ipsum</span> <span class='ocrx_word' id='word_1_226' title='bbox 1633 1921 1801 1973; x_wconf 89' lang='lat' dir='ltr'>etiam</span> 
     </span>
    </p>
   </div>
   <div class='ocr_carea' id='block_1_35' title="bbox 207 2010 1804 2080">
    <p class='ocr_par' dir='ltr' id='par_1_35' title="bbox 207 2010 1804 2080">
     <span class='ocr_line' id='line_1_35' title="bbox 207 2010 1804 2080; baseline -0.001 -16"><span class='ocrx_word' id='word_1_227' title='bbox 207 2012 474 2065; x_wconf 69' lang='lat' dir='ltr'>Romanae</span> <span class='ocrx_word' id='word_1_228' title='bbox 508 2011 758 2064; x_wconf 67' lang='lat' dir='ltr'>Ecclesiae</span> <span class='ocrx_word' id='word_1_229' title='bbox 787 2011 1175 2080; x_wconf 78' lang='lat' dir='ltr'>pontiﬁcatum</span> <span class='ocrx_word' id='word_1_230' title='bbox 1209 2027 1318 2062; x_wconf 92' lang='lat' dir='ltr'>non</span> <span class='ocrx_word' id='word_1_231' title='bbox 1349 2016 1600 2079; x_wconf 85' lang='lat' dir='ltr'>spectata</span> <span class='ocrx_word' id='word_1_232' title='bbox 1616 2010 1804 2080; x_wconf 82' lang='lat' dir='ltr'>aliqua</span> 
     </span>
    </p>
   </div>
   <div class='ocr_carea' id='block_1_36' title="bbox 206 2097 1801 2169">
    <p class='ocr_par' dir='ltr' id='par_1_36' title="bbox 206 2097 1801 2169">
     <span class='ocr_line' id='line_1_36' title="bbox 206 2097 1801 2169; baseline 0 -17"><span class='ocrx_word' id='word_1_233' title='bbox 206 2117 427 2154; x_wconf 90' lang='lat' dir='ltr'>morum</span> <span class='ocrx_word' id='word_1_234' title='bbox 457 2099 729 2169; x_wconf 85' lang='lat' dir='ltr'>dignitate</span> <span class='ocrx_word' id='word_1_235' title='bbox 757 2116 857 2152; x_wconf 89' lang='lat' dir='ltr'>nec</span> <span class='ocrx_word' id='word_1_236' title='bbox 888 2099 1077 2168; x_wconf 89' lang='lat' dir='ltr'>aliqua</span> <span class='ocrx_word' id='word_1_237' title='bbox 1107 2106 1275 2152; x_wconf 71' lang='lat' dir='ltr'>tanta:</span> <span class='ocrx_word' id='word_1_238' title='bbox 1306 2097 1567 2151; x_wconf 71' lang='lat' dir='ltr'>Ecclesia:</span> <span class='ocrx_word' id='word_1_239' title='bbox 1597 2116 1801 2168; x_wconf 68' lang='lat' dir='ltr'>praero-</span> 
     </span>
    </p>
   </div>
   <div class='ocr_carea' id='block_1_37' title="bbox 203 2187 1802 2262">
    <p class='ocr_par' dir='ltr' id='par_1_37' title="bbox 203 2187 1802 2262">
     <span class='ocr_line' id='line_1_37' title="bbox 203 2187 1802 2262; baseline 0 -21"><span class='ocrx_word' id='word_1_240' title='bbox 203 2191 414 2262; x_wconf 77' lang='lat' dir='ltr'>gativa,</span> <span class='ocrx_word' id='word_1_241' title='bbox 439 2189 789 2242; x_wconf 84' lang='lat' dir='ltr'>solummodo</span> <span class='ocrx_word' id='word_1_242' title='bbox 830 2189 897 2241; x_wconf 90' lang='lat' dir='ltr'>ad</span> <span class='ocrx_word' id='word_1_243' title='bbox 924 2188 1163 2248; x_wconf 85' lang='lat' dir='ltr'>libitum,</span> <span class='ocrx_word' id='word_1_244' title='bbox 1189 2188 1276 2240; x_wconf 91' lang='lat' dir='ltr'>cui</span> <span class='ocrx_word' id='word_1_245' title='bbox 1300 2187 1567 2256; x_wconf 81' lang='lat' dir='ltr'>placebat,</span> <span class='ocrx_word' id='word_1_246' title='bbox 1593 2188 1680 2240; x_wconf 89' lang='lat' dir='ltr'>vel</span> <span class='ocrx_word' id='word_1_247' title='bbox 1707 2187 1802 2257; x_wconf 91' lang='lat' dir='ltr'>qui</span> 
     </span>
    </p>
   </div>
   <div class='ocr_carea' id='block_1_38' title="bbox 209 2277 1802 2348">
    <p class='ocr_par' dir='ltr' id='par_1_38' title="bbox 209 2277 1802 2348">
     <span class='ocr_line' id='line_1_38' title="bbox 209 2277 1802 2348; baseline 0 -18"><span class='ocrx_word' id='word_1_248' title='bbox 209 2279 331 2348; x_wconf 89' lang='lat' dir='ltr'>plus</span> <span class='ocrx_word' id='word_1_249' title='bbox 356 2295 556 2331; x_wconf 90' lang='lat' dir='ltr'>manus</span> <span class='ocrx_word' id='word_1_250' title='bbox 583 2294 774 2330; x_wconf 89' lang='lat' dir='ltr'>eorum</span> <span class='ocrx_word' id='word_1_251' title='bbox 807 2277 1092 2346; x_wconf 85' lang='lat' dir='ltr'>implebat,</span> <span class='ocrx_word' id='word_1_252' title='bbox 1129 2277 1448 2339; x_wconf 86' lang='lat' dir='ltr'>donabant;</span> <span class='ocrx_word' id='word_1_253' title='bbox 1478 2282 1666 2329; x_wconf 87' lang='lat' dir='ltr'>etnon</span> <span class='ocrx_word' id='word_1_254' title='bbox 1711 2294 1802 2330; x_wconf 90' lang='lat' dir='ltr'>so-</span> 
     </span>
    </p>
   </div>
   <div class='ocr_carea' id='block_1_39' title="bbox 204 2365 1803 2435">
    <p class='ocr_par' dir='ltr' id='par_1_39' title="bbox 204 2365 1803 2435">
     <span class='ocr_line' id='line_1_39' title="bbox 204 2365 1803 2435; baseline 0 -16"><span class='ocrx_word' id='word_1_255' title='bbox 204 2367 320 2421; x_wconf 88' lang='lat' dir='ltr'>lum</span> <span class='ocrx_word' id='word_1_256' title='bbox 345 2367 562 2420; x_wconf 87' lang='lat' dir='ltr'>clericis</span> <span class='ocrx_word' id='word_1_257' title='bbox 591 2367 685 2419; x_wconf 88' lang='lat' dir='ltr'>sed</span> <span class='ocrx_word' id='word_1_258' title='bbox 717 2374 773 2419; x_wconf 91' lang='lat' dir='ltr'>et</span> <span class='ocrx_word' id='word_1_259' title='bbox 804 2367 959 2419; x_wconf 88' lang='lat' dir='ltr'>laicis</span> <span class='ocrx_word' id='word_1_260' title='bbox 985 2385 997 2432; x_wconf 87' lang='lat'><strong>;</strong></span> <span class='ocrx_word' id='word_1_261' title='bbox 1032 2367 1110 2419; x_wconf 88' lang='lat' dir='ltr'>ita</span> <span class='ocrx_word' id='word_1_262' title='bbox 1137 2373 1197 2419; x_wconf 87' lang='lat' dir='ltr'>ut</span> <span class='ocrx_word' id='word_1_263' title='bbox 1240 2383 1350 2418; x_wconf 91' lang='lat' dir='ltr'>uno</span> <span class='ocrx_word' id='word_1_264' title='bbox 1384 2365 1691 2435; x_wconf 90' lang='lat' dir='ltr'>eodemque</span> <span class='ocrx_word' id='word_1_265' title='bbox 1714 2367 1803 2419; x_wconf 91' lang='lat' dir='ltr'>die</span> 
     </span>
    </p>
   </div>
   <div class='ocr_carea' id='block_1_40' title="bbox 205 2455 1802 2528">
    <p class='ocr_par' dir='ltr' id='par_1_40' title="bbox 205 2455 1802 2528">
     <span class='ocr_line' id='line_1_40' title="bbox 205 2455 1802 2528; baseline 0 -19"><span class='ocrx_word' id='word_1_266' title='bbox 205 2457 541 2528; x_wconf 88' lang='lat' dir='ltr'>plerumque</span> <span class='ocrx_word' id='word_1_267' title='bbox 567 2463 623 2509; x_wconf 92' lang='lat' dir='ltr'>et</span> <span class='ocrx_word' id='word_1_268' title='bbox 663 2456 838 2509; x_wconf 87' lang='lat' dir='ltr'>laicus</span> <span class='ocrx_word' id='word_1_269' title='bbox 869 2462 1016 2508; x_wconf 85' lang='lat' dir='ltr'>esset</span> <span class='ocrx_word' id='word_1_270' title='bbox 1044 2462 1099 2508; x_wconf 91' lang='lat' dir='ltr'>et</span> <span class='ocrx_word' id='word_1_271' title='bbox 1129 2456 1407 2525; x_wconf 78' lang='lat' dir='ltr'>pontifex;</span> <span class='ocrx_word' id='word_1_272' title='bbox 1442 2455 1631 2525; x_wconf 87' lang='lat' dir='ltr'>sicque</span> <span class='ocrx_word' id='word_1_273' title='bbox 1683 2458 1802 2509; x_wconf 87' lang='lat' dir='ltr'>lan-</span> 
     </span>
    </p>
   </div>
   <div class='ocr_carea' id='block_1_41' title="bbox 203 2545 1798 2615">
    <p class='ocr_par' dir='ltr' id='par_1_41' title="bbox 203 2545 1798 2615">
     <span class='ocr_line' id='line_1_41' title="bbox 203 2545 1798 2615; baseline -0.001 -17"><span class='ocrx_word' id='word_1_274' title='bbox 203 2551 507 2615; x_wconf 86' lang='lat' dir='ltr'>guescente</span> <span class='ocrx_word' id='word_1_275' title='bbox 539 2545 720 2614; x_wconf 88' lang='lat' dir='ltr'>capite</span> <span class='ocrx_word' id='word_1_276' title='bbox 747 2545 1182 2598; x_wconf 83' lang='lat' dir='ltr'>infirmabantur</span> <span class='ocrx_word' id='word_1_277' title='bbox 1210 2551 1265 2597; x_wconf 90' lang='lat' dir='ltr'>et</span> <span class='ocrx_word' id='word_1_278' title='bbox 1300 2551 1502 2599; x_wconf 54' lang='lat' dir='ltr'>catera</span> <span class='ocrx_word' id='word_1_279' title='bbox 1529 2545 1798 2609; x_wconf 89' lang='lat' dir='ltr'>membra,</span> 
     </span>
    </p>
   </div>
   <div class='ocr_carea' id='block_1_42' title="bbox 204 2633 1802 2699">
    <p class='ocr_par' dir='ltr' id='par_1_42' title="bbox 204 2633 1802 2699">
     <span class='ocr_line' id='line_1_42' title="bbox 204 2633 1802 2699; baseline -0.001 -11"><span class='ocrx_word' id='word_1_280' title='bbox 204 2636 265 2688; x_wconf 91' lang='lat' dir='ltr'>in</span> <span class='ocrx_word' id='word_1_281' title='bbox 294 2641 540 2699; x_wconf 88' lang='lat' dir='ltr'>tantum,</span> <span class='ocrx_word' id='word_1_282' title='bbox 575 2641 636 2687; x_wconf 93' lang='lat' dir='ltr'>ut</span> <span class='ocrx_word' id='word_1_283' title='bbox 684 2651 796 2687; x_wconf 92' lang='lat' dir='ltr'>non</span> <span class='ocrx_word' id='word_1_284' title='bbox 843 2635 1022 2687; x_wconf 88' lang='lat' dir='ltr'>solum</span> <span class='ocrx_word' id='word_1_285' title='bbox 1079 2633 1273 2686; x_wconf 89' lang='lat' dir='ltr'>altaris</span> <span class='ocrx_word' id='word_1_286' title='bbox 1304 2634 1544 2686; x_wconf 85' lang='lat' dir='ltr'>ministri</span> <span class='ocrx_word' id='word_1_287' title='bbox 1574 2634 1802 2688; x_wconf 89' lang='lat' dir='ltr'>secundi</span> 
     </span>
    </p>
   </div>
   <div class='ocr_carea' id='block_1_43' title="bbox 206 2723 1802 2792">
    <p class='ocr_par' dir='ltr' id='par_1_43' title="bbox 206 2723 1802 2792">
     <span class='ocr_line' id='line_1_43' title="bbox 206 2723 1802 2792; baseline -0.001 -15"><span class='ocrx_word' id='word_1_288' title='bbox 206 2723 438 2782; x_wconf 82' lang='lat' dir='ltr'>ordinis,</span> <span class='ocrx_word' id='word_1_289' title='bbox 469 2723 783 2776; x_wconf 88' lang='lat' dir='ltr'>sacerdotes</span> <span class='ocrx_word' id='word_1_290' title='bbox 803 2723 1066 2785; x_wconf 83' lang='lat' dir='ltr'>etlevitae,</span> <span class='ocrx_word' id='word_1_291' title='bbox 1102 2724 1199 2775; x_wconf 90' lang='lat' dir='ltr'>sed</span> <span class='ocrx_word' id='word_1_292' title='bbox 1231 2723 1336 2792; x_wconf 90' lang='lat' dir='ltr'>ipsi</span> <span class='ocrx_word' id='word_1_293' title='bbox 1364 2723 1654 2792; x_wconf 79' lang='lat' dir='ltr'>pontiﬁces</span> <span class='ocrx_word' id='word_1_294' title='bbox 1677 2740 1802 2792; x_wconf 90' lang='lat' dir='ltr'>pas-</span> 
     </span>
    </p>
   </div>
   <div class='ocr_carea' id='block_1_44' title="bbox 207 2811 1804 2881">
    <p class='ocr_par' dir='ltr' id='par_1_44' title="bbox 207 2811 1804 2881">
     <span class='ocr_line' id='line_1_44' title="bbox 207 2811 1804 2881; baseline -0.002 -14"><span class='ocrx_word' id='word_1_295' title='bbox 207 2814 310 2866; x_wconf 89' lang='lat' dir='ltr'>sim</span> <span class='ocrx_word' id='word_1_296' title='bbox 342 2813 693 2866; x_wconf 89' lang='lat' dir='ltr'>concubinati</span> <span class='ocrx_word' id='word_1_297' title='bbox 728 2812 1087 2876; x_wconf 80' lang='lat' dir='ltr'>haberentur,</span> <span class='ocrx_word' id='word_1_298' title='bbox 1118 2818 1181 2864; x_wconf 89' lang='lat' dir='ltr'>ut</span> <span class='ocrx_word' id='word_1_299' title='bbox 1213 2811 1330 2880; x_wconf 89' lang='lat' dir='ltr'>ipse</span> <span class='ocrx_word' id='word_1_300' title='bbox 1361 2829 1493 2864; x_wconf 87' lang='lat' dir='ltr'>usus</span> <span class='ocrx_word' id='word_1_301' title='bbox 1517 2813 1634 2881; x_wconf 83' lang='lat' dir='ltr'>jam</span> <span class='ocrx_word' id='word_1_302' title='bbox 1668 2812 1804 2864; x_wconf 90' lang='lat' dir='ltr'>ado-</span> 
     </span>
    </p>
   </div>
   <div class='ocr_carea' id='block_1_45' title="bbox 203 2899 1806 2977">
    <p class='ocr_par' dir='ltr' id='par_1_45' title="bbox 203 2899 1806 2977">
     <span class='ocr_line' id='line_1_45' title="bbox 203 2899 1806 2977; baseline -0.002 -22"><span class='ocrx_word' id='word_1_303' title='bbox 203 2903 349 2956; x_wconf 91' lang='lat' dir='ltr'>leret</span> <span class='ocrx_word' id='word_1_304' title='bbox 379 2901 446 2973; x_wconf 85' lang='grc' dir='ltr'>[Ι.</span> <span class='ocrx_word' id='word_1_305' title='bbox 479 2901 749 2969; x_wconf 87' lang='lat' dir='ltr'>aboleret]</span> <span class='ocrx_word' id='word_1_306' title='bbox 783 2900 1090 2964; x_wconf 89' lang='lat' dir='ltr'>infamiam,</span> <span class='ocrx_word' id='word_1_307' title='bbox 1127 2907 1183 2953; x_wconf 91' lang='lat' dir='ltr'>et</span> <span class='ocrx_word' id='word_1_308' title='bbox 1212 2901 1555 2977; x_wconf 77' lang='lat' dir='ltr'>consuetudo</span> <span class='ocrx_word' id='word_1_309' title='bbox 1602 2899 1806 2970; x_wconf 90' lang='lat' dir='ltr'>turpis-</span> 
     </span>
    </p>
   </div>
   <div class='ocr_carea' id='block_1_46' title="bbox 203 2989 1804 3058">
    <p class='ocr_par' dir='ltr' id='par_1_46' title="bbox 203 2989 1804 3058">
     <span class='ocr_line' id='line_1_46' title="bbox 203 2989 1804 3058; baseline -0.002 -13"><span class='ocrx_word' id='word_1_310' title='bbox 203 2991 362 3045; x_wconf 77' lang='lat' dir='ltr'>simae</span> <span class='ocrx_word' id='word_1_311' title='bbox 399 2990 711 3043; x_wconf 80' lang='lat' dir='ltr'>venalitatis</span> <span class='ocrx_word' id='word_1_312' title='bbox 745 2989 1155 3058; x_wconf 85' lang='lat' dir='ltr'>quodammodo</span> <span class='ocrx_word' id='word_1_313' title='bbox 1188 2989 1405 3042; x_wconf 78' lang='lat' dir='ltr'>videtur</span> <span class='ocrx_word' id='word_1_314' title='bbox 1433 2989 1637 3042; x_wconf 89' lang='lat' dir='ltr'>leviare</span> <span class='ocrx_word' id='word_1_315' title='bbox 1663 2989 1804 3042; x_wconf 89' lang='lat' dir='ltr'>deli-</span> 
     </span>
    </p>
   </div>
   <div class='ocr_carea' id='block_1_47' title="bbox 205 3077 1806 3148">
    <p class='ocr_par' dir='ltr' id='par_1_47' title="bbox 205 3077 1806 3148">
     <span class='ocr_line' id='line_1_47' title="bbox 205 3077 1806 3148; baseline -0.002 -14"><span class='ocrx_word' id='word_1_316' title='bbox 205 3087 383 3143; x_wconf 90' lang='lat' dir='ltr'>ctum,</span> <span class='ocrx_word' id='word_1_317' title='bbox 419 3087 476 3132; x_wconf 90' lang='lat' dir='ltr'>et</span> <span class='ocrx_word' id='word_1_318' title='bbox 499 3096 610 3132; x_wconf 89' lang='lat' dir='ltr'>non</span> <span class='ocrx_word' id='word_1_319' title='bbox 631 3086 848 3131; x_wconf 88' lang='lat' dir='ltr'>tantum</span> <span class='ocrx_word' id='word_1_320' title='bbox 883 3079 936 3130; x_wconf 91' lang='lat' dir='ltr'>in</span> <span class='ocrx_word' id='word_1_321' title='bbox 970 3077 1223 3148; x_wconf 89' lang='lat' dir='ltr'>partibus</span> <span class='ocrx_word' id='word_1_322' title='bbox 1262 3078 1545 3142; x_wconf 72' lang='lat' dir='ltr'>Romanae,</span> <span class='ocrx_word' id='word_1_323' title='bbox 1578 3079 1676 3131; x_wconf 86' lang='lat' dir='ltr'>sed</span> <span class='ocrx_word' id='word_1_324' title='bbox 1709 3095 1806 3147; x_wconf 88' lang='lat' dir='ltr'>per</span> 
     </span>
    </p>
   </div>
   <div class='ocr_carea' id='block_1_48' title="bbox 1887 1924 3474 1994">
    <p class='ocr_par' dir='ltr' id='par_1_48' title="bbox 1887 1924 3474 1994">
     <span class='ocr_line' id='line_1_48' title="bbox 1887 1924 3474 1994; baseline 0.006 -18"><span class='ocrx_word' id='word_1_325' title='bbox 1887 1924 2151 1977; x_wconf 83' lang='lat' dir='ltr'>restituit.</span> <span class='ocrx_word' id='word_1_326' title='bbox 2175 1925 2316 1978; x_wconf 80' lang='lat' dir='ltr'>Nam</span> <span class='ocrx_word' id='word_1_327' title='bbox 2333 1927 2746 1982; x_wconf 88' lang='lat' dir='ltr'>militari-manu</span> <span class='ocrx_word' id='word_1_328' title='bbox 2768 1929 3015 1994; x_wconf 81' lang='lat' dir='ltr'>intravit,</span> <span class='ocrx_word' id='word_1_329' title='bbox 3041 1931 3474 1993; x_wconf 75' lang='lat' dir='ltr'>Franciam&#39;Re-</span> 
     </span>
    </p>
   </div>
   <div class='ocr_carea' id='block_1_49' title="bbox 1886 2013 3481 2087">
    <p class='ocr_par' dir='ltr' id='par_1_49' title="bbox 1886 2013 3481 2087">
     <span class='ocr_line' id='line_1_49' title="bbox 1886 2013 3481 2087; baseline 0.006 -23"><span class='ocrx_word' id='word_1_330' title='bbox 1886 2029 2105 2065; x_wconf 88' lang='lat' dir='ltr'>morum</span> <span class='ocrx_word' id='word_1_331' title='bbox 2128 2013 2409 2067; x_wconf 89' lang='lat' dir='ltr'>civitatem</span> <span class='ocrx_word' id='word_1_332' title='bbox 2427 2015 2644 2069; x_wconf 84' lang='lat' dir='ltr'>obsedit</span> <span class='ocrx_word' id='word_1_333' title='bbox 2664 2025 2720 2069; x_wconf 90' lang='lat' dir='ltr'>et</span> <span class='ocrx_word' id='word_1_334' title='bbox 2733 2018 2897 2087; x_wconf 85' lang='lat' dir='ltr'>cepit,</span> <span class='ocrx_word' id='word_1_335' title='bbox 2920 2019 3198 2073; x_wconf 84' lang='lat' dir='ltr'>Parisium</span> <span class='ocrx_word' id='word_1_336' title='bbox 3226 2020 3481 2074; x_wconf 81' lang='lat' dir='ltr'>intravit.</span> 
     </span>
    </p>
   </div>
   <div class='ocr_carea' id='block_1_50' title="bbox 1886 2102 3480 2177">
    <p class='ocr_par' dir='ltr' id='par_1_50' title="bbox 1886 2102 3480 2177">
     <span class='ocr_line' id='line_1_50' title="bbox 1886 2102 3480 2177; baseline 0.006 -24"><span class='ocrx_word' id='word_1_337' title='bbox 1886 2102 2179 2171; x_wconf 85' lang='lat' dir='ltr'>Hugon-em</span> <span class='ocrx_word' id='word_1_338' title='bbox 2211 2112 2493 2156; x_wconf 86' lang='lat' dir='ltr'>auctorem</span> <span class='ocrx_word' id='word_1_339' title='bbox 2523 2105 2838 2174; x_wconf 81' lang='lat' dir='ltr'>tyrannidis</span> <span class='ocrx_word' id='word_1_340' title='bbox 2883 2123 3059 2177; x_wconf 88' lang='lat' dir='ltr'>usque</span> <span class='ocrx_word' id='word_1_341' title='bbox 3091 2109 3159 2161; x_wconf 88' lang='lat' dir='ltr'>ad</span> <span class='ocrx_word' id='word_1_342' title='bbox 3191 2109 3480 2174; x_wconf 79' lang='lat' dir='ltr'>Britanni-</span> 
     </span>
    </p>
   </div>
   <div class='ocr_carea' id='block_1_51' title="bbox 1887 2195 3472 2266">
    <p class='ocr_par' dir='ltr' id='par_1_51' title="bbox 1887 2195 3472 2266">
     <span class='ocr_line' id='line_1_51' title="bbox 1887 2195 3472 2266; baseline 0.006 -23"><span class='ocrx_word' id='word_1_343' title='bbox 1887 2207 2010 2244; x_wconf 88' lang='lat' dir='ltr'>cum</span> <span class='ocrx_word' id='word_1_344' title='bbox 2036 2208 2190 2244; x_wconf 86' lang='lat' dir='ltr'>mare.</span> <span class='ocrx_word' id='word_1_345' title='bbox 2212 2199 2538 2261; x_wconf 88' lang='lat' dir='ltr'>persecutus</span> <span class='ocrx_word' id='word_1_346' title='bbox 2565 2200 2668 2246; x_wconf 85' lang='lat' dir='ltr'>est.</span> <span class='ocrx_word' id='word_1_347' title='bbox 2691 2195 2831 2248; x_wconf 81' lang='lat' dir='ltr'>Inde</span> <span class='ocrx_word' id='word_1_348' title='bbox 2858 2197 3196 2266; x_wconf 86' lang='lat' dir='ltr'>Aquisgrani</span> <span class='ocrx_word' id='word_1_349' title='bbox 3225 2198 3472 2264; x_wconf 85' lang='lat' dir='ltr'>veniens,</span> 
     </span>
    </p>
   </div>
   <div class='ocr_carea' id='block_1_52' title="bbox 1885 2279 3482 2354">
    <p class='ocr_par' dir='ltr' id='par_1_52' title="bbox 1885 2279 3482 2354">
     <span class='ocr_line' id='line_1_52' title="bbox 1885 2279 3482 2354; baseline 0.008 -24"><span class='ocrx_word' id='word_1_350' title='bbox 1885 2279 2130 2347; x_wconf 87' lang='lat' dir='ltr'>aquilam</span> <span class='ocrx_word' id='word_1_351' title='bbox 2155 2281 2534 2334; x_wconf 88' lang='lat' dir='ltr'>Romanorum</span> <span class='ocrx_word' id='word_1_352' title='bbox 2566 2281 2976 2354; x_wconf 74' lang='lat' dir='ltr'>signium.quod</span> <span class='ocrx_word' id='word_1_353' title='bbox 3016 2291 3210 2339; x_wconf 86' lang='lat' dir='ltr'>contra</span> <span class='ocrx_word' id='word_1_354' title='bbox 3250 2287 3482 2342; x_wconf 82' lang='lat' dir='ltr'>Germa-</span> 
     </span>
    </p>
   </div>
   <div class='ocr_carea' id='block_1_53' title="bbox 1886 2370 3478 2441">
    <p class='ocr_par' dir='ltr' id='par_1_53' title="bbox 1886 2370 3478 2441">
     <span class='ocr_line' id='line_1_53' title="bbox 1886 2370 3478 2441; baseline 0.006 -21"><span class='ocrx_word' id='word_1_355' title='bbox 1886 2385 1986 2421; x_wconf 89' lang='lat' dir='ltr'>nos</span> <span class='ocrx_word' id='word_1_356' title='bbox 2016 2370 2207 2422; x_wconf 88' lang='lat' dir='ltr'>multis</span> <span class='ocrx_word' id='word_1_357' title='bbox 2229 2372 2575 2441; x_wconf 89' lang='lat' dir='ltr'>temporibus</span> <span class='ocrx_word' id='word_1_358' title='bbox 2606 2373 2710 2425; x_wconf 88' lang='lat' dir='ltr'>alis</span> <span class='ocrx_word' id='word_1_359' title='bbox 2738 2373 2982 2427; x_wconf 80' lang='lat' dir='ltr'>extensis</span> <span class='ocrx_word' id='word_1_360' title='bbox 3009 2373 3214 2438; x_wconf 79' lang='lat' dir='ltr'>stabat,</span> <span class='ocrx_word' id='word_1_361' title='bbox 3245 2375 3478 2436; x_wconf 70' lang='lat' dir='ltr'>Franci-</span> 
     </span>
    </p>
   </div>
   <div class='ocr_carea' id='block_1_54' title="bbox 1883 2458 3105 2532">
    <p class='ocr_par' dir='ltr' id='par_1_54' title="bbox 1883 2458 3105 2532">
     <span class='ocr_line' id='line_1_54' title="bbox 1883 2458 3105 2532; baseline 0.008 -22"><span class='ocrx_word' id='word_1_362' title='bbox 1883 2458 2044 2526; x_wconf 89' lang='lat' dir='ltr'>genis</span> <span class='ocrx_word' id='word_1_363' title='bbox 2077 2475 2253 2529; x_wconf 89' lang='lat' dir='ltr'>usque</span> <span class='ocrx_word' id='word_1_364' title='bbox 2282 2461 2450 2514; x_wconf 86' lang='lat' dir='ltr'>hodie</span> <span class='ocrx_word' id='word_1_365' title='bbox 2477 2461 2793 2531; x_wconf 85' lang='lat' dir='ltr'>prominere</span> <span class='ocrx_word' id='word_1_366' title='bbox 2825 2463 3105 2532; x_wconf 70' lang='lat' dir='ltr'>praecepit.</span> 
     </span>
    </p>
   </div>
   <div class='ocr_carea' id='block_1_55' title="bbox 1957 2547 3483 2623">
    <p class='ocr_par' dir='ltr' id='par_1_55' title="bbox 1957 2547 3483 2623">
     <span class='ocr_line' id='line_1_55' title="bbox 1957 2547 3483 2623; baseline 0.007 -25"><span class='ocrx_word' id='word_1_367' title='bbox 1957 2547 2098 2599; x_wconf 89' lang='lat' dir='ltr'>Hinc</span> <span class='ocrx_word' id='word_1_368' title='bbox 2124 2549 2470 2617; x_wconf 88' lang='lat' dir='ltr'>Maguntiam</span> <span class='ocrx_word' id='word_1_369' title='bbox 2511 2551 2738 2604; x_wconf 89' lang='lat' dir='ltr'>veniens</span> <span class='ocrx_word' id='word_1_370' title='bbox 2767 2551 3103 2606; x_wconf 84' lang='lat' dir='ltr'>Ruodolfum</span> <span class='ocrx_word' id='word_1_371' title='bbox 3134 2553 3483 2623; x_wconf 83' lang='lat' dir='ltr'>Burgundio-</span> 
     </span>
    </p>
   </div>
   <div class='ocr_carea' id='block_1_56' title="bbox 1886 2637 3482 2712">
    <p class='ocr_par' dir='ltr' id='par_1_56' title="bbox 1886 2637 3482 2712">
     <span class='ocr_line' id='line_1_56' title="bbox 1886 2637 3482 2712; baseline 0.006 -24"><span class='ocrx_word' id='word_1_372' title='bbox 1886 2652 2020 2689; x_wconf 84' lang='lat' dir='ltr'>num</span> <span class='ocrx_word' id='word_1_373' title='bbox 2053 2653 2238 2706; x_wconf 83' lang='lat' dir='ltr'>regem</span> <span class='ocrx_word' id='word_1_374' title='bbox 2268 2637 2413 2690; x_wconf 89' lang='lat' dir='ltr'>bella</span> <span class='ocrx_word' id='word_1_375' title='bbox 2443 2638 2549 2691; x_wconf 89' lang='lat' dir='ltr'>sibi</span> <span class='ocrx_word' id='word_1_376' title='bbox 2575 2640 2904 2693; x_wconf 85' lang='lat' dir='ltr'>inferentem</span> <span class='ocrx_word' id='word_1_377' title='bbox 2937 2641 3051 2694; x_wconf 89' lang='lat' dir='ltr'>vita</span> <span class='ocrx_word' id='word_1_378' title='bbox 3066 2641 3300 2712; x_wconf 78' lang='lat' dir='ltr'>privavit</span> <span class='ocrx_word' id='word_1_379' title='bbox 3324 2648 3482 2696; x_wconf 76' lang='lat' dir='ltr'>etre-</span> 
     </span>
    </p>
   </div>
   <div class='ocr_carea' id='block_1_57' title="bbox 1885 2726 3483 2800">
    <p class='ocr_par' dir='ltr' id='par_1_57' title="bbox 1885 2726 3483 2800">
     <span class='ocr_line' id='line_1_57' title="bbox 1885 2726 3483 2800; baseline 0.005 -23"><span class='ocrx_word' id='word_1_380' title='bbox 1885 2742 2015 2793; x_wconf 87' lang='lat' dir='ltr'>gno,</span> <span class='ocrx_word' id='word_1_381' title='bbox 2049 2726 2136 2793; x_wconf 88' lang='lat' dir='ltr'>cuj</span> <span class='ocrx_word' id='word_1_382' title='bbox 2149 2743 2210 2778; x_wconf 92' lang='lat' dir='ltr'>us</span> <span class='ocrx_word' id='word_1_383' title='bbox 2239 2727 2453 2783; x_wconf 85' lang='lat' dir='ltr'>lancea.</span> <span class='ocrx_word' id='word_1_384' title='bbox 2484 2728 2702 2798; x_wconf 82' lang='lat' dir='ltr'>insigne</span> <span class='ocrx_word' id='word_1_385' title='bbox 2729 2728 2937 2783; x_wconf 90' lang='lat' dir='ltr'>scilicet</span> <span class='ocrx_word' id='word_1_386' title='bbox 2981 2729 3200 2800; x_wconf 84' lang='lat' dir='ltr'>imper-ii</span> <span class='ocrx_word' id='word_1_387' title='bbox 3227 2736 3356 2784; x_wconf 88' lang='lat' dir='ltr'>ante</span> <span class='ocrx_word' id='word_1_388' title='bbox 3385 2747 3483 2785; x_wconf 93' lang='lat' dir='ltr'>no-</span> 
     </span>
    </p>
   </div>
   <div class='ocr_carea' id='block_1_58' title="bbox 1887 2815 3393 2888">
    <p class='ocr_par' dir='ltr' id='par_1_58' title="bbox 1887 2815 3393 2888">
     <span class='ocr_line' id='line_1_58' title="bbox 1887 2815 3393 2888; baseline 0.005 -23"><span class='ocrx_word' id='word_1_389' title='bbox 1887 2820 2032 2866; x_wconf 91' lang='lat' dir='ltr'>stras</span> <span class='ocrx_word' id='word_1_390' title='bbox 2067 2831 2240 2884; x_wconf 90' lang='lat' dir='ltr'>usque</span> <span class='ocrx_word' id='word_1_391' title='bbox 2263 2815 2425 2868; x_wconf 89' lang='lat' dir='ltr'>hodie</span> <span class='ocrx_word' id='word_1_392' title='bbox 2450 2823 2706 2886; x_wconf 85' lang='lat' dir='ltr'>portatur</span> <span class='ocrx_word' id='word_1_393' title='bbox 2732 2817 3046 2887; x_wconf 79' lang='lat' dir='ltr'>imperiales</span> <span class='ocrx_word' id='word_1_394' title='bbox 3069 2825 3393 2888; x_wconf 86' lang='lat' dir='ltr'>potestates.</span> 
     </span>
    </p>
   </div>
   <div class='ocr_carea' id='block_1_59' title="bbox 1959 2902 3481 2977">
    <p class='ocr_par' dir='ltr' id='par_1_59' title="bbox 1959 2902 3481 2977">
     <span class='ocr_line' id='line_1_59' title="bbox 1959 2902 3481 2977; baseline 0.005 -23"><span class='ocrx_word' id='word_1_395' title='bbox 1959 2902 2058 2955; x_wconf 86' lang='lat' dir='ltr'>His</span> <span class='ocrx_word' id='word_1_396' title='bbox 2089 2903 2168 2956; x_wconf 86' lang='lat' dir='ltr'>ita</span> <span class='ocrx_word' id='word_1_397' title='bbox 2191 2905 2512 2968; x_wconf 86' lang='lat' dir='ltr'>transactis,</span> <span class='ocrx_word' id='word_1_398' title='bbox 2542 2921 2665 2958; x_wconf 91' lang='lat' dir='ltr'>cum</span> <span class='ocrx_word' id='word_1_399' title='bbox 2698 2906 2826 2958; x_wconf 82' lang='lat' dir='ltr'>talis</span> <span class='ocrx_word' id='word_1_400' title='bbox 2847 2922 2911 2958; x_wconf 90' lang='lat' dir='ltr'>ac</span> <span class='ocrx_word' id='word_1_401' title='bbox 2930 2912 3122 2960; x_wconf 87' lang='lat' dir='ltr'>tantus</span> <span class='ocrx_word' id='word_1_402' title='bbox 3169 2924 3265 2960; x_wconf 86' lang='lat' dir='ltr'>rex</span> <span class='ocrx_word' id='word_1_403' title='bbox 3285 2907 3481 2977; x_wconf 86' lang='lat' dir='ltr'>priore</span> 
     </span>
    </p>
   </div>
   <div class='ocr_carea' id='block_1_60' title="bbox 1888 2992 3482 3064">
    <p class='ocr_par' dir='ltr' id='par_1_60' title="bbox 1888 2992 3482 3064">
     <span class='ocr_line' id='line_1_60' title="bbox 1888 2992 3482 3064; baseline 0.005 -22"><span class='ocrx_word' id='word_1_404' title='bbox 1888 3006 1987 3042; x_wconf 87' lang='lat' dir='ltr'>sua</span> <span class='ocrx_word' id='word_1_405' title='bbox 2017 2992 2254 3060; x_wconf 83' lang='lat' dir='ltr'>conjuge</span> <span class='ocrx_word' id='word_1_406' title='bbox 2286 2993 2514 3046; x_wconf 86' lang='lat' dir='ltr'>orbatus</span> <span class='ocrx_word' id='word_1_407' title='bbox 2545 3000 2709 3056; x_wconf 90' lang='lat' dir='ltr'>esset,</span> <span class='ocrx_word' id='word_1_408' title='bbox 2741 2994 3101 3064; x_wconf 85' lang='lat' dir='ltr'>audissetque</span> <span class='ocrx_word' id='word_1_409' title='bbox 3143 2995 3352 3050; x_wconf 82' lang='lat' dir='ltr'>famam</span> <span class='ocrx_word' id='word_1_410' title='bbox 3384 3013 3482 3050; x_wconf 87' lang='lat' dir='ltr'>no-</span> 
     </span>
    </p>
   </div>
   <div class='ocr_carea' id='block_1_61' title="bbox 1888 3076 3482 3152">
    <p class='ocr_par' dir='ltr' id='par_1_61' title="bbox 1888 3076 3482 3152">
     <span class='ocr_line' id='line_1_61' title="bbox 1888 3076 3482 3152; baseline 0.007 -23"><span class='ocrx_word' id='word_1_411' title='bbox 1888 3076 2168 3133; x_wconf 69' lang='lat' dir='ltr'>bilissimae</span> <span class='ocrx_word' id='word_1_412' title='bbox 2197 3086 2364 3150; x_wconf 88' lang='lat' dir='ltr'>atque</span> <span class='ocrx_word' id='word_1_413' title='bbox 2392 3082 2839 3150; x_wconf 65' lang='lat' dir='ltr'>prudentissimae</span> <span class='ocrx_word' id='word_1_414' title='bbox 2882 3083 3130 3140; x_wconf 78' lang='lat' dir='ltr'>Adeletee</span> <span class='ocrx_word' id='word_1_415' title='bbox 3161 3085 3299 3152; x_wconf 78' lang='lat' dir='ltr'>[erat</span> <span class='ocrx_word' id='word_1_416' title='bbox 3332 3087 3482 3140; x_wconf 68' lang='lat' dir='ltr'>inter</span> 
     </span>
    </p>
   </div>
   <div class='ocr_carea' id='block_1_62' title="bbox 205 3138 3485 3243">
    <p class='ocr_par' dir='ltr' id='par_1_62' title="bbox 205 3138 3485 3243">
     <span class='ocr_line' id='line_1_62' title="bbox 205 3138 3485 3243; baseline 0.002 -21"><span class='ocrx_word' id='word_1_417' title='bbox 205 3138 382 3222; x_wconf 81' lang='lat' dir='ltr'>totius</span> <span class='ocrx_word' id='word_1_418' title='bbox 405 3168 722 3221; x_wconf 87' lang='lat' dir='ltr'>Occidentis</span> <span class='ocrx_word' id='word_1_419' title='bbox 770 3138 996 3219; x_wconf 74' lang='lat' dir='ltr'>climata</span> <span class='ocrx_word' id='word_1_420' title='bbox 1042 3167 1156 3219; x_wconf 81' lang='lat' dir='ltr'>haec</span> <span class='ocrx_word' id='word_1_421' title='bbox 1209 3138 1558 3235; x_wconf 72' lang='lat' dir='ltr'>agebantur;</span> <span class='ocrx_word' id='word_1_422' title='bbox 1602 3138 2000 3236; x_wconf 75' lang='lat' dir='ltr'>quippectin.</span> <span class='ocrx_word' id='word_1_423' title='bbox 2037 3138 2307 3236; x_wconf 63' lang='lat' dir='ltr'>scn’ptmii</span> <span class='ocrx_word' id='word_1_424' title='bbox 2328 3138 2676 3242; x_wconf 75' lang='lat' dir='ltr'>Adelhaidze]</span> <span class='ocrx_word' id='word_1_425' title='bbox 2707 3173 2986 3241; x_wconf 87' lang='lat' dir='ltr'>quondam</span> <span class='ocrx_word' id='word_1_426' title='bbox 3007 3138 3485 3243; x_wconf 72' lang='lat' dir='ltr'>Lothal&#39;iiLongo-</span> 
     </span>
    </p>
   </div>
   <div class='ocr_carea' id='block_1_63' title="bbox 206 3256 1804 3326">
    <p class='ocr_par' dir='ltr' id='par_1_63' title="bbox 206 3256 1804 3326">
     <span class='ocr_line' id='line_1_63' title="bbox 206 3256 1804 3326; baseline -0.001 -15"><span class='ocrx_word' id='word_1_427' title='bbox 206 3264 432 3311; x_wconf 87' lang='lat' dir='ltr'>tacente</span> <span class='ocrx_word' id='word_1_428' title='bbox 463 3265 706 3326; x_wconf 88' lang='lat' dir='ltr'>pastore,</span> <span class='ocrx_word' id='word_1_429' title='bbox 755 3257 935 3325; x_wconf 89' lang='lat' dir='ltr'>magis</span> <span class='ocrx_word' id='word_1_430' title='bbox 991 3264 1177 3309; x_wconf 88' lang='lat' dir='ltr'>autem</span> <span class='ocrx_word' id='word_1_431' title='bbox 1218 3256 1485 3325; x_wconf 84' lang='lat' dir='ltr'>fugiente,</span> <span class='ocrx_word' id='word_1_432' title='bbox 1527 3257 1638 3308; x_wconf 87' lang='lat' dir='ltr'>imo</span> <span class='ocrx_word' id='word_1_433' title='bbox 1677 3274 1804 3310; x_wconf 85' lang='lat' dir='ltr'>vero</span> 
     </span>
    </p>
   </div>
   <div class='ocr_carea' id='block_1_64' title="bbox 202 3344 1680 3416">
    <p class='ocr_par' dir='ltr' id='par_1_64' title="bbox 202 3344 1680 3416">
     <span class='ocr_line' id='line_1_64' title="bbox 202 3344 1680 3416; baseline -0.001 -17"><span class='ocrx_word' id='word_1_434' title='bbox 202 3347 330 3416; x_wconf 88' lang='lat' dir='ltr'>ipso</span> <span class='ocrx_word' id='word_1_435' title='bbox 352 3347 484 3416; x_wconf 92' lang='lat' dir='ltr'>lupo</span> <span class='ocrx_word' id='word_1_436' title='bbox 519 3347 662 3398; x_wconf 85' lang='lat' dir='ltr'>facto</span> <span class='ocrx_word' id='word_1_437' title='bbox 694 3346 941 3407; x_wconf 85' lang='lat' dir='ltr'>custode,</span> <span class='ocrx_word' id='word_1_438' title='bbox 970 3344 1093 3414; x_wconf 89' lang='lat' dir='ltr'>quis</span> <span class='ocrx_word' id='word_1_439' title='bbox 1125 3351 1300 3397; x_wconf 83' lang='lat' dir='ltr'>staret</span> <span class='ocrx_word' id='word_1_440' title='bbox 1326 3362 1423 3414; x_wconf 91' lang='lat' dir='ltr'>pro</span> <span class='ocrx_word' id='word_1_441' title='bbox 1447 3345 1680 3398; x_wconf 87' lang='lat' dir='ltr'>ovibus?</span> 
     </span>
    </p>
   </div>
   <div class='ocr_carea' id='block_1_65' title="bbox 278 3434 1806 3504">
    <p class='ocr_par' dir='ltr' id='par_1_65' title="bbox 278 3434 1806 3504">
     <span class='ocr_line' id='line_1_65' title="bbox 278 3434 1806 3504; baseline -0.001 -16"><span class='ocrx_word' id='word_1_442' title='bbox 278 3436 426 3488; x_wconf 92' lang='lat' dir='ltr'>Dum</span> <span class='ocrx_word' id='word_1_443' title='bbox 452 3435 566 3488; x_wconf 63' lang='lat' dir='ltr'>haec</span> <span class='ocrx_word' id='word_1_444' title='bbox 580 3441 900 3503; x_wconf 82' lang='lat' dir='ltr'>agerentur,</span> <span class='ocrx_word' id='word_1_445' title='bbox 927 3434 1330 3487; x_wconf 88' lang='lat' dir='ltr'>Saracenorum</span> <span class='ocrx_word' id='word_1_446' title='bbox 1375 3434 1641 3487; x_wconf 89' lang='lat' dir='ltr'>vilissima</span> <span class='ocrx_word' id='word_1_447' title='bbox 1669 3451 1806 3504; x_wconf 86' lang='lat' dir='ltr'>gens</span> 
     </span>
    </p>
   </div>
   <div class='ocr_carea' id='block_1_66' title="bbox 207 3525 1809 3594">
    <p class='ocr_par' dir='ltr' id='par_1_66' title="bbox 207 3525 1809 3594">
     <span class='ocr_line' id='line_1_66' title="bbox 207 3525 1809 3594; baseline -0.002 -14"><span class='ocrx_word' id='word_1_448' title='bbox 207 3543 335 3580; x_wconf 88' lang='lat' dir='ltr'>oras</span> <span class='ocrx_word' id='word_1_449' title='bbox 367 3525 680 3578; x_wconf 86' lang='lat' dir='ltr'>maritimas</span> <span class='ocrx_word' id='word_1_450' title='bbox 727 3525 900 3578; x_wconf 76' lang='lat' dir='ltr'>Italiae</span> <span class='ocrx_word' id='word_1_451' title='bbox 925 3525 1260 3594; x_wconf 87' lang='lat' dir='ltr'>depopulata</span> <span class='ocrx_word' id='word_1_452' title='bbox 1293 3531 1378 3577; x_wconf 90' lang='lat' dir='ltr'>est</span> <span class='ocrx_word' id='word_1_453' title='bbox 1404 3543 1415 3589; x_wconf 87' lang='lat'><strong>;</strong></span> <span class='ocrx_word' id='word_1_454' title='bbox 1451 3525 1652 3577; x_wconf 89' lang='lat' dir='ltr'>dehinc</span> <span class='ocrx_word' id='word_1_455' title='bbox 1677 3541 1809 3594; x_wconf 87' lang='lat' dir='ltr'>par-</span> 
     </span>
    </p>
   </div>
   <div class='ocr_carea' id='block_1_67' title="bbox 203 3613 1809 3682">
    <p class='ocr_par' dir='ltr' id='par_1_67' title="bbox 203 3613 1809 3682">
     <span class='ocr_line' id='line_1_67' title="bbox 203 3613 1809 3682; baseline -0.002 -14"><span class='ocrx_word' id='word_1_456' title='bbox 203 3622 320 3668; x_wconf 86' lang='lat' dir='ltr'>tem</span> <span class='ocrx_word' id='word_1_457' title='bbox 348 3614 621 3669; x_wconf 72' lang='lat' dir='ltr'>Calabria:</span> <span class='ocrx_word' id='word_1_458' title='bbox 647 3619 705 3667; x_wconf 90' lang='lat' dir='ltr'>et</span> <span class='ocrx_word' id='word_1_459' title='bbox 734 3630 957 3666; x_wconf 90' lang='lat' dir='ltr'>omnem</span> <span class='ocrx_word' id='word_1_460' title='bbox 987 3613 1236 3667; x_wconf 88' lang='lat' dir='ltr'>Siciliam</span> <span class='ocrx_word' id='word_1_461' title='bbox 1268 3613 1478 3666; x_wconf 89' lang='lat' dir='ltr'>invadit</span> <span class='ocrx_word' id='word_1_462' title='bbox 1509 3632 1518 3665; x_wconf 93' lang='lat'><strong>:</strong></span> <span class='ocrx_word' id='word_1_463' title='bbox 1555 3613 1624 3665; x_wconf 86' lang='lat' dir='ltr'>ab</span> <span class='ocrx_word' id='word_1_464' title='bbox 1654 3613 1809 3682; x_wconf 88' lang='lat' dir='ltr'>aqui-</span> 
     </span>
    </p>
   </div>
   <div class='ocr_carea' id='block_1_68' title="bbox 205 3701 1806 3772">
    <p class='ocr_par' dir='ltr' id='par_1_68' title="bbox 205 3701 1806 3772">
     <span class='ocr_line' id='line_1_68' title="bbox 205 3701 1806 3772; baseline -0.002 -15"><span class='ocrx_word' id='word_1_465' title='bbox 205 3706 337 3757; x_wconf 92' lang='lat' dir='ltr'>lone</span> <span class='ocrx_word' id='word_1_466' title='bbox 363 3721 494 3756; x_wconf 87' lang='lat' dir='ltr'>vero</span> <span class='ocrx_word' id='word_1_467' title='bbox 529 3704 878 3772; x_wconf 89' lang='lat' dir='ltr'>Ungarorum</span> <span class='ocrx_word' id='word_1_468' title='bbox 905 3702 1086 3755; x_wconf 88' lang='lat' dir='ltr'>valida</span> <span class='ocrx_word' id='word_1_469' title='bbox 1113 3719 1251 3769; x_wconf 83' lang='lat' dir='ltr'>gens</span> <span class='ocrx_word' id='word_1_470' title='bbox 1273 3701 1551 3754; x_wconf 88' lang='lat' dir='ltr'>transiens</span> <span class='ocrx_word' id='word_1_471' title='bbox 1580 3702 1806 3755; x_wconf 82' lang='lat' dir='ltr'>Ystrum</span> 
     </span>
    </p>
   </div>
   <div class='ocr_carea' id='block_1_69' title="bbox 206 3791 1809 3860">
    <p class='ocr_par' dir='ltr' id='par_1_69' title="bbox 206 3791 1809 3860">
     <span class='ocr_line' id='line_1_69' title="bbox 206 3791 1809 3860; baseline -0.003 -13"><span class='ocrx_word' id='word_1_472' title='bbox 206 3810 403 3847; x_wconf 87' lang='lat' dir='ltr'>omnes</span> <span class='ocrx_word' id='word_1_473' title='bbox 430 3793 774 3846; x_wconf 66' lang='lat' dir='ltr'>cohazrentes</span> <span class='ocrx_word' id='word_1_474' title='bbox 794 3791 898 3845; x_wconf 90' lang='lat' dir='ltr'>sibi</span> <span class='ocrx_word' id='word_1_475' title='bbox 945 3791 1198 3860; x_wconf 82' lang='lat' dir='ltr'>regiones</span> <span class='ocrx_word' id='word_1_476' title='bbox 1229 3791 1544 3851; x_wconf 81' lang='lat' dir='ltr'>devastans,</span> <span class='ocrx_word' id='word_1_477' title='bbox 1582 3791 1809 3860; x_wconf 85' lang='lat' dir='ltr'>insuper</span> 
     </span>
    </p>
   </div>
   <div class='ocr_carea' id='block_1_70' title="bbox 207 3880 1808 3948">
    <p class='ocr_par' dir='ltr' id='par_1_70' title="bbox 207 3880 1808 3948">
     <span class='ocr_line' id='line_1_70' title="bbox 207 3880 1808 3948; baseline -0.003 -13"><span class='ocrx_word' id='word_1_478' title='bbox 207 3899 434 3935; x_wconf 88' lang='lat' dir='ltr'>omnem</span> <span class='ocrx_word' id='word_1_479' title='bbox 462 3880 816 3936; x_wconf 86' lang='lat' dir='ltr'>Germaniam</span> <span class='ocrx_word' id='word_1_480' title='bbox 837 3887 894 3933; x_wconf 90' lang='lat' dir='ltr'>et</span> <span class='ocrx_word' id='word_1_481' title='bbox 909 3880 1118 3933; x_wconf 86' lang='lat' dir='ltr'>Gallias</span> <span class='ocrx_word' id='word_1_482' title='bbox 1141 3897 1316 3948; x_wconf 82' lang='lat' dir='ltr'>usque</span> <span class='ocrx_word' id='word_1_483' title='bbox 1347 3880 1413 3932; x_wconf 86' lang='lat' dir='ltr'>ad</span> <span class='ocrx_word' id='word_1_484' title='bbox 1448 3896 1599 3932; x_wconf 89' lang='lat' dir='ltr'>mare</span> <span class='ocrx_word' id='word_1_485' title='bbox 1632 3880 1808 3931; x_wconf 86' lang='lat' dir='ltr'>Brita-</span> 
     </span>
    </p>
   </div>
   <div class='ocr_carea' id='block_1_71' title="bbox 206 3968 1804 4039">
    <p class='ocr_par' dir='ltr' id='par_1_71' title="bbox 206 3968 1804 4039">
     <span class='ocr_line' id='line_1_71' title="bbox 206 3968 1804 4039; baseline -0.003 -15"><span class='ocrx_word' id='word_1_486' title='bbox 206 3971 396 4024; x_wconf 87' lang='lat' dir='ltr'>nicum</span> <span class='ocrx_word' id='word_1_487' title='bbox 421 3970 790 4039; x_wconf 89' lang='lat' dir='ltr'>depopulans,</span> <span class='ocrx_word' id='word_1_488' title='bbox 826 3969 897 4022; x_wconf 87' lang='lat' dir='ltr'>ad</span> <span class='ocrx_word' id='word_1_489' title='bbox 926 3969 1184 4022; x_wconf 87' lang='lat' dir='ltr'>ultimum</span> <span class='ocrx_word' id='word_1_490' title='bbox 1217 3986 1316 4038; x_wconf 89' lang='lat' dir='ltr'>per</span> <span class='ocrx_word' id='word_1_491' title='bbox 1343 3968 1804 4037; x_wconf 89' lang='lat' dir='ltr'>Burgundionum</span> 
     </span>
    </p>
   </div>
   <div class='ocr_carea' id='block_1_72' title="bbox 207 4057 1808 4129">
    <p class='ocr_par' dir='ltr' id='par_1_72' title="bbox 207 4057 1808 4129">
     <span class='ocr_line' id='line_1_72' title="bbox 207 4057 1808 4129; baseline -0.002 -17"><span class='ocrx_word' id='word_1_492' title='bbox 207 4076 384 4129; x_wconf 88' lang='lat' dir='ltr'>regna</span> <span class='ocrx_word' id='word_1_493' title='bbox 414 4058 634 4113; x_wconf 78' lang='lat' dir='ltr'>Italiam</span> <span class='ocrx_word' id='word_1_494' title='bbox 667 4059 914 4117; x_wconf 85' lang='lat' dir='ltr'>veniens,</span> <span class='ocrx_word' id='word_1_495' title='bbox 955 4058 1032 4110; x_wconf 88' lang='lat' dir='ltr'>ita</span> <span class='ocrx_word' id='word_1_496' title='bbox 1075 4075 1196 4110; x_wconf 90' lang='lat' dir='ltr'>eam</span> <span class='ocrx_word' id='word_1_497' title='bbox 1230 4057 1568 4127; x_wconf 89' lang='lat' dir='ltr'>depopulata</span> <span class='ocrx_word' id='word_1_498' title='bbox 1595 4063 1697 4120; x_wconf 87' lang='lat' dir='ltr'>est,</span> <span class='ocrx_word' id='word_1_499' title='bbox 1747 4063 1808 4109; x_wconf 90' lang='lat' dir='ltr'>ut</span> 
     </span>
    </p>
   </div>
   <div class='ocr_carea' id='block_1_73' title="bbox 205 4146 1805 4220">
    <p class='ocr_par' dir='ltr' id='par_1_73' title="bbox 205 4146 1805 4220">
     <span class='ocr_line' id='line_1_73' title="bbox 205 4146 1805 4220; baseline -0.003 -18"><span class='ocrx_word' id='word_1_500' title='bbox 205 4167 370 4220; x_wconf 86' lang='lat' dir='ltr'>pene,</span> <span class='ocrx_word' id='word_1_501' title='bbox 390 4147 626 4218; x_wconf 85' lang='lat' dir='ltr'>captivis</span> <span class='ocrx_word' id='word_1_502' title='bbox 643 4147 825 4200; x_wconf 87' lang='lat' dir='ltr'>ductis</span> <span class='ocrx_word' id='word_1_503' title='bbox 845 4147 1122 4212; x_wconf 90' lang='lat' dir='ltr'>ruriculis,</span> <span class='ocrx_word' id='word_1_504' title='bbox 1147 4147 1496 4215; x_wconf 88' lang='lat' dir='ltr'>redigeretur</span> <span class='ocrx_word' id='word_1_505' title='bbox 1518 4146 1576 4198; x_wconf 89' lang='lat' dir='ltr'>in</span> <span class='ocrx_word' id='word_1_506' title='bbox 1605 4146 1805 4199; x_wconf 84' lang='lat' dir='ltr'>solitu-</span> 
     </span>
    </p>
   </div>
   <div class='ocr_carea' id='block_1_74' title="bbox 205 4239 420 4292">
    <p class='ocr_par' dir='ltr' id='par_1_74' title="bbox 205 4239 420 4292">
     <span class='ocr_line' id='line_1_74' title="bbox 205 4239 420 4292; baseline -0.009 0"><span class='ocrx_word' id='word_1_507' title='bbox 205 4239 420 4292; x_wconf 90' lang='lat' dir='ltr'>dinem.</span> 
     </span>
    </p>
   </div>
   <div class='ocr_carea' id='block_1_75' title="bbox 671 4327 1323 4394">
    <p class='ocr_par' dir='ltr' id='par_1_75' title="bbox 671 4327 1323 4394">
     <span class='ocr_line' id='line_1_75' title="bbox 671 4327 1323 4394; baseline -0.006 -15"><span class='ocrx_word' id='word_1_508' title='bbox 671 4327 912 4394; x_wconf 66' lang='lat' dir='ltr'>Earplicit</span> <span class='ocrx_word' id='word_1_509' title='bbox 943 4327 1080 4379; x_wconf 74' lang='lat' dir='ltr'>liber</span> <span class='ocrx_word' id='word_1_510' title='bbox 1106 4329 1323 4379; x_wconf 74' lang='lat' dir='ltr'>tertius.</span> 
     </span>
    </p>
   </div>
   <div class='ocr_carea' id='block_1_76' title="bbox 562 4413 1463 4477">
    <p class='ocr_par' dir='ltr' id='par_1_76' title="bbox 562 4413 1463 4477">
     <span class='ocr_line' id='line_1_76' title="bbox 562 4413 1463 4477; baseline -0.002 -8"><span class='ocrx_word' id='word_1_511' title='bbox 562 4416 831 4469; x_wconf 84' lang='lat' dir='ltr'>INCIPIT</span> <span class='ocrx_word' id='word_1_512' title='bbox 861 4413 1081 4468; x_wconf 87' lang='lat' dir='ltr'><strong>LIBER</strong></span> <span class='ocrx_word' id='word_1_513' title='bbox 1110 4414 1463 4477; x_wconf 84' lang='lat' dir='ltr'>QUARTUS.</span> 
     </span>
    </p>
   </div>
   <div class='ocr_carea' id='block_1_77' title="bbox 280 4502 1806 4577">
    <p class='ocr_par' dir='ltr' id='par_1_77' title="bbox 280 4502 1806 4577">
     <span class='ocr_line' id='line_1_77' title="bbox 280 4502 1806 4577; baseline -0.005 -15"><span class='ocrx_word' id='word_1_514' title='bbox 280 4509 638 4577; x_wconf 87' lang='lat' dir='ltr'>Ungarorum</span> <span class='ocrx_word' id='word_1_515' title='bbox 670 4505 844 4574; x_wconf 89' lang='lat' dir='ltr'>igitur</span> <span class='ocrx_word' id='word_1_516' title='bbox 868 4504 1139 4557; x_wconf 85' lang='lat' dir='ltr'>bachante</span> <span class='ocrx_word' id='word_1_517' title='bbox 1161 4504 1389 4562; x_wconf 83' lang='lat' dir='ltr'>saevitia,</span> <span class='ocrx_word' id='word_1_518' title='bbox 1421 4503 1663 4556; x_wconf 88' lang='lat' dir='ltr'>surrexit</span> <span class='ocrx_word' id='word_1_519' title='bbox 1679 4502 1806 4571; x_wconf 88' lang='lat' dir='ltr'>qui-</span> 
     </span>
    </p>
   </div>
   <div class='ocr_carea' id='block_1_78' title="bbox 1887 3255 3484 3330">
    <p class='ocr_par' dir='ltr' id='par_1_78' title="bbox 1887 3255 3484 3330">
     <span class='ocr_line' id='line_1_78' title="bbox 1887 3255 3484 3330; baseline 0.007 -23"><span class='ocrx_word' id='word_1_520' title='bbox 1887 3255 2188 3309; x_wconf 89' lang='lat' dir='ltr'>bardorum</span> <span class='ocrx_word' id='word_1_521' title='bbox 2213 3258 2360 3326; x_wconf 87' lang='lat' dir='ltr'>regis</span> <span class='ocrx_word' id='word_1_522' title='bbox 2391 3260 2662 3329; x_wconf 84' lang='lat' dir='ltr'>coniugis,</span> <span class='ocrx_word' id='word_1_523' title='bbox 2697 3277 2865 3330; x_wconf 90' lang='lat' dir='ltr'>quam</span> <span class='ocrx_word' id='word_1_524' title='bbox 2898 3261 3082 3315; x_wconf 87' lang='lat' dir='ltr'>&#39;simul</span> <span class='ocrx_word' id='word_1_525' title='bbox 3123 3278 3248 3316; x_wconf 85' lang='lat' dir='ltr'>cum</span> <span class='ocrx_word' id='word_1_526' title='bbox 3278 3263 3484 3318; x_wconf 86' lang='lat' dir='ltr'>Ottone</span> 
     </span>
    </p>
   </div>
   <div class='ocr_carea' id='block_1_79' title="bbox 1889 3345 3486 3421">
    <p class='ocr_par' dir='ltr' id='par_1_79' title="bbox 1889 3345 3486 3421">
     <span class='ocr_line' id='line_1_79' title="bbox 1889 3345 3486 3421; baseline 0.006 -25"><span class='ocrx_word' id='word_1_527' title='bbox 1889 3345 2446 3416; x_wconf 63' lang='lat' dir='ltr'>comiti-Belingarius</span> <span class='ocrx_word' id='word_1_528' title='bbox 2461 3353 2735 3418; x_wconf 86' lang='lat' dir='ltr'>tyrannus</span> <span class='ocrx_word' id='word_1_529' title='bbox 2752 3349 2900 3404; x_wconf 87' lang='lat' dir='ltr'>intra</span> <span class='ocrx_word' id='word_1_530' title='bbox 2915 3351 3214 3406; x_wconf 89' lang='lat' dir='ltr'>Canusiam</span> <span class='ocrx_word' id='word_1_531' title='bbox 3236 3367 3336 3421; x_wconf 87' lang='lat' dir='ltr'>per</span> <span class='ocrx_word' id='word_1_532' title='bbox 3347 3352 3486 3405; x_wconf 88' lang='lat' dir='ltr'>mul-</span> 
     </span>
    </p>
   </div>
   <div class='ocr_carea' id='block_1_80' title="bbox 1889 3434 3488 3510">
    <p class='ocr_par' dir='ltr' id='par_1_80' title="bbox 1889 3434 3488 3510">
     <span class='ocr_line' id='line_1_80' title="bbox 1889 3434 3488 3510; baseline 0.007 -25"><span class='ocrx_word' id='word_1_533' title='bbox 1889 3438 1976 3486; x_wconf 91' lang='lat' dir='ltr'>tos</span> <span class='ocrx_word' id='word_1_534' title='bbox 1995 3450 2172 3487; x_wconf 89' lang='lat' dir='ltr'>annos</span> <span class='ocrx_word' id='word_1_535' title='bbox 2191 3434 2504 3500; x_wconf 89' lang='lat' dir='ltr'>obsederat,</span> <span class='ocrx_word' id='word_1_536' title='bbox 2528 3443 2699 3492; x_wconf 60' lang='lat' dir='ltr'>tantae</span> <span class='ocrx_word' id='word_1_537' title='bbox 2725 3438 2928 3507; x_wconf 75' lang='lat' dir='ltr'>reginae</span> <span class='ocrx_word' id='word_1_538' title='bbox 2959 3440 3488 3510; x_wconf 81' lang='lat' dir='ltr'>compatiensmise—</span> 
     </span>
    </p>
   </div>
   <div class='ocr_carea' id='block_1_81' title="bbox 1890 3522 3486 3594">
    <p class='ocr_par' dir='ltr' id='par_1_81' title="bbox 1890 3522 3486 3594">
     <span class='ocr_line' id='line_1_81' title="bbox 1890 3522 3486 3594; baseline 0.007 -20"><span class='ocrx_word' id='word_1_539' title='bbox 1890 3522 1988 3574; x_wconf 91' lang='lat' dir='ltr'>riis</span> <span class='ocrx_word' id='word_1_540' title='bbox 2017 3523 2184 3576; x_wconf 90' lang='lat' dir='ltr'>simul</span> <span class='ocrx_word' id='word_1_541' title='bbox 2223 3531 2278 3577; x_wconf 90' lang='lat' dir='ltr'>et</span> <span class='ocrx_word' id='word_1_542' title='bbox 2315 3525 2459 3578; x_wconf 89' lang='lat' dir='ltr'>tanti</span> <span class='ocrx_word' id='word_1_543' title='bbox 2489 3525 2708 3579; x_wconf 90' lang='lat' dir='ltr'>comitis</span> <span class='ocrx_word' id='word_1_544' title='bbox 2738 3527 3240 3594; x_wconf 80' lang='lat' dir='ltr'>admiransﬁdem,</span> <span class='ocrx_word' id='word_1_545' title='bbox 3273 3529 3486 3586; x_wconf 88' lang='lat' dir='ltr'>delibe-</span> 
     </span>
    </p>
   </div>
   <div class='ocr_carea' id='block_1_82' title="bbox 1891 3611 3488 3688">
    <p class='ocr_par' dir='ltr' id='par_1_82' title="bbox 1891 3611 3488 3688">
     <span class='ocr_line' id='line_1_82' title="bbox 1891 3611 3488 3688; baseline 0.006 -25"><span class='ocrx_word' id='word_1_546' title='bbox 1891 3611 2034 3664; x_wconf 85' lang='lat' dir='ltr'>ravit</span> <span class='ocrx_word' id='word_1_547' title='bbox 2053 3613 2198 3666; x_wconf 89' lang='lat' dir='ltr'>ferre</span> <span class='ocrx_word' id='word_1_548' title='bbox 2219 3614 2508 3667; x_wconf 80' lang='lat' dir='ltr'>auxilium.</span> <span class='ocrx_word' id='word_1_549' title='bbox 2529 3615 2636 3678; x_wconf 85' lang='lat' dir='ltr'>Qui</span> <span class='ocrx_word' id='word_1_550' title='bbox 2655 3616 2922 3670; x_wconf 85' lang='lat' dir='ltr'>citissime</span> <span class='ocrx_word' id='word_1_551' title='bbox 2967 3634 3314 3688; x_wconf 82' lang='lat' dir='ltr'>congregans</span> <span class='ocrx_word' id='word_1_552' title='bbox 3331 3636 3488 3673; x_wconf 83' lang='lat' dir='ltr'>exer-</span> 
     </span>
    </p>
   </div>
   <div class='ocr_carea' id='block_1_83' title="bbox 1892 3699 3486 3778">
    <p class='ocr_par' dir='ltr' id='par_1_83' title="bbox 1892 3699 3486 3778">
     <span class='ocr_line' id='line_1_83' title="bbox 1892 3699 3486 3778; baseline 0.006 -26"><span class='ocrx_word' id='word_1_553' title='bbox 1892 3699 2034 3752; x_wconf 89' lang='lat' dir='ltr'>citus</span> <span class='ocrx_word' id='word_1_554' title='bbox 2062 3701 2148 3754; x_wconf 91' lang='lat' dir='ltr'>sui</span> <span class='ocrx_word' id='word_1_555' title='bbox 2175 3702 2592 3756; x_wconf 87' lang='lat' dir='ltr'>multitudinem</span> <span class='ocrx_word' id='word_1_556' title='bbox 2628 3704 2940 3774; x_wconf 87' lang='lat' dir='ltr'>Belingario</span> <span class='ocrx_word' id='word_1_557' title='bbox 2973 3706 3214 3760; x_wconf 78' lang='lat' dir='ltr'>extincto</span> <span class='ocrx_word' id='word_1_558' title='bbox 3243 3707 3486 3778; x_wconf 83' lang='lat' dir='ltr'>ﬁliisque</span> 
     </span>
    </p>
   </div>
   <div class='ocr_carea' id='block_1_84' title="bbox 1892 3790 3485 3862">
    <p class='ocr_par' dir='ltr' id='par_1_84' title="bbox 1892 3790 3485 3862">
     <span class='ocr_line' id='line_1_84' title="bbox 1892 3790 3485 3862; baseline 0.007 -22"><span class='ocrx_word' id='word_1_559' title='bbox 1892 3790 2014 3857; x_wconf 82' lang='lat' dir='ltr'>ejus</span> <span class='ocrx_word' id='word_1_560' title='bbox 2045 3807 2079 3842; x_wconf 87' lang='lat' dir='ltr'>a</span> <span class='ocrx_word' id='word_1_561' title='bbox 2110 3807 2282 3859; x_wconf 85' lang='lat' dir='ltr'>regno</span> <span class='ocrx_word' id='word_1_562' title='bbox 2313 3793 2558 3861; x_wconf 79' lang='lat' dir='ltr'>expulsis</span> <span class='ocrx_word' id='word_1_563' title='bbox 2594 3809 2830 3862; x_wconf 87' lang='lat' dir='ltr'>regnum</span> <span class='ocrx_word' id='word_1_564' title='bbox 2862 3794 2967 3846; x_wconf 90' lang='lat' dir='ltr'>sibi</span> <span class='ocrx_word' id='word_1_565' title='bbox 2999 3795 3222 3849; x_wconf 87' lang='lat' dir='ltr'>Ottonis</span> <span class='ocrx_word' id='word_1_566' title='bbox 3250 3796 3485 3850; x_wconf 74' lang='lat' dir='ltr'>consilio</span> 
     </span>
    </p>
   </div>
   <div class='ocr_carea' id='block_1_85' title="bbox 1890 3878 3194 3951">
    <p class='ocr_par' dir='ltr' id='par_1_85' title="bbox 1890 3878 3194 3951">
     <span class='ocr_line' id='line_1_85' title="bbox 1890 3878 3194 3951; baseline 0.005 -22"><span class='ocrx_word' id='word_1_567' title='bbox 1890 3878 2109 3931; x_wconf 87' lang='lat' dir='ltr'>comitis</span> <span class='ocrx_word' id='word_1_568' title='bbox 2151 3879 2504 3948; x_wconf 81' lang='lat' dir='ltr'>pacatissimo</span> <span class='ocrx_word' id='word_1_569' title='bbox 2533 3882 2777 3951; x_wconf 90' lang='lat' dir='ltr'>suscepit</span> <span class='ocrx_word' id='word_1_570' title='bbox 2803 3888 2859 3935; x_wconf 86' lang='lat' dir='ltr'>et</span> <span class='ocrx_word' id='word_1_571' title='bbox 2883 3884 3194 3951; x_wconf 86' lang='lat' dir='ltr'>conjugem.</span> 
     </span>
    </p>
   </div>
   <div class='ocr_carea' id='block_1_86' title="bbox 1961 3965 3485 4039">
    <p class='ocr_par' dir='ltr' id='par_1_86' title="bbox 1961 3965 3485 4039">
     <span class='ocr_line' id='line_1_86' title="bbox 1961 3965 3485 4039; baseline 0.005 -21"><span class='ocrx_word' id='word_1_572' title='bbox 1961 3965 2173 4019; x_wconf 88' lang='lat' dir='ltr'>Dehinc</span> <span class='ocrx_word' id='word_1_573' title='bbox 2193 3968 2441 4036; x_wconf 89' lang='lat' dir='ltr'>ejusdem</span> <span class='ocrx_word' id='word_1_574' title='bbox 2478 3969 2698 4022; x_wconf 84' lang='lat' dir='ltr'>Ottonis</span> <span class='ocrx_word' id='word_1_575' title='bbox 2727 3969 2958 4022; x_wconf 89' lang='lat' dir='ltr'>consilio</span> <span class='ocrx_word' id='word_1_576' title='bbox 2989 3970 3218 4039; x_wconf 87' lang='lat' dir='ltr'>cupiens</span> <span class='ocrx_word' id='word_1_577' title='bbox 3247 3971 3485 4026; x_wconf 86' lang='lat' dir='ltr'>Romam</span> 
     </span>
    </p>
   </div>
   <div class='ocr_carea' id='block_1_87' title="bbox 1889 4055 3482 4127">
    <p class='ocr_par' dir='ltr' id='par_1_87' title="bbox 1889 4055 3482 4127">
     <span class='ocr_line' id='line_1_87' title="bbox 1889 4055 3482 4127; baseline 0.005 -21"><span class='ocrx_word' id='word_1_578' title='bbox 1889 4055 2076 4107; x_wconf 86' lang='lat' dir='ltr'>videre</span> <span class='ocrx_word' id='word_1_579' title='bbox 2089 4057 2158 4108; x_wconf 85' lang='lat' dir='ltr'>ad</span> <span class='ocrx_word' id='word_1_580' title='bbox 2177 4058 2445 4109; x_wconf 88' lang='lat' dir='ltr'>Joannem</span> <span class='ocrx_word' id='word_1_581' title='bbox 2475 4074 2674 4127; x_wconf 89' lang='lat' dir='ltr'>papam</span> <span class='ocrx_word' id='word_1_582' title='bbox 2689 4056 2842 4110; x_wconf 83' lang='lat' dir='ltr'>urbis</span> <span class='ocrx_word' id='word_1_583' title='bbox 2858 4058 3048 4112; x_wconf 78' lang='lat' dir='ltr'>Romae</span> <span class='ocrx_word' id='word_1_584' title='bbox 3063 4066 3482 4114; x_wconf 78' lang='lat' dir='ltr'>saeramentum</span> 
     </span>
    </p>
   </div>
   <div class='ocr_carea' id='block_1_88' title="bbox 1889 4144 3484 4214">
    <p class='ocr_par' dir='ltr' id='par_1_88' title="bbox 1889 4144 3484 4214">
     <span class='ocr_line' id='line_1_88' title="bbox 1889 4144 3484 4214; baseline 0.004 -19"><span class='ocrx_word' id='word_1_585' title='bbox 1889 4144 2339 4214; x_wconf 88' lang='lat' dir='ltr'>deditcorporale</span> <span class='ocrx_word' id='word_1_586' title='bbox 2351 4146 2406 4197; x_wconf 89' lang='lat' dir='ltr'>in</span> <span class='ocrx_word' id='word_1_587' title='bbox 2419 4145 2568 4197; x_wconf 88' lang='lat' dir='ltr'>hunc</span> <span class='ocrx_word' id='word_1_588' title='bbox 2585 4146 2812 4198; x_wconf 90' lang='lat' dir='ltr'>modum</span> <span class='ocrx_word' id='word_1_589' title='bbox 2829 4161 2840 4196; x_wconf 87' lang='lat'>:</span> <span class='ocrx_word' id='word_1_590' title='bbox 2854 4146 2978 4199; x_wconf 89' lang='lat' dir='ltr'>Tibi</span> <span class='ocrx_word' id='word_1_591' title='bbox 2995 4147 3224 4201; x_wconf 88' lang='lat' dir='ltr'>domino</span> <span class='ocrx_word' id='word_1_592' title='bbox 3239 4149 3484 4205; x_wconf 63' lang='lat' dir='ltr'>Johanni</span> 
     </span>
    </p>
   </div>
   <div class='ocr_carea' id='block_1_89' title="bbox 1888 4232 3487 4305">
    <p class='ocr_par' dir='ltr' id='par_1_89' title="bbox 1888 4232 3487 4305">
     <span class='ocr_line' id='line_1_89' title="bbox 1888 4232 3487 4305; baseline 0.007 -24"><span class='ocrx_word' id='word_1_593' title='bbox 1888 4248 2043 4301; x_wconf 67' lang='lat' dir='ltr'>papae</span> <span class='ocrx_word' id='word_1_594' title='bbox 2071 4250 2172 4301; x_wconf 84' lang='lat' dir='ltr'>ego</span> <span class='ocrx_word' id='word_1_595' title='bbox 2201 4250 2295 4286; x_wconf 85' lang='lat' dir='ltr'>rex</span> <span class='ocrx_word' id='word_1_596' title='bbox 2324 4232 2458 4287; x_wconf 90' lang='lat' dir='ltr'>Otto</span> <span class='ocrx_word' id='word_1_597' title='bbox 2484 4234 2748 4303; x_wconf 88' lang='lat' dir='ltr'>promitto</span> <span class='ocrx_word' id='word_1_598' title='bbox 2778 4243 2834 4288; x_wconf 83' lang='lat' dir='ltr'>et</span> <span class='ocrx_word' id='word_1_599' title='bbox 2861 4235 2995 4302; x_wconf 84' lang='lat' dir='ltr'>juro</span> <span class='ocrx_word' id='word_1_600' title='bbox 3026 4252 3126 4305; x_wconf 89' lang='lat' dir='ltr'>per</span> <span class='ocrx_word' id='word_1_601' title='bbox 3174 4237 3398 4292; x_wconf 79' lang='lat' dir='ltr'>Patrem</span> <span class='ocrx_word' id='word_1_602' title='bbox 3427 4243 3487 4292; x_wconf 86' lang='lat' dir='ltr'>et</span> 
     </span>
    </p>
   </div>
   <div class='ocr_carea' id='block_1_90' title="bbox 1888 4321 3485 4394">
    <p class='ocr_par' dir='ltr' id='par_1_90' title="bbox 1888 4321 3485 4394">
     <span class='ocr_line' id='line_1_90' title="bbox 1888 4321 3485 4394; baseline 0.004 -21"><span class='ocrx_word' id='word_1_603' title='bbox 1888 4321 2091 4373; x_wconf 82' lang='lat' dir='ltr'>Filium</span> <span class='ocrx_word' id='word_1_604' title='bbox 2115 4328 2170 4374; x_wconf 89' lang='lat' dir='ltr'>et</span> <span class='ocrx_word' id='word_1_605' title='bbox 2198 4321 2467 4390; x_wconf 89' lang='lat' dir='ltr'>Spiritum</span> <span class='ocrx_word' id='word_1_606' title='bbox 2496 4328 2749 4375; x_wconf 86' lang='lat' dir='ltr'>sanctum</span> <span class='ocrx_word' id='word_1_607' title='bbox 2777 4329 2834 4376; x_wconf 89' lang='lat' dir='ltr'>et</span> <span class='ocrx_word' id='word_1_608' title='bbox 2861 4339 2960 4393; x_wconf 91' lang='lat' dir='ltr'>per</span> <span class='ocrx_word' id='word_1_609' title='bbox 2989 4323 3202 4394; x_wconf 84' lang='lat' dir='ltr'>lignum</span> <span class='ocrx_word' id='word_1_610' title='bbox 3234 4325 3485 4380; x_wconf 64' lang='lat' dir='ltr'>mirifice</span> 
     </span>
    </p>
   </div>
   <div class='ocr_carea' id='block_1_91' title="bbox 1825 4409 3483 4486">
    <p class='ocr_par' dir='ltr' id='par_1_91' title="bbox 1825 4409 3483 4486">
     <span class='ocr_line' id='line_1_91' title="bbox 1825 4409 3483 4486; baseline 0.004 -24"><span class='ocrx_word' id='word_1_611' title='bbox 1825 4414 1874 4471; x_wconf 93' lang='lat' dir='ltr'><strong>D</strong></span> <span class='ocrx_word' id='word_1_612' title='bbox 1893 4409 2070 4462; x_wconf 85' lang='lat' dir='ltr'>crucis</span> <span class='ocrx_word' id='word_1_613' title='bbox 2092 4415 2150 4462; x_wconf 88' lang='lat' dir='ltr'>et</span> <span class='ocrx_word' id='word_1_614' title='bbox 2172 4427 2269 4478; x_wconf 92' lang='lat' dir='ltr'>per</span> <span class='ocrx_word' id='word_1_615' title='bbox 2291 4409 2392 4463; x_wconf 86' lang='lat' dir='ltr'>has</span> <span class='ocrx_word' id='word_1_616' title='bbox 2421 4410 2687 4480; x_wconf 89' lang='lat' dir='ltr'>reliquias</span> <span class='ocrx_word' id='word_1_617' title='bbox 2716 4420 3056 4478; x_wconf 87' lang='lat' dir='ltr'>sanctorum,</span> <span class='ocrx_word' id='word_1_618' title='bbox 3083 4414 3229 4484; x_wconf 85' lang='lat' dir='ltr'>quod</span> <span class='ocrx_word' id='word_1_619' title='bbox 3263 4415 3312 4469; x_wconf 86' lang='lat' dir='ltr'>si</span> <span class='ocrx_word' id='word_1_620' title='bbox 3354 4432 3483 4486; x_wconf 89' lang='lat' dir='ltr'>per-</span> 
     </span>
    </p>
   </div>
   <div class='ocr_carea' id='block_1_92' title="bbox 1892 4499 3483 4566">
    <p class='ocr_par' dir='ltr' id='par_1_92' title="bbox 1892 4499 3483 4566">
     <span class='ocr_line' id='line_1_92' title="bbox 1892 4499 3483 4566; baseline 0.006 -17"><span class='ocrx_word' id='word_1_621' title='bbox 1892 4499 2148 4550; x_wconf 82' lang='lat' dir='ltr'>mittente</span> <span class='ocrx_word' id='word_1_622' title='bbox 2184 4499 2296 4551; x_wconf 92' lang='lat' dir='ltr'>Deo</span> <span class='ocrx_word' id='word_1_623' title='bbox 2323 4499 2558 4552; x_wconf 85' lang='lat' dir='ltr'>Romam</span> <span class='ocrx_word' id='word_1_624' title='bbox 2609 4517 2829 4566; x_wconf 84' lang='lat' dir='ltr'>venero,</span> <span class='ocrx_word' id='word_1_625' title='bbox 2864 4508 3116 4556; x_wconf 84' lang='lat' dir='ltr'>sanetam</span> <span class='ocrx_word' id='word_1_626' title='bbox 3170 4503 3483 4558; x_wconf 83' lang='lat' dir='ltr'>Romanam</span> 
     </span>
    </p>
   </div>
   <div class='ocr_carea' id='block_1_93' title="bbox 205 4587 3483 4660">
    <p class='ocr_par' dir='ltr' id='par_1_93' title="bbox 205 4587 3483 4660">
     <span class='ocr_line' id='line_1_93' title="bbox 205 4587 3483 4660; baseline -0.001 -10"><span class='ocrx_word' id='word_1_627' title='bbox 205 4598 336 4650; x_wconf 88' lang='lat' dir='ltr'>dam</span> <span class='ocrx_word' id='word_1_628' title='bbox 361 4596 651 4650; x_wconf 81' lang='lat' dir='ltr'>Saxonum</span> <span class='ocrx_word' id='word_1_629' title='bbox 674 4599 731 4646; x_wconf 89' lang='lat' dir='ltr'>et</span> <span class='ocrx_word' id='word_1_630' title='bbox 764 4594 1102 4646; x_wconf 83' lang='lat' dir='ltr'>Francorum</span> <span class='ocrx_word' id='word_1_631' title='bbox 1139 4609 1230 4645; x_wconf 87' lang='lat' dir='ltr'>rex</span> <span class='ocrx_word' id='word_1_632' title='bbox 1283 4592 1508 4644; x_wconf 87' lang='lat' dir='ltr'>nomine</span> <span class='ocrx_word' id='word_1_633' title='bbox 1538 4591 1685 4645; x_wconf 85' lang='lat' dir='ltr'>Otto.</span> <span class='ocrx_word' id='word_1_634' title='bbox 1710 4591 1804 4660; x_wconf 88' lang='lat' dir='ltr'>qui</span> <span class='ocrx_word' id='word_1_635' title='bbox 1890 4587 2186 4640; x_wconf 88' lang='lat' dir='ltr'>Ecclesiam</span> <span class='ocrx_word' id='word_1_636' title='bbox 2212 4593 2269 4640; x_wconf 88' lang='lat' dir='ltr'>et</span> <span class='ocrx_word' id='word_1_637' title='bbox 2287 4596 2342 4640; x_wconf 85' lang='lat' dir='ltr'>te</span> <span class='ocrx_word' id='word_1_638' title='bbox 2374 4597 2647 4642; x_wconf 90' lang='lat' dir='ltr'>rectorem</span> <span class='ocrx_word' id='word_1_639' title='bbox 2681 4589 2854 4660; x_wconf 70' lang='lat' dir='ltr'>ipsius</span> <span class='ocrx_word' id='word_1_640' title='bbox 2885 4592 3138 4645; x_wconf 86' lang='lat' dir='ltr'>exaltabo</span> <span class='ocrx_word' id='word_1_641' title='bbox 3176 4593 3483 4648; x_wconf 89' lang='lat' dir='ltr'>secundum</span> 
     </span>
    </p>
   </div>
   <div class='ocr_carea' id='block_1_94' title="bbox 206 4679 3486 4751">
    <p class='ocr_par' dir='ltr' id='par_1_94' title="bbox 206 4679 3486 4751">
     <span class='ocr_line' id='line_1_94' title="bbox 206 4679 3486 4751; baseline -0.001 -13"><span class='ocrx_word' id='word_1_642' title='bbox 206 4685 292 4738; x_wconf 90' lang='lat' dir='ltr'>bis</span> <span class='ocrx_word' id='word_1_643' title='bbox 323 4702 420 4739; x_wconf 86' lang='lat' dir='ltr'>eos</span> <span class='ocrx_word' id='word_1_644' title='bbox 474 4683 615 4736; x_wconf 89' lang='lat' dir='ltr'>bello</span> <span class='ocrx_word' id='word_1_645' title='bbox 663 4681 853 4735; x_wconf 84' lang='lat' dir='ltr'>victos.</span> <span class='ocrx_word' id='word_1_646' title='bbox 886 4682 1054 4735; x_wconf 89' lang='lat' dir='ltr'>tertio</span> <span class='ocrx_word' id='word_1_647' title='bbox 1100 4680 1242 4734; x_wconf 89' lang='lat' dir='ltr'>bello</span> <span class='ocrx_word' id='word_1_648' title='bbox 1272 4697 1412 4749; x_wconf 85' lang='lat' dir='ltr'>pene</span> <span class='ocrx_word' id='word_1_649' title='bbox 1444 4685 1805 4748; x_wconf 88' lang='lat' dir='ltr'>consumptos</span> <span class='ocrx_word' id='word_1_650' title='bbox 1887 4692 2071 4729; x_wconf 91' lang='lat' dir='ltr'>meum</span> <span class='ocrx_word' id='word_1_651' title='bbox 2104 4693 2279 4746; x_wconf 88' lang='lat' dir='ltr'>posse.</span> <span class='ocrx_word' id='word_1_652' title='bbox 2311 4685 2367 4728; x_wconf 90' lang='lat' dir='ltr'>et</span> <span class='ocrx_word' id='word_1_653' title='bbox 2397 4693 2681 4747; x_wconf 86' lang='lat' dir='ltr'>nunquam</span> <span class='ocrx_word' id='word_1_654' title='bbox 2712 4679 2882 4733; x_wconf 90' lang='lat' dir='ltr'>vitam</span> <span class='ocrx_word' id='word_1_655' title='bbox 2908 4687 3009 4734; x_wconf 87' lang='lat' dir='ltr'>aut</span> <span class='ocrx_word' id='word_1_656' title='bbox 3026 4680 3276 4735; x_wconf 88' lang='lat' dir='ltr'>membra</span> <span class='ocrx_word' id='word_1_657' title='bbox 3304 4695 3486 4751; x_wconf 87' lang='lat' dir='ltr'>neque</span> 
     </span>
    </p>
   </div>
   <div class='ocr_carea' id='block_1_95' title="bbox 204 4766 3486 4838">
    <p class='ocr_par' dir='ltr' id='par_1_95' title="bbox 204 4766 3486 4838">
     <span class='ocr_line' id='line_1_95' title="bbox 204 4766 3486 4838; baseline -0.001 -11"><span class='ocrx_word' id='word_1_658' title='bbox 204 4775 358 4829; x_wconf 86' lang='lat' dir='ltr'>intra</span> <span class='ocrx_word' id='word_1_659' title='bbox 387 4775 531 4827; x_wconf 84' lang='lat' dir='ltr'>ﬁnes</span> <span class='ocrx_word' id='word_1_660' title='bbox 562 4788 692 4826; x_wconf 87' lang='lat' dir='ltr'>suos</span> <span class='ocrx_word' id='word_1_661' title='bbox 722 4789 817 4824; x_wconf 87' lang='lat' dir='ltr'>eos</span> <span class='ocrx_word' id='word_1_662' title='bbox 861 4770 1125 4824; x_wconf 83' lang='lat' dir='ltr'>habitare</span> <span class='ocrx_word' id='word_1_663' title='bbox 1177 4770 1382 4837; x_wconf 82' lang='lat' dir='ltr'>coegit.</span> <span class='ocrx_word' id='word_1_664' title='bbox 1433 4769 1537 4822; x_wconf 90' lang='lat' dir='ltr'>Sed</span> <span class='ocrx_word' id='word_1_665' title='bbox 1581 4769 1803 4838; x_wconf 88' lang='lat' dir='ltr'>quando</span> <span class='ocrx_word' id='word_1_666' title='bbox 1885 4766 2069 4835; x_wconf 89' lang='lat' dir='ltr'>ipsum</span> <span class='ocrx_word' id='word_1_667' title='bbox 2129 4766 2420 4824; x_wconf 80' lang='lat' dir='ltr'>honorem.</span> <span class='ocrx_word' id='word_1_668' title='bbox 2453 4782 2618 4836; x_wconf 89' lang='lat' dir='ltr'>quem</span> <span class='ocrx_word' id='word_1_669' title='bbox 2668 4767 2840 4822; x_wconf 85' lang='lat' dir='ltr'>habes</span> <span class='ocrx_word' id='word_1_670' title='bbox 2884 4785 3006 4822; x_wconf 82' lang='lat' dir='ltr'>mea</span> <span class='ocrx_word' id='word_1_671' title='bbox 3040 4769 3343 4832; x_wconf 80' lang='lat' dir='ltr'>voluntate,</span> <span class='ocrx_word' id='word_1_672' title='bbox 3383 4776 3486 4824; x_wconf 87' lang='lat' dir='ltr'>aut</span> 
     </span>
    </p>
   </div>
   <div class='ocr_carea' id='block_1_96' title="bbox 203 4857 1808 4931">
    <p class='ocr_par' dir='ltr' id='par_1_96' title="bbox 203 4857 1808 4931">
     <span class='ocr_line' id='line_1_96' title="bbox 203 4857 1808 4931; baseline -0.005 -14"><span class='ocrx_word' id='word_1_673' title='bbox 203 4864 348 4918; x_wconf 84' lang='lat' dir='ltr'>tanti</span> <span class='ocrx_word' id='word_1_674' title='bbox 370 4862 519 4931; x_wconf 84' lang='lat' dir='ltr'>regis</span> <span class='ocrx_word' id='word_1_675' title='bbox 543 4861 754 4914; x_wconf 89' lang='lat' dir='ltr'>mentio</span> <span class='ocrx_word' id='word_1_676' title='bbox 778 4861 921 4913; x_wconf 87' lang='lat' dir='ltr'>facta</span> <span class='ocrx_word' id='word_1_677' title='bbox 942 4865 1047 4921; x_wconf 87' lang='lat' dir='ltr'>est,</span> <span class='ocrx_word' id='word_1_678' title='bbox 1076 4858 1276 4928; x_wconf 87' lang='lat' dir='ltr'>quibus</span> <span class='ocrx_word' id='word_1_679' title='bbox 1295 4857 1599 4926; x_wconf 87' lang='lat' dir='ltr'>majoribus</span> <span class='ocrx_word' id='word_1_680' title='bbox 1629 4864 1808 4918; x_wconf 75' lang='lat' dir='ltr'>ortus,</span> 
     </span>
    </p>
   </div>
   <div class='ocr_carea' id='block_1_97' title="bbox 205 4946 1809 5023">
    <p class='ocr_par' dir='ltr' id='par_1_97' title="bbox 205 4946 1809 5023">
     <span class='ocr_line' id='line_1_97' title="bbox 205 4946 1809 5023; baseline -0.004 -19"><span class='ocrx_word' id='word_1_681' title='bbox 205 4953 291 5006; x_wconf 81' lang='lat' dir='ltr'>vel</span> <span class='ocrx_word' id='word_1_682' title='bbox 313 4951 562 5023; x_wconf 87' lang='lat' dir='ltr'>qualiter</span> <span class='ocrx_word' id='word_1_683' title='bbox 591 4950 665 5003; x_wconf 78' lang='lat' dir='ltr'>“ad</span> <span class='ocrx_word' id='word_1_684' title='bbox 702 4949 938 5003; x_wconf 88' lang='lat' dir='ltr'>Romani</span> <span class='ocrx_word' id='word_1_685' title='bbox 965 4948 1122 5017; x_wconf 87' lang='lat' dir='ltr'>regni</span> <span class='ocrx_word' id='word_1_686' title='bbox 1152 4947 1393 5000; x_wconf 85' lang='lat' dir='ltr'>venisset</span> <span class='ocrx_word' id='word_1_687' title='bbox 1421 4946 1644 5015; x_wconf 81' lang='lat' dir='ltr'>fastigia</span> <span class='ocrx_word' id='word_1_688' title='bbox 1673 4946 1809 4998; x_wconf 89' lang='lat' dir='ltr'>mihi</span> 
     </span>
    </p>
   </div>
   <div class='ocr_carea' id='block_1_98' title="bbox 208 5035 1807 5108">
    <p class='ocr_par' dir='ltr' id='par_1_98' title="bbox 208 5035 1807 5108">
     <span class='ocr_line' id='line_1_98' title="bbox 208 5035 1807 5108; baseline -0.005 -12"><span class='ocrx_word' id='word_1_689' title='bbox 208 5041 457 5096; x_wconf 85' lang='lat' dir='ltr'>scribere</span> <span class='ocrx_word' id='word_1_690' title='bbox 482 5039 657 5094; x_wconf 85' lang='lat' dir='ltr'>visum</span> <span class='ocrx_word' id='word_1_691' title='bbox 701 5045 790 5092; x_wconf 89' lang='lat' dir='ltr'>est</span> <span class='ocrx_word' id='word_1_692' title='bbox 846 5051 1029 5108; x_wconf 80' lang='lat' dir='ltr'>operae</span> <span class='ocrx_word' id='word_1_693' title='bbox 1061 5037 1320 5107; x_wconf 87' lang='lat' dir='ltr'>pretium.</span> <span class='ocrx_word' id='word_1_694' title='bbox 1356 5037 1412 5090; x_wconf 85' lang='lat' dir='ltr'>Is</span> <span class='ocrx_word' id='word_1_695' title='bbox 1474 5035 1622 5088; x_wconf 84' lang='lat' dir='ltr'>enim</span> <span class='ocrx_word' id='word_1_696' title='bbox 1666 5036 1807 5088; x_wconf 84' lang='lat' dir='ltr'>Saxo</span> 
     </span>
    </p>
   </div>
   <div class='ocr_carea' id='block_1_99' title="bbox 207 5124 1808 5201">
    <p class='ocr_par' dir='ltr' id='par_1_99' title="bbox 207 5124 1808 5201">
     <span class='ocr_line' id='line_1_99' title="bbox 207 5124 1808 5201; baseline -0.004 -16"><span class='ocrx_word' id='word_1_697' title='bbox 207 5147 436 5201; x_wconf 88' lang='lat' dir='ltr'>genere,</span> <span class='ocrx_word' id='word_1_698' title='bbox 465 5128 687 5182; x_wconf 87' lang='lat' dir='ltr'>Henrici</span> <span class='ocrx_word' id='word_1_699' title='bbox 709 5127 895 5196; x_wconf 86' lang='lat' dir='ltr'>magni</span> <span class='ocrx_word' id='word_1_700' title='bbox 917 5128 1197 5180; x_wconf 85' lang='lat' dir='ltr'>Saxonum</span> <span class='ocrx_word' id='word_1_701' title='bbox 1219 5131 1275 5178; x_wconf 89' lang='lat' dir='ltr'>et</span> <span class='ocrx_word' id='word_1_702' title='bbox 1297 5126 1636 5179; x_wconf 86' lang='lat' dir='ltr'>Francorum</span> <span class='ocrx_word' id='word_1_703' title='bbox 1661 5124 1808 5193; x_wconf 84' lang='lat' dir='ltr'>regis</span> 
     </span>
    </p>
   </div>
   <div class='ocr_carea' id='block_1_100' title="bbox 209 5215 1807 5288">
    <p class='ocr_par' dir='ltr' id='par_1_100' title="bbox 209 5215 1807 5288">
     <span class='ocr_line' id='line_1_100' title="bbox 209 5215 1807 5288; baseline -0.004 -16"><span class='ocrx_word' id='word_1_704' title='bbox 209 5221 316 5274; x_wconf 85' lang='lat' dir='ltr'>fuit</span> <span class='ocrx_word' id='word_1_705' title='bbox 336 5220 508 5282; x_wconf 84' lang='lat' dir='ltr'>ﬁlius,</span> <span class='ocrx_word' id='word_1_706' title='bbox 537 5217 632 5286; x_wconf 88' lang='lat' dir='ltr'>qui</span> <span class='ocrx_word' id='word_1_707' title='bbox 657 5217 919 5288; x_wconf 89' lang='lat' dir='ltr'>primitus</span> <span class='ocrx_word' id='word_1_708' title='bbox 949 5215 1059 5268; x_wconf 89' lang='lat' dir='ltr'>dux</span> <span class='ocrx_word' id='word_1_709' title='bbox 1090 5216 1390 5278; x_wconf 86' lang='lat' dir='ltr'>Saxonum,</span> <span class='ocrx_word' id='word_1_710' title='bbox 1439 5219 1630 5284; x_wconf 85' lang='lat' dir='ltr'>postea</span> <span class='ocrx_word' id='word_1_711' title='bbox 1679 5231 1807 5266; x_wconf 87' lang='lat' dir='ltr'>vero</span> 
     </span>
    </p>
   </div>
   <div class='ocr_carea' id='block_1_101' title="bbox 210 5303 1806 5374">
    <p class='ocr_par' dir='ltr' id='par_1_101' title="bbox 210 5303 1806 5374">
     <span class='ocr_line' id='line_1_101' title="bbox 210 5303 1806 5374; baseline -0.006 -12"><span class='ocrx_word' id='word_1_712' title='bbox 210 5309 474 5363; x_wconf 86' lang='lat' dir='ltr'>defuncto</span> <span class='ocrx_word' id='word_1_713' title='bbox 505 5306 833 5360; x_wconf 57' lang='lat' dir='ltr'>thuonrado</span> <span class='ocrx_word' id='word_1_714' title='bbox 877 5321 1008 5374; x_wconf 88' lang='lat' dir='ltr'>rege</span> <span class='ocrx_word' id='word_1_715' title='bbox 1059 5304 1418 5366; x_wconf 84' lang='lat' dir='ltr'>Francorum,</span> <span class='ocrx_word' id='word_1_716' title='bbox 1455 5319 1552 5372; x_wconf 90' lang='lat' dir='ltr'>per</span> <span class='ocrx_word' id='word_1_717' title='bbox 1595 5303 1806 5355; x_wconf 88' lang='lat' dir='ltr'>Hemu-</span> 
     </span>
    </p>
   </div>
   <div class='ocr_carea' id='block_1_102' title="bbox 212 5391 1802 5466">
    <p class='ocr_par' dir='ltr' id='par_1_102' title="bbox 212 5391 1802 5466">
     <span class='ocr_line' id='line_1_102' title="bbox 212 5391 1802 5466; baseline -0.006 -13"><span class='ocrx_word' id='word_1_718' title='bbox 212 5400 440 5452; x_wconf 72' lang='lat' dir='ltr'>tardum</span> <span class='ocrx_word' id='word_1_719' title='bbox 463 5398 588 5466; x_wconf 86' lang='lat' dir='ltr'>ejus</span> <span class='ocrx_word' id='word_1_720' title='bbox 605 5409 938 5465; x_wconf 82' lang='lat' dir='ltr'>germanum</span> <span class='ocrx_word' id='word_1_721' title='bbox 955 5393 1111 5462; x_wconf 81' lang='lat' dir='ltr'>regni</span> <span class='ocrx_word' id='word_1_722' title='bbox 1128 5393 1371 5462; x_wconf 87' lang='lat' dir='ltr'>suscepit</span> <span class='ocrx_word' id='word_1_723' title='bbox 1386 5391 1644 5460; x_wconf 83' lang='lat' dir='ltr'>insignia.</span> <span class='ocrx_word' id='word_1_724' title='bbox 1685 5391 1802 5456; x_wconf 88' lang='lat' dir='ltr'>Hic,</span> 
     </span>
    </p>
   </div>
   <div class='ocr_carea' id='block_1_103' title="bbox 213 5482 1803 5558">
    <p class='ocr_par' dir='ltr' id='par_1_103' title="bbox 213 5482 1803 5558">
     <span class='ocr_line' id='line_1_103' title="bbox 213 5482 1803 5558; baseline -0.006 -15"><span class='ocrx_word' id='word_1_725' title='bbox 213 5496 487 5558; x_wconf 81' lang='lat' dir='ltr'>susceptis</span> <span class='ocrx_word' id='word_1_726' title='bbox 516 5485 797 5555; x_wconf 88' lang='lat' dir='ltr'>regalibus</span> <span class='ocrx_word' id='word_1_727' title='bbox 828 5484 1022 5553; x_wconf 89' lang='lat' dir='ltr'>signis,</span> <span class='ocrx_word' id='word_1_728' title='bbox 1050 5483 1283 5535; x_wconf 84' lang='lat' dir='ltr'>Francia</span> <span class='ocrx_word' id='word_1_729' title='bbox 1309 5482 1574 5535; x_wconf 85' lang='lat' dir='ltr'>citissime</span> <span class='ocrx_word' id='word_1_730' title='bbox 1592 5482 1803 5546; x_wconf 87' lang='lat' dir='ltr'>sedata,</span> 
     </span>
    </p>
   </div>
   <div class='ocr_carea' id='block_1_104' title="bbox 216 5569 1808 5644">
    <p class='ocr_par' dir='ltr' id='par_1_104' title="bbox 216 5569 1808 5644">
     <span class='ocr_line' id='line_1_104' title="bbox 216 5569 1808 5644; baseline -0.005 -12"><span class='ocrx_word' id='word_1_731' title='bbox 216 5578 515 5631; x_wconf 89' lang='lat' dir='ltr'>Saxoniam</span> <span class='ocrx_word' id='word_1_732' title='bbox 548 5575 617 5628; x_wconf 83' lang='lat' dir='ltr'>ab</span> <span class='ocrx_word' id='word_1_733' title='bbox 673 5573 950 5644; x_wconf 89' lang='lat' dir='ltr'>Ungarica</span> <span class='ocrx_word' id='word_1_734' title='bbox 1006 5573 1273 5626; x_wconf 90' lang='lat' dir='ltr'>servitute</span> <span class='ocrx_word' id='word_1_735' title='bbox 1329 5570 1624 5624; x_wconf 87' lang='lat' dir='ltr'>commisso</span> <span class='ocrx_word' id='word_1_736' title='bbox 1666 5569 1808 5624; x_wconf 85' lang='lat' dir='ltr'>bello</span> 
     </span>
    </p>
   </div>
   <div class='ocr_carea' id='block_1_105' title="bbox 217 5659 1806 5732">
    <p class='ocr_par' dir='ltr' id='par_1_105' title="bbox 217 5659 1806 5732">
     <span class='ocr_line' id='line_1_105' title="bbox 217 5659 1806 5732; baseline -0.005 -13"><span class='ocrx_word' id='word_1_737' title='bbox 217 5667 491 5722; x_wconf 88' lang='lat' dir='ltr'>liberavit.</span> <span class='ocrx_word' id='word_1_738' title='bbox 520 5663 734 5718; x_wconf 89' lang='lat' dir='ltr'>Deinde</span> <span class='ocrx_word' id='word_1_739' title='bbox 764 5662 1076 5730; x_wconf 78' lang='lat' dir='ltr'>Bavariam,</span> <span class='ocrx_word' id='word_1_740' title='bbox 1105 5661 1334 5732; x_wconf 81' lang='lat' dir='ltr'>expulso</span> <span class='ocrx_word' id='word_1_741' title='bbox 1375 5677 1505 5730; x_wconf 84' lang='lat' dir='ltr'>rege</span> <span class='ocrx_word' id='word_1_742' title='bbox 1540 5659 1806 5728; x_wconf 74' lang='lat' dir='ltr'>Arnulfo,</span> 
     </span>
    </p>
   </div>
   <div class='ocr_carea' id='block_1_106' title="bbox 1886 4856 3482 4913">
    <p class='ocr_par' dir='ltr' id='par_1_106' title="bbox 1886 4856 3482 4913">
     <span class='ocr_line' id='line_1_106' title="bbox 1886 4856 3482 4913; baseline 0.003 -6"><span class='ocrx_word' id='word_1_743' title='bbox 1886 4871 2158 4908; x_wconf 89' lang='lat' dir='ltr'>consensu</span> <span class='ocrx_word' id='word_1_744' title='bbox 2191 4860 2288 4908; x_wconf 87' lang='lat' dir='ltr'>aut</span> <span class='ocrx_word' id='word_1_745' title='bbox 2320 4871 2445 4907; x_wconf 90' lang='lat' dir='ltr'>meo</span> <span class='ocrx_word' id='word_1_746' title='bbox 2489 4856 2722 4909; x_wconf 89' lang='lat' dir='ltr'>consilio</span> <span class='ocrx_word' id='word_1_747' title='bbox 2779 4863 2877 4910; x_wconf 88' lang='lat' dir='ltr'>aut</span> <span class='ocrx_word' id='word_1_748' title='bbox 2923 4874 3046 4911; x_wconf 87' lang='lat' dir='ltr'>mea</span> <span class='ocrx_word' id='word_1_749' title='bbox 3096 4858 3482 4913; x_wconf 85' lang='lat' dir='ltr'>exhortatione</span> 
     </span>
    </p>
   </div>
   <div class='ocr_carea' id='block_1_107' title="bbox 1892 4942 3483 5013">
    <p class='ocr_par' dir='ltr' id='par_1_107' title="bbox 1892 4942 3483 5013">
     <span class='ocr_line' id='line_1_107' title="bbox 1892 4942 3483 5013; baseline 0.002 -17"><span class='ocrx_word' id='word_1_750' title='bbox 1892 4944 2107 5013; x_wconf 88' lang='lat' dir='ltr'>perdes,</span> <span class='ocrx_word' id='word_1_751' title='bbox 2129 4949 2186 4995; x_wconf 88' lang='lat' dir='ltr'>et</span> <span class='ocrx_word' id='word_1_752' title='bbox 2214 4942 2270 4995; x_wconf 92' lang='lat' dir='ltr'>in</span> <span class='ocrx_word' id='word_1_753' title='bbox 2303 4943 2480 4996; x_wconf 88' lang='lat' dir='ltr'>Roma</span> <span class='ocrx_word' id='word_1_754' title='bbox 2501 4944 2717 4996; x_wconf 87' lang='lat' dir='ltr'>nullum</span> <span class='ocrx_word' id='word_1_755' title='bbox 2747 4945 3022 5013; x_wconf 82' lang='lat' dir='ltr'>placitum</span> <span class='ocrx_word' id='word_1_756' title='bbox 3046 4951 3146 4999; x_wconf 89' lang='lat' dir='ltr'>aut</span> <span class='ocrx_word' id='word_1_757' title='bbox 3173 4945 3483 5000; x_wconf 79' lang='lat' dir='ltr'>Ordinatio-</span> 
     </span>
    </p>
   </div>
   <div class='ocr_carea' id='block_1_108' title="bbox 1891 5031 3481 5101">
    <p class='ocr_par' dir='ltr' id='par_1_108' title="bbox 1891 5031 3481 5101">
     <span class='ocr_line' id='line_1_108' title="bbox 1891 5031 3481 5101; baseline 0.001 -15"><span class='ocrx_word' id='word_1_758' title='bbox 1891 5050 2018 5087; x_wconf 91' lang='lat' dir='ltr'>nem</span> <span class='ocrx_word' id='word_1_759' title='bbox 2048 5032 2247 5085; x_wconf 85' lang='lat' dir='ltr'>faciam</span> <span class='ocrx_word' id='word_1_760' title='bbox 2279 5031 2348 5085; x_wconf 91' lang='lat' dir='ltr'>de</span> <span class='ocrx_word' id='word_1_761' title='bbox 2374 5031 2632 5084; x_wconf 89' lang='lat' dir='ltr'>omnibus</span> <span class='ocrx_word' id='word_1_762' title='bbox 2651 5049 2774 5101; x_wconf 67' lang='lat' dir='ltr'>qua:</span> <span class='ocrx_word' id='word_1_763' title='bbox 2799 5033 2869 5086; x_wconf 91' lang='lat' dir='ltr'>ad</span> <span class='ocrx_word' id='word_1_764' title='bbox 2897 5040 2952 5086; x_wconf 89' lang='lat' dir='ltr'>te</span> <span class='ocrx_word' id='word_1_765' title='bbox 2976 5044 3076 5088; x_wconf 87' lang='lat' dir='ltr'>aut</span> <span class='ocrx_word' id='word_1_766' title='bbox 3099 5035 3168 5088; x_wconf 88' lang='lat' dir='ltr'>ad</span> <span class='ocrx_word' id='word_1_767' title='bbox 3201 5035 3481 5091; x_wconf 76' lang='lat' dir='ltr'>Romanos</span> 
     </span>
    </p>
   </div>
   <div class='ocr_carea' id='block_1_109' title="bbox 1891 5120 3483 5192">
    <p class='ocr_par' dir='ltr' id='par_1_109' title="bbox 1891 5120 3483 5192">
     <span class='ocr_line' id='line_1_109' title="bbox 1891 5120 3483 5192; baseline 0.003 -18"><span class='ocrx_word' id='word_1_768' title='bbox 1891 5122 2176 5192; x_wconf 85' lang='lat' dir='ltr'>pertinent</span> <span class='ocrx_word' id='word_1_769' title='bbox 2227 5121 2347 5174; x_wconf 86' lang='lat' dir='ltr'>sine</span> <span class='ocrx_word' id='word_1_770' title='bbox 2404 5127 2502 5174; x_wconf 87' lang='lat' dir='ltr'>tuo</span> <span class='ocrx_word' id='word_1_771' title='bbox 2549 5120 2800 5184; x_wconf 89' lang='lat' dir='ltr'>consilio,</span> <span class='ocrx_word' id='word_1_772' title='bbox 2835 5128 2891 5174; x_wconf 91' lang='lat' dir='ltr'>et</span> <span class='ocrx_word' id='word_1_773' title='bbox 2915 5122 3184 5192; x_wconf 83' lang='lat' dir='ltr'>quidquid</span> <span class='ocrx_word' id='word_1_774' title='bbox 3224 5123 3293 5176; x_wconf 90' lang='lat' dir='ltr'>de</span> <span class='ocrx_word' id='word_1_775' title='bbox 3317 5130 3483 5178; x_wconf 82' lang='lat' dir='ltr'>terra</span> 
     </span>
    </p>
   </div>
   <div class='ocr_carea' id='block_1_110' title="bbox 1892 5210 3479 5278">
    <p class='ocr_par' dir='ltr' id='par_1_110' title="bbox 1892 5210 3479 5278">
     <span class='ocr_line' id='line_1_110' title="bbox 1892 5210 3479 5278; baseline 0.001 -14"><span class='ocrx_word' id='word_1_776' title='bbox 1892 5211 2078 5265; x_wconf 85' lang='lat' dir='ltr'>Sancti</span> <span class='ocrx_word' id='word_1_777' title='bbox 2096 5210 2250 5264; x_wconf 90' lang='lat' dir='ltr'>Petri</span> <span class='ocrx_word' id='word_1_778' title='bbox 2263 5210 2330 5263; x_wconf 88' lang='lat' dir='ltr'>ad</span> <span class='ocrx_word' id='word_1_779' title='bbox 2351 5219 2599 5263; x_wconf 85' lang='lat' dir='ltr'>nostram</span> <span class='ocrx_word' id='word_1_780' title='bbox 2614 5214 2948 5278; x_wconf 86' lang='lat' dir='ltr'>potestatem</span> <span class='ocrx_word' id='word_1_781' title='bbox 2966 5212 3198 5272; x_wconf 86' lang='lat' dir='ltr'>venerit,</span> <span class='ocrx_word' id='word_1_782' title='bbox 3222 5213 3323 5266; x_wconf 79' lang='lat' dir='ltr'>tibi</span> <span class='ocrx_word' id='word_1_783' title='bbox 3356 5213 3479 5266; x_wconf 89' lang='lat' dir='ltr'>red-</span> 
     </span>
    </p>
   </div>
   <div class='ocr_carea' id='block_1_111' title="bbox 1889 5300 3476 5369">
    <p class='ocr_par' dir='ltr' id='par_1_111' title="bbox 1889 5300 3476 5369">
     <span class='ocr_line' id='line_1_111' title="bbox 1889 5300 3476 5369; baseline 0.002 -16"><span class='ocrx_word' id='word_1_784' title='bbox 1889 5301 2038 5354; x_wconf 83' lang='lat' dir='ltr'>dam.</span> <span class='ocrx_word' id='word_1_785' title='bbox 2067 5300 2388 5369; x_wconf 88' lang='lat' dir='ltr'>Cuicunque</span> <span class='ocrx_word' id='word_1_786' title='bbox 2399 5307 2586 5352; x_wconf 88' lang='lat' dir='ltr'>autem</span> <span class='ocrx_word' id='word_1_787' title='bbox 2603 5307 2833 5367; x_wconf 83' lang='lat' dir='ltr'>regnum</span> <span class='ocrx_word' id='word_1_788' title='bbox 2849 5300 3103 5353; x_wconf 84' lang='lat' dir='ltr'>ltalicum</span> <span class='ocrx_word' id='word_1_789' title='bbox 3123 5302 3476 5367; x_wconf 76' lang='lat' dir='ltr'>Commisero,</span> 
     </span>
    </p>
   </div>
   <div class='ocr_carea' id='block_1_112' title="bbox 1883 5388 3482 5458">
    <p class='ocr_par' dir='ltr' id='par_1_112' title="bbox 1883 5388 3482 5458">
     <span class='ocr_line' id='line_1_112' title="bbox 1883 5388 3482 5458; baseline 0.002 -16"><span class='ocrx_word' id='word_1_790' title='bbox 1883 5391 2074 5458; x_wconf 88' lang='lat' dir='ltr'>jurare</span> <span class='ocrx_word' id='word_1_791' title='bbox 2104 5389 2300 5442; x_wconf 82' lang='lat' dir='ltr'>faciam</span> <span class='ocrx_word' id='word_1_792' title='bbox 2333 5389 2514 5453; x_wconf 90' lang='lat' dir='ltr'>illum,</span> <span class='ocrx_word' id='word_1_793' title='bbox 2543 5393 2605 5440; x_wconf 93' lang='lat' dir='ltr'>ut</span> <span class='ocrx_word' id='word_1_794' title='bbox 2651 5388 2878 5457; x_wconf 88' lang='lat' dir='ltr'>adjutor</span> <span class='ocrx_word' id='word_1_795' title='bbox 2905 5395 3035 5443; x_wconf 90' lang='lat' dir='ltr'>tuus</span> <span class='ocrx_word' id='word_1_796' title='bbox 3087 5390 3163 5444; x_wconf 84' lang='lat' dir='ltr'>sit</span> <span class='ocrx_word' id='word_1_797' title='bbox 3190 5392 3258 5444; x_wconf 85' lang='lat' dir='ltr'>ad</span> <span class='ocrx_word' id='word_1_798' title='bbox 3292 5391 3482 5445; x_wconf 82' lang='lat' dir='ltr'>defen-</span> 
     </span>
    </p>
   </div>
   <div class='ocr_carea' id='block_1_113' title="bbox 1889 5476 3482 5550">
    <p class='ocr_par' dir='ltr' id='par_1_113' title="bbox 1889 5476 3482 5550">
     <span class='ocr_line' id='line_1_113' title="bbox 1889 5476 3482 5550; baseline 0.002 -19"><span class='ocrx_word' id='word_1_799' title='bbox 1889 5478 2128 5531; x_wconf 86' lang='lat' dir='ltr'>dendam</span> <span class='ocrx_word' id='word_1_800' title='bbox 2153 5486 2361 5531; x_wconf 90' lang='lat' dir='ltr'>terram</span> <span class='ocrx_word' id='word_1_801' title='bbox 2386 5479 2442 5530; x_wconf 91' lang='lat' dir='ltr'>S.</span> <span class='ocrx_word' id='word_1_802' title='bbox 2477 5476 2626 5530; x_wconf 87' lang='lat' dir='ltr'>Petri</span> <span class='ocrx_word' id='word_1_803' title='bbox 2653 5479 2957 5531; x_wconf 89' lang='lat' dir='ltr'>secundum</span> <span class='ocrx_word' id='word_1_804' title='bbox 2983 5497 3148 5534; x_wconf 86' lang='lat' dir='ltr'>suum</span> <span class='ocrx_word' id='word_1_805' title='bbox 3179 5498 3358 5550; x_wconf 86' lang='lat' dir='ltr'>posse.</span> <span class='ocrx_word' id='word_1_806' title='bbox 3384 5483 3482 5535; x_wconf 91' lang='lat' dir='ltr'>De-</span> 
     </span>
    </p>
   </div>
   <div class='ocr_carea' id='block_1_114' title="bbox 1892 5565 3484 5642">
    <p class='ocr_par' dir='ltr' id='par_1_114' title="bbox 1892 5565 3484 5642">
     <span class='ocr_line' id='line_1_114' title="bbox 1892 5565 3484 5642; baseline 0.003 -22"><span class='ocrx_word' id='word_1_807' title='bbox 1892 5569 2020 5622; x_wconf 89' lang='lat' dir='ltr'>hinc</span> <span class='ocrx_word' id='word_1_808' title='bbox 2034 5567 2267 5622; x_wconf 85' lang='lat' dir='ltr'>Romam</span> <span class='ocrx_word' id='word_1_809' title='bbox 2289 5568 2524 5620; x_wconf 89' lang='lat' dir='ltr'>tendens</span> <span class='ocrx_word' id='word_1_810' title='bbox 2541 5565 2843 5621; x_wconf 85' lang='lat' dir='ltr'>honorifice</span> <span class='ocrx_word' id='word_1_811' title='bbox 2866 5585 2898 5620; x_wconf 86' lang='lat' dir='ltr'>a</span> <span class='ocrx_word' id='word_1_812' title='bbox 2911 5567 3176 5622; x_wconf 86' lang='lat' dir='ltr'>Romanis</span> <span class='ocrx_word' id='word_1_813' title='bbox 3193 5575 3484 5642; x_wconf 86' lang='lat' dir='ltr'>susceptus</span> 
     </span>
    </p>
   </div>
   <div class='ocr_carea' id='block_1_115' title="bbox 1894 5656 3483 5729">
    <p class='ocr_par' dir='ltr' id='par_1_115' title="bbox 1894 5656 3483 5729">
     <span class='ocr_line' id='line_1_115' title="bbox 1894 5656 3483 5729; baseline 0.002 -17"><span class='ocrx_word' id='word_1_814' title='bbox 1894 5663 1950 5712; x_wconf 89' lang='lat' dir='ltr'>ct</span> <span class='ocrx_word' id='word_1_815' title='bbox 1970 5675 2002 5709; x_wconf 90' lang='lat' dir='ltr'>a</span> <span class='ocrx_word' id='word_1_816' title='bbox 2024 5657 2247 5710; x_wconf 86' lang='lat' dir='ltr'>domino</span> <span class='ocrx_word' id='word_1_817' title='bbox 2274 5673 2417 5727; x_wconf 84' lang='lat' dir='ltr'>papa</span> <span class='ocrx_word' id='word_1_818' title='bbox 2449 5656 2833 5711; x_wconf 87' lang='lat' dir='ltr'>benedictione</span> <span class='ocrx_word' id='word_1_819' title='bbox 2873 5657 3150 5729; x_wconf 80' lang='lat' dir='ltr'>imperiali</span> <span class='ocrx_word' id='word_1_820' title='bbox 3197 5667 3281 5714; x_wconf 88' lang='lat' dir='ltr'>est</span> <span class='ocrx_word' id='word_1_821' title='bbox 3308 5662 3483 5714; x_wconf 88' lang='lat' dir='ltr'>subli-</span> 
     </span>
    </p>
   </div>
  </div>
