3964 6386
500 379 610 442 815

1527 375 1914 436 BONIZONIS
1951 377 2387 438 PLACENTINI
2429 381 2776 438 EPISCOPI.

3674 387 3784 444 816

501 511 712 572 matus,
730 504 1060 577 primusque
1078 501 1328 557 omnium
1348 501 1760 556 Germanorum
1785 517 1980 572 regum
2009 518 2104 573 ap-
2117 505 2310 565 Arum
2330 509 2450 559 arte
2465 503 2750 558 conditum
2770 503 3066 558 Saxoniam
3083 484 3216 559 dum
3229 507 3428 574 fertur,
3441 509 3783 565 translatum

501 597 746 669 pellatus
763 599 850 648 est
869 593 1194 664 imperator.

575 684 698 748 Hic,
717 688 915 755 pacata
937 681 1116 744 Italia,
1144 679 1442 735 Saxoniam
1462 695 1586 732 cum
1605 694 1776 731 uxore
1791 679 2094 750 repedavit,

504 791 571 829 ex
603 789 715 844 qua
731 770 978 842 suscepit
1005 769 1180 824 ﬁlium
1214 776 1270 822 et
1290 767 1530 822 nominis
1560 767 1908 821 successione
1937 773 1995 821 et
2019 785 2102 821 re-

501 863 601 934 gni
643 861 730 916 cui
779 859 1018 914 Romani
1047 856 1341 926 sanguinis
1370 855 1524 909 dedit
1567 871 1793 908 uxorem
1822 855 2102 926 Cpolitani

503 951 718 1006 scilicet
736 947 1090 1020 imperatoris
1109 945 1300 1000 ﬁliam.
1327 945 1480 998 Idem
1513 960 1638 997 cum
1670 943 1962 998 Mainburc
1991 943 2096 1010 (3/1)

503 1039 792 1095 ecclesiam
812 1037 966 1091 mirae
986 1034 1418 1107 pulchritudinis
1430 1033 1634 1086 fabrica
1643 1033 2099 1103 sset,multosque

499 1127 796 1200 gentilium
830 1125 1163 1198 populorum
1203 1123 1271 1176 ad
1304 1123 1449 1176 viam
1481 1120 1731 1175 veritatis
1762 1126 2094 1187 revocasset,

501 1219 774 1288 languore
789 1218 1080 1284 correptus
1094 1212 1220 1267 vita
1235 1210 1538 1265 terminum
1563 1211 1796 1264 sortitus
1817 1215 1920 1275 est;
1935 1211 2097 1280 cujus

499 1322 702 1378 corpus
728 1303 788 1358 in
815 1301 1047 1374 praefata
1075 1299 1306 1366 ecclesia
1335 1297 1658 1352 eondecenti
1677 1298 1885 1352 honore
1904 1299 2098 1352 huma-

496 1401 617 1450 tum
644 1398 748 1448 est.

571 1483 745 1552 Cujus
771 1480 921 1535 filius
951 1495 1078 1534 cum
1102 1477 1439 1548 suscepisset
1469 1475 1789 1546 imperium,
1810 1474 1954 1544 patri
1996 1492 2098 1546 per

502 1571 695 1627 omnia
721 1569 1076 1641 aequiperans
1103 1567 1253 1620 circa
1293 1567 1503 1619 cultum
1542 1564 1900 1618 ecclesiarum
1932 1563 2098 1634 coepit

499 1676 624 1715 esse
650 1657 1096 1714 studiosissimus
1125 1661 1183 1708 et
1206 1670 1341 1723 erga
1361 1652 1737 1707 Christianam
1769 1651 2094 1720 religionem

499 1747 912 1804 devotissimus.
959 1744 1064 1798 Hic
1097 1743 1254 1814 regni
1277 1741 1444 1796 rebus
1472 1741 1613 1794 bene
1637 1740 1962 1810 compositis
1991 1741 2097 1794 Ro-

2183 599 2270 647 est
2297 597 2400 658 (ita
2430 595 2579 660 cod.)
2621 593 2742 657 Quo
2797 599 3018 646 mortuo
3047 600 3102 648 et
3148 595 3205 648 in
3247 595 3531 651 infernum
3563 599 3784 670 sepulto

2185 682 2368 736 omnis
2398 683 2676 736 Saxonum
2711 688 2764 736 et
2811 682 3154 737 Francorum
3199 689 3257 737 et
3287 685 3676 741 Bavariorium
3728 693 3787 742 et

2185 772 2492 826 Suevorum
2509 777 2834 842 potentatus
2853 771 2910 824 in
2932 770 3100 825 simul
3120 773 3477 838 conveniens,
3497 775 3782 846 elegitsibi

2183 860 2240 913 in
2269 877 2456 929 regem
2479 859 3082 930 Ileinricum,ejusdem
3101 862 3391 932 sanguinis
3407 863 3585 918 virum
3619 865 3785 919 Chri-

2181 947 2588 1001 stianissimum
2630 946 2880 1001 moribus
2927 948 3190 1001 decenter
3242 957 3525 1004 ornatum.
3559 953 3787 1007 Interea

2181 1035 2534 1104 Langobardi
2563 1037 2706 1089 nacti
2732 1037 2934 1106 [potius
2963 1037 3094 1107 rati]
3127 1053 3186 1091 se
3226 1043 3452 1110 tempus
3501 1040 3784 1096 invenisse

2181 1129 2557 1195 opportunum
2567 1123 2800 1196 Papiam
2819 1125 3210 1180 convenientes
3221 1127 3535 1182 Arduinum
3562 1129 3785 1200 eligunt

2179 1211 2237 1265 in
2254 1229 2464 1283 regem,
2485 1213 2661 1266 virum
2685 1212 2858 1266 armis
2893 1213 3118 1283 quidem
3149 1221 3462 1282 strenuum,
3485 1218 3582 1272 sed
3601 1220 3782 1274 consi-

2179 1301 2254 1354 lio
2279 1300 2672 1372 improvidum.
2710 1301 2990 1355 Tedaldus
3018 1317 3147 1356 vero
3175 1303 3286 1358 dux
3333 1309 3391 1358 et
3434 1305 3684 1360 marchio
3709 1306 3782 1361 ab

2179 1406 2243 1442 ea
2257 1405 2314 1442 se
2327 1389 2603 1443 subtraxit
2632 1389 3042 1460 conspiratione
3071 1407 3242 1461 seque
3269 1397 3326 1446 et
3341 1409 3444 1446 sua
3469 1394 3781 1450 Teutonico

2177 1477 2416 1530 contulit
2445 1477 2580 1546 regi,
2625 1479 2783 1546 cujus
2838 1477 3066 1532 consilio
3097 1484 3154 1532 et
3195 1480 3402 1534 auxilio
3432 1487 3560 1552 post
3597 1484 3784 1538 multa

2177 1563 2449 1619 bellorum
2481 1565 2634 1620 varia
2657 1565 2981 1620 discrimina
3003 1567 3295 1622 Ileinricus
3310 1585 3409 1624 rex
3439 1570 3605 1625 Italia
3636 1573 3780 1642 poti-

2177 1658 2270 1707 tus
2297 1655 2534 1708 Romam
2556 1655 2804 1719 veniens,
2848 1671 2878 1708 a
2911 1654 3142 1710 domino
3166 1657 3464 1712 Benedicto
3502 1676 3646 1731 papa
3664 1660 3774 1714 im-

2177 1743 2372 1812 periali
2387 1749 2582 1797 auctus
2601 1750 2684 1796 est
2703 1743 2994 1814 dignitate.
3017 1745 3160 1808 Quid
3182 1746 3383 1816 plura?
3421 1747 3777 1820 Principatus

498 1854 650 1892 mam
663 1831 1447 1908 properavit,benedictionem
1463 1828 1703 1899 suscepit
1722 1828 2066 1898 imperialem
2079 1869 2090 1882 .
2111 1817 2156 1872 Β
2176 1832 2394 1902 Apulia)
2416 1831 2472 1884 in
2487 1849 2622 1902 pace
2637 1833 2906 1902 possedit,
2924 1833 3189 1888 Romana:
3204 1833 3465 1890 Ecclesiae
3487 1837 3782 1910 privilegia

497 1925 714 1982 Dehinc
731 1922 990 1994 Apuliam
1011 1920 1384 1974 tendenscum
1401 1917 1695 1988 Cpolitano
1709 1917 1916 1970 bellum
1938 1933 2092 1970 com-
2176 1921 2357 1974 multa
2382 1921 2676 1984 concessit,
2708 1929 2765 1974 et
2804 1921 2954 1974 dona
2993 1923 3338 1992 amplissima
3367 1924 3540 1991 dedit,
3572 1926 3778 1982 deinde

495 2014 669 2079 misit,
686 2017 744 2068 et
771 2027 884 2066 uno
903 2010 1214 2080 eodemque
1233 2008 1324 2061 die
1343 2007 1430 2060 bis
1447 2007 1626 2060 victus
1647 2005 2094 2076 victorapparuit
2176 2009 2406 2080 Papiam
2437 2009 2680 2074 veniens,
2705 2027 2831 2063 cum
2855 2026 2977 2063 eam
3010 2011 3118 2064 sibi
3147 2017 3282 2065 tunc
3321 2029 3433 2068 non
3459 2030 3781 2086 repugnan-

492 2103 690 2168 tertio;
724 2100 820 2172 qui
836 2100 1068 2154 Romam
1093 2097 1314 2150 rediens
1335 2095 1386 2149 vi
1413 2095 1653 2148 febrium
1683 2099 1972 2164 correptus
2018 2094 2088 2148 ad

490 2191 688 2246 limina
702 2187 1083 2261 apostolorum
1105 2184 1382 2250 occubuit,
1402 2182 1659 2254 ibiquein
1680 2199 1816 2254 pace
1835 2182 2087 2252 sepultus

491 2279 747 2352 quiescit,
778 2293 906 2330 vere
925 2275 1143 2338 beatus,
1178 2279 1376 2342 terque
1405 2279 1716 2342 quaterque
1745 2270 1960 2336 beatus,
1989 2271 2086 2341 qui

487 2383 554 2437 ex
579 2372 740 2422 tanto
769 2379 1004 2420 numero
1037 2363 1442 2434 imperatorum
1473 2368 1530 2414 et
1554 2376 1745 2430 regum
1777 2361 1928 2414 solus
1966 2377 2086 2414 me-

486 2456 606 2512 ruit
622 2456 773 2510 inter
790 2453 1082 2524 pontiﬁces
1111 2467 1236 2504 cum
1268 2449 1648 2520 apostolorum
1673 2448 1929 2520 principe
1959 2465 2087 2502 con-

483 2544 720 2600 sortium
739 2543 947 2597 habere
963 2540 1282 2612 sepulturae.

553 2633 656 2688 Hic
683 2632 861 2686 ﬁlium
887 2629 1110 2702 quidem
1141 2627 1389 2699 reliquit,
1423 2632 1479 2681 et
1525 2626 1804 2680 haeredem
1853 2625 2080 2696 quidem

483 2721 646 2793 regni
669 2727 728 2775 et
774 2717 1019 2774 nominis
1047 2717 1262 2771 utinam
1293 2721 1350 2769 et
1378 2715 1620 2786 pietatis,
1665 2715 1758 2785 qui
1788 2731 1914 2768 cum
1943 2731 2084 2785 puer

477 2826 722 2880 regnare
769 2807 1029 2878 cepisset.
1062 2811 1121 2860 et
1169 2805 1240 2859 ad
1295 2804 1545 2858 adultam
1589 2805 1708 2873 jam
1739 2803 2084 2874 pervenisset

477 2903 721 2960 aetatem,
741 2913 914 2951 suasu
929 2894 1126 2948 matris
1143 2893 1455 2948 Johannem
1473 2891 1774 2962 quemdam
1800 2891 2080 2944 Placenti-

477 2985 985 3057 numepiscopum,
1011 2983 1268 3038 Graecum
1315 2997 1541 3052 genere,
1576 2979 1645 3034 ad
1674 2979 2082 3034 transmarinas

476 3081 668 3147 partes
686 3073 912 3144 legavit,
935 3077 1000 3127 ut
1019 3071 1124 3125 sibi
1155 3069 1394 3125 Romani
1435 3067 1726 3138 sanguinis
1746 3067 2079 3122 adscisceret

476 3179 707 3218 uxorem
718 3203 730 3216 .

549 3252 630 3307 Ea
681 3255 1019 3322 tempestate
1063 3246 1418 3302 Crescentius
1447 3245 1678 3317 quidam
1707 3244 1862 3300 urbis
1892 3246 2139 3308 RomaeC

477 3338 940 3412 capitaneus,qui
987 3336 1093 3390 sibi
1127 3337 1294 3390 inane
1323 3351 1528 3390 nomen
1555 3334 1876 3406 patritiatus
1907 3335 2079 3390 vindi-

478 3432 719 3492 caverat,
755 3441 1048 3480 assumens
1095 3423 1473 3494 tyrannidem,
1523 3421 1812 3476 dominum
1852 3440 2072 3494 papam,

478 3515 574 3588 qui
597 3513 904 3570 secundum
933 3514 1218 3575 Ottonem,
1250 3518 1466 3582 patrem
1497 3511 1711 3565 scilicet
1743 3512 1909 3582 hujus
1946 3512 2076 3565 ado~

475 3604 738 3660 lescentis
757 3607 1138 3666 corona'verat,
1157 3601 1480 3672 pontiﬁcatu
1499 3601 1838 3670 expulitQui
1864 3601 2078 3656 veritus

476 3693 630 3764 regis
647 3691 1014 3759 vicinitatem,
1035 3707 1162 3744 nam
1177 3691 1344 3760 Alpes
1355 3691 1472 3760 jam
1487 3689 1810 3753 transierat,
1824 3690 2076 3760 illudque

473 3781 636 3836 valde
663 3779 990 3844 formidans,
1025 3777 1172 3848 quod
1205 3793 1350 3848 papa
1378 3778 1653 3831 Ravennae
1695 3778 1817 3847 ejus
1841 3779 1959 3846 jam
1986 3794 2077 3831 ex-

473 3869 735 3942 pectabat
759 3868 1081 3930 adventum,
1097 3883 1283 3920 secum
1306 3871 1494 3919 mente
1515 3871 1864 3936 pertractans
1885 3883 1944 3919 se
1971 3867 2074 3921 hoc

473 3959 641 4013 modo
667 3957 912 4012 furorem
945 3955 1094 4026 regis
1116 3961 1174 4008 et
1202 3957 1409 4024 reginae
1438 3971 1602 4025 posse
1629 3955 1869 4025 placare,
1905 3955 1952 4008 si
1977 3955 2072 4009 Jo-

473 4047 716 4102 hannem
746 4045 1092 4116 episcopum,
1149 4043 1218 4097 de
1274 4059 1384 4114 quo
1439 4044 1698 4113 superius
1752 4043 2071 4110 retulimus,

471 4134 872 4190 amicissimum
902 4132 1482 4203 regisconlactaneum
1513 4131 2073 4202 regime,pontiﬁcem

474 4223 778 4278 ordinaret.
807 4221 916 4276 Sed
951 4241 973 4272 ε
1008 4237 1120 4274 non
1157 4226 1243 4274 est
1270 4219 1504 4274 scientia
1557 4237 1740 4291 neque
1777 4221 2070 4275 consilium

473 4319 672 4366 contra
723 4310 1022 4364 Dominum
1065 4310 1252 4382 (Prov.
1284 4323 1400 4372 XXI,
1436 4307 1549 4374 3m;
1585 4328 1610 4361 ι)
1660 4325 1792 4362 nam
1843 4309 2072 4364 veniens

473 4399 738 4470 praefatus
757 4414 852 4452 rex
875 4398 1111 4452 Romam
1153 4397 1534 4451 Crescentium
1557 4397 1648 4452 die
1668 4397 1954 4452 obsessum
1977 4415 2070 4452 ce-

2170 2102 2285 2152 tem
2313 2097 2629 2167 magisdolo
2648 2115 2814 2168 quam
2837 2097 3010 2152 armis
3037 2099 3292 2170 cepisset,
3339 2101 3568 2174 ignique
3592 2104 3781 2160 dedis-

2169 2192 2274 2252 set,
2288 2191 2444 2240 trans
2463 2192 2682 2240 montes
2696 2186 2850 2252 abiit,
2873 2186 3352 2258 Papebargensem
3365 2190 3772 2263 episcopatum,

2169 2291 2295 2327 cum
2325 2290 2437 2328 non
2469 2273 2702 2328 haberet
2725 2275 2885 2340 ﬁlios,
2933 2293 2996 2328 ex
3053 2293 3154 2330 suo
3198 2278 3424 2348 proprio
3453 2282 3772 2354 constituit,

2169 2378 2410 2432 eumque
2427 2379 2526 2434 per
2544 2363 2814 2416 cartulam
2839 2363 3146 2418 otfertionis
3165 2363 3328 2418 beato
3351 2365 3516 2420 Petro
3537 2369 3778 2424 tradidit

2167 2450 2356 2522 ibique
2387 2451 2678 2506 ecclesiam
2705 2451 2998 2506 beatorum
3032 2454 3412 2524 apostolorum
3453 2455 3773 2529 principum

2165 2539 2400 2594 miriﬁce
2421 2545 2678 2594 ornatum
2719 2539 3028 2594 fabricavit.
3063 2543 3244 2612 Hujus
3263 2543 3614 2615 temporibus
3641 2547 3773 2601 Ste-

2165 2627 2384 2698 phanus
2409 2629 2765 2698 Ungarorum
2796 2647 2892 2684 rex
2936 2637 3290 2685 sacramenta
3317 2633 3561 2704 suscepit
3591 2633 3774 2706 bapti-

2163 2717 2358 2770 smatis
2396 2723 2448 2771 et
2473 2734 2708 2788 pereum
2739 2718 2920 2772 omnis
2944 2719 3184 2790 populus
3206 2719 3312 2774 sibi
3337 2720 3644 2792 subjectus.

2237 2805 2650 2860 Praefatusvero
2672 2806 2990 2873 I-leinricus,
3010 2825 3134 2862 cum
3160 2809 3338 2864 ﬁlium
3367 2827 3478 2864 non
3510 2811 3767 2880 haberet,

2163 2895 2446 2965 apostolos
2465 2895 2633 2965 elegit
2647 2895 2912 2958 lum-edes,
2931 2903 2986 2950 et
2996 2897 3300 2950 terminum
3319 2897 3442 2952 vitm
3453 2899 3771 2971 suscipiens

2163 2981 2326 3037 beato
2349 2985 2454 3036 ﬁne
2471 2983 2702 3054 quievit,
2725 2985 2888 3054 cujus
2911 3001 3114 3056 corpus
3131 2985 3188 3039 in
3217 2986 3449 3040 ecclesia
3471 2987 3770 3044 beatorum

2161 3071 2762 3143 Apostoloruni,quam
2798 3072 2917 3144 ipse
2938 3073 3232 3141 dedicavit,
3251 3073 3644 3130 decentissime
3664 3077 3772 3132 hu-

2161 3166 2375 3214 matum
2403 3164 2508 3215 est.

2613 3283 2855 3354 Erplz‘cit
2887 3286 3026 3342 liber
3053 3293 3306 3356 qua-rtus.

2443 3408 2718 3465 INCIPIT
2741 3410 2955 3465 LIBER
2979 3411 3296 3476 QUINTUS
3330 3412 3454 3484 (35).

2230 3513 2334 3568 Cui
2366 3513 2632 3568 successit
2666 3513 2724 3568 in
2767 3531 3001 3585 regnum
3055 3517 3386 3572 Cuonradus
3409 3517 3766 3589 cognomine,

2160 3601 2244 3655 vir
2271 3601 2746 3666 bellicosissimus,
2774 3604 2869 3674 qui
2892 3609 2950 3658 et
2976 3611 3100 3676 post
3129 3611 3369 3660 mortem
3401 3607 3764 3678 imperatoris

2160 3690 2407 3744 Ileinrici
2433 3691 2688 3744 Boemios
2705 3691 2867 3761 signa
2886 3693 3098 3762 regalia
3113 3693 3360 3748 ferentes
3377 3695 3680 3764 prostravit
3707 3701 3771 3750 et

2158 3777 2865 3848 signa.reduxit.Franciam
2889 3797 3020 3834 vero
3033 3782 3472 3836 tumultuantem
3493 3783 3767 3838 citissime

2158 3867 2390 3933 sedavit;
2416 3867 2700 3921 Canonem
2723 3865 2826 3933 (36)
2843 3868 3141 3938 quemdam
3184 3869 3547 3924 Bavariorum
3561 3871 3762 3926 ducem

2157 3955 2370 4025 aliquid
2393 3956 2462 4009 de
2495 3955 2653 4026 regni
2674 3955 2900 4026 fastigio
2931 3956 3039 4011 sibi
3065 3957 3439 4018 vindicantem
3469 3966 3526 4014 et
3549 3959 3763 4016 ducatu

2157 4044 2388 4114 expulit,
2409 4051 2464 4097 et
2492 4043 2830 4115 patrimonio
2869 4045 3119 4112 nudavit,
3153 4050 3210 4100 et
3255 4047 3312 4100 in
3342 4047 3649 4118 Ungariam
3677 4050 3766 4104 fu-

2154 4148 2289 4202 gere
2333 4132 2534 4202 coegit.
2556 4132 2770 4186 Dchinc
2799 4133 3098 4188 Saxoniam
3135 4133 3385 4204 intravit,
3416 4141 3475 4190 et
3500 4136 3765 4192 omnibus

2153 4223 2312 4292 regni
2334 4222 2572 4292 negotiis
2615 4222 2696 4276 sic
2746 4222 2852 4277 rite
2887 4222 3118 4294 pacatis,
3156 4222 3403 4279 Luticios
3455 4225 3761 4296 adgressus

2151 4309 2298 4364 bello
2325 4311 2584 4380 patravit,
2617 4316 2674 4364 et
2703 4326 2880 4382 usque
2901 4311 2972 4366 ad
3004 4311 3318 4383 Bellagrast
3335 4313 3531 4384 fugere
3548 4314 3755 4385 coegit.

2222 4399 2322 4452 Ilis
2350 4399 2429 4453 ita
2447 4398 2640 4470 gestis,
2665 4398 2816 4454 misit
2843 4400 3059 4470 legatos
3095 4417 3226 4456 suos
3256 4403 3540 4470 honestos,
3569 4409 3634 4458 ut
3662 4403 3759 4458 de-

473 4486 577 4558 pit,
601 4487 850 4556 etcapite
863 4485 1164 4546 truncavit,
1184 4485 1493 4539 invasorem
1520 4501 1650 4538 vero
1665 4485 1868 4539 summi
1891 4487 2069 4556 ponti-
2091 4485 2134 4543 ι)
2154 4487 2288 4550 cuit,
2305 4488 2372 4541 ad
2396 4487 2685 4542 dominum
2711 4505 2936 4560 papam,
2959 4495 3018 4543 et
3054 4489 3397 4561 supplicans,
3418 4497 3484 4546 ut
3511 4491 3564 4545 ei
3581 4491 3769 4551 vexil-.

473 4576 594 4630 ﬁcis
620 4575 829 4646 [potius
862 4571 1244 4646 pontiﬁcatus]
1293 4575 1410 4628 zelo
1441 4573 1665 4645 quidem
1693 4575 1941 4644 justitiae,
1972 4575 2069 4629 sed
2152 4576 2268 4630 lum
2297 4593 2360 4630 ex
2383 4575 2532 4630 beati
2563 4577 2716 4630 Petri
2761 4583 2922 4648 parte
2967 4577 3308 4640 mitteretur,
3341 4595 3450 4650 quo
3502 4579 3757 4635 munitus

471 4665 599 4736 plus
623 4665 778 4734 justo
813 4679 1128 4726 succensus,
1187 4663 1402 4716 lumine
1438 4662 1693 4733 privavit,
1743 4664 2070 4734 cmterisque
2153 4671 2344 4736 posset
2371 4666 2711 4736 Ungaricum
2733 4683 2970 4736 regnum
2989 4682 3092 4721 suo
3113 4665 3390 4737 subjicere
3416 4667 3754 4725 dominatui.

471 4751 741 4808 membris
767 4751 1175 4806 dehonestavit.
1197 4751 1353 4816 Quod
1379 4752 1588 4806 factum
1619 4751 1676 4805 in
1703 4757 1923 4806 tantum
1955 4753 2070 4807 Deo
2154 4754 2334 4817 Quod.
2358 4761 2420 4808 ut
2453 4755 2667 4808 audivit
2697 4770 2861 4824 papa,
2881 4753 3119 4808 libenter
3145 4755 3416 4810 concessit
3441 4761 3500 4810 et
3521 4757 3756 4812 mittens

471 4847 529 4896 et
551 4840 714 4895 beato
743 4839 914 4894 Petro
946 4839 1183 4910 principi
1211 4839 1514 4910 displicuit,
1543 4845 1606 4892 ut
1632 4847 1933 4910 antequam
1967 4841 2070 4893 im-
2152 4842 2368 4898 nobiles
2387 4844 2535 4898 viros
2560 4859 2624 4896 ex
2649 4844 2826 4896 latere
2853 4859 2974 4907 suo,
3011 4847 3335 4914 episcopum
3379 4844 3594 4900 scilicet
3621 4846 3756 4901 Por-

469 4931 669 5003 periali
695 4929 974 5001 potiretur
1017 4927 1420 4992 benedictione,
1455 4927 1779 4998 priusquam
1837 4929 2066 4998 eynthia

466 5027 556 5075 ter
579 5025 838 5074 exactum
861 5016 1126 5070 conderet
1160 5014 1373 5080 orbem,
1422 5017 1658 5070 Domino
1687 5016 1908 5070 odibilis
1945 5018 2066 5071 sine

465 5109 666 5164 viatico
693 5107 865 5161 vitam
897 5103 1108 5171 ﬁnivit;
1143 5109 1200 5158 et
1229 5104 1484 5174 quamvis
1530 5105 1588 5157 in
1641 5103 1927 5169 suburbio,
1955 5121 2064 5159 non

461 5214 566 5253 xxx
597 5195 881 5251 milliariis
911 5193 980 5248 ab
1001 5195 1140 5248 urbe
1168 5191 1413 5246 distante
1433 5199 1689 5247 mortuus
1719 5200 1885 5260 esset,
1918 5211 2065 5249 com-

463 5285 623 5340 muni
645 5283 880 5339 consilio
926 5297 1124 5336 omnes
1177 5280 1415 5334 Romani
1462 5281 1586 5351 ejus
1614 5282 1896 5352 aspernati
1931 5289 2063 5338 sunt

461 5372 1026 5445 sepulturam.Cujus
1045 5386 1246 5442 corpus
1276 5369 1514 5424 incisum
1549 5369 1812 5425 cultriset
1825 5371 2063 5426 medico-

550 5519 640 5575 34l
705 5519 1086 5588 llartmannus
1147 5515 1519 5588 Scliedelius,
1553 5516 1722 5588 cujus
1770 5517 2054 5588 quondam

457 5589 554 5716 ille
596 5588 778 5712 podex
837 5589 963 5656 fuit,
1025 5587 1084 5642 in
1145 5587 1400 5658 margine
1459 5587 1809 5659 adscripsit}
1878 5590 2060 5642 Madc-

491 5676 593 5715 urc
616 5678 649 5716 '.

2147 4937 2402 4984 tuensem
2433 4938 2490 4986 et
2518 4931 2872 4985 Belinzonem
2907 4930 3320 4986 nobilissimum
3346 4932 3663 4988 Romanum
3682 4935 3754 4989 de

2149 5020 2510 5085 Marmorato,
2543 5020 2624 5074 eis
2669 5020 2786 5074 haec
2840 5019 3078 5074 tradidit
3105 5029 3406 5092 praecepta,
3454 5029 3520 5076 ut
3545 5021 3594 5076 si
3630 5023 3752 5094 regi

2147 5124 2261 5162 non
2282 5108 2622 5180 disiiliceret,
2647 5108 2754 5180 ipsi
2771 5109 2830 5162 in
2853 5108 3037 5180 prima
3049 5109 3168 5162 acie
3184 5109 3379 5164 vexilla
3409 5117 3706 5181 portarent
3735 5132 3747 5166 :

2148 5197 2297 5268 quod
2325 5197 2371 5250 si
2392 5197 2510 5267 regi
2535 5197 2877 5268 displiceret,
2911 5197 3028 5251 haec
3066 5197 3117 5252 ei
3161 5197 3492 5253 intimarent
3521 5218 3532 5252 :
3567 5199 3752 5254 Victo-

2145 5286 2308 5353 riam,
2364 5303 2533 5357 quam
2571 5287 2674 5340 tibi
2735 5287 3160 5358 spopondimus,
3207 5286 3333 5341 vide
3378 5287 3501 5354 hoc,
3534 5304 3607 5342 ne
3646 5289 3751 5350 tibi

2145 5375 2411 5438 ascribas,
2465 5376 2562 5430 sed
2614 5375 2901 5448 apostolis.
2937 5376 3098 5440 Quod
3141 5381 3200 5431 et
3227 5375 3436 5431 factum
3467 5381 3581 5444 est;
3614 5393 3748 5432 nam

2213 5517 2322 5592 (25)
2351 5519 2417 5572 In
2447 5517 2700 5588 margine
2727 5516 2825 5572 sed
2851 5514 2922 5572 ab
2959 5516 3158 5573 eadem
3193 5533 3368 5592 manu
3411 5515 3561 5572 littei
3585 5516 3626 5572 is
3652 5535 3746 5572 ar-

2137 5590 2362 5660 genteis,
2389 5595 2663 5642 notatum.

2214 5658 2316 5730 (36)
2340 5659 2630 5714 Cunonem
2654 5664 2791 5731 puto
2819 5659 3026 5716 innuit.
