3964 6368
152 342 162 348 -
232 311 341 370 817

1349 315 1563 370 LIBER
1599 317 1694 370 AD
1733 314 2038 371 ANICUM.
2083 349 2140 359 -ο
2182 316 2320 372 LIB.
2360 316 2428 372 ν.

3410 306 3517 369 818

234 435 386 493 bello
414 438 717 494 commisso
741 437 1009 510 fugerunt
1026 439 1429 511 Ungari,capta
1459 440 1628 495 etiam
1659 441 2067 512 unga-Aconi,
2101 439 2197 510 qui
2222 455 2531 495 convocans
2568 439 2876 511 episcopos,
2909 437 3223 493 cardinales
3245 435 3378 507 (41),
3396 435 3515 491 cle-

235 526 339 583 rici
371 528 520 599 regis
554 528 785 594 lancea;
827 544 950 598 quae
989 544 1091 598 per
1120 529 1344 583 eosdem
1376 531 1602 583 nuntios
1647 530 1839 585 Romae

172 638 193 646 δ
236 616 428 670 delata
455 622 562 681 est,
601 625 658 669 et
678 633 854 687 usque
884 616 1050 669 hodie
1081 617 1151 671 ob
1180 618 1401 687 signum
1435 619 1677 672 victoria:
1707 624 1839 672 ante

236 704 648 759 confessionem
677 704 825 759 beati
855 705 1007 759 Petri
1036 707 1274 777 apostoli
1300 714 1553 778 apparet.

309 795 537 847 Interea
559 793 828 864 ungarica
850 794 1062 865 potitus
1089 794 1317 849 victoria
1337 796 1555 850 Italiam
1587 796 1836 861 intravit,

235 882 567 937 Aribertum
592 898 721 936 vero
753 883 1230 954 archiepiscopum
1263 885 1733 938 Mediolanensem
1755 902 1839 937 ce-

236 971 343 1043 pit,
370 970 471 1025 sed
502 970 633 1040 fuga
662 970 851 1042 lapsus
894 977 1016 1039 est;
1051 972 1253 1026 dehinc
1303 974 1537 1027 Romam
1583 973 1831 1038 veniens,

236 1059 592 1131 imperialem
624 1060 832 1113 meruit
850 1060 1317 1115 benedictionem.
1344 1062 1553 1115 Dehinc
1574 1062 1837 1116 Mediola-

237 1165 375 1204 num
405 1149 629 1204 rediens
649 1166 772 1203 cum
806 1150 1065 1220 quaedam
1092 1149 1414 1204 suburbana
1443 1151 1838 1222 depopulasset

239 1238 311 1293 ab
339 1237 481 1291 urbe
510 1238 769 1307 repulsus
799 1243 904 1301 est,
937 1240 1128 1309 sicque
1159 1239 1363 1292 infecto
1410 1240 1632 1309 negotio
1665 1241 1837 1310 Alpes

238 1326 525 1381 transiens
556 1326 608 1379 vi
633 1325 869 1380 febrium
894 1334 1185 1397 correptus
1215 1326 1491 1392 occubuit,
1526 1330 1686 1397 cujus
1715 1346 1838 1381 cor-

237 1430 346 1487 pus
373 1414 553 1486 Spinn
583 1415 802 1468 decenti
833 1432 959 1468 cum
988 1416 1201 1468 honore
1239 1417 1519 1486 sepultum
1553 1424 1656 1471 est.

313 1504 457 1558 Huic
482 1505 750 1558 successit
778 1504 926 1557 ﬁlius
947 1506 1070 1573 ejus
1098 1505 1411 1571 Ileinricus,
1436 1509 1520 1559 vir
1547 1507 1841 1578 sapientis-

238 1594 417 1647 simus
435 1598 493 1647 et
512 1602 666 1647 totus
683 1593 1217 1659 Christianissimus;
1245 1594 1336 1647 hic
1356 1594 1411 1646 in
1436 1594 1741 1665 primordio
1753 1595 1839 1648 sui

239 1682 401 1751 regni
433 1682 692 1751 Ungaros
719 1682 1132 1735 tumultuantes
1170 1682 1317 1748 vicit,
1350 1688 1406 1735 et
1436 1682 1702 1736 citissime
1751 1700 1841 1737 se-

1921 529 2083 592 ricos,
2116 546 2182 583 ac
2208 529 2534 593 monachos,
2566 528 2715 583 viros
2745 546 2810 583 ac
2840 528 3124 594 mulieres,
3164 543 3303 599 quos
3343 526 3516 580 timor

1922 618 2144 672 Domini
2173 606 2525 688 aliquantum
2557 618 2838 687 tetigerat,
2865 616 3202 670 subtrahens
3229 631 3288 668 se
3319 630 3353 667 a
3380 630 3519 684 prm-

1923 708 2161 761 fatorum
2188 707 2509 761 invasorum
2530 706 2945 771 communione,
2970 710 3026 759 et
3043 705 3162 759 zelo
3176 703 3273 758 Dei
3292 703 3513 766 ductus,

1921 800 1983 848 ut
2012 794 2296 865 quondam
2324 794 2419 847 ille
2449 795 2638 860 Omas,
2688 794 2996 849 Hebraicus
3036 793 3315 856 sacerdos,
3349 792 3515 863 Alpes

1920 883 2198 949 transivit,
2230 899 2419 952 regem
2449 883 2589 937 adiit
2622 900 2735 938 non
2780 900 2951 938 causa
2995 881 3386 944 accusationis,
3414 880 3514 935 sed

1919 989 2019 1042 pro
2047 972 2334 1026 communi
2383 971 2629 1026 utilitate
2676 972 2953 1036 Ecclesiae,
3002 973 3238 1042 ejusque
3282 969 3520 1041 pedibus

1923 1061 2219 1115 advolutus
2249 1062 2388 1115 ﬂens
2418 1059 2765 1125 obsecrabat,
2806 1066 2869 1115 ut
2913 1059 3081 1114 matri
3108 1076 3224 1114 suae
3251 1059 3518 1114 desolata:

1923 1150 2258 1220 quantocius
2288 1149 2627 1213 subveniret,
2654 1149 3080 1220 convocatisque
3105 1147 3399 1235 episcopis,
3423 1147 3521 1218 qui

1920 1245 2056 1292 tunc
2087 1238 2344 1304 aderant,
2379 1238 2641 1309 praecepit
2656 1238 3058 1292 eisutRomam
3090 1254 3216 1291 cum
3247 1253 3382 1307 rege
3399 1241 3524 1290 ten-

1922 1328 2141 1390 derent,
2186 1333 2243 1380 et
2289 1327 2566 1398 synodum
2615 1332 3041 1397 congregarent.
3082 1325 3243 1390 Quod
3291 1331 3350 1380 et
3395 1324 3519 1379 sine

1925 1433 2084 1469 mora
2113 1416 2324 1470 factum
2352 1422 2457 1469 est.
2490 1414 2771 1469 Abusivus
2793 1432 2922 1469 vero
2952 1415 3046 1469 ille
3076 1415 3400 1485 Gregorius,
3423 1413 3521 1484 qui

1925 1505 2194 1559 Romana:
2226 1504 2482 1559 Ecclesiae
2511 1505 2833 1559 cathedram
2868 1520 3062 1575 regere
3090 1502 3399 1568 videbatur,
3434 1518 3522 1557 ro-

1921 1600 2087 1663 gatus
2119 1611 2153 1647 a
2183 1610 2334 1663 rege,
2377 1599 2441 1647 ut
2464 1593 2514 1646 ei
2541 1592 2759 1647 obviam
2792 1593 3026 1659 veniret,
3059 1592 3199 1648 nihil
3223 1591 3357 1646 mali
3391 1606 3521 1645 con-

1924 1683 2072 1736 scius
2098 1683 2247 1753 apud
2277 1700 2355 1746 se,
2395 1690 2461 1736 ut
2499 1699 2588 1736 res
2618 1688 2814 1753 postea
2841 1681 3160 1747 declaravit,
3192 1680 3522 1752 usque‘Pla-

239 1770 411 1824 davit.
436 1760 677 1834 Qui'rite
707 1770 965 1824 omnibus
999 1770 1157 1840 regni
1186 1771 1399 1841 pacatis
1420 1771 1678 1841 negotiis,
1705 1772 1840 1826 dum
1859 1755 1902 1814 Β
1924 1771 2166 1825 centiam
2204 1772 2376 1834 venit,
2402 1787 2703 1841 regemque
2732 1770 2809 1824 ibi
2834 1770 3066 1831 invenit,
3099 1770 3196 1841 qui
3224 1768 3294 1823 ab
3320 1769 3517 1824 eodem

239 1859 311 1912 ad
341 1859 568 1914 Italiam
588 1858 817 1912 tendere
832 1859 1161 1923 destinaret,
1187 1859 1371 1912 nuntii
1385 1876 1416 1911 a
1434 1860 1688 1913 Romana
1703 1861 1841 1914 urbe

240 1948 529 2001 venientes
564 1964 805 2018 eumque
835 1948 1188 2001 retardantes
1220 1948 1552 2001 mirabiliter
1580 1949 1841 2003 reddide-

243 2047 373 2090 runt
391 2037 714 2090 sollicitum.
736 2037 901 2102 Nam,
922 2037 1254 2107 utsuperius
1277 2038 1726 2102 memoravimus,
1754 2055 1845 2091 ur-

241 2126 328 2179 bis
343 2126 535 2180 Romze
551 2126 824 2196 capitanei
838 2132 894 2179 et
914 2127 1154 2179 maxime
1165 2126 1466 2179 Tusculani
1481 2143 1581 2197 per
1597 2127 1847 2196 patritia-

242 2220 337 2268 tus
356 2213 550 2267 inania
571 2214 798 2267 nomina
840 2214 1153 2269 Romanam
1182 2214 1477 2268 vastabant
1516 2213 1843 2276 Ecclesium,

244 2304 322 2358 ita
346 2309 410 2358 ut
430 2303 671 2374 quodam
694 2303 1047 2357 haereditario
1064 2304 1193 2372 jure
1215 2304 1537 2357 viderentur
1554 2303 1659 2356 sibi
1674 2303 1848 2374 possi-

1924 1868 1988 1914 ut
2016 1859 2203 1913 decuit
2228 1860 2397 1931 Papia
2430 1859 2737 1913 honoriﬁce
2762 1864 3054 1935 susceptus
3082 1864 3187 1913 est.
3215 1859 3341 1913 Non
3370 1857 3520 1912 enim

1928 1947 2222 2018 putabant.
2251 1948 2344 2018 qui
2375 1954 2508 2001 tunc
2534 1947 3024 2017 aderantepiscopi
3052 1947 3171 2000 fore
3200 1945 3525 2016 religiosum

1929 2037 2049 2090 sine
2068 2036 2281 2106 judicio
2318 2036 2560 2106 aliquem
2601 2035 2870 2089 damnare
2911 2035 3253 2106 episcopum,
3288 2051 3359 2089 ne
3385 2034 3523 2088 dum
3612 2038 3623 2045 ’

1928 2131 2099 2179 tanta:
2137 2125 2306 2190 sedis,
2349 2125 2444 2196 qui
2477 2123 2789 2190 videbatur,
2806 2125 3149 2195 pontiﬁcem,
3182 2124 3374 2194 sicque
3400 2140 3524 2194 per-

1926 2221 2127 2284 gentes
2153 2214 2323 2267 simul
2344 2213 2701 2267 veneruntad
2722 2212 3001 2279 Sutrium;
3022 2229 3132 2282 quo
3162 2210 3259 2267 ubi
3288 2228 3523 2283 perven-

1929 2309 2049 2357 tum
2079 2309 2247 2366 esset,
2280 2302 2500 2373 rogavit
2525 2301 2787 2373 praefatus
2814 2317 2930 2365 rex,
2955 2301 3049 2372 qui
3071 2307 3205 2355 tunc
3232 2300 3526 2355 videbatur

246 2393 381 2446 dere
407 2392 817 2463 pontiﬁcatum.
846 2392 1006 2445 Enim
1025 2409 1171 2457 vero,
1195 2401 1415 2446 mortuo
1428 2393 1641 2446 Joanne
1666 2393 1844 2446 Bene-
1927 2393 2270 2464 pontiﬁcem,
2304 2392 2579 2463 synodum
2610 2391 2958 2461 congregari.
2981 2390 3141 2455 Quod
3172 2389 3447 2444 concessit
3471 2394 3529 2444 et

244 2481 377 2535 dicti
390 2497 548 2552 papa)
570 2481 778 2547 fratris,
796 2484 894 2550 qui
909 2497 1023 2534 uno
1038 2483 1322 2548 eodemque
1338 2483 1844 2549 clz'cpra'fcctusfm't
1929 2483 2152 2535 decreto
2180 2482 2425 2535 ﬁrmavit
2440 2527 2449 2537 .
2464 2482 2598 2535 Erat
2617 2480 2765 2533 enim
2784 2479 2971 2533 idiota
2991 2486 3048 2533 et
3067 2479 3221 2533 mirae
3251 2478 3524 2550 simplici-

243 2576 295 2623 (τι
319 2586 469 2639 papa
498 2568 597 2637 (3),
620 2586 745 2623 cum
792 2568 1151 2623 successisset
1179 2569 1229 2621 ei
1248 2570 1716 2640 TheOphylactus,
1751 2570 1845 2640 qui
1929 2571 2063 2623 tatis
2093 2571 2189 2624 vir.
2223 2570 2401 2640 Igitur
2419 2570 2646 2623 collecta
2666 2568 2880 2638 synodo
2901 2568 3064 2632 sedit,
3104 2568 3200 2639 qui
3222 2568 3395 2622 vicem
3413 2567 3529 2623 Ro-

245 2657 492 2712 Alberici
512 2658 621 2711 fuit
642 2658 811 2723 ﬁlius,
845 2656 1152 2727 Gregorius
1175 2658 1350 2710 frater
1377 2659 1499 2727 ejus
1522 2675 1722 2711 nomen
1743 2658 1847 2711 sibi
1933 2659 2085 2713 mani
2126 2659 2404 2730 pontiﬁcis
2432 2658 2691 2714 habebat.
2728 2663 2786 2711 et
2822 2674 2885 2711 ex
2917 2662 3191 2728 praecepto
3225 2658 3346 2727 ejus
3374 2656 3531 2710 sede-

247 2746 570 2801 vindicabat
590 2746 935 2817 patritiatus.
962 2749 1074 2801 llac
1091 2748 1380 2800 occasione
1396 2747 1849 2818 'l‘heophylactus
1930 2754 2068 2801 runt
2094 2746 2424 2819 patriarchae
2474 2752 2531 2801 et
2576 2745 2996 2816 metropolitani
3046 2750 3104 2799 et
3140 2745 3385 2816 episcopi
3430 2761 3532 2816 per
3588 2746 3599 2759 '

247 2852 433 2907 neque
456 2835 753 2889 Dominum
776 2835 1204 2905 timens,neque
1236 2835 1518 2888 hominem
1551 2838 1843 2900 reveritus,
1932 2838 2092 2890 sedes
2143 2853 2310 2902 suas;
2362 2835 2510 2889 inter
2554 2851 2694 2905 quos
2740 2840 2874 2888 tunc
2923 2834 3066 2887 forte
3113 2832 3312 2887 aderat
3341 2835 3530 2905 Poppo

244 2925 367 2995 qui,
384 2931 511 2978 cata
531 2924 882 2994 antiphrasin
906 2923 1207 2976 vocabatur
1226 2923 1672 2989 BenedictusﬂlS)
1685 2969 1696 2988 ,
1716 2941 1845 2978 cum
1928 2925 2305 2996 Aquileiensis
2318 2924 2637 2995 patriarcha
2653 2923 2736 2976 vir
2751 2921 3529 2993 eloquentissimus,etBruno

239 3019 370 3085 post
411 3014 591 3067 multa
627 3012 813 3083 turpia
855 3013 1131 3066 adulteria
1163 3018 1220 3066 et
1250 3013 1549 3067 homicidia
1591 3014 1846 3068 manibus
1872 3012 2300 3085 "Augustensis
2342 3012 2653 3082 episcopus,
2703 3017 2760 3064 et
2796 3009 3137 3063 Rembaldus
3178 3009 3526 3064 Arelatensis

246 3103 365 3157 suis
398 3107 739 3173 perpetrata,
773 3108 1057 3171 postremo
1087 3118 1213 3155 cum
1246 3102 1408 3155 vellet
1453 3102 1842 3157 consobrinam
1867 3072 1910 3132 C
1930 3102 2383 3172 archiepiscopus
2408 3106 2466 3153 et
2514 3100 2611 3153 alii
2653 3116 2818 3169 quam
2866 3099 3072 3169 plures,
3103 3103 3160 3151 et
3210 3098 3527 3169 quaestione

243 3191 500 3261 accipere
521 3192 838 3260 conjugem,
872 3191 1043 3243 ﬁliam
1089 3189 1300 3243 scilicet
1330 3191 1553 3244 Girardi
1579 3192 1647 3244 de
1675 3192 1841 3257 Saxo,
1931 3196 2057 3244 orta
2086 3190 2156 3243 de
2197 3190 2479 3260 Sylvestro
2527 3188 2786 3242 invasore
2818 3186 2889 3261 ab
2921 3186 3181 3241 omnibus
3213 3186 3531 3257 judicatum

243 3284 302 3332 et
324 3278 418 3331 ille
444 3274 654 3331 diceret
680 3278 836 3331 nullo
867 3278 1031 3330 modo
1061 3295 1121 3331 se
1151 3277 1435 3342 daturum,
1472 3279 1528 3331 ni
1556 3279 1846 3332 renuntia-
1930 3285 2017 3332 est
2045 3279 2368 3349 episcopatu
2383 3283 2438 3332 et
2457 3278 2843 3348 presbyterato
2858 3277 3132 3330 nudatum
3163 3276 3220 3329 in
3249 3281 3529 3331 monaste-

240 3373 333 3421 ret
354 3365 800 3437 pontiﬁcatui,ad
819 3366 1118 3437 quemdam
1142 3366 1487 3420 sacerdotem
1510 3368 1843 3430 Johannem,
1930 3368 2014 3421 rio
2041 3367 2238 3421 diebus
2260 3366 2385 3420 vita:
2406 3383 2521 3420 sua:
2544 3365 2691 3419 tradi
2715 3384 2728 3431 ;
2752 3365 2821 3419 de
2842 3365 3256 3436 Theophylacto
3281 3381 3410 3419 vero
3430 3381 3527 3419 su-

243 3456 340 3527 qui
372 3460 507 3510 tunc
522 3455 1318 3526 magnimeritiputabatur,se
1340 3456 1594 3521 contulit,
1616 3457 1846 3527 ejusque
1930 3456 2339 3527 pel-sedendum
2371 3454 2489 3509 fore
2504 3455 2917 3524 judicaverunt,
2952 3453 3193 3508 maxime
3234 3469 3362 3509 cum
3405 3452 3528 3525 ipse

244 3543 481 3597 consilio
511 3544 875 3614 semetipsum
923 3544 1230 3609 damnavit,
1262 3544 1724 3615 pontiﬁcatuique
1754 3562 1845 3598 re-

242 3632 722 3695 nuntiavit.Quod
749 3633 1045 3685 consilium
1070 3632 1227 3686 valde
1247 3639 1395 3686 esset
1415 3633 1717 3699 laudabile,
1740 3634 1846 3687 nisi

240 3722 636 3792 turpissimum
652 3726 781 3792 post
791 3730 939 3774 esset
951 3727 1204 3775 secutum
1220 3728 1507 3792 peccatum
1519 3723 1679 3775 .Nam
1696 3722 1845 3777 idem

242 3809 529 3872 sacerdos,
553 3809 623 3863 de
645 3826 755 3880 quo
776 3826 947 3880 supra
969 3810 1284 3875 retulimus,
1313 3816 1541 3881 accepta
1573 3811 1676 3864 hac
1689 3828 1844 3865 occa-

240 3898 399 3953 sione
432 3897 674 3951 nefando
691 3898 909 3952 ambitu
929 3899 1193 3952 seductus
1223 3916 1325 3970 per
1354 3899 1741 3969 turpissimam
1760 3918 1848 3953 vc-

240 3987 537 4041 nalitatem
562 4004 898 4057 omnemque
929 3989 1241 4042 Romanum
1284 3990 1552 4060 populum
1592 3991 1843 4061 pecuniis

237 4075 567 4146 ingentibus
586 4076 732 4130 datis
753 4076 853 4129 sibi
869 4078 1063 4146 jurare
1084 4078 1283 4148 coegit,
1300 4078 1492 4149 sicque
1516 4078 1586 4131 ad
1617 4080 1841 4150 pontiﬁ-

239 4166 420 4218 calem
449 4165 701 4218 ascendit
732 4165 1085 4234 dignitatem,
1104 4184 1269 4236 quem
1289 4185 1444 4221 verso
1469 4168 1695 4221 nomine
1710 4169 1844 4222 Gre-

237 4254 462 4324 gorium
488 4252 600 4316 (39)
622 4259 973 4307 vocaverunt.
1012 4254 1110 4307 llis
1132 4255 1210 4307 ita
1238 4255 1430 4324 gestis,
1460 4256 1743 4310 Gerardus
1772 4257 1840 4310 de

1929 3546 2221 3600 Romanus
2252 3544 2496 3615 pontifex
2526 3561 2585 3597 se
2612 3543 2947 3614 judicaverit
2986 3542 3398 3614 deponendum.
3447 3542 3553 3619 De,

1928 3635 2097 3688 tertio
2127 3651 2258 3687 vero
2291 3633 2423 3703 quid
2474 3632 2738 3695 facerent,
2773 3648 2882 3701 quo
2907 3647 2967 3684 se
2996 3637 3295 3698 verterent,
3328 3630 3532 3702 quibus

1929 3722 2227 3776 accusandi
2258 3727 2315 3776 et
2341 3721 2678 3775 testificandi
2710 3719 2977 3773 adversus
3009 3719 3256 3787 judicem
3284 3735 3398 3773 non
3423 3720 3530 3774 da-

1927 3810 2096 3865 batur
2123 3811 2386 3878 licentia;
2429 3810 2517 3864 cui
2548 3826 2677 3863 cum
2721 3807 2790 3862 ab
2832 3808 3105 3879 episcopis
3148 3807 3525 3878 supplicatum

1927 3900 2144 3966 fuisset,
2171 3907 2235 3955 ut
2268 3916 2496 3953 causam
2529 3896 2817 3952 electionis
2842 3913 2955 3950 suae
2976 3901 3275 3967 promeret,
3310 3902 3375 3949 ut
3403 3902 3527 3952 erat

1924 3990 2119 4054 idiota,
2174 4005 2399 4043 omnem
2443 4004 2558 4041 suae
2610 3985 2901 4040 electionis
2940 3984 3241 4055 puritatem
3282 3985 3524 4054 aperuit.

1926 4078 2077 4133 Dixit
2123 4095 2181 4131 se
2234 4078 2333 4132 Dei
2376 4074 2759 4129 misericordia
2804 4072 3150 4127 sacerdotem
3192 4073 3365 4127 fuisse
3396 4072 3528 4128 boni

1926 4166 2233 4221 testimonii
2260 4174 2314 4219 ct
2347 4165 2509 4217 fama:
2531 4168 2587 4217 et
2604 4167 2756 4217 casto
2775 4178 3006 4232 corpore
3036 4178 3068 4215 a
3098 4161 3345 4240 pueritia
3373 4178 3524 4216 sem-

1925 4274 2026 4327 per
2055 4255 2273 4309 vixisse.
2308 4254 2466 4318 Quod
2501 4268 2613 4305 non
2645 4256 2863 4304 tantum
2896 4249 3196 4316 laudabile,
3213 4251 3311 4305 sed
3350 4251 3522 4306 etiam

240 4343 385 4397 Saxo
408 4358 538 4395 cum
569 4341 695 4394 aliis
714 4341 1021 4412 capitaneis
1041 4343 1340 4412 quemdam
1366 4343 1700 4398 Sabinorum
1719 4345 1830 4416 epi-
1856 4349 1903 4406 D
1930 4345 2089 4416 quasi
2112 4343 2425 4413 angelicum
2458 4347 2593 4395 tunc
2610 4339 2881 4411 temporis
2910 4339 3203 4393 videbatur
3221 4340 3372 4411 apud
3414 4340 3519 4395 Ro-

238 4447 472 4502 SCOpum
506 4429 611 4483 sibi
641 4430 859 4500 eligunt
887 4431 1206 4501 pontificem
1236 4449 1402 4502 quem
1424 4449 1583 4486 verso
1615 4433 1841 4487 nomine

237 4523 584 4574 vocaverunt
614 4519 960 4588 Sylvestrum
985 4517 1112 4584 (40).
1139 4520 1295 4584 Quod
1320 4521 1613 4575 audientes
1635 4522 1843 4591 Grego-

236 4610 357 4663 rius
374 4607 638 4680 patritius
654 4613 711 4660 et
728 4608 926 4661 Petrus
940 4608 1207 4662 Germani
1230 4610 1710 4680 Theophylactum
1743 4628 1841 4681 spe

237 4698 498 4767 conjugis
524 4696 819 4765 deceptum
851 4696 920 4749 ad
953 4697 1296 4767 pontificalia
1315 4699 1518 4751 iterum
1548 4698 1843 4753 sublevant

238 4784 603 4856 fastigia.Sed
622 4785 746 4854 quis
764 4801 862 4855 pro
882 4786 1055 4839 tantis
1072 4786 1486 4840 calamitatibus
1507 4787 1666 4841 nobis
1687 4789 1840 4843 locus

238 4873 613 4940 remedii,nisi
626 4890 725 4926 vox
742 4873 837 4927 illa
849 4875 1605 4946 evangelica,quzeconfortat
1620 4883 1840 4947 aposto-

238 4965 353 5019 lum
368 4963 563 5018 dicens
580 4979 627 5018 τε
652 4960 766 5032 Ego
789 4980 887 5033 pro
909 4970 965 5016 te
989 4964 1387 5031 rogavi,Petre,
1405 4973 1467 5019 ut
1486 4982 1596 5018 non
1616 4966 1841 5020 deﬁciat

238 5053 378 5106 ﬁdes
396 5052 647 5118 tua(Luc.
668 5065 805 5116 xxxx,
820 5050 927 5116 3‘2).
948 5053 1087 5105 nSed
1110 5060 1260 5107 certe
1281 5059 1338 5107 et
1356 5071 1485 5107 vere
1503 5071 1613 5107 non
1635 5054 1841 5109 defecit

239 5143 377 5196 ﬁdes
393 5142 496 5195 Pet
504 5140 679 5206 ri,nec
690 5141 911 5195 deﬁciet
924 5142 1059 5195 ﬁdes
1070 5140 1595 5197 RomanmEcclesize
1610 5143 1669 5196 in
1682 5149 1839 5198 teter-

237 5229 620 5285 num.Namin
634 5235 794 5283 tanta
812 5236 868 5283 et
883 5236 996 5284 tam
1011 5230 1193 5285 valida
1204 5237 1536 5302 tempestate
1550 5233 1839 5287 suscitavit

238 5319 513 5374 Dominus
534 5320 797 5390 spiritum
812 5320 1103 5389 cujusdam
1126 5320 1276 5374 Petri
1298 5321 1535 5375 Romani
1556 5322 1833 5376 archidia-

313 5444 423 5514 (37)
463 5447 596 5501 Haec
634 5446 870 5500 totidem
920 5446 1102 5501 verbis
1143 5447 1338 5515 erasis,
1386 5447 1482 5500 sed
1531 5447 1602 5501 ab
1642 5447 1839 5503 eadem

240 5534 414 5572 manu
444 5518 502 5572 in
533 5518 722 5572 codice
752 5518 1079 5576 substitute.

316 5588 425 5657 (38;
450 5589 785 5644 Benedictus
817 5590 891 5643 IX
906 5633 919 5649 .

1925 4450 2147 4488 manos.
2177 4433 2355 4501 Hujus
2372 4430 2449 4485 rei
2463 4446 2633 4484 causa
2653 4429 2859 4483 multas
2878 4428 3236 4499 acquisivisse
3252 4429 3520 4500 pecunias

1924 4522 2309 4591 dicebat,quas
2330 4519 2605 4585 servabat,
2626 4524 2688 4572 ut
2707 4524 2858 4571 sarta
2874 4523 3020 4571 tecta
3041 4518 3283 4572 ecclesiae
3305 4522 3519 4573 restau-

1925 4618 2078 4665 raret
2109 4611 2190 4663 vel
2222 4609 2433 4680 aliquid
2456 4609 2580 4662 novi
2602 4623 2869 4678 magnum
2895 4606 3027 4677 quid
3056 4606 3265 4661 faceret
3291 4608 3350 4661 in
3381 4607 3519 4662 urbe

1924 4701 2128 4767 Roma;
2162 4715 2402 4768 cumque
2431 4697 2735 4768 stepissime
2764 4696 3124 4767 tyrannidem
3158 4695 3516 4766 patritiorum

1923 4806 2110 4842 secum
2140 4787 2369 4841 tractari
2412 4794 2469 4840 et
2513 4786 2756 4856 qualiter
2784 4784 2905 4838 sine
2933 4785 3050 4838 ulla
3081 4784 3215 4838 cleri
3245 4790 3302 4837 et
3329 4785 3522 4855 populi

1923 4877 2192 4931 electione
2222 4875 2513 4947 pontiﬁces
2551 4874 2980 4939 constituerent,
3013 4872 3153 4925 nihil
3182 4871 3384 4926 melius
3414 4888 3520 4943 pu-

1920 4966 2079 5021 tabat
2110 4981 2278 5036 quam
2314 4963 2641 5017 electionem
2691 4962 2838 5015 clero
2871 4968 2928 5015 et
2955 4960 3159 5032 populo
3191 4976 3291 5032 per
3318 4966 3523 5031 tyran-

1922 5055 2109 5109 nidem
2128 5053 2203 5123 inj
2213 5058 2335 5107 ustc
2350 5051 2629 5105 sublatam
2645 5050 2731 5103 his
2744 5049 2997 5120 pecuniis
3009 5047 3519 5112 restaurare.Quod

1920 5160 2069 5205 vero,
2116 5150 2180 5196 ut
2225 5140 2528 5195 audierunt
2549 5137 2649 5191 viri
2682 5135 2949 5205 religiosi,
2995 5141 3264 5206 ceperunt
3297 5152 3522 5190 summa

1920 5250 2044 5287 cum
2072 5229 2386 5285 reverentia
2427 5226 2760 5282 calliditates
2788 5224 3006 5294 antiqui
3049 5223 3226 5277 hostis
3273 5224 3325 5278 ei
3375 5223 3517 5278 insi-

1918 5339 2117 5385 nuare,
2149 5326 2208 5375 et
2238 5320 2378 5373 nihil
2401 5316 2549 5389 quod
2573 5314 2788 5380 venale,
2808 5317 3066 5366 sanctum
3090 5329 3211 5367 esse
3232 5311 3517 5369 dicebant.

1993 5445 2110 5515 (39)
2139 5445 2472 5515 Gregorium
2497 5442 2591 5515 Y1:

1997 5512 2105 5583 (~10)
2141 5512 2485 5588 Sylvestrum
2519 5512 2615 5588 l_l_I.

1997 5589 2115 5663 (4i)
2144 5583 2428 5659 Episcopis
2464 5583 2779 5658 subjungit.
