3964 6376
457 280 578 395 sle

1481 308 1866 393 Bo’NIibNIs
1904 311 2352 396 PLA‘CENTINI"
2380 314 2730 398 EPISCOPI.

3622 299 3734 399 8'20

669 435 1333 521 aliisamnionitibiiibus
1361 463 1580 520 illectus
1627 461 1896 546 Spiritum
1925 463 2058 519 sani-
2075 471 2119 527 Α
2137 464 2256 536 qua
2276 465 2422 520 esSet
2452 467 2505 519 in
2538 465 2723 520 l'aicali
2753 465 2948 519 ordine
2977 464 3222 535 dignitas
3242 443 3568 549 constituta,
3605 470 3730 538 quae

464 539 614 610 (ὲὶῦᾓῆ
637 551 796 626 c‘epit’
809 550 1128 626 ja‘i‘n‘m’ent'e
1149 553 1460 626 concipere,
1479 556 1722 609 et‘z'elum
1751 543 1868 620 Dei,
1887 565 2052 624 quem

463 645 577 698 ri‘on
598 645 905 698 secundum
930 644 1216 698 scientiam
1241 644 1529 703 habuerat.
1555 645 1676 714 ipse
1693 661 2051 713 cognoscens,

462 734 558 786 his
582 725 764 787 Verbis
798 733 1085 804 episcopos
1131 733 1406 786 allocutus
1438 736 1524 786 est’
1567 752 1580 786 :
1623 733 1844 786 Testem
1878 721 2053 786 Deum

460 817 658 875 invoco
697 819 768 874 in'
796 821 1039 875 a‘rii'mam
1088 830 1288 885 meam,
1334 817 1440 873 viri"
1480 813 1701 883 fratres,
1739 838 1826 874 me
1861 837 1929 874 ex
1953 822 2056 874 hoc

464 903 865 964 re'mis’s'ibnem'
902 908 1251 980 peccatorum
1283 914 1340 963 et
1369 902 1475 963 Dei'
1497 909 1704 963 credidi
1751 911 2056 979 promereri

463 991 736 1068 gratiam;
761 998 864 1051 sed
888 999 1016 1068 quia
1040 999 1256 1068 a’nt‘iq'ui
1277 999 1452 1052 hostis
1473 1005 1621 1052 nunc
1641 1015 1911 1068 cognosco
1931 1017 2055 1052 ver-

464 1079 691 1153 sutiam,
729 1088 860 1157 quid
895 1088 1026 1141 mihi
1061 1089 1144 1141 si'f'
1171 1072 1484 1141 faciendum
1535 1087 1590 1140 in
1639 1088 1884 1141 medium
1929 1105 2057 1141 con-

462 1168 764 1229 sulite-Cui
785 1169 865 1229 illi
893 1178 1292 1246 respondentes
1315 1177 1577 1230 dixerant.
1601 1177 1700 1230 :Tu
1725 1177 1779 1229 in
1811 1177 1935 1230 sinu
1959 1183 2054 1230 tuo

465 1250 661 1334 collige
681 1274 906 1318 causam
932 1273 1087 1319 tuam
1113 1285 1124 1330 ;
1158 1272 1217 1318 tu
1240 1267 1464 1336 proprio
1494 1271 1588 1318 Ore
1618 1273 1674 1318 te
1700 1266 1908 1335 judica.
1938 1283 2055 1318 me-

462 1349 572 1406 lius
603 1350 687 1407 est
709 1351 854 1406 enim
888 1355 985 1407 tibi
1020 1371 1145 1408 cum
1164 1354 1326 1408 beato
1360 1355 1521 1408 Petro
1549 1356 1704 1423 cujus
1731 1372 1921 1408 amore
1945 1356 2058 1408 haec

467 1435 646 1496 fecisti
677 1433 985 1514 paup‘erein‘
1000 1443 1087 1495 hic
1108 1444 1312 1508 vivere,
1334 1455 1396 1496 ut
1417 1444 1568 1496 dives
1592 1443 1665 1496 sis
1689 1444 1740 1496 in
1763 1450 2053 1505 a-ternum,

468 1529 645 1602 quam"
672 1542 796 1584 (mm
849 1531 1096 1602 Symone‘
1135 1533 1314 1601 Mago,
1361 1532 1456 1602 qui
1504 1536 1558 1585 t'e
1598 1533 1814 1602 decepit
1841 1533 1893 1585 in
1930 1550 2063 1602 prie-

469 1614 843 1673 senti‘di‘vitii’s‘
872 1621 1144 1673 nitescere
1167 1626 1222 1673 et
1244 1623 1298 1673 in
1318 1628 1587 1674 aeternum
1615 1623 1813 1690 perire.
1850 1622 2062 1684 Quibus

469 1700 1040 1762 auditiaseintentiain
1067 1711 1122 1762 in
1147 1727 1205 1762 se
1230 1707 1464 1780 protulit
1485 1710 1802 1778 hujusmodi
1827 1710 2017 1763 dicens
2045 1730 2055 1762 :

469 1783 906 1868 Ego'Gre'gorilis
921 1798 1232 1868 episcopus,
1267 1813 1457 1852 servus
1479 1806 1764 1852 servorum
1796 1800 1913 1860 Dei,
1940 1817 2061 1869 pro-
2083 1783 2122 1839 Β

465 1881 593 1956 pter
615 1885 999 1956 turpissimam
1028 1883 1381 1940 venalitatem
1398 1888 1743 1958 Symoniacae
1767 1889 2059 1946 haereseos.

469 1969 592 2046 quae
621 1969 1033 2045 antiqui'hostis
1051 1977 1293 2029 versutia
1319 1983 1453 2029 meae
1480 1977 1736 2030 electioni
1771 1978 2011 2047 irrepsit,
2031 1995 2063 2031 a

468 2047 719 2117 Romano
761 2060 1078 2134 episcopatu
1121 2063 1310 2134 judico
1360 2083 1447 2118 me
1497 2063 1936 2118 submovendum
1999 2068 2061 2120 Et

467 2145 708 2222 adjecit:
744 2151 929 2208 Placet
969 2153 1121 2206 vobis
1167 2154 1269 2206 hoc
1313 2153 1467 2221 (4'2)?
1509 2161 1563 2207 et
1603 2156 2012 2225 responderunt
2045 2173 2055 2207 :

469 2235 632 2305 Quod
658 2243 758 2295 tibi
786 2244 983 2314 placet,
1023 2249 1080 2297 et
1109 2249 1209 2297 nos
1240 2235 1549 2297 firmamus.
1583 2245 1872 2297 Celebrata
1902 2262 2060 2314 regu-

468 2323 664 2384 lariter
703 2331 915 2401 synodo
946 2325 1008 2385 in
1049 2330 1256 2401 magna
1278 2333 1607 2385 zest'uatione
1627 2341 1916 2396 venerunt,
1967 2351 2061 2386 rex

469 2412 685 2490 pariter
711 2425 767 2472 et
789 2418 1051 2490 epi3r0pi,
1084 2427 1203 2473 tu'm
1237 2421 1367 2490 quia
1398 2437 1506 2474 non
1541 2421 1811 2475 haberent
1833 2423 2061 2493 pontifi-

473 2500 614 2572 ceim‘,
649 2508 746 2578 qui
805 2515 990 2577 regem
1023 2509 1296 2580 imperiali
1330 2511 1568 2563 donaret
1614 2519 1906 2580 potestate,
1941 2519 2058 2564 tum

475 2597 608 2667 quia
636 2595 693 2649 in
715 2597 968 2667 eligendo
1002 2599 1110 2652 alio
1149 2599 1331 2651 clerici
1375 2595 1598 2670 quidem
1642 2600 1920 2652 habebant
1949 2602 2064 2653 ele-

477 2684 954 2757 ctionem,,populi
979 2692 1165 2742 autem
1190 2688 1581 2758 subsequentis
1602 2689 1820 2742 laudem
1837 2690 2064 2743 minime

471 2765 788 2854 habebant;
822 2781 1178 2830 sacramento
1205 2778 1351 2831 enim
1382 2777 1782 2847 perstrinxerat
1802 2778 2062 2848 przefatus

472 2847 755 2937 ica’anﬁes
787 2869 1073 2936 nunquam
1096 2872 1158 2920 se'
1179 2867 1394 2920 vivente
1420 2884 1514 2920 eos
1534 2867 1707 2920 alium
1738 2868 2064 2922 laudaturos

467 2941 786 3023 p‘dntificem
798 2995 809 3006 .

544 3027 767 3117 interea
792 3060 915 3097 cum
949 3061 1059 3098 non
1083 3045 1357 3099 haberent
1384 3046 1451 3099 de
1483 3047 1712 3117 propria
1744 3045 1969 3108 diocesi,
2005 3051 2067 3099 ut

474 3124 622 3185 enim
643 3124 899 3204 Superius
920 3128 1352 3188 memoravimus
1377 3133 1770 3203 languescente
1801 3137 1980 3205 capite
2007 3135 2063 3188 in

472 3217 700 3274 tantum
723 3209 993 3290 languida
1017 3229 1179 3276 erant
1207 3235 1406 3277 caetera
1438 3223 1707 3279 membra.
1731 3233 1792 3279 ut
1822 3226 1876 3278 in
1908 3233 2068 3278 tanta

475 3305 721 3362 Ecclesia
743 3301 828 3361 vix
846 3326 990 3363 unus
1014 3307 1200 3380 posset
1221 3313 1474 3382 reperiri,
1495 3313 1628 3383 quin
1651 3314 1737 3366 vel
1767 3314 2067 3367 illiteratus

476 3387 564 3450 v61
581 3391 949 3467 Sir'noni’acus
978 3397 1059 3452 vel
1104 3407 1250 3454 esset
1275 3402 1694 3455 concubinatus.
1736 3401 1797 3456 In
1843 3401 1946 3456 hac
1976 3420 2068 3456 ne-

475 3475 736 3540 cessitate
758 3475 972 3555 eligunt
992 3488 1095 3540 sibi
1121 3487 1429 3542 Sicherium
1459 3479 1918 3544 Babebariensem
1946 3492 2066 3561 cpi-

478 3576 708 3644 s'Copum
743 3564 1046 3650 canonibus
1077 3577 1539 3633 interdicentibus
1569 3580 1848 3633 neminem
1873 3581 1941 3633 ad
1963 3581 2066 3634 Ro-

475 3665 706 3742 manum
721 3660 922 3717 debere
935 3661 1234 3719 ascendere
1254 3667 1660 3737 pontificatum,
1684 3669 1778 3738 qui
1793 3669 1847 3722 in
1872 3669 2066 3721 eadem

480 3741 727 3824 Ecclesia
749 3745 1040 3825 presbyter
1056 3749 1387 3808 etdiaconus
1417 3773 1525 3810 non
1561 3757 1726 3810 fuerit
1755 3753 2062 3821 ordinatus,

477 3833 747 3920 ingemas
787 3841 951 3896 laude
1009 3845 1169 3914 panci
1215 3841 1438 3914 quidem
1481 3847 1627 3912 laici,
1672 3831 1771 3900 sed
1815 3847 1909 3918 qui
1960 3865 2068 3900 non

478 3919 719 4002 Iohanni
745 3933 1097 4002 jaraverant,
1129 3927 1551 3990 consenserunt.

497 4091 502 4096 .
550 3999 888 4090 iri-imusque
941 4022 1188 4075 omnium
1235 4019 1361 4094 post
1410 4023 1631 4077 beatum
1687 4026 2068 4094 apostolorum

477 4103 781 4182 principem
801 4111 857 4163 in
870 4110 1030 4163 tanta
1041 4111 1182 4165 serie
1197 4111 1572 4166 Romanorum
1594 4114 1918 4183 pontificum
1934 4115 2072 4168 alias

478 4191 838 4266 consecratus
873 4196 1159 4253 Romanus
1194 4202 1441 4270 pontifex
1485 4203 1797 4272 appellatus
1828 4209 1931 4255 est.
1965 4204 2071 4257 Sed

483 4285 792 4342 secundum
827 4282 1048 4341 decreta
1087 4289 1234 4342 beati
1267 4289 1420 4360 papae
1446 4285 1778 4350 Innocentii,
1807 4293 1953 4361 quod
1982 4309 2078 4346 ne-

480 4365 716 4454 cessitas;
735 4371 831 4446 pro
845 4378 1094 4430 remedio
1116 4379 1342 4448 reperit,
1367 4388 1618 4433 cessante
1637 4382 1966 4435 necessitate
1983 4383 2074 4436 de-

478 4444 572 4519 bet
593 4444 788 4534 utique
805 4453 1043 4529 cessare,
1061 4444 1503 4540 pariterquoque
1526 4469 1908 4542 urguebatfita
1933 4473 2028 4524 cod
2057 4517 2070 4531 ,

479 4547 619 4622 forte
633 4547 1050 4624 urgebat],quia
1069 4555 1211 4609 alius
1229 4565 1313 4610 est
1329 4555 1462 4610 ordo
1478 4559 1900 4627 legitimus,alia
1920 4578 2078 4614 usur-

481 4629 652 4716 paiio,
681 4641 847 4713 quam
879 4645 948 4696 ad
981 4657 1222 4714 praesens
1254 4641 1374 4699 fieri
1404 4653 1626 4717 tempus
1673 4647 1915 4718 impellit
1968 4651 2075 4705 Sed

474 4721 593 4801 jam
627 4732 696 4784 ad
726 4727 1010 4803 proposita
1042 4725 1357 4787 redeamus.
1389 4733 1878 4806 Igiturpostquam
1903 4731 2082 4808 illlpc"

481 4812 605 4896 riali
634 4825 719 4874 est
746 4839 839 4874 rex
875 4829 1071 4876 auctus
1117 4823 1393 4892 dignitate
1437 4825 1850 4878 calamitatibus
1884 4828 2074 4897 reipu-

481 4899 637 4982 Βηρξὲ
667 4905 1011 4982 compatiens
1054 4911 1334 4964 civitatem
1376 4930 1409 4965 a
1439 4913 1792 4983 patritiorum
1825 4916 2080 4970 liberavit

482 4989 957 5076 tyrannide.quod
978 5001 1135 5055 valde
1150 4993 1586 5056 essetlaudabile
1617 5005 1718 5057 nisi
1737 5005 2082 5076 subsequens

481 5093 609 5172 post
640 5092 950 5144 macularet
978 5091 1519 5163 commissum.Nani
1541 5093 1858 5147 rumoribus
1891 5095 2081 5164 populi

483 5173 725 5244 illectus,
757 5175 958 5249 quibus
987 5177 1138 5252 credi
1169 5193 1278 5232 non
1311 5187 1569 5250 oportere
1603 5181 1844 5235 maxima
1878 5199 2081 5252 propo-

483 5257 613 5321 sitio
643 5267 747 5335 est,
779 5251 1137 5338 tyrannidem
1170 5269 1496 5340 patritiatus
1516 5271 1774 5340 arripuit,
1804 5251 1963 5340 quasi
1983 5251 2082 5324 ali-

557 5407 662 5483 (2l
717 5411 844 5464 Haec
903 5412 1206 5465 Sutriensis
1258 5413 1505 5483 synodus
1557 5419 1615 5466 et
1661 5417 1784 5465 acta
1813 5413 2080 5466 cessionis

482 5481 811 5554 voluntaria:
864 5483 1116 5554 Gregorii
1161 5485 1252 5537 VII
1288 5481 1370 5537 fab
1423 5485 1525 5538 hoc
1569 5484 1838 5554 scriptore
1890 5491 2079 5537 nostro

486 5550 812 5628 plurimum,
862 5550 1213 5628 in_maxima
1265 5550 1907 5628 auctorumudiscordia,
1959 5556 2082 5609 illu-

483 5627 770 5689 strantur;
806 5628 863 5676 et
891 5623 984 5677 ille
1030 5627 1221 5689 etiam,
1254 5622 1377 5695 quae
1427 5622 1600 5679 Sutrii
1650 5622 1776 5679 acta
1820 5625 2074 5695 fuissent,

2138 551 2407 625 privilegii
2437 555 2746 625 possideret
2766 555 2890 625 plus
2913 553 3275 625 imperatoria
3299 553 3733 622 majestate.Sed

2138 645 2269 713 quid
2296 646 2397 698 hac
2421 645 2739 697 calamitate
2759 643 3011 697 acerbius
3029 643 3231 713 quidve
3252 643 3731 712 crudelius,quam

2139 732 2232 802 qui
2266 734 2429 802 paulo
2461 739 2591 786 ante
2624 733 2968 785 Tusculanos
2997 731 3260 802 punierat'
3283 749 3383 802 pro
3409 733 3732 803 tyrannide,

2139 822 2344 874 eisdem
2373 821 2654 874 damnatis
2669 821 2831 874 vellet
2850 837 2970 874 esse
2984 821 3292 874 consimilis
3309 867 3318 876 .
3333 821 3473 884 Quid
3490 838 3737 892 namque

2140 917 2242 970 est,
2277 911 2422 980 quod
2462 917 2704 963 mentem
2738 910 2879 962 tanti
2913 909 3015 961 viri
3042 909 3112 961 ad
3140 915 3360 962 tantum
3398 910 3562 962 traxit
3590 910 3737 963 deli-

2139 1005 2311 1063 ctum,
2347 1001 2453 1053 nisi
2474 1000 2619 1070 quod
2652 999 2890 1052 credidit
2918 1015 3018 1068 per
3047 998 3370 1068 patritiatus
3402 999 3654 1052 ordinem
3674 1015 3736 1053 se

2139 1089 2452 1142 Romanum
2480 1106 2640 1158 posse
2669 1089 2929 1141 ordinare
2961 1087 3298 1158 pontificem.
3333 1088 3438 1140 Sed
3469 1086 3608 1158 proh
3639 1089 3737 1141 d‘o-

2141 1178 2258 1230 lor!
2293 1178 2387 1230 ubi
2420 1185 2502 1230 tot
2530 1179 2913 1247 episcoporum
2965 1176 3282 1246 prudentia,
3325 1175 3416 1228 ubi
3461 1182 3546 1229 tot
3585 1178 3735 1246 juris

2139 1268 2448 1336 peritorum
2480 1265 2733 1320 scientia.
2770 1273 2831 1318 ut
2859 1265 3002 1334 quod
3033 1265 3312 1317 nonlicuit
3343 1264 3737 1324 dominis,cre-

2139 1355 2333 1407 derent
2383 1355 2551 1406 licere
2599 1354 2772 1406 servis
2825 1355 2946 1406 Non
2981 1354 3141 1405 licuit
3185 1353 3350 1405 alicui
3403 1351 3734 1421 imperatori

2142 1460 2360 1496 summa
2396 1443 2604 1495 tenenti
2642 1443 2696 1494 in
2727 1443 3053 1495 electionem
3105 1459 3163 1494 se
3213 1441 3449 1511 alicujus
3496 1440 3734 1494 Romani

2145 1532 2426 1602 pontificis
2458 1533 2720 1588 inserere,
2755 1531 2943 1584 licebit
2967 1532 3173 1584 homini
3192 1531 3294 1584 sub
3317 1540 3588 1600 potestate
3609 1548 3738 1583 con-

2146 1623 2342 1674 stituto
2369 1622 2392 1674 ?
2424 1621 2527 1674 Sed
2554 1621 2740 1672 dicent
2765 1639 2774 1672 :
2804 1621 3042 1689 legimus
3074 1626 3130 1672 et
3160 1621 3422 1688 Magnum
3470 1619 3734 1673 Karolum

2145 1710 2467 1780 patritiatus
2497 1710 2723 1762 non‘ine
2779 1710 3132 1778 designatum
3191 1709 3344 1771 Quod
3380 1708 3424 1760 si
3458 1710 3735 1778 legerunt,

2146 1816 2318 1869 quare
2357 1815 2466 1851 non
2499 1799 2912 1851 intellexerunt.
2945 1797 3312 1868 Temporibus
3355 1797 3503 1849 enim
3551 1797 3739 1866 Magni

2146 1888 2336 1941 Karoli
2354 1888 2639 1940 Constanti
2653 1904 2752 1940 nus
2765 1897 2820 1939 et
2833 1889 2849 1940 l
2862 1905 2991 1940 rene
3015 1888 3324 1940 Romanum
3343 1885 3737 1955 gubernabant

2145 1977 2462 2046 imperium.
2501 1977 2566 2029 Et
2589 1976 2712 2028 ideo
2743 1976 3206 2028 excellentissimo
3251 1975 3361 2044 regi
3395 1975 3740 2028 Francorum

2146 2066 2278 2136 quid
2327 2066 2665 2136 apostolicus
2710 2065 2795 2118 his
2843 2064 3188 2134 temporibus
3237 2063 3486 2116 conferre
3533 2065 3738 2132 potuit,

2145 2171 2310 2224 quam
2356 2163 2569 2224 patrem
2599 2155 2864 2206 Romanae
2897 2153 3050 2206 urbis
3078 2154 3316 2205 vocitare
3362 2163 3418 2204 et
3457 2159 3739 2222 protecto-

2144 2260 2282 2300 rem.
2327 2244 2415 2296 Sic
2446 2243 2591 2295 enim
2628 2243 2833 2311 legitur
2868 2262 2878 2294 :
2917 2243 3153 2296 Kal-olus
3185 2260 3278 2294 rex
3308 2241 3650 2295 Francorum
3683 2250 3740 2295 et

2143 2333 2636 2400 Longobardorum
2661 2341 2716 2384 et
2735 2333 2995 2402 patritius
3017 2332 3392 2384 Romanorum
3411 2378 3419 2386 .
3436 2332 3738 2401 Nunquam

2145 2422 2292 2474 enim
2309 2439 2435 2474 eum
2460 2421 2737 2491 imperiali
2765 2422 2998 2491 legimus
3020 2429 3244 2473 auctum
3271 2421 3440 2474 fuisse
3461 2427 3740 2490 potestate

2148 2513 2232 2575 {-52
2265 2514 2329 2566 ἰ.
2366 2510 2470 2563 Sed
2519 2518 2642 2580 post
2669 2513 2790 2579 ejus
2838 2510 3051 2562 obitum
3100 2510 3375 2562 Ludoicus
3419 2511 3541 2578 ejus
3589 2510 3738 2562 filius

2148 2599 2360 2669 primus
2391 2599 2639 2652 omnium
2683 2616 2875 2669 regum
2913 2616 2945 2651 a
2969 2599 3219 2652 Romano
3259 2600 3532 2667 sanguine
3560 2605 3741 2652 extra-

2146 2705 2378 2744 neorum
2411 2689 2758 2758 imperialem
2793 2689 2996 2740 meruit
3029 2688 3490 2752 benedictionem,
3526 2693 3584 2740 et
3614 2689 3740 2742 ideo

2146 2778 2277 2847 quia
2309 2777 2506 2830 habuit
2550 2794 2771 2830 summa
2810 2795 2922 2830 non
2954 2777 3208 2847 quaesivit
3237 2776 3450 2832 inﬁma.
3489 2777 3593 2831 Sed
3621 2778 3740 2846 jam

2147 2867 2215 2919 ad
2244 2866 2623 2919 narrationem
2657 2868 2951 2920 redeamus
2986 2885 2995 2918 :

2219 2955 2398 3024 Igitur
2444 2953 2652 3008 Italicis
2701 2955 2866 3008 rebus
2911 2955 3015 3008 rite
3057 2955 3399 3024 compositis,
3434 2955 3745 3024 imperator

2149 3045 2442 3097 Heinricus
2466 3045 2703 3114 patriam
2750 3045 3019 3097 remeavit
3057 3045 3264 3097 ducens
3293 3061 3480 3097 secum
3506 3060 3742 3097 venera-

2150 3133 2312 3186 bilem
2338 3134 2669 3197 Johannem,
2701 3151 2864 3204 quem
2893 3151 3064 3203 supra
3090 3134 3547 3199 memoravimus;
3573 3152 3742 3204 quem

2149 3230 2372 3275 secutus
2397 3229 2481 3275 est
2501 3223 2614 3275 Deo
2637 3223 2894 3275 amabilis
2932 3221 3363 3280 Hildebrandus.
3387 3223 3577 3276 volens
3609 3240 3746 3292 erga

2150 3311 2437 3364 dominum
2465 3329 2626 3364 suum
2660 3311 2921 3364 exhibere
2954 3313 3340 3365 reverentiam.
3388 3313 3529 3364 Nam
3573 3320 3747 3364 antea

2150 3399 2333 3452 fuerat
2374 3418 2509 3453 suus
2550 3393 2886 3470 capellanus.
2943 3402 3066 3454 Non
3112 3401 3277 3470 longo
3325 3408 3448 3471 post
3487 3408 3746 3470 tempore

2150 3507 2273 3543 cum
2325 3489 2392 3541 ad
2451 3490 2599 3559 ripas
2647 3489 2824 3542 Rheni
2876 3490 3138 3561 praefatus
3167 3491 3410 3544 venisset
3436 3491 3741 3550 Johannes.

2151 3578 2342 3631 morbo
2370 3584 2660 3648 correptus
2687 3579 2921 3634 interiit.

2222 3668 2342 3730 Quo
2362 3675 2582 3720 mortuo
2609 3677 2664 3720 et
2695 3669 2749 3721 in
2783 3687 2912 3739 pace
2934 3670 3171 3740 sepulto,
3194 3669 3526 3722 venerabilis
3561 3669 3750 3722 Hilde-

2153 3756 2400 3810 brandus
2426 3757 2750 3810 Cluniacum
2784 3759 3018 3811 tendens
3055 3758 3129 3811 ibi
3174 3758 3481 3811 monachus
3518 3759 3748 3810 effectus

2155 3852 2256 3907 est,
2291 3855 2347 3899 et
2376 3846 2523 3899 inter
2553 3847 2841 3916 religiosos
2870 3849 3016 3901 viros
3044 3848 3297 3918 adprime
3317 3847 3747 3918 philosophatus

2157 3941 2260 3987 est.

2207 4021 2425 4077 Mortuo
2439 4023 2945 4079 intereaClemente
2958 4027 3210 4079 Romano
3223 4025 3748 4096 pontifice.Romam

2156 4112 2222 4165 ad
2249 4112 2645 4182 imperatorem
2687 4113 2926 4166 tendunt
2951 4121 3210 4184 rogantes
3242 4114 3362 4167 (lari
3387 4113 3489 4166 sibi
3522 4115 3749 4184 pontifi-

2157 4219 2302 4268 cem,
2326 4202 2418 4270 qui
2435 4209 2490 4253 et
2505 4203 2787 4255 consensit
2814 4204 2956 4256 Nam
2987 4204 3255 4273 patritiali
3275 4203 3575 4273 tyrannide
3597 4204 3754 4256 dedit

2158 4290 2237 4342 eis
2267 4307 2330 4342 ex
2355 4291 2530 4344 latere
2550 4308 2650 4344 suo
2675 4292 2973 4361 quemdam
3022 4292 3344 4362 episcopum
3386 4293 3563 4346 virum
3599 4293 3752 4346 omni

2160 4379 2421 4448 superbia
2451 4381 2696 4448 plenum,
2745 4380 3016 4434 mandans
3048 4381 3254 4452 inclyte
3285 4382 3411 4434 duci
3447 4380 3750 4440 Bouifacio,

2164 4463 2227 4520 ut
2247 4485 2370 4520 eum
2389 4469 2620 4522 Romam
2646 4469 2891 4531 duceret,
2918 4478 2974 4522 et
2994 4487 3056 4522 ex
3079 4480 3236 4540 parte
3248 4487 3347 4523 sua
3364 4470 3749 4525 intronizaret.

2161 4557 2315 4619 QUOd
2342 4564 2396 4609 et
2422 4557 2624 4610 factum
2648 4568 2760 4615 est:
2786 4575 2950 4628 quem
2982 4565 3037 4612 et
3059 4559 3178 4622 alio,
3199 4560 3423 4612 nomine
3453 4560 3755 4613 Damasum

2159 4653 2518 4701 vocaverunt.
2552 4649 2604 4700 Is
2628 4654 2920 4716 postquam
2940 4649 3126 4700 sedem
3160 4648 3501 4718 pontiﬁciam
3527 4648 3756 4715 invasit,

2159 4743 2288 4788 ante
2311 4752 2475 4804 quam
2491 4736 2573 4788 bis
2597 4737 2853 4789 denidies
2878 4738 3470 4806 volverenturcorpore
3492 4742 3547 4789 et
3567 4739 3758 4791 anima

2160 4832 2414 4877 mortuus
2445 4831 2530 4877 est
2556 4870 2563 4876 .
2593 4826 2752 4894 cujus
2781 4833 2894 4878 tam
2929 4826 3164 4878 celerem
3203 4834 3434 4879 mortem
3463 4827 3757 4880 audientes

2161 4914 2574 4968 Ultrai'nontani
2604 4914 2866 4984 episcopi,
2890 4915 2956 4967 de
2979 4922 3178 4968 caetero
3217 4915 3529 4968 timuerunt
3549 4915 3642 4967 illo
3665 4933 3757 4967 ve-

2164 5003 2304 5055 nire.
2341 5003 2559 5056 Interea
2599 5004 2836 5056 Romani
2885 5011 2998 5057 tam
3052 5006 3219 5058 celeri
3260 5012 3438 5058 morte
3479 5005 3758 5073 pontificis

2163 5092 2467 5162 perterriti,
2495 5099 2682 5146 tamen
2702 5094 2832 5163 quia
2852 5094 3062 5146 diutius
3079 5094 3198 5147 sine
3224 5095 3482 5163 pontiﬁce
3506 5111 3614 5146 non
3637 5111 3760 5146 esse

2166 5188 2444 5251 poterant,
2484 5199 2673 5236 versus
2704 5183 3038 5251 Aquilonem
3071 5183 3328 5244 tendunt,
3371 5183 3539 5252 Alpes
3568 5192 3762 5235 trans-

2165 5277 2318 5336 eunt,
2336 5271 2634 5325 Saxoniam
2661 5279 2917 5341 pergunt,
2955 5288 3142 5340 regem
3167 5271 3241 5324 ibi
3260 5272 3569 5334 inveniunt,
3594 5279 3764 5326 orant

2164 5414 2213 5468 ei
2247 5415 2379 5495 sedi
2427 5415 2754 5484 aliquandiu
2799 5415 3079 5484 profectus
3122 5414 3372 5467 omnium
3425 5414 3633 5484 optime
3671 5423 3760 5467 te-

2164 5495 2305 5539 nuit.

2162 5627 2198 5681 b
2237 5557 2528 5680 iliiéziﬂoc
2553 5564 2610 5612 et
2637 5557 2894 5628 superius
2923 5555 3158 5624 dixerat,
3192 5573 3294 5611 nec
3323 5561 3410 5610 sat
3439 5556 3554 5610 scio
3585 5547 3756 5626 quam

2201 5644 2310 5681 ona
2411 5645 2461 5681 e.

2201 5644 2310 5682 ona
2331 5644 2461 5682 nae.
