3964 6378
208 332 320 391 821
1338 325 1550 389 LIBER
1586 335 1682 388 AD
1720 312 2028 388 AMICUM.
2070 330 2136 378 _*
2173 329 2309 386 LIB.
2351 327 2418 383 v.
3394 318 3502 382 ω

205 455 322 510 sibi
349 455 474 508 dari
504 456 858 526 pontificem;
893 457 989 528 sed
1021 459 1150 528 quia
1196 459 1301 513 hoc
1340 478 1448 514 non
1491 464 1713 530 poterat
1749 459 1817 512 ad
1840 457 2131 528 Aquidem
2177 457 2396 511 veritati
2425 470 2536 510 non
2562 454 2810 508 valentes
2837 451 3099 506 resistere
3136 444 3370 538 tacuere
3403 449 3499 522 [ie-

213 561 467 614 prresens
524 545 720 598 leviter
768 546 906 608 ﬁeri,
941 547 1210 617 episcopis
1257 550 1462 619 quippe
1501 548 1818 602 nolentibus
1901 554 2018 620 stea
2040 561 2186 609 vero,
2221 548 2492 600 suadente
2521 542 2753 598 humani
2778 540 3001 610 generis
3031 539 3278 605 inimico,
3310 539 3499 601 in'ob'ey

212 633 458 687 Romam
483 635 713 688 tendere
740 633 1067 688 deliberavit
1091 637 1269 690 Rheni
1304 639 1591 691 Franciam
1618 637 1812 702 visere,
1901 636 2117 690 dientes
2148 636 2417 689 celavere.

210 723 451 776 credens
477 739 542 776 ex
572 724 954 777 Lothariorum
988 742 1160 795 regno
1192 743 1352 798 posse
1398 727 1647 780 invenire
1693 728 1813 798 epi-

211 827 469 874 scopum,
505 827 668 881 quem
701 811 967 865 Romanis
999 815 1159 866 daret
1199 816 1541 884 pontiﬁcem.
1575 816 1732 879 Quod
1761 824 1816 869 et

209 889 425 952 factum
468 907 571 954 est.
616 901 757 953 Nam
805 901 996 954 multis
1017 903 1274 972 precibus
1305 912 1361 957 et
1387 910 1584 976 rogatu
1610 906 1814 959 Roma-

209 1005 417 1042 norum
472 990 562 1041 vix
611 1005 938 1059 persuasum
993 997 1078 1044 est
1141 991 1386 1046 Brunoni
1443 994 1810 1058 nobilissimo,

211 1078 469 1131 moribus
497 1079 759 1132 decenter
788 1087 1005 1142 ornato,
1037 1081 1247 1134 Tolano
1291 1083 1503 1136 scilicet
1531 1083 1808 1153 episcopo.

208 1167 488 1221 Veniente
502 1167 692 1237 itaque
706 1183 769 1221 eo
797 1169 1482 1228 Vesuntium,venerabilis
1498 1171 1667 1225 abbas
1687 1173 1812 1226 Clu-

207 1255 491 1309 niac-ensis
520 1256 736 1309 obviam
769 1257 817 1309 ei
853 1257 1142 1327 processit.
1175 1258 1385 1311 ducens
1416 1276 1603 1312 secum
1651 1260 1708 1313 in
1749 1277 1812 1313 eo

1972 726 2194 779 Interea
2227 727 2418 778 Roma:
2468 722 2709 792 episcOpi
2747 727 2803 773 et
2839 719 3151 774 cardinales
3181 722 3238 770 et
3267 717 3496 777 abbate:

1898 831 2000 884 per
2023 814 2412 884 Symoniacam
2433 812 2690 866 haeresim
2711 794 2954 863 ordinati
2973 806 3414 878 deponebantur,
3439 812 3497 860 et

1897 903 1972 956 ibi
1999 919 2061 955 ex
2095 902 2328 955 diversis
2380 900 2677 971 provinciis
2717 898 2811 952 alii
2860 891 3286 958 ordinabantur,
3337 899 3399 949 ut
3427 907 3494 955 ex

1898 990 2258 1060 Lugdunensi
2276 989 2710 1043 Gallianertus
2731 988 2893 1040 Silvae
2917 985 3180 1042 Candida
3197 975 3494 1054 episcopus

1898 1088 1953 1133 et
1971 1098 2033 1133 ex
2050 1079 2507 1149 Burgundionum
2525 1077 3053 1147 genereSteplianus
3064 1073 3236 1130 abbas
3247 1067 3493 1126 σιωπῶ.

1883 1169 2038 1223 .nalis
2063 1177 2192 1223 etex
2213 1168 2488 1222 Romerici
2505 1174 2692 1220 monte
2713 1167 2870 1234 Hug’o
2886 1162 3279 1232 candi‘dus;qui

1896 1264 2153 1328 apostata
2186 1263 2270 1311 est
2296 1258 2542 1318 allectus,
2576 1271 2627 1308 er
2661 1254 2989 1308 Fredericus
3030 1251 3188 1308 ducis
3209 1245 3490 1305 Gotode

209 1344 482 1397 comitatu
513 1345 905 1408 venerabilem,
925 1347 992 1398 de
1025 1363 1133 1415 quo
1155 1363 1324 1416 supra
1355 1349 1668 1419 retulimus,
1702 1350 1814 1402 llil-
1892 1363 2217 1417 germanus,
2245 1355 2303 1400 et
2331 1364 2394 1399 ex
2417 1344 2745 1415 compendio
2774 1343 3000 1414 quidam
3025 1339 3287 1394 Aeolinus
3305 1337 3490 1392 Sutri-

207 1432 696 1497 debrandum.Qui
718 1451 840 1487 cum
864 1451 1090 1487 causam
1129 1435 1346 1488 itineris
1376 1453 1408 1488 a
1430 1438 1670 1506 quodam
1686 1455 1811 1490 nar-
1895 1451 2001 1488 nus
2032 1436 2343 1505 episcopus,
2381 1438 2437 1486 et
2467 1450 2531 1486 ex
2563 1431 2968 1486 Havennatium
3002 1419 3256 1500 partibus
3287 1425 3487 1480 Petrus

207 1531 372 1574 rante
394 1523 837 1593 audisset,ca\pit
859 1539 1054 1590 rogare
1072 1529 1308 1593 patrem,
1333 1526 1510 1578 neillo
1533 1528 1806 1587 tenderet,
1897 1524 2120 1576 Domini
2151 1525 2236 1576 vir
2265 1523 2778 1594 eloquentissimus,
2823 1525 2878 1573 et
2927 1519 3024 1572 alii
3066 1527 3234 1588 quam
3269 1510 3479 1586 plum.

206 1611 402 1663 dicens
430 1629 556 1664 eum
591 1629 699 1664 non
727 1612 1113 1681 apostolicum,
1158 1614 1253 1666 sed
1292 1615 1661 1684 apostaticum
1692 1614 1802 1682 (43)
1890 1612 2044 1666 Tunc
2063 1613 2222 1666 fortis
2251 1617 2521 1674 armatus,
2559 1611 2654 1680 qui
2682 1610 2738 1662 in
2777 1609 2954 1662 multa
2980 1621 3114 1677 pace
3140 1598 3486 1660 custodierat

209 1701 492 1770 quijussu
527 1701 884 1770 imperatoris
902 1700 1214 1754 Romanum
1239 1711 1538 1756 conaretur
1558 1704 1807 1778 arripere
1889 1701 2095 1754 atrium
2142 1719 2307 1755 suum
2339 1703 2484 1759 (Luc.
2537 1709 2612 1762 x1,
2652 1698 2765 1766 '2l),
2816 1696 2993 1750 sensit
3044 1707 3104 1749 se
3151 1694 3474 1778 obligatum.

208 1790 784 1858 pontiﬁcatum.Quod
805 1790 1430 1844 utaudivitvenerabilis
1448 1795 1807 1863 pater.tacuit
1824 1814 1866 1871 B
1889 1790 2153 1859 Sequenti
2183 1807 2311 1842 vero
2333 1806 2479 1843 anno
2519 1789 2782 1859 praefatus
2812 1785 3060 1857 pontifex
3081 1785 3338 1871 sinodum
3359 1799 3488 1840 cono

207 1878 458 1947 quidem.
483 1879 579 1931 sed
598 1879 928 1932 Vesuntium
954 1879 1124 1941 venit,
1150 1888 1486 1951 acceptaque
1514 1884 1805 1936 occasione

207 1967 545 2036 quantocius
569 1968 681 2020 haec
715 1968 1012 2020 venerabili
1058 1968 1314 2039 episcopo
1341 1971 1637 2036 intimavit,
1670 1973 1806 2040 adji-

207 2056 362 2108 ciens
392 2057 559 2109 simul
593 2064 647 2109 et
677 2057 1011 2126 probitatem
1049 2077 1270 2115 morum
1325 2069 1380 2114 et
1428 2061 1804 2129 integerrima;

207 2145 327 2212 ers
360 2145 484 2198 vitae
509 2148 1004 2200 conversationem.
1042 2149 1181 2212 Quid
1207 2151 1403 2219 plura?
1433 2151 1649 2220 rogavit
1666 2167 1803 2220 pon-

207 2234 359 2295 tifex,
397 2240 458 2287 ut
498 2236 620 2303 ejus
652 2235 925 2302 potiretur
954 2239 1249 2310 colloquio.
1286 2240 1443 2302 Quod
1488 2247 1541 2292 et
1596 2241 1803 2292 factum

205 2327 310 2387 est,
331 2324 798 2394 congregatisque
818 2326 996 2379 tribus
1026 2328 1080 2379 in
1106 2329 1329 2381 nomine
1365 2328 1803 2389 Domini,secun-

203 2411 337 2464 dum
362 2413 743 2482 evangelicum
763 2414 1010 2469 verbum.
1033 2415 1514 2486 ubiquefuitDous
1541 2435 1595 2469 ιη
1621 2419 1802 2470 medio

205 2517 398 2554 eorum
444 2504 654 2567 (Matth.
699 2519 854 2566 xvm,
883 2503 990 2565 ίὶίὶ).
1012 2506 1152 2558 Nam
1188 2507 1307 2575 ejus
1329 2507 1561 2558 consilio
1583 2507 1802 2576 acquie-

203 2607 362 2642 scens
394 2592 617 2661 papalia
648 2593 908 2662 deposuit
954 2594 1216 2662 insignia,
1252 2612 1373 2664 quae
1403 2594 1678 2663 gestabat.
1713 2613 1802 2648 su-

205 2695 477 2748 mensque
506 2683 827 2734 scarcellam
865 2699 1043 2752 usque
1075 2683 1142 2736 ad
1175 2685 1556 2754 apostolorum
1605 2684 1800 2737 limina

200 2770 543 2838 properavit,
600 2771 936 2841 veniensque
985 2771 1041 2824 in
1093 2772 1383 2824 ecclesiam
1416 2775 1796 2842 apostolorum

1886 1879 2157 1947 gregavit,
2188 1879 2244 1931 in
2274 1895 2385 1947 qua
2414 1876 2673 1931 omnibus
2710 1883 2824 1928 tam
2874 1873 3089 1926 clericis
3119 1865 3286 1942 quam
3326 1867 3485 1931 laici‘s

1888 1968 2220 2020 auctoritate
2245 1968 2299 2020 S.
2335 1967 2485 2020 Petri
2513 1971 2570 2018 et
2584 1967 2847 2018 Romana
2875 1953 3129 2016 Ecclesia
3141 1967 3484 2032 praeceptum

1888 2061 1990 2119 est,
2014 2063 2074 2109 ut
2103 2057 2451 2108 abstinerent
2475 2072 2534 2107 se
2564 2071 2596 2106 a
2627 2053 3028 2106 fornicatorum
3050 2045 3404 2109 sacerdotum
3425 2045 3484 2103 et

1895 2146 2211 2198 Levitarum
2244 2144 2656 2198 communione.

1958 2235 2086 2288 Haec
2116 2236 2362 2306 synodus
2404 2233 2654 2302 gladium
2682 2231 2738 2284 in
2770 2229 2981 2282 viscera
3010 2221 3207 2281 mersit
3240 2228 3476 2283 inimici.

1886 2325 2026 2377 Nam
2056 2341 2167 2377 non
2194 2324 2372 2377 solum
2409 2323 2600 2376 Romae
2631 2319 3041 2396 incontinentes
3073 2311 3391 2370 sacerdotes
3419 2308 3477 2372 et

1886 2413 2088 2467 Levita:
2121 2416 2192 2467 ab
2224 2413 2417 2467 altaris
2446 2410 2889 2482 prohibebantur
2927 2406 3128 2469 ofﬁcio,
3158 2407 3256 2463 sed
3279 2413 3338 2461 et
3383 2397 3481 2478 per

1885 2503 2093 2556 vicinas
2141 2502 2574 2572 circumquaque
2607 2499 2862 2568 regiones
2892 2502 2946 2548 et
2991 2511 3092 2565 per
3116 2484 3338 2579 omnem
3365 2486 3479 2553 Τεισς

1885 2592 2056 2644 sciam
2105 2591 2504 2660 adjuvantibus
2532 2587 2820 2642 monachis
2841 2585 2973 2638 viris
2995 2583 3268 2654 religiosis
3284 2591 3341 2638 et
3354 2593 3478 2641 velut

1884 2679 1951 2732 bo
1976 2679 2388 2756 praedicationis
2411 2679 2826 2732 insudantibus.

1952 2768 2021 2822 Et
2045 2769 2131 2821 hic
2163 2769 2356 2822 beatus
2386 2769 2632 2846 pontifex
2660 2769 2873 2836 legatos
2915 2781 3046 2822 suos
3075 2763 3231 2820 misit
3254 2761 3472 2836 Cpolta,

199 2857 489 2926 principis,
517 2857 595 2910 sic
625 2859 833 2912 clerum
867 2866 923 2913 et
944 2862 1208 2930 populum
1244 2863 1555 2914 Romanum
1588 2863 1797 2915 allocu-
1879 2856 2092 2910 habens
2116 2857 2584 2929 superaliquibus
2609 2857 2792 2910 causis
2814 2857 3080 2910 adversus
3097 2853 3319 2932 Grzecos
3351 2853 3476 2934 epla

197 2951 290 2998 tus
320 2953 424 2999 est.
456 2947 566 2998 Viri
584 2947 782 3001 fratres
805 2949 815 3000 !
842 2947 1026 3001 audivi
1059 2949 1396 3018 legationem
1423 2959 1681 3012 vestram,
1707 2951 1795 3004 cui
1880 2958 2074 3017 Scopos
2093 2946 2518 3017 qumstiones,ex
2553 2961 2790 3024 quorum
2820 2959 3054 3024 numero
3082 2944 3189 2997 fuit
3208 2942 3473 3022 printth

199 3052 289 3087 me
321 3035 707 3089 contradicere
761 3054 870 3090 non
905 3039 1170 3107 oportuit.
1209 3047 1260 3091 et
1291 3039 1398 3092 huc
1443 3041 1514 3092 ad
1565 3057 1658 3093 vos
1697 3041 1795 3093 de-
1819 3034 2191 3107 nFridericus
2225 3035 2412 3105 magni
2443 3035 2597 3088 ducis
2626 3032 3474 3103 Gottefridigermanusﬂlﬁver

198 3125 390 3177 scendi
423 3126 664 3195 primum
695 3125 963 3197 orationis
993 3135 1139 3191 voto,
1182 3127 1311 3180 dein
1359 3129 1554 3182 vestris
1605 3130 1793 3182 volens
1817 3121 2096 3178 unientes
2131 3123 2343 3196 Cpolim
2376 3143 2409 3178 τι
2451 3122 2816 3179 Monomacha
2855 3123 3194 3198 imperatore
3241 3121 3472 3175 honori-

198 3213 590 3284 obtemperare
616 3215 980 3282 jussionibus.
1005 3217 1106 3269 Cui
1128 3233 1252 3269 cum
1273 3217 1513 3287 episcopi
1536 3223 1592 3270 et
1608 3218 1791 3270 cardi-
1876 3214 1977 3266 fice
2008 3220 2140 3288 sunt
2166 3215 2426 3286 suscepti.

197 3303 352 3355 nales
377 3304 481 3356 hoc
509 3303 558 3356 ei
589 3304 991 3373 respondentes
1009 3303 1260 3358 dicerent
1292 3323 1301 3356 τ
1330 3306 1458 3360 Haec
1486 3307 1594 3359 fuit
1624 3323 1793 3360 causa
1946 3301 2156 3356 Dehinc
2181 3303 2563 3379 episcoporum
2593 3302 2818 3372 negotio
2846 3300 3076 3372 propter
3117 3311 3256 3379 quos
3302 3315 3470 3353 vene-

193 3396 249 3442 te
280 3391 535 3452 vocandi,
579 3395 643 3444 ut
688 3400 742 3444 te
773 3393 932 3444 nobis
962 3393 1295 3462 eligeremus
1343 3395 1682 3464 pontiﬁcem,
1736 3402 1793 3448 et
1874 3398 2004 3444 rant
2034 3391 2302 3446 citissime
2327 3378 2539 3466 sedato,
2566 3388 2927 3462 amplissimis
2941 3388 3102 3443 donis
3123 3378 3317 3442 donati
3345 3388 3474 3460 per.

195 3479 624 3532 archidiaconus
641 3497 704 3532 ex
727 3497 879 3533 more
902 3481 1201 3534 clamaret:
1228 3483 1522 3535 Dominum
1545 3485 1788 3536 Leonem
1872 3488 2169 3556 tantesque
2192 3481 2354 3534 beato
2385 3480 2549 3535 Petro
2580 3480 2925 3551 permaxima
2951 3466 3218 3545 donaria,
3237 3477 3307 3531 ad

196 3569 517 3638 pontiﬁcem
551 3570 612 3624 S.
645 3569 842 3622 Petrus
865 3571 1046 3639 elegit,
1069 3571 1416 3640 populusque
1442 3571 1787 3642 subsequens
1871 3569 1993 3640 pria
2022 3570 2390 3640 repedabant.

195 3657 421 3710 vocibus
453 3658 668 3710 iteratis
697 3658 800 3711 hoc
830 3667 1190 3726 concreparet
1231 3660 1542 3713 cardinales
1583 3669 1640 3712 et
1668 3663 1787 3730 epi-

193 3747 364 3815 scopi,
401 3753 464 3798 ut
496 3747 664 3799 moris
695 3757 798 3804 est,
835 3743 1125 3800 beatorum
1157 3748 1537 3818 apostolorum
1587 3749 1790 3818 princi-

192 3835 277 3904 pis
305 3835 588 3888 cathedrae
620 3835 1037 3888 intronizarent.

264 3924 569 3994 Postquam
606 3925 855 3993 papalem
878 3926 1113 3994 adeptus
1146 3929 1230 3978 est
1255 3926 1606 3995 dignitatem,
1626 3943 1786 3980 vene-

1946 3657 2167 3712 Interea
2189 3661 2644 3713 Normannorum
2671 3659 2977 3712 fortissima
2997 3673 3154 3728 gens.
3172 3673 3295 3728 quae
3313 3659 3467 3728 Apu~

1874 3746 2006 3798 liam
2056 3755 2112 3799 et
2140 3746 2457 3801 Calabriam
2488 3765 2520 3800 a
2547 3748 2867 3800 Graecorum
2925 3745 3079 3816 regni
3111 3744 3467 3826 subtraxerat

1872 3834 2102 3898 ditione,
2139 3836 2559 3910 Beneventanos
2592 3833 2819 3888 invadit.
2857 3835 2976 3897 Qua
3001 3839 3335 3910 tempestate
3365 3830 3468 3908 Be-

1870 3923 2446 3994 neventanicompulsi
2461 3922 2693 3976 Romam
2715 3923 2954 3977 tendunt
2976 3915 3467 4002 Beneventumque

1869 4030 1970 4084 per
2015 4014 2286 4067 cartulam
2335 4011 2640 4065 oil‘ertionis
2689 4009 2852 4063 beato
2908 4009 3074 4062 Petro
3111 4009 3401 4062 tradentes
3433 4023 3467 4063 ο,

191 4013 425 4065 rabllem
458 4011 869 4082 Hildprandum
903 4012 1226 4066 donatorem
1260 4020 1373 4066 tam
1392 4015 1630 4068 salubris
1660 4033 1786 4068 con-

191 4102 322 4170 silii,
345 4119 510 4171 quem
544 4092 613 4154 ab
644 4103 844 4155 abbate
868 4104 1056 4155 multis
1079 4103 1334 4172 precibus
1353 4104 1435 4156 vix
1459 4105 1786 4174 impetrave-
1868 4102 2093 4155 domino
2128 4119 2271 4172 papa
2322 4099 2633 4175 implorant
2675 4098 2965 4154 auxilium.
2997 4114 3106 4167 quo
3137 4099 3302 4159 tacto,
3351 4109 3465 4153 non

192 4198 296 4255 rat,
330 4190 400 4244 ad
437 4190 872 4243 subdiaconatus
914 4193 1163 4260 provexit
1200 4192 1490 4255 honorem,
1525 4211 1688 4264 quem
1731 4199 1786 4247 et
1871 4191 2047 4243 solum
2075 4208 2173 4260 pro
2203 4187 2369 4243 terris
2400 4205 2569 4242 sacrae
2625 4185 2888 4241 Romanae
2929 4187 3185 4242 ECCIesiaa
3234 4184 3464 4255 invasis,

189 4295 534 4332 azconomum
588 4287 792 4332 sanctze
847 4280 1112 4333 Romana)
1163 4281 1418 4334 Ecclesiae
1473 4283 1782 4346 constituit,
1868 4296 2057 4332 verum
2093 4285 2148 4332 et
2193 4297 2290 4349 pro
2321 4277 2690 4331 acerbissimis
2721 4277 2896 4347 pomis
2943 4292 3082 4346 quas
3129 4273 3464 4330 Lhristianis

187 4372 346 4439 cujus
388 4368 620 4422 consilio
673 4368 946 4438 synodum
1002 4386 1125 4420 mox
1157 4371 1533 4438 congregavit,
1577 4371 1633 4423 in
1677 4365 2779 4440 quaDinferebant,commotusprimum
2804 4363 3464 4436 quidemgladioemom-s

187 4458 533 4511 diversarum
568 4457 856 4525 regionum
887 4457 1128 4526 episcopi
1160 4466 1556 4521 convenerunt,
1593 4459 1646 4511 in
1677 4475 1783 4528 qua
1868 4457 2263 4534 municationis
2319 4473 2413 4509 eos
2460 4456 2752 4527 percussit,
2781 4472 3017 4526 moxque
3048 4472 3142 4508 eos
3187 4454 3466 4508 materiali

189 4554 243 4599 et
261 4547 361 4600 sub
383 4547 744 4599 anathemate
771 4546 1130 4598 interdictum
1170 4555 1254 4600 est
1284 4551 1392 4600 nun
1423 4549 1586 4600 licere
1613 4547 1781 4600 alicui

187 4636 443 4707 episcopo
464 4635 948 4687 archidiaconatus
969 4641 1024 4687 et
1041 4635 1436 4704 praeposituras
1452 4643 1507 4688 et
1528 4636 1780 4688 abbati-as

188 4741 284 4778 seu
315 4723 586 4777 beneﬁcia
616 4723 986 4776 Ecclesiarum
1020 4725 1100 4776 vel
1138 4725 1462 4794 przebendas
1491 4726 1571 4777 vel
1605 4725 1782 4777 Eccle-

189 4815 396 4866 siarurn
429 4813 509 4864 vel
528 4811 789 4864 altarium
813 4813 1328 4884 commendationes
1347 4816 1605 4866 vendere.
1639 4813 1705 4867 Et
1723 4820 1784 4866 ut

187 4901 504 4955 sacerdotes
533 4908 587 4952 et
614 4901 789 4953 levita:
829 4899 1152 4954 subdiaconi
1183 4919 1306 4955 cum
1359 4902 1624 4955 uxoribus
1671 4919 1782 4955 non

188 4998 400 5052 coeant,
439 5005 560 5058 qua:
591 5005 678 5042 res
730 5005 994 5058 magnam
1053 4997 1407 5044 veternosum
1464 4998 1779 5060 serpentem

189 5078 488 5152 concitavit
509 5077 564 5130 in
596 5076 757 5130 iram.
797 5077 956 5141 Quod
997 5078 1290 5131 audientes
1321 5079 1565 5148 episcopi
1597 5080 1778 5149 primo

259 5256 368 5322 (43)
400 5253 530 5307 Ilrec
557 5252 753 5307 iisdem
785 5254 899 5308 fere
925 5255 1102 5307 verbis
1122 5255 1388 5326 leguntur
1407 5257 1464 5309 in
1489 5257 1687 5311 Leonis
1709 5256 1780 5311 IX

191 5329 316 5382 Vita
347 5326 579 5399 Nicolao
607 5328 901 5399 Aragoniae
934 5327 1135 5399 S.R.E._
1165 5329 1321 5399 card.
1351 5336 1596 5393 auctore,
1630 5330 1723 5399 qui
1755 5327 1784 5382 e

193 5401 469 5454 Bonizone
503 5395 646 5468 haud
678 5398 844 5468 dubie
874 5397 1186 5468 descripsit.
1219 5397 1500 5453 Wibta'tus
1543 5395 1667 5462 vero
1692 5418 1784 5452 ar-

193 5471 548 5542 chidiaconus
569 5467 1459 5542 TullensispLeonissynchronus,
1494 5488 1655 5542 quem
1694 5468 1785 5540 Ni-

193 5543 343 5596 colao
375 5538 663 5612 subjunxit
699 5540 767 5612 cl.
827 5537 1168 5593 Muratorius
1215 5548 1256 5593 t.
1308 5541 1382 5596 lll
1433 5537 1583 5606 Rei,
1638 5537 1779 5612 ital.j,

195 5612 487 5666 historiam
525 5611 594 5663 de
622 5610 820 5664 habitu
865 5611 1148 5680 peregrini
1189 5619 1476 5683 assumpto
1535 5610 1784 5668 Cluniaci

1864 4547 2050 4615 gladio
2110 4545 2390 4599 feriendus
2445 4546 2736 4616 judicavit.
2781 4545 2886 4599 Sed
2923 4546 3056 4615 quia
3092 4544 3324 4598 consilia
3360 4544 3461 4599 Dei
3491 4572 3496 4578 -

1863 4633 2097 4703 abyssus
2120 4635 2298 4686 multa
2325 4637 2490 4694 (Psal.
2525 4647 2688 4698 xxxv,
2737 4632 2810 4701 7),
2850 4633 2946 4686 Dei
2979 4633 3246 4687 ineffabili
3278 4621 3464 4703 provis-

1864 4724 2050 4776 dentia
2082 4722 2224 4776 bello
2256 4724 2550 4777 commisso
2577 4723 2886 4777 Normanni
2917 4723 3171 4784 victores,
3205 4723 3458 4787 extitere,

1864 4821 2204 4882 captumque
2216 4813 2541 4886 papam,sed
2559 4821 2623 4866 ut
2644 4812 2832 4866 decuit
2847 4811 3145 4864 honorifice
3160 4813 3463 4865 tractatum

1867 4917 1967 4970 per
2001 4897 2241 4952 mediam
2266 4908 2508 4968 stragem
2534 4899 2952 4952 interfectorum
2972 4897 3150 4969 usque
3183 4899 3466 4952 Beneven-

1867 4998 1984 5046 tuu‘i
2017 4989 2416 5060 perduxerunt.
2452 4987 2556 5042 Sed
2591 4988 2723 5064 quid
2752 4988 2950 5057 plura?
2991 4987 3085 5060 qui
3113 5003 3214 5058 pro
3237 4987 3462 5056 justitia

1865 5080 2201 5133 dimicantes
2227 5077 2370 5130 bello
2393 5077 2659 5146 prostrati
2689 5077 2938 5143 fuerunt,
2965 5077 3068 5130 hos
3107 5071 3254 5132 Deus
3285 5073 3464 5146 signis

1865 5255 2231 5312 liildebrandi
2260 5253 2648 5312 adhortatione
2669 5251 2895 5324 oinnino
2921 5252 3462 5324 revincit.Quidquid

1867 5332 1940 5383 sit
1988 5331 2055 5383 de
2106 5325 2208 5382 hac
2260 5324 2374 5381 sive
2423 5324 2658 5380 historia
2689 5323 2801 5380 sive
2832 5324 2913 5377 uti
2944 5324 3148 5394 ibidem
3182 5323 3465 5385 existimat

1867 5397 2208 5474 Muratorius
2256 5394 2591 5474 commento.
2643 5396 2700 5450 in
2753 5412 2818 5474 eo
2865 5393 3016 5449 certe
3051 5393 3280 5474 fallitur
3311 5396 3463 5474 quod

1867 5476 1989 5544 ejus
2039 5473 2280 5542 primum
2334 5471 2708 5544 architectum
2745 5468 3006 5544 Ottonem
3049 5467 3462 5544 Frisingenseih

1867 5538 2166 5611 existimet,
2200 5557 2327 5597 cum
2367 5542 2571 5595 Bonizo
2601 5540 2812 5611 dudum
2843 5541 2974 5592 ante
3002 5538 3282 5614 retulerit.
