3964 6358
494 303 596 361 823

1510 300 1896 359 BONIZONIS
1933 299 2371 358 PLACENTINI
2409 297 2756 355 EPISCOPI.

3675 292 3786 352 824

493 433 555 484 et
583 426 870 484 miraculis
890 425 998 482 sibi
1029 426 1189 480 valde
1228 426 1506 497 placuisse
1535 427 1942 482 demonstravit
1971 443 2092 480 ma-
2105 426 2156 485 A
2174 423 2624 494 Longobardiam
2650 422 2942 486 remeavit,
2962 437 3203 491 cumque
3225 436 3291 474 eo
3309 424 3539 475 ventum
3558 418 3781 488 fuisset,

490 535 664 590 gnam
694 534 794 589 pro
806 516 1028 587 justitia
1052 514 1289 587 posteris
1309 515 1612 570 dimicandi
1642 517 1782 570 dans
1813 518 2092 582 ﬁduciam,

496 607 721 678 quando
752 606 855 660 bos
880 605 937 658 in
972 620 1207 658 numero
1239 611 1562 658 sanctorum
1593 621 1997 660 connumerare
2018 606 2097 660 di-

493 701 701 767 gnatus
722 700 826 749 est.
856 693 958 749 His
982 693 1066 747 ita
1093 692 1289 762 gestis,
1305 692 1663 747 beatissimus
1687 710 1831 764 papa
1856 695 2093 748 Romam

495 784 683 848 rediit,
714 799 957 853 cumque
989 782 1057 836 ad
1087 781 1376 835 ecclesiam
1408 782 1789 852 apostolorum
1832 783 2096 854 principis

494 871 863 944 pervenisset,
895 872 1164 941 languore
1191 874 1498 941 correptus,
1532 876 1664 925 ante
1692 871 2096 926 confessionem

497 961 747 1032 ejusdem
789 960 1027 1032 apostoli
1069 959 1309 1024 delatus,
1343 965 1401 1013 et
1427 975 1618 1014 coram
1650 961 1806 1014 omni
1853 961 2000 1014 clero
2039 966 2096 1015 et

496 1053 752 1107 Romano
788 1050 994 1121 p0pulo
1031 1049 1260 1103 tradens
1306 1049 1422 1103 Deo
1453 1048 1682 1104 amabili
1714 1049 2095 1104 Hildebrando

496 1140 747 1211 ejusdem
777 1139 1036 1193 Ecclesiae
1065 1154 1277 1201 curam,
1332 1138 1469 1191 caelo
1519 1138 1781 1209 spiritum
1830 1139 2092 1194 reddidit.

495 1230 671 1300 Cujus
697 1245 899 1299 corpus
935 1228 995 1282 in
1024 1227 1219 1282 eadem
1242 1227 1476 1280 ecclesia
1500 1244 1625 1281 cum
1647 1228 1860 1281 honore
1889 1244 2093 1297 magno

494 1318 793 1373 humatum
823 1322 928 1371 est.
961 1317 1047 1370 Ad
1086 1317 1248 1385 cujus
1276 1316 1560 1369 tumulum
1603 1316 1736 1386 aegri
1773 1317 2005 1370 veniunt
2039 1322 2097 1370 et

495 1412 790 1470 sanantur,
818 1411 876 1461 et
895 1404 1105 1459 inﬁrmi
1132 1403 1346 1458 avariis
1373 1404 1736 1475 languoribus
1758 1405 1969 1459 detenti
2000 1422 2096 1459 us-

499 1512 609 1567 que
642 1496 979 1550 liberantur.

570 1584 681 1639 Sed
736 1600 864 1638 cum
921 1581 1297 1653 persensisset
1343 1581 1673 1636 venerabilis
1721 1582 2099 1638 Hildbrandus

2184 513 2480 568 beatricem
2498 530 2626 567 cum
2654 512 2817 567 unica
2837 512 2952 566 ﬁlia
2984 510 3277 573 Bonifacii,
3299 510 3528 563 nomine
3542 508 3783 565 Mathilc

2179 604 2310 658 dam
2349 610 2499 667 (nam
2531 603 2697 673 paulo
2727 607 2858 655 ante
2885 602 3007 671 ejus
3033 601 3181 654 ﬁlius
3213 604 3271 653 et
3297 600 3479 669 major
3508 599 3625 653 ﬁlia
3654 616 3782 654 ma-

2177 693 2355 747 leﬁcio
2376 692 2564 746 nescio
2584 693 2741 761 cujus
2761 690 3040 753 obierant)
3060 689 3188 742 dolo
3208 692 3400 759 captas
3411 705 3602 743 secum
3617 688 3782 743 duxit

2177 783 2329 836 ultra
2354 787 2592 845 montes,
2618 779 2899 834 Bonefacii
2928 777 3181 831 ambiens
3204 776 3588 831 haereditatem
3610 782 3668 831 et
3682 794 3781 831 ne-

2179 871 2358 924 sciens
2378 870 2527 941 quod
2556 884 2820 940 suprema
2845 867 2965 921 dies
2985 866 3040 920 in
3061 865 3311 937 proximo
3327 865 3432 919 sibi
3454 870 3776 936 pararetur.

2180 961 2325 1015 Nam
2369 960 2421 1012 vi
2446 958 2685 1012 febrium
2712 956 3026 1027 exagitatus
3055 972 3183 1010 mox
3210 962 3278 1010 ut
3308 955 3450 1010 Reni
3479 956 3779 1011 Franciam

2176 1047 2425 1112 intravit,
2450 1046 2696 1102 evocavit
2723 1046 2791 1099 ad
2821 1061 2880 1099 se
2909 1043 3271 1115 magniﬁcum
3308 1043 3507 1097 ducem
3537 1044 3781 1099 Gotefri—

2177 1138 2333 1203 dum,
2391 1137 2720 1206 redditaque
2772 1135 2879 1188 sibi
2927 1150 3095 1189 uxore
3139 1150 3268 1187 cum
3324 1132 3605 1187 Bonefacii
3659 1134 3781 1189 ﬁlia

2176 1225 2548 1296 omnibusque
2600 1225 2670 1278 ad
2727 1241 2849 1278 eam
2889 1221 3302 1294 pertinentibus
3331 1221 3780 1292 possessionibus

2178 1316 2418 1369 multum
2449 1313 2766 1384 supplicans
2798 1318 2863 1366 ut
2898 1311 3010 1365 ﬁlio
3039 1328 3141 1364 suo
3164 1311 3283 1379 jam
3322 1326 3453 1379 rege
3482 1310 3779 1380 designato

2178 1408 2430 1475 portaret
2458 1402 2785 1456 ﬁdelitatem
2827 1406 2954 1472 post
2983 1415 3187 1471 paucos
3216 1397 3336 1451 dies
3380 1404 3637 1452 mortuus
3666 1404 3774 1464 est,

2181 1493 2339 1561 cuius
2366 1508 2571 1562 corpus
2607 1491 2780 1562 Spirae
2816 1488 3121 1543 honoriﬁce
3151 1503 3278 1541 cum
3305 1492 3465 1557 patre
3493 1488 3778 1557 sepultum

2182 1588 2285 1646 est,
2319 1581 2675 1652 suscepitque
2708 1578 2853 1633 ﬁlius
2882 1579 3004 1648 ejus
3032 1593 3157 1630 cum
3183 1582 3362 1628 matre
3392 1574 3549 1644 regni
3576 1575 3777 1646 guber-

497 1674 819 1728 Romanum
860 1671 1076 1726 clerum
1101 1676 1159 1725 et
1193 1671 1460 1741 populum
1488 1670 1545 1725 in
1575 1672 1698 1740 ejus
1743 1672 2096 1727 consensisse
2114 1738 2141 1741 _
2181 1671 2400 1725 nacula.
2434 1672 2567 1724 Post
2594 1685 2800 1740 paucos
2829 1685 2957 1721 vero
2986 1667 3106 1720 dies
3125 1664 3366 1718 moritur
3385 1669 3442 1717 et
3467 1680 3611 1734 papa
3637 1664 3770 1731 (44).

497 1760 950 1825 electionem,vix
976 1759 1169 1814 multis
1189 1760 1493 1831 lachrymis
1520 1767 1575 1814 et
1596 1761 2096 1831 supplicationibus
2114 1738 2156 1796 Β
2180 1765 2305 1831 post
2360 1760 2521 1829 cujus
2576 1763 2816 1811 mortem
2862 1757 3254 1811 convenientes
3302 1753 3359 1806 in
3390 1769 3565 1807 unum
3593 1752 3780 1806 clerici

495 1851 683 1921 potuit
709 1850 1032 1920 impetrare.
1060 1854 1126 1903 ut
1151 1849 1209 1902 in
1240 1850 1364 1918 ejus
1393 1849 1663 1903 electione
1706 1850 1986 1920 pontiﬁcis
2014 1868 2097 1905 se-

497 1945 807 2011 querentur
833 1938 1158 2005 consilium;
1193 1954 1429 2008 moxque
1469 1954 1600 1992 cum
1637 1938 1916 2008 religiosis
1962 1939 2096 1993 viris

495 2029 666 2099 Alpes
705 2028 987 2082 transiens
1033 2027 1432 2097 imperatorem
1467 2026 1625 2090 adiit,
1659 2027 1822 2098 eique
1849 2027 1904 2080 in
1936 2033 2096 2082 tanta

496 2117 741 2172 amicitia
751 2118 980 2187 junctus
997 2120 1102 2180 est,
1121 2120 1184 2169 ut
1201 2114 1411 2169 crebris
1431 2115 1898 2171 collocutionibus
1912 2134 2096 2188 quan-

494 2210 617 2261 tum
648 2204 859 2276 peccati
890 2204 949 2258 in
972 2203 1272 2274 largitione
1304 2203 1582 2275 pontiﬁcis
1632 2204 1856 2258 fecisset
1905 2210 2095 2258 osten-

495 2294 675 2349 deret.
708 2295 816 2357 Qui
836 2294 959 2363 ejus
988 2292 1199 2346 salubri
1225 2292 1583 2362 acquiescens
1622 2293 1873 2357 consilio,
1907 2299 2097 2364 tyran-

494 2382 687 2437 nidem
715 2381 1040 2452 patritiatus
1070 2380 1348 2451 deposuit,
1372 2382 1633 2452 cleroque
1655 2382 1906 2437 Romano
1926 2387 1983 2436 et
2004 2399 2098 2454 po-

495 2471 630 2542 pulo
652 2470 961 2524 secundum
982 2469 1215 2540 antiqua
1233 2469 1520 2541 privilegia
1540 2471 1870 2525 electionem
1891 2471 2098 2525 summi

496 2558 856 2629 pontiﬁcatus
889 2558 1180 2625 concessit,
1214 2576 1453 2630 moxque
1475 2560 1775 2630 quemdam
1802 2562 2097 2615 Astensem

496 2648 893 2718 [Aistetensem
922 2650 1098 2703 dicere
1114 2649 1308 2719 voluit]
1337 2649 1656 2720 episcopum
1681 2649 1900 2720 praefati
1921 2650 2095 2721 impe-

496 2737 704 2792 ratoris
732 2754 1076 2793 ceconomum
1099 2744 1295 2793 contra
1331 2739 1678 2793 voluntatem
1705 2739 1956 2809 ejusdem
1985 2739 2093 2793 im-

496 2827 775 2897 peratoris
806 2827 1039 2882 Romam
1077 2844 1267 2882 secum
1297 2827 1452 2881 ducit
1478 2827 1736 2894 invitum,
1761 2845 1999 2899 cumque
2041 2828 2101 2883 in

499 2914 735 2968 ecclesia
754 2915 909 2969 Beati
941 2915 1094 2969 Petri
1123 2916 1432 2969 secundum
1450 2932 1662 2969 morem
1678 2917 1974 2986 antiquum
1994 2917 2102 2971 cle-

498 3019 598 3057 rus
613 3003 894 3074 elegisset,
920 3004 1272 3076 populusque
1303 3003 1805 3070 laudasset,statim
1834 3005 2099 3059 cardina-

2178 1850 2444 1903 Romanae
2474 1847 2729 1901 Ecclesiae
2759 1846 2927 1900 simul
2975 1863 3100 1900 cum
3148 1847 3313 1901 laude
3339 1844 3532 1917 populi
3560 1842 3781 1913 eligunt

2178 1936 2285 1991 sibi
2299 1936 2592 1991 Fredericu
2602 1953 2652 1989 m
2675 1935 3023 1990 Cassinensis
3045 1935 3370 1989 monasterii
3392 1933 3674 1998 abbatem,
3708 1932 3780 1986 de

2179 2043 2289 2097 quo
2317 2042 2489 2096 supra
2518 2025 2970 2089 memoravimus,
3004 2041 3169 2095 quem
3202 2025 3313 2077 alio
3350 2022 3577 2077 nomine
3604 2038 3783 2076 voca-

2178 2121 2380 2169 verunt
2409 2115 2780 2186 Stephanum,
2812 2130 2979 2184 quem
2999 2114 3306 2167 secundum
3334 2112 3631 2189 antiquum
3654 2128 3781 2165 mo-

2177 2222 2297 2259 rem
2325 2204 2397 2258 ad
2427 2204 2604 2258 altare
2624 2203 2772 2257 beati
2797 2203 2947 2257 Petri
2978 2206 3441 2257 consecraverunt
3458 2202 3779 2255 Romanum

2178 2293 2499 2364 pontiﬁcem
2523 2312 2535 2360 ;
2570 2291 2619 2346 is
2644 2291 3017 2346 venerabilem
3040 2291 3483 2345 Hildebrandum
3504 2290 3575 2343 ad
3596 2289 3783 2343 diaco-

2179 2388 2346 2437 natus
2389 2382 2668 2453 promovit
2709 2381 2984 2445 ordinem,
3021 2386 3078 2434 et
3115 2397 3247 2435 eum
3276 2383 3480 2434 sanctae
3510 2379 3779 2433 Romanae

2178 2471 2434 2526 Ecclesiae
2449 2470 2727 2524 ordinavit
2745 2469 3190 2523 archidiaconem
3202 2510 3214 2522 .

2637 2596 2875 2663 Explz’cit
2907 2597 3045 2648 liber
3063 2596 3318 2662 quintus.

2566 2717 2839 2775 INCIPIT
2864 2718 3081 2774 LIBER
3107 2719 3394 2775 SEXTUS.

2256 2827 2465 2881 Eodem
2494 2831 2746 2898 tempore
2780 2826 3208 2881 Mediolanensis
3239 2826 3636 2898 Ecclesia,quaa
3663 2829 3784 2884 fere

2182 2933 2283 2989 per
2303 2917 2572 2970 ducentos
2604 2932 2781 2969 annos
2813 2915 3089 2986 superbiae
3122 2916 3271 2969 fastu
3302 2914 3409 2983 (’15)
3449 2932 3482 2969 a
3511 2916 3782 2972 Romanae

2182 3007 2437 3062 Ecclesiae
2457 3023 2516 3060 se
2532 3005 2885 3059 subtraxerat
2898 3004 3381 3076 ditione,primum
3399 3022 3458 3059 se
3473 3005 3625 3059 inter
3642 3006 3784 3060 alias

498 3091 601 3158 les,
632 3097 698 3146 ut
747 3093 921 3146 moris
950 3098 1055 3156 est,
1108 3109 1239 3146 eum
1265 3092 1671 3146 intronizantes
1715 3094 1825 3147 alio
1865 3080 2149 3146 nomineC
2183 3097 2456 3151 Ecclesias
2510 3094 2816 3164 subjectam
2866 3111 2989 3149 esse
3031 3094 3318 3163 cognovit;
3376 3095 3526 3164 quod
3556 3095 3783 3165 quando

498 3186 838 3234 vocaverunt
863 3179 1169 3234 Victorem.

574 3266 763 3337 Hujus
785 3268 1062 3339 pontiﬁcis
1089 3274 1342 3338 tempore
1373 3268 1615 3322 moritur
1642 3269 1886 3342 inclytus
1916 3274 2026 3328 dux
2045 3278 2100 3326 et

503 3356 755 3410 marchio
784 3355 1124 3415 Bonifacius.
1156 3358 1416 3428 parvulos
1465 3358 1786 3430 relinquens
1828 3362 2095 3427 heredes,

507 3453 568 3502 et
607 3463 720 3502 non
748 3448 915 3519 longo
938 3455 1064 3520 post
1091 3455 1345 3521 tempore
1372 3450 1692 3505 Gotefridus
1712 3453 1841 3517 dux,
1872 3454 1958 3508 vir
1988 3471 2101 3509 ma-

505 3535 748 3606 gniﬁcus
777 3541 835 3590 et
864 3536 922 3590 in
960 3536 1174 3591 bellicis
1214 3537 1380 3591 rebus
1424 3539 1850 3595 strenuissimus
1880 3542 2101 3596 Italiam

507 3623 757 3690 veniens,
786 3626 909 3695 ejus
936 3625 1190 3680 relictam
1218 3626 1433 3697 accepit
1472 3627 1529 3680 in
1568 3629 1890 3699 conjugem.
1941 3630 2101 3694 Quod

508 3712 744 3767 audiens
770 3713 1078 3785 imperator
1106 3714 1331 3768 Italiam
1357 3715 1526 3782 venit,
1552 3732 1792 3786 eumque
1820 3718 1875 3771 in
1889 3719 2103 3789 Longo-

509 3801 740 3857 bardiro
791 3819 965 3873 regno
1021 3820 1132 3858 non
1189 3804 1418 3857 invenit.
1474 3805 1744 3859 Praefatae
1771 3807 1961 3877 itaque
2013 3824 2110 3861 rex

508 3888 960 3961 Longobardiam
990 3891 1221 3946 veniens
1251 3891 1311 3945 in
1343 3890 1539 3962 primis
1579 3893 1802 3948 Ottonis
1840 3896 2015 3949 ﬁliam
2055 3902 2112 3950 et

511 3979 876 4035 Adelheidem
915 3981 1101 4035 adhuc
1139 3981 1485 4034 infantulam
1522 3997 1625 4036 suo
1655 3984 1870 4054 accepit
1900 3985 2015 4038 ﬁlio
2053 3985 2112 4038 in

513 4069 636 4138 conj
646 4085 808 4139 ugem
817 4070 1028 4140 ,sicque
1039 4070 1248 4124 sedatis
1261 4070 1521 4123 omnibus
1538 4071 1942 4141 Longobardici
1954 4072 2111 4142 regni

514 4156 754 4225 negotiis
782 4157 1054 4212 invitatus
1073 4175 1108 4212 a
1123 4175 1269 4229 papa
1284 4159 1579 4214 Florentiae
1601 4161 1879 4231 synodum
1904 4160 2110 4214 media-

513 4243 632 4310 vit;
666 4243 737 4297 in
758 4260 870 4314 qua
890 4245 1104 4315 synodo
1130 4246 1359 4300 consilio
1382 4247 1717 4301 venerabilis
1747 4247 2112 4306 Hildebrandi

512 4331 848 4403 Symoniaca
873 4333 1100 4388 haeresis
1121 4339 1179 4388 et
1198 4336 1526 4406 turpissima
1544 4335 1838 4391 fornicatio
1859 4337 2111 4391 sacerdo—

513 4432 641 4482 tum
670 4425 856 4479 divino
889 4442 1154 4481 mucrone
1181 4444 1445 4499 percussa
1468 4433 1571 4482 est.
1606 4428 1751 4482 Nam
1801 4427 1861 4481 in
1912 4429 2110 4483 eadem

517 4515 733 4588 synodo
776 4514 940 4569 multi
961 4516 1345 4588 episcoporum
1368 4523 1596 4588 propter
1616 4518 2005 4588 Symoniacam
2020 4519 2112 4573 de-

516 4603 685 4677 positi
712 4608 845 4658 sunt
873 4609 932 4659 et
951 4608 1314 4676 quamplures
1343 4610 1574 4676 propter
1597 4605 1980 4660 fornicationis
2010 4608 2115 4661 cri-

517 4709 678 4759 men;
710 4691 860 4746 inter
889 4709 1030 4763 quos
1059 4699 1115 4747 et
1145 4695 1437 4764 episcopus
1463 4694 1712 4763 ejusdem
1743 4694 1984 4748 civitatis
2012 4696 2113 4749 de-

515 4779 733 4853 positus
781 4784 902 4846 est;
958 4780 1091 4850 quid
1139 4780 1332 4834 multis
1379 4782 1601 4834 moror?
1660 4780 1952 4836 Celebrato
2008 4783 2115 4836 rite

517 4869 777 4937 concilio,
821 4867 1208 4922 benedictione
1238 4874 1436 4922 auctus
1466 4870 1774 4940 pontiﬁcali
1810 4870 2118 4941 imperator

594 5011 702 5093 (44)
725 5009 1169 5093 ρὴνὶξῐορὴοῐιᾳε
1185 5008 1429 5093 ξθηάἱυὲ
1462 5028 1513 5093 v.
1548 5010 1616 5063 cl.
1650 5011 2034 5093 qui'notarum
2065 5019 2123 5067 et

515 5082 1067 5138 animadversionum
1108 5080 1168 5134 in
1198 5081 1433 5135 Gerardi
1475 5080 1707 5136 Joannis
1740 5083 1921 5137 Vossii
1948 5084 2120 5138 libros

517 5169 582 5209 ιιι
604 5155 675 5208 de
700 5154 1178 5224 Hist.Lat.auctor
1201 5158 1305 5224 est,
1329 5169 1439 5224 non
1467 5169 1497 5206 e
1523 5152 1684 5224 plebe
1706 5154 1800 5207 sed
1825 5171 1887 5207 ex
1921 5162 2121 5209 senatu

519 5226 715 5288 lectus,
751 5224 821 5278 de
851 5229 1032 5277 morte
1054 5223 1292 5277 Victoris
1319 5223 1461 5277 mira
1488 5224 1743 5295 quaedam
1774 5241 1807 5277 a
1832 5226 2111 5280 Bunizone

518 5296 588 5363 (si
609 5295 832 5365 quando
852 5295 910 5348 in
935 5295 1114 5348 lucem
1136 5295 1579 5365 protraheretur)
1600 5295 1705 5348 sibi
1726 5295 2107 5365 promittebat.

517 5365 623 5419 loc.
650 5366 742 5420 cit.
779 5383 832 5437 p.
866 5382 940 5419 m.
982 5364 1105 5433 196;
1130 5366 1228 5420 sed
1254 5367 1350 5420 ille
1376 5367 1465 5421 hic
1493 5373 1770 5437 tanquam
1810 5382 1982 5436 super
2012 5384 2110 5422 ova

617 5410 623 5418 ι
650 5406 742 5420 νιν.
779 5406 832 5433 r0
866 5406 940 5419 ul.
982 5406 1105 5433 IVV,

518 5444 578 5491 et
600 5436 824 5491 aristas.
1614 5436 1619 5437 ί
2008 5468 2012 5471 ν

591 5508 703 5577 (45)
755 5507 890 5562 Haec
934 5508 1118 5563 denuo
1158 5509 1393 5564 totidem
1446 5509 1565 5563 fere
1606 5507 1789 5562 verbis
1823 5525 1888 5562 ex
1919 5514 2112 5563 nostro

516 5579 873 5655 transcripsit
899 5580 952 5635 Ν
956 5579 1164 5636 icolaus
1203 5581 1498 5654 Aragoniae
1541 5579 1845 5635 cardinalis
1893 5579 1954 5635 in
1980 5581 2113 5635 Vita

2096 3201 2118 3215 ι·
2184 3185 2448 3246 evenerit,
2492 3200 2665 3255 quum
2709 3182 2948 3254 posteris
2988 3183 3154 3237 credo
3202 3183 3605 3250 necessarium,
3650 3185 3785 3238 huic

2183 3274 2449 3344 opusculo
2477 3273 2725 3326 inserere
2768 3270 3091 3325 deliberavi.
3138 3270 3571 3325 Mediolanensis
3609 3271 3789 3342 igitur

2183 3363 2375 3416 civitas
2421 3361 2599 3416 totius
2648 3359 3048 3430 Longobardiae
3077 3360 3403 3430 metropolis
3431 3360 3786 3431 temporibus

2183 3451 2561 3505 Romanorum
2590 3449 2993 3520 imperatorum
3021 3448 3182 3502 sedes
3210 3454 3333 3502 erat
3352 3448 3780 3518 Augustalis,in

2185 3557 2296 3611 qua
2326 3540 2490 3593 multi
2519 3538 2765 3608 religiosi
2794 3538 3036 3592 ﬂoruere
3085 3537 3349 3608 episcopi,
3381 3537 3531 3591 inter
3558 3555 3700 3609 quos
3725 3544 3785 3593 et

2183 3628 2382 3682 beatus
2402 3627 2750 3689 Ambrosius,
2779 3644 3005 3697 gemma
3031 3626 3409 3693 sacerdotum,
3438 3628 3598 3696 cuius
3619 3628 3788 3682 ﬂores

2187 3718 2535 3787 eloquiorum
2565 3733 2743 3786 usque
2772 3716 2937 3769 hodie
2967 3715 3024 3769 in
3047 3715 3292 3769 Ecclesia
3316 3715 3592 3770 redolent.

2262 3806 2366 3859 Hie
2406 3810 2630 3859 secutus
2675 3804 2990 3858 Orientales
3037 3803 3280 3874 primum
3313 3804 3684 3873 antiphonam
3729 3804 3791 3857 in

2193 3893 2437 3949 Ecclesia
2458 3894 2758 3947 decantare
2787 3892 3100 3957 constituit,
3123 3898 3180 3946 et
3197 3894 3365 3963 longo
3386 3898 3512 3963 post
3535 3898 3791 3964 tempore

2193 3983 2391 4037 beatus
2420 3981 2724 4052 Gregorius
2754 3981 3019 4035 cantandi
3039 3981 3280 4034 ofﬁcium
3300 3980 3502 4035 tribuit
3523 3981 3793 4036 Occiden-

2192 4072 2419 4126 talibus.
2480 4070 2586 4135 Qui
2624 4087 2963 4139 cognoscens
3011 4070 3158 4140 quod
3212 4070 3270 4124 in
3326 4070 3543 4124 unitate
3590 4076 3792 4125 cantus

2191 4167 2416 4216 tantum
2466 4178 2578 4214 non
2607 4166 2693 4214 est
2719 4176 2958 4230 regnum
2989 4159 3112 4225 Dei,
3157 4160 3255 4214 sed
3302 4160 3359 4214 in
3388 4160 3709 4214 obedientia
3737 4165 3797 4214 et

2194 4268 2349 4322 pace,
2386 4250 2861 4305 Mediolanensem
2901 4249 3204 4302 Ecclesiam
3229 4248 3287 4302 in
3308 4248 3571 4303 omnibus
3602 4266 3795 4311 sacra-

2193 4339 2399 4394 mentis
2426 4346 2632 4393 sanctae
2672 4339 2935 4392 Romana:
2965 4337 3222 4391 Ecclesiae.
3256 4338 3473 4392 unitam
3504 4354 3606 4408 per
3634 4354 3797 4392 reve-

2192 4429 2434 4483 rentiam
2462 4427 2613 4482 beati
2642 4427 2923 4481 Ambrosii
2966 4427 3229 4488 doctoris,
3280 4443 3444 4496 quem
3474 4426 3534 4481 in
3573 4426 3680 4480 hoc
3703 4444 3795 4481 se-

2192 4523 2354 4572 cutus
2385 4523 2490 4580 est,
2519 4516 2909 4570 intermiscens
2936 4516 3088 4570 illius
3116 4516 3453 4587 antiphonas
3471 4515 3590 4570 suis
3611 4515 3795 4570 canti-

2193 4606 2317 4665 bus.
2340 4605 2647 4660 secundum
2681 4605 2975 4676 antiquum
3011 4621 3223 4659 morem
3260 4611 3488 4659 cantare
3512 4606 3793 4675 permisit.

2197 4694 2332 4747 Post
2354 4693 2596 4747 multum
2628 4710 2758 4746 vero
2780 4693 3048 4764 temporis
3066 4710 3193 4747 cum
3215 4710 3274 4747 se
3294 4693 3527 4764 praefata
3545 4693 3799 4748 Ecclesia

2200 4782 2548 4853 Symoniarze
2594 4787 2713 4835 tota
2766 4783 3002 4836 serviret
3048 4782 3325 4836 haereseos
3351 4784 3457 4853 (ita
3479 4784 3640 4840 θρίω.
3674 4782 3797 4853 epi-

2199 4870 2351 4942 scopi
2386 4870 2548 4925 veriti
2600 4871 2918 4925 Romanum
2966 4871 3244 4941 judicium
3286 4871 3393 4925 hoc
3437 4870 3798 4942 proverbium

2200 5012 2470 5095 Stephani
2500 5012 2592 5095 lX,
2607 5083 2618 5094 .
2636 5013 2731 5094 qui
2762 5013 2929 5066 etiam
2954 5013 3180 5095 egregie
3195 5013 3423 5095 vapulat
3441 5029 3563 5067 eam
3580 5010 3653 5095 ob
3674 5029 3797 5066 rem

2202 5100 2235 5137 a
2255 5084 2322 5136 cl.
2351 5083 2679 5148 Muratorio,
2712 5084 2909 5153 ignaro
2953 5085 3069 5137 haec
3105 5101 3140 5138 a
3177 5083 3449 5154 scriptore
3477 5084 3797 5154 synchrono

2203 5159 2460 5223 accepta;
2501 5155 2595 5208 sed
2628 5161 2684 5208 et
2704 5155 3146 5225 Papebrochium
3168 5155 3516 5209 credulitatis
3538 5154 3612 5207 ibi
3637 5170 3799 5207 accu-

2192 5233 2299 5290 sat,
2353 5226 2669 5279 schismatis
2716 5226 2928 5296 aliquid
2963 5226 3417 5290 subodorantem,
3451 5242 3573 5296 quae
3602 5232 3795 5278 tamen

2194 5315 2303 5351 non
2341 5297 2481 5350 adeo
2510 5314 2654 5350 vana
2682 5297 2852 5351 fuisse
2883 5298 3086 5351 Bonizo
3133 5306 3343 5363 noster,
3390 5298 3558 5351 rebus
3591 5296 3797 5350 obscu-

2203 5368 2279 5421 ris
2309 5368 2571 5422 infestam
2601 5369 2784 5421 facem
2815 5368 3132 5439 przeferens,
3186 5370 3369 5439 palam
3427 5368 3579 5430 facit,
3625 5374 3688 5421 ut
3734 5366 3796 5420 li-

2199 5440 2367 5509 quido
2396 5445 2667 5510 appareat
2707 5456 2971 5510 magnam
3010 5440 3176 5494 rebus
3206 5439 3592 5494 ecclesiasticis
3634 5456 3700 5492 ex
3730 5454 3795 5492 eo

2192 5512 2467 5635 fscriptore
2513 5512 2574 5565 in
2620 5511 2803 5566 lucem
2850 5511 3121 5582 producto
3160 5512 3532 5566 accessionem
3586 5510 3797 5565 factam

2218 5598 2382 5635 uisse.

2218 5598 2363 5635 [11850
2371 5623 2382 5636 .
