3964 6362
174 305 290 365 8'25

1278 311 1493 370 LIBER
1528 313 1625 370 AD
1670 313 1974 370 AMICUM.
2019 339 2082 354 -
2123 312 2259 371 LIB.
2300 314 2395 369 VI.

3366 276 3474 359 θρα

173 432 534 489 seminavere
561 435 619 489 in
653 435 876 508 populo.
909 436 1283 493 Ambrosiana
1317 436 1562 493 Ecclesia
1591 438 1647 493 in
1678 455 1781 493 suo
1799 437 2139 499 Afortantes
2187 436 2403 510 plebem
2448 438 2615 493 verbo
2656 434 3067 510 praedicationis
3103 427 3462 487 insistebant.

172 529 335 579 statu
373 531 705 596 permaneat
747 525 1012 580 falsitatis
1060 532 1359 597 arguentes
1403 527 1784 590 Ambrosium,

174 612 493 682 sepissime
520 612 578 666 in
620 613 738 667 suis
761 614 985 686 scriptis
1013 616 1130 669 haec
1159 615 1531 681 intonantem,
1563 616 1787 670 haereti-

172 718 309 756 cum
338 717 480 765 esse,
516 702 613 772 qui
642 719 701 757 se
726 719 760 757 a
787 703 1053 758 Romanae
1075 704 1330 758 Ecclesiae
1359 704 1417 758 in
1443 704 1632 776 aliquo
1653 704 1786 758 sub-

173 791 421 844 traxerit
448 790 679 855 ditione,
708 792 921 862 praefati
943 808 1071 846 vero
1094 793 1332 846 Romani
1354 793 1631 864 pontificis
1650 798 1792 846 tem-

175 894 319 949 pore
347 878 532 932 Guido
574 879 1049 934 Mediolanensem
1097 880 1351 934 vastabat
1379 880 1677 935 Ecclesiam
1709 881 1794 934 vir

178 966 487 1022 illiteratus
507 974 566 1022 et
582 968 983 1023 concubinatus
1004 974 1061 1022 et
1089 968 1299 1039 absque
1319 970 1434 1023 ulla
1458 969 1792 1023 verecundia

179 1055 558 1110 Simoniacus.
589 1058 763 1127 llujus
788 1058 1061 1112 Guidonis
1090 1063 1343 1130 tempore
1371 1058 1529 1112 fuere
1550 1058 1660 1112 duo
1683 1058 1789 1112 cle-

178 1143 283 1198 rici
309 1144 369 1198 in
398 1144 634 1216 praefata
662 1146 904 1205 civitate.
939 1163 1178 1218 quorum
1208 1148 1354 1202 alter
1380 1147 1609 1201 nomine
1638 1146 1789 1201 Lan-

179 1231 376 1288 dulfus
401 1250 470 1287 ex
515 1235 793 1305 majorum
833 1236 1094 1307 prosapia
1137 1241 1294 1290 ortus
1325 1236 1411 1289 vir
1449 1236 1698 1290 urbanus
1736 1241 1794 1289 et

178 1320 657 1390 facundissimus;
710 1325 855 1378 alter
898 1341 1028 1378 vero
1074 1325 1378 1379 vocabatur
1428 1325 1690 1379 Arialdus
1726 1341 1791 1378 ex

180 1411 435 1481 equestri
457 1413 724 1483 progenie
744 1414 974 1468 trahens
993 1420 1209 1482 ortum;
1242 1415 1327 1469 vir
1344 1414 1664 1469 liberalibus
1678 1420 1792 1468 stu-

1869 525 1976 581 His
1995 526 2074 581 ita
2092 527 2288 597 gestis.
2314 529 2427 582 Deo
2449 528 2705 582 amabilis
2728 521 3141 582 Hildebrandus
3158 518 3229 573 ad
3250 514 3473 587 Lugdu-

1869 631 2097 669 nensem
2122 614 2361 670 Galliam
2390 632 2569 688 usque
2593 616 2867 687 pervenit,
2895 613 3085 683 ibique
3102 622 3307 679 magno
3333 604 3474 659 cclcc

1869 701 2030 757 brato
2057 704 2289 758 concilio
2312 704 2690 759 Simoniacam
2723 702 2977 758 haeresim
3003 707 3059 755 et
3083 692 3474 753 detestabilem

1870 792 2197 847 clericorum
2219 792 2643 848 fornicationem
2666 808 2844 864 usque
2861 792 2932 846 ad
2956 791 3235 862 Pyreneos
3255 786 3473 838 montes

1872 886 1930 935 et
1956 882 2026 935 ad
2056 882 2434 936 Britannicum
2466 899 2621 936 mare
2648 885 2973 953 persecutus
2993 883 3096 932 est.
3125 875 3193 930 In
3218 888 3330 944 quo
3349 884 3477 925 con-

1871 970 1999 1024 cilio
2028 969 2163 1024 satis
2187 987 2451 1042 magnum
2477 970 2809 1025 miraculum
2831 974 2889 1024 et
2911 967 3138 1023 evidens
3163 978 3264 1036 per
3282 958 3477 1032 praefa-

1870 1064 1988 1112 tum
2023 1059 2475 1114 archidiaconum
2506 1059 2655 1115 Deus
2693 1058 2957 1115 ostendit.
2990 1052 3247 1121 Fortein
3276 1048 3474 1104 eadem

1840 1162 1845 1163 ί
1871 1149 2085 1218 synodo
2099 1149 2297 1203 aderat
2312 1148 2711 1203 Hebroniensis
2724 1146 3195 1217 archiepiscOpus,
3213 1139 3297 1193 vir
3316 1136 3475 1191 valde

1874 1237 2384 1306 eloquentissimus.
2403 1238 2504 1292 llic
2523 1254 2649 1292 cum
2670 1237 2740 1291 ab
2762 1234 3043 1307 aliquibus
3066 1232 3137 1286 de
3157 1226 3477 1285 Simoniaca

1873 1324 2073 1379 haeresi
2099 1331 2247 1380 esset
2264 1331 2556 1381 accusatus
2576 1326 2830 1397 sequenti
2856 1329 3019 1378 nocte
3038 1335 3233 1377 omnes
3253 1329 3475 1372 accusa-

1875 1418 2023 1468 tores
2048 1415 2281 1486 pecunia
2303 1416 2434 1470 fecit
2454 1416 2682 1479 amicos,
2703 1429 2976 1484 maneque
2998 1412 3145 1466 facto
3164 1403 3477 1462 insultabat

179 1498 291 1553 diis
307 1500 564 1571 adprime
584 1502 855 1567 eruditus,
872 1502 966 1573 qui
986 1508 1180 1574 postea
1202 1503 1471 1574 martyrio
1490 1509 1788 1557 coronatus
1865 1502 2042 1572 judici
2072 1503 2261 1558 dicens
2287 1522 2298 1557 :
2332 1504 2435 1559 Ubi
2467 1510 2619 1567 sunt,
2651 1502 2746 1574 qui
2789 1518 2879 1555 me
2907 1497 3261 1555 accusabant.
3294 1494 3473 1548 Nemo

179 1592 291 1642 est.
322 1588 397 1642 Hi
425 1604 553 1643 cum
581 1590 884 1661 saepissime
912 1592 1086 1646 sacris
1122 1591 1511 1646 incumberent
1537 1592 1695 1646 libris
1730 1597 1788 1646 et
1870 1605 1960 1642 me
1988 1591 2399 1647 condemnavit.
2435 1592 2591 1656 Quod
2621 1590 2856 1645 audiens
2881 1587 3306 1642 archidiaconus
3328 1595 3472 1652 prae-

177 1675 465 1747 praecipue
490 1677 641 1732 beati
661 1678 938 1734 Ambrosii
969 1680 1247 1745 invenere,
1274 1687 1545 1751 quantum
1571 1681 1781 1735 crimen
1866 1671 2014 1731 fatus
2037 1679 2118 1734 ait
2140 1680 2209 1734 ad
2229 1680 2585 1752 episcopum:
2608 1679 2822 1744 Credis,
2846 1694 2879 1733 ο
2900 1677 3176 1748 episcope,
3200 1670 3471 1744 Spiritum

178 1765 259 1819 sit
282 1766 563 1821 talentum
584 1768 859 1823 creditum
887 1768 1246 1823 abscondere.
1283 1771 1462 1840 Hujus
1493 1770 1573 1822 rei
1599 1760 1844 1839 gratiaB
1866 1776 2120 1823 sanctum
2153 1773 2321 1825 unius
2349 1786 2474 1825 cum
2509 1776 2669 1841 patre
2698 1775 2755 1823 et
2797 1768 2937 1822 Filio
2980 1782 3102 1820 esse
3148 1758 3477 1818 substantiae

179 1869 242 1907 se
271 1853 390 1907 Deo
421 1860 480 1908 et
504 1854 670 1909 beato
700 1857 1080 1928 apostolorum
1103 1858 1342 1928 principi
1372 1857 1787 1911 committentes
1869 1866 1927 1915 et
1947 1858 2295 1914 divinitatis?
2315 1858 2436 1923 Quo
2457 1858 2832 1929 respondente
2855 1875 2868 1910 :
2894 1855 3074 1913 Credo
3098 1872 3109 1907 :
3135 1851 3245 1915 dic,
3269 1846 3474 1918 inquit,

181 1942 428 2012 quadam
457 1943 549 1997 die
581 1944 766 1998 divina
790 1947 1022 2015 juvante
1049 1946 1235 2016 gratia
1271 1946 1498 2000 verbum
1526 1947 1787 2017 praedica-
1870 1949 2063 2003 Gloria
2090 1947 2239 2001 Patri
2261 1953 2316 2001 et
2337 1947 2476 2001 Filio
2499 1954 2556 2001 et
2576 1945 2807 2017 Spiritui
2829 1949 3044 2005 sancto,
3066 1954 3306 2009 cumque
3328 1937 3476 1990 hunc

178 2030 354 2085 tionis
369 2031 581 2087 faciunt
598 2033 669 2089 ad
691 2034 979 2105 pupulum.
999 2035 1061 2089 In
1084 2051 1194 2105 qua
1212 2034 1439 2089 fraudes
1456 2035 1787 2090 Simoniacae
1870 2037 2203 2091 versiculum
2228 2036 2564 2090 ﬁducialiter
2580 2034 2856 2106 coepisset,
2874 2032 3066 2087 Gloria
3080 2028 3233 2084 Patri
3258 2032 3311 2080 et
3332 2023 3475 2080 Filio

179 2120 505 2174 venalitatis
520 2122 723 2192 populo
743 2123 1121 2194 propalavere,
1137 2129 1196 2177 et
1210 2140 1377 2193 quam
1398 2124 1788 2194 turpissimum
1873 2125 2108 2182 dicebat.
2124 2126 2218 2179 sed
2240 2124 2509 2196 Spiritum
2531 2130 2785 2178 sanctum
2801 2123 3092 2177 nominare
3107 2135 3220 2174 non
3234 2114 3469 2180 valebat,

181 2215 331 2264 esset
359 2210 679 2265 sacerdotes
697 2217 753 2265 et
764 2212 1394 2267 Levitasconcubinatos
1407 2230 1566 2267 sacra
1589 2220 1793 2285 myste-

179 2298 269 2353 ria
296 2299 584 2354 celebrare
625 2300 749 2354 luce
789 2301 996 2356 clarius
1024 2289 1495 2365 demonstravere,
1527 2308 1584 2355 et
1621 2319 1790 2373 quam

178 2389 508 2444 haereticum
526 2396 675 2444 esset
690 2391 954 2446 Romanae
966 2392 1223 2446 Ecclesiae
1245 2409 1355 2446 non
1378 2392 1605 2447 obedire
1629 2393 1789 2447 beato

179 2477 480 2532 Ambrosio
524 2484 668 2533 teste
711 2480 1083 2536 declaravere.
1135 2481 1294 2545 Quod
1338 2482 1652 2545 audientes,
1694 2481 1789 2552 qui

182 2566 570 2636 praedestinati
590 2574 753 2621 erant
771 2568 840 2621 ad
863 2569 1030 2622 vitam
1052 2568 1293 2623 libenter
1313 2586 1574 2641 accepere
1595 2576 1652 2624 et
1673 2587 1789 2624 ma-

183 2654 333 2708 xime
365 2671 660 2725 pauperes,
687 2673 825 2726 quos
843 2657 1012 2726 elegit
1030 2658 1197 2724 Deus,
1219 2662 1284 2711 ut
1310 2657 1614 2712 confundat
1628 2659 1791 2713 fortia

183 2743 240 2811 (I
264 2744 390 2798 Cor.
437 2758 477 2809 ι,
508 2741 624 2812 27).
666 2745 971 2799 Multitudo
1018 2762 1145 2800 vero
1187 2747 1537 2813 clericorum,
1575 2765 1698 2818 quae
1733 2748 1793 2802 in

183 2830 384 2885 eadem
431 2832 678 2886 Ecclesia
710 2837 797 2886 est
837 2833 1265 2888 innumerabilis
1305 2839 1369 2888 ut
1396 2851 1570 2889 arena
1597 2837 1789 2903 maris,

184 2919 610 2975 concitaverunt
627 2921 949 2992 capitaneos
974 2930 1027 2977 et
1048 2938 1401 2977 varvassores
1422 2924 1791 2980 Ecclesiarum

181 3008 505 3063 venditores
543 3015 601 3063 et
646 3011 1087 3081 consanguineos
1118 3021 1175 3065 et
1201 3011 1637 3066 concubinarum
1669 3030 1794 3068 sua-

1874 2232 2038 2287 quem
2057 2231 2182 2272 cum
2203 2231 2348 2285 saepe
2361 2214 2620 2285 cmpissct
2639 2220 2697 2268 et
2715 2213 2855 2268 nihil
2876 2210 3219 2284 profecisset,
3241 2204 3477 2279 pedibus

1873 2306 1997 2375 ejus
2026 2303 2321 2358 obvolutus
2352 2302 2730 2357 Simoniacum
2772 2318 2833 2356 se
2880 2317 3002 2355 esse
3039 2301 3324 2370 professus
3368 2297 3473 2347 est.

1873 2392 1980 2457 Qui
2004 2408 2129 2445 mox
2157 2396 2221 2445 ut
2249 2390 2318 2444 ab
2342 2391 2665 2462 episcopatu
2684 2389 2973 2462 depositus
2994 2394 3101 2454 est,
3115 2384 3307 2441 Gloria
3322 2381 3477 2438 Patri

1873 2487 1931 2536 et
1956 2480 2094 2535 Filio
2125 2486 2183 2534 et
2213 2479 2449 2552 Spiritui
2486 2484 2680 2535 sancto
2717 2479 2868 2533 clara
2896 2495 3028 2531 voce
3056 2475 3342 2531 confessus
3371 2476 3474 2527 est.

1871 2569 2031 2635 Quod
2058 2569 2266 2623 factum
2296 2585 2563 2639 magnum
2594 2575 2869 2623 terrorem
2902 2566 3093 2621 intulit
3122 2561 3473 2626 Simoniacis,

1873 2659 1933 2713 in
1959 2663 2180 2712 tantum
2211 2663 2275 2711 ut
2301 2658 2357 2711 in
2380 2658 2575 2711 eodem
2606 2657 2696 2711 die
2715 2657 2906 2711 decem
2931 2661 2989 2709 et
3011 2658 3135 2708 octo
3157 2650 3400 2724 episcopi
3418 2666 3479 2704 se

1877 2747 2108 2819 professi
2134 2747 2248 2801 sint
2277 2746 2620 2801 Simoniacos
2649 2762 2791 2810 esse,
2822 2744 3158 2814 sedibusque
3189 2740 3479 2812 episcopa-

1876 2836 2022 2890 libus
2059 2835 2543 2889 renuntiaverunt.
2576 2833 2871 2888 Celebrata
2907 2833 3083 2903 igitur
3119 2838 3236 2884 tam
3284 2832 3480 2883 sancta

1875 2925 2089 2997 synodo
2129 2923 2517 2978 ecclesiasticis
2553 2921 2720 2977 rebus
2769 2922 2876 2976 rite
2902 2918 3246 2991 compositis,
3287 2916 3489 2970 Rome

1876 3015 1946 3068 ad
1967 3029 2248 3068 summum
2274 3012 2592 3083 pontiﬁcem
2612 3011 2879 3065 citissime
2907 3014 3182 3063 remeant.
3202 3004 3478 3061 Praefatus

183 3115 311 3152 rum
362 3098 707 3169 propinquos
749 3105 805 3153 et
850 3079 1124 3154 seditione
1163 3105 1355 3154 exorta
1394 3100 1680 3155 silentium
1712 3101 1793 3155 eis
1819 3079 2004 3156 Cvero
2020 3102 2217 3156 beatus
2235 3079 2553 3172 Stephanus
2568 3095 3479 3171 papaspiritumdiciturhabuisse

182 3184 475 3256 imponere
494 3185 846 3255 satagebant,
863 3187 961 3241 sed
982 3204 1080 3258 spe
1096 3204 1198 3241 sua
1212 3187 1466 3242 frustrati
1482 3194 1632 3243 sunt.
1648 3188 1793 3242 Nam
1875 3190 2204 3262 prophetiae.
2234 3191 2378 3243 Nam
2409 3188 2600 3258 paucis
2619 3187 2817 3242 diebus
2843 3185 3145 3242 transactis
3172 3190 3479 3256 antequam

184 3289 312 3327 cum
335 3279 621 3329 crescente
639 3275 888 3345 quotidie
904 3292 1139 3330 numero
1162 3276 1432 3342 fidelium,
1458 3277 1678 3331 mirifici
1693 3278 1794 3331 Dei
1876 3280 2073 3343 obiret,
2119 3294 2317 3332 vocans
2361 3278 2651 3349 episcopos
2698 3282 2756 3331 et
2801 3275 3115 3331 cardinales
3155 3279 3214 3328 et
3255 3273 3476 3341 levitas,

184 3362 412 3418 athletae
441 3364 625 3418 acrius
673 3364 841 3419 verbo
906 3365 1225 3420 nsudabant
1262 3366 1695 3437 praedicationis,
1737 3371 1795 3419 et
1877 3369 1965 3423 his
1994 3368 2177 3422 verbis
2202 3385 2297 3422 eos
2325 3368 2600 3422 allocutus
2630 3372 2750 3421 est:
2781 3367 2926 3429 Scio,
2958 3365 3179 3430 fratres,
3204 3363 3337 3436 quia
3355 3367 3484 3434 post

187 3452 686 3523 propalataeorum
706 3453 1353 3525 nequitia,quotidieDei
1366 3455 1579 3509 inimici
1594 3455 1794 3526 impin-
1877 3463 2114 3512 mortem
2134 3474 2317 3511 meam
2340 3462 2645 3526 exsurgent
2673 3455 2778 3509 viri
2817 3471 2882 3509 ex
2912 3454 3064 3509 vobis
3106 3458 3362 3508 amantes
3391 3468 3482 3507 se-

186 3542 469 3609 gehantur
493 3548 551 3595 et
574 3542 994 3608 minuebantur,
1018 3543 1075 3597 in
1103 3549 1328 3597 tantum
1353 3548 1418 3598 ut
1445 3544 1630 3615 ipsum
1656 3544 1798 3613 ejus-
1878 3546 2164 3617 metipsus.
2199 3546 2293 3617 qui
2339 3562 2451 3600 non
2480 3562 2581 3617 per
2608 3544 2834 3599 decreta
2862 3549 3180 3598 sanctorum
3226 3543 3480 3607 Patrum,

188 3629 316 3682 dem
349 3630 609 3684 Ecclesiae
629 3631 840 3686 dictum
870 3633 1188 3703 pontiﬁcem
1212 3632 1281 3687 ab
1301 3632 1533 3686 ecclesia
1553 3633 1797 3703 quadam
1879 3635 1977 3689 sed
2016 3652 2117 3706 per
2147 3636 2317 3689 laicas
2345 3651 2612 3706 personas
2642 3635 2785 3688 hanc
2814 3634 3003 3687 sedem
3034 3631 3326 3703 arripient.
3360 3630 3483 3695 Quo

187 3718 279 3771 die
324 3719 687 3789 expellerent.
732 3720 892 3785 Quod
942 3721 1194 3775 videntes
1224 3720 1523 3776 Simoniaci
1554 3738 1666 3775 non
1701 3738 1796 3775 va-
1881 3725 2072 3779 audito
2089 3742 2285 3779 omnes
2304 3726 2515 3795 pariter
2531 3739 2807 3794 negavere
2829 3730 2885 3777 et
2903 3726 3252 3775 sacramento
3273 3720 3405 3773 dato
3424 3718 3483 3773 in

186 3806 367 3861 lentes
394 3813 587 3863 tamen
616 3809 835 3863 veritati
867 3814 924 3864 et
950 3815 1121 3865 tanta:
1160 3810 1507 3865 multitudini
1534 3811 1796 3865 resistere
1880 3829 2051 3867 manu
2078 3829 2235 3884 papae
2263 3829 2383 3868 sese
2408 3818 2605 3866 mutuo
2636 3812 2902 3881 ligavere,
2921 3824 3208 3879 nunquam
3230 3823 3291 3861 se
3319 3806 3485 3861 aliter

188 3895 692 3963 confundebantur,
719 3898 911 3969 eisque
938 3904 1326 3969 paupertatem
1349 3899 1795 3970 improperantcs
1881 3919 2050 3973 quam
2075 3902 2300 3956 decreta
2328 3906 2648 3955 sanctorum
2680 3901 2911 3954 Patrum
2933 3897 3181 3967 exigunt,
3203 3894 3273 3949 ad
3303 3895 3484 3967 ponti-

187 3984 503 4050 Paterinos,
527 3985 585 4039 id
616 3990 702 4040 est
726 4003 1005 4057 pannosos
1033 3987 1343 4054 vocabant;
1376 3995 1434 4042 et
1458 3988 1539 4040 illi
1568 3988 1795 4058 quidem
1880 3990 2094 4044 ficalem
2128 3989 2429 4043 ascendere
2458 3989 2646 4042 sedem
2680 3993 2736 4041 et
2776 3984 3207 4042 ascendentibus
3244 3999 3484 4038 consen-

189 4073 440 4127 dicentes
468 4073 630 4128 fratri
656 4075 824 4129 racha
845 4076 925 4129 rei
950 4081 1112 4130 erant
1130 4076 1342 4146 judicio
1365 4078 1578 4142 (Matth.
1602 4090 1656 4140 v,
1681 4076 1792 4143 22).
1877 4079 2004 4133 tire.
2504 4098 2511 4105 '
2732 4082 2735 4087 ’

193 4161 411 4216 Rachos
443 4162 591 4215 enim
618 4162 830 4229 Graece,
859 4164 1057 4218 Latine
1075 4181 1298 4234 pannus
1323 4164 1546 4219 dicitur.
1575 4165 1643 4218 Hi
1668 4182 1796 4219 vero
1949 4169 2083 4221 Post
2112 4182 2317 4237 paucos
2346 4182 2474 4219 vero
2503 4165 2622 4219 dies
2650 4164 2708 4218 in
2729 4164 2983 4235 partibus
2999 4162 3212 4219 Tusciae
3233 4161 3482 4232 veniens,

192 4250 363 4317 beati,
397 4251 495 4321 qui
527 4268 625 4322 pro
654 4253 880 4306 nomine
905 4254 1038 4307 Jesu
1067 4253 1222 4323 digni
1246 4260 1409 4308 erant
1428 4254 1796 4308 contumelias
1878 4256 2148 4326 languore
2198 4261 2488 4325 correptus
2539 4252 2799 4324 spiritum
2857 4253 2995 4307 caelo
3045 4251 3309 4315 reddidit,
3357 4257 3485 4321 post

192 4340 310 4411 pati
330 4340 539 4409 (Act.v,
562 4338 830 4410 41).Quid
856 4342 1020 4412 plura
1043 4360 1054 4395 :
1093 4342 1377 4396 crescebat
1405 4342 1655 4413 quotidie
1679 4343 2036 4437 glo—Dcujus
2066 4344 2279 4398 obitum
2314 4343 2503 4397 Romae
2524 4342 2801 4412 capitanei
2828 4349 2885 4395 et
2914 4341 3154 4395 maxime
3175 4339 3484 4410 Gregorius

191 4428 407 4483 riosum
427 4444 609 4498 genus
631 4431 1042 4496 Paterinorum,
1057 4430 1117 4484 in
1131 4435 1353 4484 tantum
1370 4437 1435 4484 ut
1450 4431 1797 4485 destinarent
1814 4428 1856 4437 ”
1875 4428 2245 4491 Tusculanus.
2286 4433 2381 4503 qui
2424 4432 2741 4503 paritialem
2772 4431 2879 4485 sibi
2927 4431 3153 4485 inanem
3201 4430 3485 4501 quondam

191 4517 421 4571 mittere
450 4518 715 4572 honestos
734 4518 882 4573 viros
901 4519 1156 4585 Romam,
1189 4521 1286 4590 qui
1310 4518 1534 4574 beatum
1564 4520 1798 4590 Stepha-
1878 4522 2254 4576 vindicaverat
2298 4521 2656 4592 dignitatem,
2722 4526 3073 4575 assumentes
3124 4519 3484 4591 tyrannidem

193 4622 331 4661 num
367 4623 575 4678 papam
606 4614 889 4676 rogarent,
921 4613 987 4662 ut
1013 4625 1203 4662 secum
1235 4608 1484 4663 mitteret
1506 4609 1796 4680 religiosos
1879 4611 2179 4682 quemdam
2198 4610 2606 4665 Velitercnsem
2637 4611 2958 4682 episcopum
2984 4609 3325 4664 cardinalem
3357 4624 3487 4663 con-

195 4695 506 4766 episcopos,
535 4695 631 4766 qui
658 4695 885 4750 illorum
920 4696 1210 4751 ecclesiam
1241 4714 1275 4751 a
1305 4697 1684 4751 fundamentis
1711 4715 1801 4751 re-
1883 4704 1972 4753 tra
2003 4699 2126 4762 hoc,
2159 4699 2308 4769 quod
2338 4715 2496 4770 papae
2525 4699 2736 4753 dudum
2770 4699 2826 4752 in
2865 4716 3032 4753 manu
3070 4698 3311 4768 ipsemet
3332 4699 3487 4767 jura-

197 4784 557 4837 aediﬁcarent.
579 4785 644 4838 In
663 4788 824 4839 tanta
843 4785 993 4839 enim
1019 4786 1490 4841 etinnumerabili
1509 4786 1676 4841 turba
1696 4788 1803 4841 cle-
1882 4793 2056 4849 verat,
2089 4787 2161 4840 ad
2189 4788 2445 4858 papalem
2476 4790 2721 4842 evehunt
2748 4787 3100 4858 dignitatem,
3133 4803 3300 4858 quem
3329 4802 3486 4839 verso

197 4872 445 4926 ricorum
464 4872 554 4926 vix
586 4889 655 4927 ex
680 4874 835 4928 mille
865 4876 1112 4946 quinque
1139 4880 1402 4946 poterant
1423 4875 1680 4938 inveniri,
1705 4875 1801 4946 qui
1882 4876 2108 4931 nomine
2141 4876 2499 4931 Benedictum
2530 4894 2814 4931 vocavere.

197 4976 310 5014 non
338 4960 671 5016 Simoniacae
700 4962 974 5018 haereseos
1013 4964 1247 5018 maculis
1286 4981 1398 5018 non
1427 4966 1526 5033 (ita
1550 4966 1684 5028 cod.,
1713 4967 1804 5018 sed

198 5051 472 5111 mendose)
501 5057 690 5105 essent
708 5051 929 5106 irretiti.
954 5052 1113 5117 Quod
1136 5060 1200 5107 ut
1222 5052 1453 5117 audivit,
1484 5069 1628 5123 papa
1645 5053 1801 5123 gavi-

199 5154 293 5193 sus
320 5144 427 5203 est,
460 5143 517 5193 et
542 5139 832 5195 confestim
856 5141 1011 5195 misit
1042 5159 1077 5196 a
1107 5142 1282 5196 latere
1310 5158 1412 5195 suo
1431 5142 1720 5212 episcopos
1745 5147 1802 5196 et

200 5242 323 5281 cum
340 5227 422 5282 eis
435 5227 551 5281 Deo
564 5228 861 5283 amabilem
877 5230 1318 5285 Hildebrandum
1332 5230 1801 5284 archidiaconem.

202 5315 306 5379 Qui
332 5316 621 5371 venientes
646 5318 1041 5381 Mediolanum,
1075 5319 1553 5391 archiepiscopum
1589 5319 1664 5372 ibi
1694 5336 1806 5373 non

203 5402 556 5460 invenerunt.
586 5407 833 5478 Fugerat
856 5408 1004 5462 enim
1033 5407 1371 5462 conscientia
1395 5415 1692 5463 accusante
1719 5426 1809 5464 eo-

201 5508 325 5548 rum
347 5495 736 5565 praesentiam;
757 5498 854 5553 sed
874 5514 908 5551 a
924 5498 1129 5569 populo
1148 5497 1726 5564 honorificentissime,
1744 5503 1810 5552 ut

204 5580 406 5649 decuit,
436 5584 683 5663 suscepti
705 5592 865 5645 sunt.
903 5586 1012 5652 Qui
1049 5602 1151 5668 per
1178 5585 1495 5671 aliquantos
1522 5586 1643 5642 dies
1671 5603 1807 5642 con-

1953 4966 2101 5019 Dum
2125 4965 2243 5019 haec
2272 4964 2351 5020 ita
2369 4972 2719 5036 gererentur,
2747 4965 2969 5020 llenrici
2989 4962 3343 5036 imperatoris
3359 4978 3488 5016 con-

1879 5056 1977 5125 jux
2020 5070 2148 5108 cum
2188 5053 2303 5107 filio
2354 5055 2603 5124 parvulo,
2656 5061 2720 5108 ut
2763 5071 2933 5125 supra
2968 5053 3283 5117 retulimus,
3326 5050 3487 5121 regni

1886 5143 2116 5197 tenebat
2142 5143 2542 5214 gubernacula,
2563 5160 2685 5215 quae
2710 5144 2889 5197 multa
2911 5148 3107 5197 contra
3123 5143 3218 5212 jus
3245 5140 3490 5195 feminea

1886 5232 2130 5286 faciebat
2156 5232 2410 5287 audacia.
2438 5233 2566 5287 Haec
2590 5232 2649 5285 in
2676 5232 2984 5303 primordio
3005 5229 3163 5300 regni
3183 5229 3269 5283 sui
3294 5244 3489 5283 omnes

1889 5322 2139 5391 ejusdem
2170 5321 2348 5376 Italici
2382 5322 2540 5392 regni
2574 5338 2741 5375 curas
2766 5319 2989 5375 cuidam
3020 5319 3290 5374 Guiberto
3333 5334 3488 5377 corm-

1891 5411 2061 5466 misit.
2094 5411 2386 5466 Parmensi
2417 5410 2592 5466 nobili
2620 5417 2744 5465 orto
2770 5426 2978 5480 genere
3007 5425 3249 5480 eumque
3278 5408 3494 5462 cancel-

1888 5499 2092 5554 larium
2106 5500 2425 5572 appellavit.
2443 5501 2665 5555 Interea
2684 5500 2798 5553 Deo
2810 5497 3066 5552 amabilis
3078 5496 3493 5552 Hildebrandus

1889 5605 2015 5643 cum
2037 5589 2415 5647 cardinalibus
2443 5588 2716 5671 episcopis
2737 5593 2797 5643 et
2822 5587 3006 5645 levitis
3034 5592 3090 5643 et
3113 5585 3496 5647 sacerdotibus
