3964 6362
507 306 614 367 827
1520 308 1910 365 BONIZONIS
1947 310 2384 366 PLAGENTINI
2409 308 2782 365 ‘EPISOOPI.
3692 299 3811 361 ηε

511 433 717 488 Senam
745 433 1083 489 conveniens
1109 432 1266 504 eligit
1295 431 1401 486 sibi
1431 430 1744 486 Gerardum
1773 431 2108 488 Florentino:
2129 441 2168 494 Α
2189 436 2402 488 Tauros
2433 432 2828 503 Langobardos
2855 430 3161 502 episcl'ipos.
3195 428 3254 482 id
3287 434 3376 484 est
3401 425 3802 491 Cimiber'tum,

507 521 752 580 civitatis
793 523 1138 593 episcopum,
1185 536 1348 592 quem
1400 521 1511 574 alio
1559 521 1784 579 nomine
1812 522 2113 592 appellavit
2193 524 2596 578 Taurinensem
2621 529 2680 576 et
2701 521 3035 578 (liselinum,
3062 521 3354 572 Astensem
3383 526 3442 570 et
3468 518 3814 581 Benzonem,

508 611 802 666 Nicolaum
828 608 958 676 (56).
997 611 1096 666 llic
1133 611 1280 664 idem
1314 610 1600 680 praefatum
1633 610 1965 664 Guihertum
1996 612 2111 665 Ita-
2195 613 2492 667 Albensem
2522 619 2582 666 et
2608 611 2961 680 Gregorium,
2999 605 3405 660 Vercellensem
3435 614 3494 659 et
3515 607 3813 668 Ottonem,

509 698 602 753 lici
647 699 806 768 regni
834 699 1225 754 cancellarium
1255 716 1319 752 ex
1365 705 1523 768 parte
1554 697 1702 751 beati
1737 699 1884 752 Petri
1916 708 1972 752 et
2015 716 2114 770 per
2197 701 2593 755 Novariensem
2621 707 2679 752 et
2703 699 3028 769 Opizonem.
3055 696 3402 750 Laudensem
3425 701 3483 748 et
3514 693 3820 747 Aldeman-

511 801 702 840 veram
734 785 1108 842 obedientiam
1134 785 1388 840 invitavit
1406 785 1474 838 ad
1501 786 1800 854 synodum.
1825 793 1881 839 et
1899 803 2026 841 cum
2048 803 2113 840 eo
2199 807 2332 844 num
2355 790 2756 844 Brixinensem.
2775 787 2991 852 Quibus
3011 785 3272 839 omnibus
3294 783 3352 836 in
3371 783 3568 836 eadem
3591 783 3816 852 synodo

501 874 873 944 magniﬁcum
896 875 1077 928 virum
1097 875 1446 930 Gotefridum
1472 881 1530 926 et
1548 890 1658 926 non
1682 875 1864 928 solum
1883 875 2114 950 Tusciae,
2203 886 2544 949 praeceptum
2567 885 2655 932 est
2675 883 2736 930 ut
2765 875 3084 930 sacerdotes
3105 879 3164 927 et
3191 873 3387 926 levitas
3407 870 3816 926 concubinatos

515 963 613 1017 sed
634 970 691 1018 et
719 961 1118 1032 Longobardize
1138 963 1446 1032 episcopos,
1473 969 1536 1016 ut
1560 963 1840 1017 venientes
1866 965 2116 1018 Sutrium
2204 967 2274 1021 ab
2321 967 2516 1021 altaris
2560 970 2818 1019 arcerent
2857 964 3040 1018 officio
3064 981 3077 1029 ;
3119 979 3255 1031 erga
3299 961 3650 1015 Simoniacos
3679 976 3816 1013 veno

514 1051 584 1106 de
613 1051 840 1121 perjuro
877 1058 934 1107 et
979 1051 1234 1106 invasere
1265 1057 1575 1106 tractarent
1614 1051 1932 1105 concilium.
1968 1053 2118 1116 Quos
2201 1057 2414 1110 nullam
2447 1055 2888 1108 misericordiam
2920 1052 3234 1106 habendam
3264 1065 3385 1106 esse
3417 1049 3816 1106 decreverunt.

509 1139 606 1195 ubi
630 1139 879 1196 Sutrium
901 1140 1269 1196 adventantes
1289 1140 2120 1210 audivitprmfatusBem-dictus
2202 1152 2261 1198 et
2296 1144 2577 1197 communi
2615 1143 2870 1196 omnium
2908 1141 3295 1211 episcoporum
3335 1138 3566 1195 consilio
3605 1137 3665 1192 in
3705 1139 3819 1192 hac

513 1227 856 1283 conscientia
891 1237 1208 1290 accusante.
1250 1229 1436 1283 sedem
1485 1245 1652 1299 quam
1694 1229 1978 1285 invaserat
2017 1231 2116 1284 de—

515 1317 714 1382 seruit,
735 1325 790 1371 et
817 1317 888 1372 ad
910 1318 1190 1387 propriam
1213 1317 1439 1372 domum
1465 1334 1523 1370 se
1545 1317 1800 1371 contulit.
1827 1318 1941 1372 Hoc
1969 1325 2117 1387 post-

515 1421 684 1474 quam
712 1405 901 1460 Sutrio
931 1406 1252 1460 nuntiatum
1283 1411 1386 1468 est,
1419 1404 1748 1460 \enerabilis
1776 1405 1896 1459 sine
1925 1405 2113 1475 aliqua

512 1494 906 1562 congressione
929 1494 1192 1548 Nicolaus
1225 1495 1396 1547 victor
1423 1495 1656 1548 Romam
1690 1493 1938 1556 intravit,
1963 1501 2020 1548 et
2044 1493 2114 1548 ab

515 1583 670 1637 omni
698 1583 847 1636 clero
878 1590 934 1636 et
963 1583 1168 1653 populo
1201 1583 1502 1638 honoriﬁce
1542 1590 1834 1652 susceptus
1863 1590 1967 1646 est,
2001 1591 2058 1636 et
2087 1599 2117 1636 u

515 1671 894 1727 cardinalibus
941 1671 996 1726 in
1039 1670 1190 1728 beati
1222 1671 1372 1726 Petri
1407 1671 1814 1726 inthronizatus
1842 1681 1926 1725 est
1965 1672 2114 1725 sede.

2199 1232 2412 1301 synodo
2442 1231 2559 1284 haec
2590 1231 2674 1284 lex
2705 1230 2774 1282 de
2812 1228 3081 1281 electione
3123 1226 3399 1297 pontificis
3427 1225 3666 1280 deﬁnita
3701 1233 3815 1292 est,

2199 1320 2288 1389 cui
2318 1321 2425 1388 legi
2455 1334 2583 1373 cxm
2616 1317 2859 1388 episeopi
2889 1317 3284 1386 subscripsere.

2273 1431 2294 1457 ι
2327 1409 2382 1463 Si
2417 1408 2542 1478 quis
2573 1407 2892 1478 apostolicae
2921 1405 3039 1459 sedi
3069 1406 3191 1458 sine
3217 1404 3514 1462 concordia
3543 1409 3604 1458 et
3644 1419 3821 1464 cano-

2200 1497 2323 1552 nica
2353 1497 2623 1551 electione
2653 1495 3022 1550 cardinalium
3059 1493 3193 1560 (ili‘l
3215 1497 3274 1546 et
3295 1493 3654 1563 sequentium
3683 1493 3820 1546 reli-

2199 1585 2482 1655 giosorum
2513 1584 2843 1638 clericorum
2878 1582 3052 1636 fuerit
3085 1581 3474 1635 intronizatus.
3505 1597 3614 1634 non
3645 1597 3815 1650 apos-

2202 1676 2423 1738 tolicus,
2469 1676 2566 1728 sed
2611 1674 2954 1743 apostaticus
2996 1671 3289 1726 habeatur.
3325 1671 3599 1740 liceatque
3629 1671 3819 1728 cardi-

516 1760 632 1815 Nec
663 1760 839 1815 multo
871 1767 997 1830 post
1032 1768 1286 1830 tempore
1317 1760 1544 1813 veniens
1587 1759 1847 1828 praefatus
1894 1748 2184 1815 Benedi—B
2205 1763 2426 1819 nalibus
2455 1781 2580 1816 cum
2615 1763 2739 1816 aliis
2763 1763 2938 1816 Deum
2971 1760 3302 1814 timentibus
3325 1759 3541 1813 clericis
3565 1765 3623 1813 et
3655 1761 3819 1814 laicis

517 1853 659 1913 ctus,
693 1849 790 1918 qui
819 1849 929 1904 alio
967 1849 1192 1905 nomine
1222 1848 1460 1902 Mincius
1490 1848 1808 1913 vocabatur,
1841 1849 1908 1904 ad
1937 1865 2124 1918 genua
2207 1854 2518 1906 invasorem
2551 1858 2608 1905 et
2634 1851 3132 1906 anathematizare.
3156 1857 3215 1903 et
3243 1849 3490 1902 humano
3519 1848 3727 1902 auxilio
3759 1855 3822 1903 et

517 1953 676 2008 papa
707 1937 1067 2008 provolvitur.
1091 1955 1150 1991 se
1168 1937 1276 1992 vim
1299 1953 1624 2006 perpessum
1647 1937 1913 1996 clamans.
1931 1947 2120 1994 tamen
2205 1941 2390 1996 studio
2421 1957 2454 1995 a
2474 1943 2605 1994 sede
2635 1941 2940 2010 apostolica
2959 1940 3190 2010 pellere.
3221 1946 3279 1992 et
3303 1955 3466 2008 quem
3499 1938 3822 1992 dicaverint

517 2026 826 2096 perjurium
848 2035 905 2080 et
928 2026 1138 2080 crimen
1170 2025 1475 2080 invasionis
1506 2041 1618 2081 non
1645 2027 1898 2096 negavit;
1933 2026 2026 2096 qui
2057 2044 2120 2079 ex
2204 2046 2492 2100 reponere.
2521 2029 2681 2092 Quod
2711 2029 2757 2081 si
2789 2029 2938 2082 intra
2965 2027 3163 2082 urbem
3195 2027 3300 2082 hoc
3326 2027 3592 2099 perficere
3617 2027 3822 2097 nequi-

517 2115 745 2185 propria
775 2115 1122 2169 confessione
1151 2114 1452 2184 episcopali
1483 2122 1540 2167 et
1567 2115 1898 2168 sacerdotali
1928 2115 2122 2168 ordine
2205 2121 2404 2184 verint,
2419 2119 2753 2174 auctoritate
2766 2119 3073 2190 apostolica
3097 2127 3254 2171 extra
3269 2117 3462 2170 urbem
3485 2118 3821 2186 congregati

517 2203 807 2273 depositus
837 2211 940 2258 est.
973 2203 1094 2266 Quo
1128 2203 1272 2258 farto
1306 2203 1636 2270 magnificus
1663 2205 1771 2257 dux
1803 2204 2123 2256 Gotefridus

518 2309 634 2348 una
653 2309 778 2346 cum
803 2293 1134 2348 cancellario
1151 2297 1208 2345 et
1231 2293 1504 2361 episcopis
1523 2293 1751 2344 domum
1771 2304 2116 2346 remearunt.

519 2380 870 2434 Venerabilis
881 2397 1006 2433 vero
1020 2381 1171 2434 aDeo
1185 2386 1466 2451 protectus
1483 2362 1771 2450 pontifcxii
1783 2381 1991 2450 puliam
2007 2389 2124 2435 ten-

519 2468 1104 2531 dens,Northmannos
1119 2469 1337 2523 vinculo
1349 2469 1933 2523 excommunicationis
1946 2469 2124 2524 absol-

521 2556 972 2626 vit,tradensque
995 2557 1074 2611 eis
1096 2575 1194 2627 per
1215 2557 1598 2610 investituram
1622 2575 1842 2611 onmem
1860 2559 2124 2627 Apuliam

520 2651 578 2699 et
606 2643 920 2701 Calabriam
955 2654 1012 2699 et
1039 2654 1220 2700 terras
1252 2646 1396 2701 beati
1431 2647 1579 2701 Petri
1609 2646 1678 2699 ab
1701 2647 1780 2700 eis
1807 2647 1937 2700 olim
1972 2648 2122 2702 inva-

520 2750 632 2798 sas,
660 2741 888 2804 excepto
921 2736 1248 2796 Benevento,
1291 2736 1640 2790 omnesinde
1688 2735 1929 2792 ditiones
1973 2752 2124 2791 acce-

521 2830 745 2893 perunt.
783 2832 834 2880 et
875 2841 970 2878 eos
1007 2824 1110 2878 sibi
1153 2826 1348 2894 jurarc
1376 2825 1576 2894 coegit,
1619 2831 1675 2880 et
1714 2842 1814 2894 per
1843 2842 1938 2879 eos
1967 2825 2122 2880 citis-

519 2912 661 2974 sime
701 2913 1008 2972 Romanam
1041 2913 1236 2968 urbem
1283 2931 1317 2970 a
1354 2913 1774 2984 capitaneorum
1823 2915 2122 2984 tyrannide

517 2999 792 3060 liberavit.

591 3091 736 3148 Nam
784 3107 895 3148 non
933 3093 1114 3146 solum
1165 3093 1612 3148 Tusculanorum
1652 3099 1709 3148 et
1748 3092 2122 3147 Praenestino-

521 3194 646 3232 rum
675 3186 732 3236 et
757 3180 1241 3236 Nuunentanorum
1270 3181 1590 3251 saperbiam
1621 3183 1996 3246 calcaverunt,
2025 3180 2123 3234 sed

522 3272 579 3321 et
607 3267 843 3324 Romam
885 3275 1241 3324 transeuntes
1275 3269 1558 3324 Galeriam
1605 3276 1662 3324 et
1709 3271 1898 3324 omnia
1940 3279 2123 3323 castra

521 3355 745 3410 comitis
788 3357 1022 3412 Gerardi
1075 3373 1252 3426 usque
1291 3358 1543 3414 Sutrium
1591 3365 1968 3417 vastaverunt.
2003 3373 2125 3427 quae

524 3459 614 3497 res
632 3443 943 3500 Romanam
965 3445 1162 3500 urbem
1183 3462 1216 3498 a
1231 3446 1650 3516 capitaneorum
1676 3447 1933 3501 liberavit
1952 3446 2128 3500 domi-

521 3535 680 3588 natu.

598 3620 696 3684 His
717 3621 794 3674 ita
813 3622 1005 3694 gestis,
1028 3623 1434 3680 Northmannis
1458 3625 1716 3694 Apuliam
1742 3623 2123 3678 remeantibus

523 3709 693 3778 legati
725 3710 1222 3767 Mediolanensium
1255 3724 1420 3768 orant
1450 3729 1671 3784 papam,
1705 3720 1767 3768 ut
1794 3730 1986 3768 eorum
2019 3715 2124 3766 Ec-

523 3797 706 3862 clesiae
749 3799 999 3856 funditus
1047 3801 1310 3856 desolatas
1367 3803 1743 3858 misereretur.
1817 3803 1994 3870 llujus
2044 3801 2123 3858 rei

520 3888 706 3956 gratia
733 3891 1022 3944 confestim
1055 3891 1386 3956 venerabilis
1415 3892 1658 3961 pontifex
1699 3892 1856 3946 misit
1895 3893 2122 3948 Petrum

519 3975 1113 4034 DamianiOstiensem
1143 3981 1486 4051 episcopum,
1510 3981 1688 4036 virum
1719 3981 1868 4034 omni
1891 3981 2124 4037 scientia

521 4066 840 4135 praeditum,
889 4069 984 4138 qui
1024 4071 1310 4140 praefatam
1359 4071 1828 4124 Mediolanensem
1875 4070 2125 4124 visitaret

523 4155 833 4210 ecclesiam.
867 4158 973 4222 Qui
1003 4176 1068 4212 eo
1099 4161 1343 4217 veniens.
1377 4176 1580 4228 magna
1621 4177 1744 4214 cum
1785 4160 2123 4215 discretione

523 4259 610 4307 ea,
636 4260 759 4312 qua;
795 4246 1078 4304 destructa
1110 4249 1418 4314 invenerat,
1450 4249 1840 4305 reaediﬁcabat.
1866 4250 2008 4305 Nam
2034 4265 2123 4303 su-

2205 2209 2263 2262 in
2301 2210 2441 2270 loco,
2475 2211 2567 2278 qui
2600 2209 2681 2262 eis
2725 2207 3016 2278 placuerit,
3050 2205 3376 2259 electionem
3421 2205 3647 2258 faciant.
3679 2219 3823 2258 con-

2205 2314 2363 2352 cessa
2383 2298 2558 2352 electo
2581 2297 2916 2350 auctoritate
2938 2295 3165 2364 regendi
3187 2303 3244 2348 et
3270 2293 3605 2364 disponendi
3631 2309 3724 2346 res
3745 2293 3822 2347 ad

2205 2387 2508 2441 utilitatem
2530 2395 2736 2439 sanctae
2754 2388 3016 2438 Romana:
3032 2383 3284 2437 Ecclesiae
3299 2385 3460 2452 juxta
3477 2383 3821 2452 qualitatem

2206 2475 2475 2544 temporis
2505 2475 2664 2543 quasi
2691 2475 2809 2542 jam
2841 2473 3248 2526 inthronizatus
3275 2471 3350 2524 sit
3403 2490 3431 2522 ιι

2277 2563 2524 2618 Concilio
2551 2563 2724 2632 ugitur
2743 2563 2850 2616 rite
2870 2561 3171 2618 celebrato.
3188 2559 3431 2631 episcopi
3451 2557 3820 2629 Longobardi

2205 2653 2434 2706 domum
2486 2658 2819 2714 remeantes,
2875 2667 3000 2704 cum
3049 2666 3282 2719 magnas
3327 2665 3361 2702 a
3423 2648 3823 2702 concubinatis

2205 2740 2588 2796 sacerdotibus
2617 2748 2674 2794 et
2694 2740 2872 2794 levitis
2897 2739 3244 2810 accepissent
3271 2737 3536 2806 pecunias
3585 2737 3823 2792 decreta

2205 2829 2440 2884 Patrum
2471 2829 2895 2883 celebraverunt
2918 2833 3122 2898 praeter
3139 2841 3314 2880 unum
3344 2823 3694 2878 Brixiensem
3716 2823 3824 2877 sci-

2205 2918 2337 2972 licet
2364 2917 2707 2988 episcopum.
2741 2916 2837 2986 qui
2880 2915 3106 2968 veniens
3135 2913 3400 2979 Brixiam,
3429 2929 3556 2966 cum
3584 2911 3824 2967 decreta

2207 3023 2366 3078 papae
2412 3006 2628 3076 publice
2671 3005 2976 3067 recitasset,
3009 3021 3044 3058 a
3084 3003 3302 3058 clericis
3339 3001 3668 3056 verberatus
3699 3001 3821 3056 fere

2167 3097 2421 3150 ‘occisus
2478 3100 2582 3159 est,
2641 3095 2790 3165 quod
2837 3097 3047 3148 factum
3095 3107 3206 3146 non
3249 3092 3532 3148 mediocre
3573 3094 3822 3145 Pataria’

2207 3185 2360 3239 dedit
2405 3185 2832 3238 incrementum.
2873 3185 3016 3237 Nam
3070 3199 3182 3236 non
3229 3183 3409 3236 solum
3449 3180 3670 3242 Brixia,
3716 3179 3822 3234 sed

2207 3282 2265 3328 et
2292 3275 2580 3328 Cremona:
2624 3281 2681 3326 et
2726 3272 3041 3326 Pacentine
3071 3277 3128 3324 et
3163 3286 3263 3340 per
3292 3285 3487 3327 omnes
3517 3269 3658 3322 alias
3691 3283 3823 3339 pro-

2207 3363 2414 3418 vincias
2435 3362 2600 3415 multi
2627 3379 2687 3416 se
2707 3378 2742 3416 a
2763 3360 3260 3415 eoncubinatorum
3278 3357 3637 3412 abstinebant
3665 3373 3823 3412 com-

2211 3452 2503 3508 munione.

2275 3541 2457 3608 Hujus
2498 3554 2721 3609 quoque
2762 3537 2976 3608 praefati
3010 3535 3287 3607 pontiﬁcis
3336 3538 3610 3605 tempore,
3647 3535 3821 3606 Hugo

2203 3629 2472 3683 candidus
2487 3627 2787 3680 cardinalis
2808 3627 3115 3684 Romanus.
3130 3641 3294 3694 quem
3314 3624 3573 3693 superius
3593 3640 3627 3676 a
3645 3622 3819 3678 beato

2206 3719 2390 3772 Leone
2420 3733 2566 3787 papa
2605 3715 2926 3769 ordinatum
2969 3731 3090 3767 esse
3131 3713 3447 3776 retulimus,
3480 3728 3514 3764 a
3545 3711 3820 3766 Romanae

2210 3806 2465 3861 Ecclesia-3
2514 3805 2746 3858 recessit
2789 3805 3075 3856 societate.
3111 3803 3190 3855 De
3231 3802 3389 3870 cujus
3427 3815 3647 3854 morum
3688 3817 3820 3871 per-

2205 3895 2469 3948 versitate
2501 3893 2699 3968 melius
2727 3899 2813 3946 est
2841 3892 3008 3946 silere
3058 3907 3227 3961 quam
3259 3906 3434 3959 pauca
3470 3889 3676 3950 dicere,
3713 3891 3816 3944 sed

2206 3992 2270 4038 ut
2311 3983 2533 4038 brevius
2578 3988 2778 4036 cuncta
2823 3980 3216 4052 perstringam,
3247 3979 3431 4050 qualis
3477 3978 3582 4032 fuit
3611 3979 3813 4044 oculis,

2206 4072 2337 4125 talis
2364 4071 2471 4124 fuit
2501 4071 2678 4124 factis.
2715 4071 2787 4123 Ut
2814 4069 2962 4122 enim
2991 4067 3190 4122 habuit
3217 4074 3458 4120 retortos
3487 4067 3699 4131 oculos,
3732 4066 3816 4121 ita

2208 4161 2326 4230 ejus
2355 4166 2570 4212 retorta
2595 4161 2747 4212 fuere
2777 4157 2940 4210 facta.

2277 4250 2499 4303 Interea
2525 4248 2813 4301 crescebat
2841 4263 2948 4299 non
2996 4245 3176 4299 solum
3218 4261 3316 4314 per
3353 4243 3596 4307 Italiam.
3628 4243 3725 4296 sed
3761 4249 3819 4296 et

524 4348 683 4386 mens
722 4335 1040 4391 sacerdotes
1085 4343 1140 4390 et
1183 4337 1394 4396 levitas.
1437 4355 1576 4407 quos
1619 4338 1869 4392 invenire
1908 4332 2308 4408 poteratDper
2331 4355 2524 4391 omnes
2548 4337 2760 4391 Gallias
2791 4352 3062 4389 numerus
3090 4334 3368 4390 ﬁdelium:
3410 4332 3816 4396 Simoniacide

525 4419 922 4490 religiosiores.
943 4430 1110 4480 casta:
1131 4426 1255 4480 vitai
1286 4435 1343 4480 et
1372 4426 1528 4481 bonae
1552 4427 1734 4480 famae.
1764 4427 1860 4495 qui
1888 4443 2000 4482 non
2029 4443 2128 4496 per

525 4509 880 4566 venalitalem
907 4522 1267 4583 susceperant
1297 4516 1728 4573 ordinationem.
1753 4515 1856 4569 etsi
1887 4531 1921 4568 a
1951 4515 2127 4570 Simo-

526 4598 688 4656 niaco
709 4609 894 4656 essent
913 4603 1594 4668 ordinati,reconciliabat,
1619 4605 1811 4673 eisque
1827 4604 2126 4659 Ecclesiam

529 4686 759 4742 tradidit
799 4688 1244 4758 gubernandum.
1289 4693 1362 4747 Ex
1395 4709 1630 4762 quorum
1681 4705 1916 4748 numero
1963 4692 2122 4747 multi

528 4775 776 4844 religiosi
806 4794 984 4848 usque
1020 4772 1092 4832 ad
1137 4788 1329 4836 nostra
1372 4786 1628 4850 tempora
1655 4781 1934 4834 exstitere.
1965 4779 2123 4842 Quod

529 4863 808 4934 aliquibus
855 4866 1032 4920 visum
1085 4874 1170 4920 est
1223 4867 1517 4936 culpabile.
1571 4869 1918 4937 sapientibus
1968 4869 2128 4922 valde

528 4951 834 5010 laudabile.
867 4955 1010 5018 Quid
1035 4957 1183 5010 enim
1215 4955 1552 5010 laudabilius
1583 4974 1644 5010 ea
1674 4963 2006 5026 tempestate
2038 4973 2130 5026 po-

529 5047 678 5096 terat
705 5043 941 5098 inveniri
971 5061 1138 5114 quam
1169 5052 1232 5100 ut
1255 5045 1383 5098 talis
1404 5045 1647 5100 Ecclesia
1675 5047 1986 5102 sacerdotio
2017 5062 2128 5100 non

530 5130 830 5202 deperiret.
854 5133 960 5186 Sed
1002 5148 1112 5185 non
1142 5133 1307 5202 longo
1339 5140 1464 5202 post
1493 5141 1744 5204 tempore
1771 5133 2131 5204 congregavit

529 5221 794 5291 praefatus
823 5220 1067 5291 pontifex
1093 5221 1388 5290 synodum,
1419 5221 1475 5278 in
1503 5240 1614 5292 qua
1645 5223 1826 5277 Guido
1858 5223 2126 5278 Mediola-

531 5309 721 5364 nensis
763 5311 1056 5382 episcopus
1099 5311 1288 5365 volens
1337 5312 1532 5366 nolens
1562 5313 1771 5367 sedisse
1801 5311 2127 5378 cogentibus

531 5401 807 5454 Paterim's
871 5399 1241 5468 cognoscitur,
1309 5400 1517 5456 ducens
1574 5417 1765 5456 secum
1821 5400 2128 5456 cervicosos

609 5538 712 5603 (46)
749 5540 1041 5597 Nicolaum
1074 5543 1150 5598 lI.

611 5609 747 5679 (46*)
777 5612 895 5665 Hoc
924 5612 1148 5666 verbum
1179 5629 1213 5666 a
1249 5612 1416 5684 paulo
1444 5613 1740 5668 recentiori
1771 5629 1942 5668 manu
1973 5627 2134 5669 eraso

2207 4427 2298 4480 die
2345 4427 2401 4480 in
2440 4427 2588 4479 diem
2625 4424 3060 4495 propalabantur
3095 4423 3432 4476 sacerdotes.
3465 4419 3817 4476 Venerabilis

2206 4533 2338 4570 vero
2378 4515 2640 4569 Nicolaus
2669 4531 2813 4584 papa
2850 4530 2977 4567 cum
3018 4529 3222 4583 paucos
3253 4513 3309 4565 in
3349 4517 3557 4582 papntu
3587 4510 3818 4564 vixisset

2208 4621 2404 4666 annos,
2435 4604 2601 4657 beato
2624 4605 2733 4656 fine
2763 4602 2992 4672 quievit.
3029 4602 3161 4655 Po~t
3189 4602 3350 4668 cujus
3375 4599 3589 4654 obitum
3620 4613 3818 4653 secun-

2208 4693 2341 4748 dum
2380 4693 2652 4762 majorum
2691 4692 2916 4744 decreta
2943 4691 3125 4744 clerus
3152 4697 3208 4742 et
3252 4689 3491 4759 populus
3531 4688 3818 4741 Romanus

2209 4782 2379 4850 elegit
2405 4781 2511 4835 sibi
2541 4782 2870 4860 Anselmum
2902 4781 3206 4833 Lucensem
3236 4779 3575 4848 episcopum.
3603 4775 3817 4830 Medio-

2209 4870 2495 4923 lanensem
2552 4885 2778 4938 genere.
2830 4868 3004 4922 nobili
3061 4867 3324 4938 prosapia
3379 4873 3563 4919 ortum
3610 4865 3816 4926 virum,

2210 4965 2449 5027 utraque
2481 4957 2715 5010 scientia
2737 4957 3060 5027 pollentem,
3085 4971 3251 5028 quem
3274 4954 3382 5008 alio
3405 4953 3631 5007 nomine
3661 4965 3820 5006 voca-

2210 5053 2412 5100 verunt
2431 5045 2809 5100 Alexandrum
2843 5045 2950 5114 (47)
2964 5086 2975 5098 .

2285 5134 2500 5188 Interea
2525 5133 2876 5203 Langobardi
2900 5133 3144 5204 episcopi
3169 5133 3318 5186 nacti
3340 5149 3399 5186 se
3421 5138 3645 5200 tempus
3670 5130 3824 5184 inve.

2190 5223 2358 5277 'nisse
2415 5229 2818 5292 opportunum,
2877 5223 2935 5276 in
2989 5223 3157 5276 simul
3207 5221 3548 5276 conveniunt
3588 5225 3820 5273 auctore

2210 5311 2498 5375 Guiberto,
2537 5327 2700 5383 quem
2733 5309 2992 5381 superius
3032 5309 3275 5363 diximus
3305 5307 3720 5370 cancellarium,
3763 5313 3821 5360 et

2211 5399 2507 5456 concilium
2526 5398 2813 5453 celebrant
2829 5399 3282 5468 malignantium.
3303 5399 3360 5454 in
3378 5414 3487 5468 quo
3504 5395 3820 5451 deliberant

2213 5541 2378 5599 alteri
2411 5541 2748 5603 subtitutum
2773 5542 2830 5596 in
2866 5541 3087 5599 Codice.

2285 5611 2398 5686 (47)
2421 5613 2798 5668 Alexandrum
2827 5613 2903 5667 ΙΙ.
