3964 6380
87 333 193 444 sic

1158 347 1411 470 mm
1445 383 1542 439 AD
1583 341 1888 437 ᾸΜΪΟΠΜΣ
1931 416 1993 426 ....
2036 343 2174 436 L115.
2219 379 2315 435 vr.

3277 329 3384 426 830

89 529 204 568 non
219 505 456 566 aliunde
472 525 533 564 se
551 487 977 579 haberepap'am
999 506 1107 562 nisi
1125 524 1188 562 ex
1206 501 1464 578 paradiso
1490 506 1688 572 Italiae,
1711 509 1760 567 A
1779 512 1989 569 tentus,
2041 507 2222 562 unius.
2256 503 2500 576 jumenti
2555 475 2882 572 adiumento
2937 496 3086 550 inter
3131 471 3381 550 oratores

92 604 402 672 talemque,
441 595 540 669 qui
575 597 716 651 sciat
745 597 989 667 compati
1029 596 1452 650 infirmitatibus
1479 613 1695 650 eorum.

91 691 310 748 Dehinc
332 689 485 742 ultra
501 697 716 740 montes
728 693 971 757 pergunt
990 687 1355 756 animumque
1375 686 1588 757 impera
1597 685 1698 738 tri-

92 782 189 841 cis,
219 785 421 850 utpote
478 775 782 831 femineum
831 775 1106 840 alliciunt,
1140 776 1409 844 figmenta
1441 774 1700 844 quaedam

91 872 499 938 componentes
523 864 682 935 quasi
709 863 822 918 veri
865 862 1098 922 similia.
1146 864 1288 918 Nam
1321 862 1582 916 dicebant
1609 877 1701 914 eo-

91 971 216 1010 rum
245 954 566 1022 dominum,
586 959 648 1006 ut
668 951 944 1006 hzeredem
975 952 1128 1023 regni
1158 951 1236 1005 ita
1268 951 1544 1005 haeredem
1578 949 1697 1003 fore

93 1045 508 1118 patritiatus,et
537 1041 765 1096 beatum
797 1039 1086 1095 Nicolaum
1107 1041 1330 1094 decreto
1352 1026 1700 1096 flrmasse.ut

93 1135 284 1188 nullus
312 1133 373 1186 in
415 1131 744 1203 pontiﬁcum
793 1146 1028 1184 numero
1067 1129 1331 1200 deinceps
1373 1127 1698 1192 haberetur,
1733 1121 1738 1129 ’

97 1224 191 1295 qui
221 1239 335 1276 non
352 1238 418 1274 ex
448 1237 724 1275 consensu
757 1219 906 1288 regis
929 1219 1248 1288 eligeretur.
1281 1217 1378 1270 His
1413 1225 1466 1270 et
1497 1215 1702 1269 talibus

101 1309 610 1365 machinationibus
623 1309 855 1378 decepta
871 1307 942 1360 im
951 1305 1457 1378 peratrixfeminea
1475 1305 1700 1358 licentia

101 1417 393 1456 assensum
425 1399 583 1452 dedit
609 1397 762 1469 operi
793 1395 1028 1456 nefario,
1078 1396 1242 1465 quale
1274 1411 1382 1447 non
1415 1393 1518 1446 tuit
1547 1410 1578 1446 a
1609 1392 1700 1445 die

104 1507 211 1561 qua
227 1497 432 1560 gentes
464 1504 586 1541 esse
615 1493 884 1558 ceperunt
913 1503 924 1537 :
961 1490 1022 1537 ut
1058 1483 1133 1536 ibi
1165 1483 1350 1536 nullus
1370 1482 1699 1535 clericorum

106 1580 482 1633 Romanorum
515 1576 598 1629 vel
630 1575 899 1628 laiccrum
936 1573 1192 1626 interfuit
1229 1572 1556 1642 pontiﬁcum
1597 1569 1706 1621 ele-

104 1665 292 1724 ctioni.
330 1665 408 1718 ibi
438 1664 683 1736 pontifex
713 1664 1017 1732 eligeretur
1047 1679 1080 1714 a
1109 1659 1490 1714 consimili-bus
1538 1657 1708 1712 forni-

105 1755 388 1810 catoribus
417 1761 476 1807 et
505 1751 852 1813 Simoniaris,
872 1751 1035 1820 quive
1065 1748 1345 1820 accipiens
1379 1765 1476 1818 per
1507 1763 1706 1800 manus

105 1845 250 1913 regis
283 1851 340 1896 et
365 1842 575 1912 reginae
600 1857 820 1894 crucem
851 1846 908 1893 et
929 1839 1150 1910 papalia
1178 1837 1422 1907 insignia
1454 1835 1523 1888 ab
1545 1835 1708 1906 aqui-

104 1933 228 1986 lone
245 1932 464 1985 veniret
479 1927 898 1984 Romam.Unde
922 1927 1228 1982 secundum
1251 1925 1548 1980 .leremiam
1576 1940 1707 1993 pan-

105 2022 266 2074 detur
291 2021 504 2074 malum
531 2015 1354 2088 superuniversoshabitatores
1373 2011 1709 2076 terraeQuid

107 2109 266 2180 plura
287 2109 313 2161 ?
343 2107 562 2178 eligunt
592 2106 696 2160 sibi
728 2105 1084 2160 Parmensem
1110 2103 1398 2161 (ladol'um.
1429 2103 1602 2155 virum
1629 2100 1710 2153 di-

108 2197 642 2267 vitiis-locupletem,
677 2194 974 2248 virtutibus
1005 2210 1275 2262 egenum;
1325 2190 1418 2262 qui
1469 2190 1710 2262 stipatus

109 2285 299 2340 multis
332 2283 608 2338 militibus
638 2283 869 2336 intravit
898 2279 1342 2351 Longohardiam
1376 2277 1586 2332 habens
1618 2294 1708 2330 se—

111 2392 232 2430 cum
261 2375 320 2428 in
350 2373 621 2427 comitatu
653 2371 972 2426 Cervicosos
995 2371 1284 2440 episcopos
1309 2365 1711 2438 Longohardia:

113 2465 424 2518 nescientes
455 2478 624 2515 suave
656 2462 856 2530 jugum
901 2459 1123 2512 Domini
1155 2458 1301 2511 ferre
1346 2458 1500 2510 Tunc
1534 2455 1712 2509 Simo-

113 2553 254 2608 niaci
301 2550 644 2606 lzetabantur
706 2547 1076 2602 Concubinati
1119 2564 1247 2600 vero
1277 2545 1592 2600 sacerdotes
1624 2545 1710 2596 in-

114 2641 265 2712 genti
284 2638 641 2693 exsultabant
661 2637 1040 2708 tripudioSed
1061 2636 1191 2706 quid
1207 2633 1710 2704 plura.Secundum

117 2729 431 2799 evangelicr
444 2745 497 2780 in
513 2726 742 2780 verbum
765 2725 946 2778 omnis
963 2723 1260 2777 exsultatio
1284 2723 1518 2775 istorum
1544 2720 1710 2773 unius

119 2818 369 2872 mulieris
395 2815 836 2870 contradictione
865 2821 1027 2868 terra:
1058 2819 1337 2884 prostrata
1359 2817 1461 2874 est,
1499 2815 1712 2862 tantus-

115 2925 222 2979 que
268 2906 641 2976 superborum
689 2908 1012 2976 potentatus
1050 2902 1169 2954 sola
1201 2899 1449 2954 Beatrice
1477 2895 1714 2951 interdi-

116 3003 275 3051 cente
305 2997 460 3050 velut
478 2995 664 3048 fumus
677 2993 934 3051 evanuit;
967 2991 1062 3044 sed
1093 3007 1205 3044 non
1236 2989 1402 3058 longo
1425 2992 1549 3058 post
1577 2991 1716 3039 tem-

115 3103 250 3158 pore
292 3083 556 3157 praefatus
605 3082 848 3136 Cadolus
889 3079 1081 3133 furtim
1115 3077 1423 3132 Bononiam
1453 3074 1626 3140 venit,
1658 3073 1716 3126 in

1789 596 2080 650 Bercetum
2112 613 2259 667 aegre
2291 592 2560 666 pervenit.
2999 657 3004 662 θ

1854 687 1997 740 Dum
2044 685 2161 738 haec
2202 684 2280 737 ita
2327 700 2385 736 se
2409 669 2704 743 haberent,
2734 674 3074 732 Mediolanio
3104 675 3213 742 (ita
3245 673 3379 740 cod.)

1781 773 2050 830 canonica
2078 771 2416 826 cohabitatio
2461 769 2705 842 primum
2763 771 2954 820 exorta
3005 769 3110 828 est,
3141 778 3264 834 quae
3297 777 3387 819 res

1783 880 2043 934 magnam
2079 859 2513 916 movitinimicis
2541 856 2830 910 invidiam.
2865 855 2995 907 Post
3021 867 3230 923 paucos
3257 865 3387 904 vero

1782 953 1902 1006 dies
1934 959 2230 1023 postquam
2269 949 2385 1003 hmo
2422 953 2584 1017 gesta
2621 950 2772 1006 sunt,
2807 943 3049 996 moritur
3079 937 3388 996 Landulfus

1783 1037 2215 1094 Mediolanensis
2257 1037 2512 1100 clericus,
2543 1035 2613 1088 de
2643 1049 2752 1104 quo
2781 1029 3040 1102 superius
3069 1025 3386 1091 retulimus,

1784 1137 1840 1184 et
1867 1129 1924 1182 in
1957 1145 2094 1199 pace
2133 1127 2387 1197 sepultus
2417 1129 2522 1178 est.

1795 1256 1799 1260 -
1855 1219 2075 1272 Interea
2123 1213 2554 1270 Teutonicorum
2597 1205 2998 1278 archiepiscopi
3035 1212 3094 1260 et
3121 1203 3384 1275 episcopi,

1783 1307 2014 1360 abbates
2036 1305 2202 1358 duces
2235 1309 2291 1356 et
2317 1301 2551 1354 comites
2577 1297 2789 1351 curiam
2813 1296 2915 1349 sibi
2945 1291 3386 1356 constituunt,in

1785 1411 1898 1466 qua
1944 1392 2394 1446 deliberavernnt
2437 1387 2850 1459 imperatricem
2911 1383 3111 1458 dehinc
3171 1380 3387 1452 privato

1786 1489 2030 1537 scemate
2049 1482 2230 1534 vivere
2261 1480 2553 1548 indignum
2579 1465 2908 1544 judicantes'
2928 1488 3162 1544 regnum
3193 1469 3390 1524 mulie-

1787 1572 1904 1626 brir
1935 1571 2021 1641 egi
2053 1569 2304 1626 arbitrio.
2341 1576 2460 1621 tum
2507 1566 2639 1636 quia
2679 1563 2952 1616 monacha
2981 1566 3123 1625 erat,
3155 1565 3209 1613 et
3238 1557 3390 1613 curis

1789 1679 1910 1716 eam
1946 1678 2056 1714 non
2087 1659 2319 1714 decebat
2340 1655 2548 1710 serxire
2575 1651 2954 1708 secularibus.
2986 1656 3108 1704 tum
3142 1647 3282 1719 quia.
3301 1663 3391 1700 eo-

1790 1767 1915 1804 rum
1950 1749 2212 1803 dominus
2271 1744 2520 1799 adultam
2564 1743 2681 1812 jam
2729 1739 3023 1794 videbatur
3069 1735 3390 1791 ascendisse

1729 1820 2032 1901 Bzetatem,
2085 1834 2486 1917 communique
2517 1829 2746 1885 consilio
2779 1829 3074 1882 decrevere
3111 1822 3394 1879 venerabi-

1792 1931 1898 1982 lem
1934 1913 2230 1981 Annonem
2255 1922 2644 1978 Coloniensem
2667 1917 3148 1987 archiepiscopum
3176 1913 3394 1982 regiset

1791 2018 1997 2086 reginae
2020 2022 2212 2068 tenere
2239 2009 2642 2081 gubernacula,
2667 2007 3122 2076 deponentesque
3159 1999 3393 2056 Guiber—

1794 2114 1915 2160 tum
1956 2103 2136 2158 Italici
2183 2099 2342 2170 regni
2377 2095 2711 2165 Gregorium
2736 2092 3148 2146 Vercellensem
3177 2086 3390 2142 consti-

1795 2203 1954 2249 tuere
1976 2189 2391 2246 cancellarium.

1866 2281 2136 2336 Praefatns
2169 2294 2297 2330 vero
2345 2291 2492 2329 anno
2524 2273 2604 2326 nil
2629 2270 2830 2326 melius
2849 2269 3102 2339 cogitans
3127 2281 3298 2336 quam
3329 2267 3394 2318 ut

1793 2387 2027 2442 regnum
2051 2365 2364 2422 sacerdotio
2386 2359 2880 2418 unireturIialiam
2896 2357 3126 2410 veniens
3155 2355 3393 2408 Romam

1794 2439 1995 2513 tendit.
2027 2465 2342 2528 papamque
2371 2451 2648 2506 convenit.
2693 2465 2793 2502 cur
2821 2446 3033 2516 absque
3055 2445 3218 2515 jussu
3247 2439 3396 2512 regis

1797 2548 2110 2601 Romanum
2135 2543 2384 2612 accipere
2407 2556 2578 2593 ausus
2613 2537 2688 2590 sit
2709 2535 3122 2608 pontiﬁcatum,
3151 2531 3242 2585 cui
3269 2545 3398 2583 cum

1797 2639 1912 2690 Deo
1939 2633 2196 2688 amabilis
2219 2629 2632 2693 llildebrandus
2661 2626 2895 2679 dixisset
2921 2623 2979 2677 in
3001 2622 3272 2676 electione
3291 2619 3400 2672 Ro-

1799 2741 2092 2778 manorum
2122 2721 2448 2792 pontiﬁcum
2481 2715 2786 2770 secundum
2821 2714 3046 2766 decreta
3073 2715 3398 2763 sanctorum

1796 2816 2028 2868 Patrum
2053 2812 2130 2865 nil
2175 2809 2401 2880 regibus
2435 2823 2558 2860 esse
2585 2820 2931 2860 concessum,
2965 2808 3018 2854 et
3049 2799 3143 2853 ille
3171 2811 3400 2867 reSpon-

1797 2903 1973 2956 disset
2017 2918 2083 2955 ex
2114 2897 2440 2971 patritiatus
2479 2896 2582 2948 hoc
2610 2893 2782 2948 licere.
2812 2891 2918 2946 sibi
2948 2887 3242 2959 dignitate,
3270 2900 3399 2937 mox

1796 2987 2130 3044 venerabilis
2159 2983 2588 3038 archidiaconus
2617 2981 2720 3033 has
2749 2977 3046 3050 synodales
3071 2973 3276 3045 objecit
3297 2988 3397 3043 po-

1799 3079 2052 3138 sitiones,
2087 3093 2150 3129 ex
2183 3072 2443 3144 Symachi
2491 3070 2725 3142 synodo,
2755 3069 2814 3122 in
2843 3084 2955 3136 qua
2997 3063 3301 3118 interfuere
3331 3074 3400 3114 CL

117 3191 226 3245 qua
255 3189 390 3226 suos
419 3170 729 3240 expectavit
749 3169 970 3228 milites,
997 3164 1446 3238 quibusreceptis
1477 3163 1710 3216 Romam
1730 3167 1777 3229 Ο
1801 3167 2044 3239 episcopi
2075 3183 2086 3215 :
2109 3162 2448 3218 Laurentius
2472 3157 2904 3213 Mediolanensis
2921 3155 3211 3226 episcopus
3223 3149 3363 3204 dixit
3385 3167 3396 3203 :

116 3261 318 3325 tendit.
347 3269 578 3332 portans
605 3275 792 3313 secum
821 3256 1074 3328 ingentia
1105 3255 1228 3308 auri
1246 3262 1301 3307 et
1325 3251 1542 3323 argenti
1580 3268 1719 3322 pon-
1804 3273 1917 3312 non
1956 3253 2169 3326 placuit
2216 3252 2356 3305 laico
2404 3249 2766 3304 statuendum
2811 3246 2869 3300 in
2917 3242 3164 3298 Ecclesia
3191 3239 3400 3294 habere

117 3353 273 3406 dera.
308 3351 419 3406 Sed
455 3357 589 3403 tunc
627 3364 738 3401 non
753 3347 996 3400 defuere
1028 3345 1217 3398 Romae
1246 3342 1347 3396 viri
1375 3341 1720 3413 pestilentes,
1807 3347 2051 3416 aliquam
2083 3337 2547 3414 potesmtem,cui
2575 3327 2950 3406 subsequendi
2973 3335 3202 3386 maneat
3219 3344 3408 3383 neces-

119 3446 376 3494 amantes
405 3437 759 3508 semetipsos,
791 3434 949 3490 avari
979 3440 1036 3488 et
1063 3432 1272 3503 cupidi,
1303 3430 1399 3502 qui
1430 3429 1482 3484 ei
1515 3446 1575 3482 se
1599 3444 1725 3482 con-
1809 3437 1946 3491 sitas
1967 3450 2076 3502 non
2104 3431 2408 3486 auctoritas
2439 3425 2772 3500 imperandi,

115 3533 374 3600 junxere,
424 3527 576 3580 inter
621 3542 758 3596 quos
807 3530 864 3578 et
904 3522 1140 3576 Romani
1179 3519 1457 3591 capitanei
1480 3519 1717 3571 volentes

1883 3523 2132 3580 Eulalius
2181 3521 2471 3592 episcopus
2525 3519 2890 3588 Syracusana:
2933 3509 3187 3565 Ecclesiae
3222 3505 3404 3572 dixit;

123 3620 436 3673 Romanam
463 3615 654 3669 urbem
679 3613 996 3684 Opprimere
1011 3617 1065 3665 et
1087 3609 1190 3664 sub
1213 3614 1544 3680 potestatem
1565 3622 1725 3660 suam

122 3715 186 3761 ut
207 3703 526 3776 antiquitus
557 3703 830 3773 redigere.

196 3798 423 3851 Interea
463 3792 582 3847 Deo
613 3791 834 3846 odibilis
865 3790 956 3842 ille
998 3789 1056 3841 in
1085 3793 1247 3859 prato
1278 3785 1514 3842 Neronis
1543 3790 1728 3838 castra

129 3891 376 3938 metatus
407 3892 512 3941 est,
543 3881 868 3950 occultoque
893 3878 990 3932 Dei
1015 3876 1228 3948 judicio
1255 3875 1400 3929 bello
1428 3874 1726 3928 commisso

126 3973 302 4026 victor
329 3969 612 4042 apparuit.
659 3969 788 4034 Sed,
821 3985 854 4020 o
881 3965 1180 4020 inell‘abilis
1219 3964 1317 4018 Dvi
1352 3962 1718 4034 providentia,

1808 3613 1958 3678 laici,
1979 3611 2232 3682 quamvis
2260 3607 2502 3678 religiosi
2525 3606 2678 3659 nulla
2701 3603 2769 3656 de
2791 3599 3175 3656 ecclesiasticis
3195 3587 3410 3666 aliquid

1811 3700 2146 3774 disponendi
2174 3699 2383 3768 legitur
2397 3711 2641 3768 unquam
2674 3689 2943 3746 attributa
2973 3687 3226 3741 facultas.
3245 3685 3410 3740 Cum-

1811 3771 1918 3863 que
1939 3791 2034 3844 ille
2065 3790 2291 3843 decreta
2321 3803 2383 3856 pa
2394 3802 2474 3856 pte
2498 3780 2713 3838 Nicolai
2743 3777 3038 3847 objecisset
3066 3775 3230 3844 eique
3254 3771 3408 3826 citis-

1809 3861 1948 3934 sime
1997 3895 2096 3950 per
2141 3878 2424 3930 decretum
2473 3871 2724 3942 ejusdem
2755 3883 2911 3938 papae
2939 3861 3174 3950 Nicolai.
3209 3861 3266 3913 in
3298 3874 3409 3928 quo

1807 3980 1929 4020 cxxv
1951 3945 2193 4032 episCOpi
2229 3958 2626 4028 subscripsere,
2660 3951 2941 4006 obviatum
2993 3945 3208 4010 fuisset,
3243 3957 3406 4012 roga-

129 4079 162 4114 o
190 4061 330 4115 mira
363 4059 464 4113 Dei
485 4057 918 4126 clementia,qui
947 4055 1117 4107 victor
1147 4033 1380 4110 exstitit.
1419 4059 1721 4120 antequam
1810 4054 1888 4106 vit
1941 4051 2208 4122 praefatus
2249 4045 2700 4114 archiepiscopus
2746 4037 3040 4092 dominum
3091 4047 3316 4106 papam,
3351 4033 3416 4082 ut

133 4149 344 4204 mensis
397 4156 548 4201 esset
597 4150 914 4198 transactus
951 4143 1208 4195 veniente
1247 4141 1387 4193 duce
1435 4137 1724 4192 Gotefrido
1811 4119 2141 4212 dign—aretur
2179 4135 2454 4206 synodu'n
2485 4143 2826 4199 congregare
2859 4131 2914 4178 et
2949 4122 3222 4177 rationem
3253 4119 3322 4172 de
3353 4133 3414 4170 se

131 4238 388 4300 Romam,
418 4235 610 4288 multis
653 4232 906 4304 precibus
937 4238 994 4290 et
1023 4229 1332 4299 magniﬁcis
1363 4228 1524 4281 donis
1549 4227 1727 4280 eidem
1813 4211 2068 4283 reddere.
2111 4226 2272 4291 Quod
2317 4229 2378 4276 ut
2421 4221 2519 4274 ille
2551 4217 2780 4276 audivit,
2815 4215 2945 4267 licet
2973 4229 3006 4266 a
3032 4211 3416 4264 Romanorum

129 4327 255 4382 duci
287 4325 510 4380 collatis
535 4323 621 4376 vix
641 4296 702 4378 ut
724 4323 898 4375 victus
919 4296 1330 4379 discederetdm
1342 4322 1598 4387 petrav1t.
1625 4315 1732 4379 Qui
1814 4317 2142 4389 pontiﬁcum
2169 4314 2272 4366 hoc
2293 4317 2440 4365 esset
2469 4308 2713 4362 alienum
2745 4301 3038 4372 dignitate,
3062 4307 3256 4354 tamen
3285 4296 3418 4366 quia

129 4415 360 4470 veniens
382 4414 646 4467 Parmam
679 4411 746 4465 ad
767 4409 1045 4463 officinam
1069 4405 1253 4460 saeculi
1286 4404 1599 4476 iniquitatis
1620 4404 1734 4457 col-
1823 4403 2126 4459 necessitas
2159 4399 2414 4470 urgebat,
2465 4396 2650 4450 facere
2689 4390 2963 4464 promisit.
2998 4402 3242 4460 moxque
3269 4384 3420 4460 apud

129 4503 272 4560 lecta
309 4500 550 4574 pecunia
579 4506 636 4553 et
666 4504 950 4552 transacto
981 4513 1128 4549 anno
1175 4495 1392 4548 occulte
1427 4492 1586 4564 quasi
1617 4492 1726 4555 fur,
1748 4483 1796 4540 D
1819 4495 2103 4548 Mantuam
2153 4487 2429 4559 synodum
2477 4487 2865 4543 evocaverunt,
2910 4480 2968 4536 in
3027 4494 3140 4550 qua
3179 4473 3421 4531 Cadolus

131 4587 469 4646 Romaniam
503 4587 864 4656 venit,ibique
883 4586 1016 4638 data
1035 4599 1238 4654 magna
1256 4582 1489 4652 pecunia
1510 4579 1736 4649 collegit
1817 4599 1945 4636 cum
1994 4577 2490 4649 Longohardorum
2537 4571 2812 4645 episcopis
2862 4575 3052 4641 posset
3079 4565 3379 4621 convenire
3404 4581 3417 4628 ;

133 4678 556 4734 multitudinem
596 4675 848 4746 equitum
901 4671 1295 4742 adjuvantibus
1341 4668 1648 4740 capitaneis
1679 4673 1736 4722 et

134 4768 474 4840 quibusdam
507 4763 782 4834 pestiferis
813 4761 1080 4816 Romanis
1098 4766 1264 4812 noctu
1295 4758 1575 4810 civitatem
1605 4757 1737 4810 Leo-

134 4859 364 4911 nianam
396 4853 643 4909 intravit.
677 4859 734 4906 et
757 4851 1051 4904 ecclesiam
1085 4849 1148 4905 S.
1195 4847 1344 4900 Petri
1375 4845 1606 4907 invadit,
1628 4861 1740 4896 ma-

133 4963 317 5017 neque
350 4941 499 4998 facto
533 4948 724 4996 tantus
743 4949 929 4994 terror
947 4937 1164 4991 caelitus
1199 4934 1524 5005 milites,qui
1547 4949 1738 4986 secum

136 5039 428 5097 venerant,
455 5029 687 5094 invadit,
710 5037 775 5082 ut
801 5043 994 5082 omnes
1020 5025 1242 5079 nemine
1273 5029 1507 5092 cogente
1538 5022 1655 5074 solo
1675 5037 1739 5074 eo

137 5123 332 5177 relicto
377 5121 437 5174 in
479 5117 732 5177 ecclesia.
762 5117 954 5188 fugam
985 5115 1320 5185 arriperent,
1362 5111 1476 5182 qui,
1507 5109 1740 5164 consilio

138 5213 331 5269 Cencii
361 5207 655 5281 cujusdam
707 5207 954 5279 pestiferi
989 5200 1245 5265 Romani,
1269 5209 1514 5256 castrum
1555 5199 1742 5254 Sancti

137 5300 338 5372 Angeli
362 5298 610 5360 intravit,
635 5294 824 5368 ibique
852 5313 911 5350 se
939 5301 1154 5348 tutatus
1186 5299 1286 5345 est.
1325 5289 1425 5344 (fui
1458 5289 1514 5342 in
1546 5289 1742 5342 eodem

141 5399 327 5445 castro
360 5405 459 5460 per
481 5385 622 5440 duos
643 5403 821 5440 annos
842 5384 1066 5438 obsesso
1091 5387 1216 5452 post
1247 5378 1452 5432 multas
1477 5384 1534 5430 et
1562 5377 1744 5429 varias

142 5477 518 5540 calamitates,
551 5491 691 5548 quas
719 5469 858 5531 inibi
883 5487 1078 5542 passus
1105 5475 1212 5529 est,
1251 5484 1362 5522 non
1395 5473 1526 5520 ante
1551 5467 1745 5518 datum

146 5576 231 5624 est
277 5563 328 5621 ei
362 5565 492 5620 inde
523 5561 692 5630 exire,
725 5579 894 5634 quam
923 5561 994 5614 ab
1026 5557 1220 5614 eodem
1245 5557 1450 5612 Cencio
1483 5553 1748 5609 trecentis

148 5657 307 5714 libris
327 5649 550 5726 argenti
577 5669 639 5707 se
661 5643 1024 5722 comparavit,
1066 5663 1290 5718 unoque
1315 5644 1579 5700 clientulo
1621 5660 1754 5696 con-

1819 4669 1916 4722 sed
1947 4665 2440 4735 Longobai‘dorum
2453 4661 2696 4736 episcopi
2717 4675 2826 4714 una
2845 4675 2968 4712 cum
2985 4673 3180 4712 eorum
3211 4662 3422 4709 metro-

1820 4758 2066 4830 politano
2097 4771 2290 4808 omnes
2317 4753 2410 4806 illo
2443 4767 2752 4806 convenere
2780 4753 2984 4822 praeter
3011 4745 3302 4807 Cadolum,
3325 4745 3423 4814 qui

1821 4843 2160 4900 conscientia
2184 4847 2483 4894 accusante
2509 4839 2697 4891 venire
2717 4836 2920 4890 timuit.
2935 4833 3280 4887 Venerabilis
3293 4825 3422 4885 vero

1824 4952 1968 5006 papa
2009 4932 2236 4986 veniens
2270 4925 2555 4982 Mantuam
2589 4933 2645 4978 et
2678 4926 2950 4979 rationem
2997 4923 3066 4976 de
3093 4937 3152 4974 se
3185 4919 3424 4974 reddens

1822 5021 2092 5076 citissime
2129 5033 2324 5072 omnes
2377 5014 2633 5068 inimicos
2691 5011 2820 5064 fecit
2861 5010 3098 5062 amicos.
3131 5009 3271 5062 Nam
3300 5023 3426 5060 mox

1823 5127 2018 5166 omnes
2073 5103 2426 5175 Longohardi
2474 5099 2715 5174 episcopi
2756 5097 2990 5170 pedibus
3021 5097 3138 5151 suis
3177 5096 3425 5150 advoluti

1825 5217 1951 5253 reos
1979 5214 2038 5251 se
2063 5212 2182 5249 esse
2195 5192 2431 5247 confessi
2463 5189 2681 5244 veniam
2711 5187 2922 5258 petiere
2953 5191 3011 5239 et
3031 5185 3422 5256 impetravere.

1827 5284 2028 5354 Sicque
2053 5295 2224 5348 regno
2256 5283 2312 5330 et
2349 5273 2660 5328 sacerdotio
2691 5271 2850 5324 unito
2880 5285 3024 5339 papa
3059 5283 3184 5321 cum
3217 5269 3428 5322 honore

1833 5371 2071 5428 Romam
2105 5365 2394 5428 remeavit,
2427 5364 2634 5434 quique
2666 5375 2794 5413 vero
2816 5357 3060 5428 episcopi
3088 5373 3211 5410 cum
3235 5353 3430 5411 alacri-

1827 5468 1944 5517 tate
1973 5457 2279 5514 tenderunt
2297 5453 2367 5507 ad
2399 5447 2794 5524 proiirialluic
2815 5451 2973 5500 tanto
2995 5444 3228 5498 consilio
3254 5444 3431 5498 inter-

1829 5552 1986 5606 fuere
2014 5548 2128 5602 de
2159 5523 2478 5600 Gotefrldus
2505 5547 2562 5595 et
2583 5541 2714 5595 Otto
2739 5539 2880 5593 Saxo
2899 5535 3010 5589 dux
3025 5523 3426 5604 Bajoariorum.

1905 5636 2004 5712 llis
2033 5635 2117 5689 ita
2146 5632 2444 5688 transactis
2475 5645 2568 5684 rex
2593 5625 2810 5698 accepit
2839 5620 3134 5694 eonjug‘em
3159 5620 3276 5678 Deo
3297 5621 3434 5676 dile-
