3964 6360
601 299 695 359 831
1613 312 2000 373 BONIZONIS
2038 311 2476 373 PLACENTINI
2517 307 2863 367 EPISCOPI.
3769 305 3867 363 83-2

601 429 748 481 ctam
778 426 1025 499 Bertam,
1051 431 1227 486 ﬁliam
1255 430 1481 488 Ottonis
1507 440 1566 490 et
1591 436 1840 495 Adaletze
1869 440 2060 511 [supra
2082 444 2187 497 lin.
2209 441 2253 500 A
2274 437 2603 492 modernam
2672 433 2850 490 occuli
2910 432 3170 488 draconis
3214 432 3480 488 astutiam
3530 433 3867 488 unanimiter

601 516 968 589 Adalbeidze].
993 536 1158 591 quam
1178 527 1339 592 pater
1365 539 1500 578 suus
1529 524 1861 582 infantulam
1892 529 1997 583 sibi
2024 529 2192 583 dede-
2275 526 2546 580 incitavit.
2578 524 2759 589 Quam
2789 523 2858 576 ob
2883 539 3003 577 rem
3041 522 3249 576 sanctis
3277 520 3568 576 conatibus
3597 523 3791 576 vestris
3816 530 3867 577 et

604 610 695 658 rat
722 605 1036 674 infantulo;
1067 608 1162 678 qui
1187 608 1291 663 rite
1315 611 1609 667 celebratis
1631 615 1841 685 nuptiis
1858 616 2194 687 perseregni
2279 615 2445 684 hujus
2480 619 2689 667 sancta:
2726 611 2876 666 sedis
2931 611 3249 682 apostolicae
3285 611 3513 664 accedat
3558 611 3730 680 vigor,
3770 613 3867 665 hoc

605 693 772 764 coepit
816 700 1009 750 tenere
1036 697 1434 767 gubernacula,
1469 718 1708 773 moxque
1733 710 1963 774 rogatus
1990 722 2023 759 a
2054 706 2195 759 Gui-
2277 703 2460 775 ipsum
2479 702 2628 774 apud
2653 718 2745 754 vos
2765 717 2865 772 per
2877 699 3430 754 omniadecernimus
3442 698 3863 760 observandum.

603 778 747 834 done
764 781 1165 839 Mediolanensi
1187 786 1602 860 archiepiscopo
1622 789 2057 847 Cremonensem
2082 793 2196 864 epi-
2276 792 2424 863 quod
2455 808 2489 844 a
2516 789 2723 845 sanctis
2747 787 3252 861 praedecessoribus
3282 787 3490 841 nostris
3517 793 3576 842 et
3599 805 3633 842 a
3657 792 3863 844 cunctis

602 875 889 941 scopatum
922 889 1024 926 suo
1052 875 1241 946 nepoti
1276 876 1504 932 donavit
1538 880 1792 946 Arnulfo,
1827 882 1922 953 qui
1952 883 2196 953 qualiter
2275 896 2420 952 pene
2444 886 2764 934 sanctorum
2793 894 3071 932 canonum
3099 877 3483 931 conditoribus
3508 893 3620 930 non
3641 877 3864 947 ambigi-

601 956 1068 1014 Cremonensibus
1124 969 1426 1035 antequam
1481 966 1785 1037 eligeretur
1841 976 2193 1025 sacramento
2277 986 2403 1024 mus
2433 968 2772 1033 institutum,
2804 966 3080 1031 videlicet,
3114 970 3178 1019 ut
3205 970 3321 1019 tam
3352 964 3676 1019 subdiaconi
3703 983 3860 1036 quam

594 1047 871 1116 juraverit
891 1065 1172 1121 quamque
1195 1051 1250 1105 in
1271 1053 1577 1123 primordio
1603 1057 1737 1111 levis
1762 1058 2010 1112 moribus
2028 1076 2195 1130 appa-
2277 1057 2515 1122 diaconi,
2549 1057 2647 1110 sed
2678 1062 2735 1110 ct
2754 1072 2853 1126 per
2874 1054 3115 1108 maxime
3139 1054 3475 1119 seccrdotes,
3492 1054 3586 1125 qui
3622 1055 3862 1109 mulieri-

603 1135 737 1199 ruit,
774 1137 909 1207 quia
948 1138 1139 1194 multis
1181 1142 1348 1196 credo
1388 1144 1685 1200 notissima
1714 1146 1911 1201 omitto
1941 1164 2191 1202 narrare.
2279 1145 2380 1200 bus
2409 1145 2622 1200 carnali
2649 1144 2985 1199 commercio
3014 1142 3414 1197 admiscentur.
3456 1148 3512 1197 ct
3551 1142 3864 1198 Simoniaca

603 1223 709 1277 Sed
729 1225 1045 1280 venditores
1074 1229 1442 1285 Ecclesiarum
1459 1234 1901 1289 Mediolancnses
1916 1237 2193 1308 capitanei
2275 1235 2438 1288 sorde
2468 1233 2665 1304 polluti
2680 1238 2891 1293 sunt,et
2914 1230 3303 1285 ecclesiasticis
3327 1238 3557 1285 careant
3587 1230 3864 1285 beneficiis

599 1314 656 1361 et
683 1324 1051 1379 varvassores,
1085 1330 1212 1367 cum
1263 1316 1515 1371 viderent
1570 1334 1630 1372 se
1678 1320 1929 1390 pecuniis
1966 1321 2189 1385 nudari,
2275 1328 2333 1376 et
2377 1327 2653 1393 perceptae
2692 1321 2982 1392 priventur
3014 1319 3195 1374 ofﬁcio
3236 1320 3543 1389 dignitatis.
3567 1320 3864 1389 Indignum

597 1397 1104 1460 contristabantur.
1155 1404 1556 1477 occasioneque
1614 1413 1842 1478 accepta
1897 1410 2190 1478 cujusdam
2275 1416 2361 1465 est
2389 1412 2560 1476 enim,
2596 1416 2661 1464 ut
2689 1410 2782 1481 qui
2821 1410 2904 1463 vel
2933 1426 3033 1480 per
3062 1408 3526 1462 incontinentiam
3566 1409 3750 1463 carnis
3788 1410 3865 1462 vel

597 1485 1012 1554 praedicationis
1050 1507 1217 1561 quam
1255 1494 1585 1549 venerabilis
1614 1495 1875 1550 Arialdus
1901 1496 2109 1552 fecerat
2135 1499 2192 1553 in
2275 1517 2377 1571 per
2422 1498 2823 1554 commercium
2854 1498 3140 1568 sacrilega
3170 1490 3486 1551 venalitatis
3515 1498 3759 1569 suscepti
3786 1515 3867 1552 or-

597 1575 805 1645 populo
834 1575 1045 1640 dicens,
1072 1596 1183 1633 non
1212 1580 1377 1636 licere
1400 1584 1658 1653 jejunare
1688 1585 1745 1639 in
1771 1585 1969 1640 diebus
1998 1587 2195 1641 Pente-
2275 1587 2424 1642 dinis
2443 1588 2691 1660 privatur
2718 1588 2946 1646 honore,
2974 1586 3351 1641 ecclesiastica
3370 1586 3619 1658 potiatur
3636 1587 3865 1640 ulterius

598 1668 798 1729 costes,
828 1665 1158 1722 seditionem
1182 1679 1406 1724 movent
1431 1671 1488 1725 in
1515 1673 1904 1744 populoquasi
1930 1675 2035 1729 hoc
2047 1681 2195 1730 esset
2275 1677 2560 1731 facultate.
2589 1676 2833 1731 Caeteros
2853 1681 3042 1730 autem
3068 1676 3317 1734 clericos.
3339 1675 3436 1744 qui
3462 1674 3715 1729 videlicet
3735 1675 3866 1729 infe-

599 1757 795 1806 contra
832 1751 982 1808 beati
1009 1756 1291 1812 Ambrosii
1330 1758 1572 1826 litanias,
1604 1760 1833 1815 domum
1863 1762 2190 1817 clericorum
2209 1794 2256 1853 Β
2276 1764 2519 1819 rioribus
2533 1763 3057 1835 potiunturofﬁciis,
3074 1762 3119 1817 si
3146 1762 3421 1833 legalibus
3448 1763 3722 1833 conjugiis
3740 1769 3867 1817 sunt

597 1838 765 1895 simul
811 1841 1113 1898 viventium
1160 1846 1450 1917 diripiunt.
1498 1849 1795 1920 ipsumque
1834 1856 1959 1921 post
1987 1838 2505 1924 paucosuobligati
2548 1853 2606 1907 in
2659 1853 2774 1907 suis
2814 1852 3082 1922 gradibus
3125 1868 3355 1907 manere
3406 1852 3781 1923 praecipimus,
3814 1861 3866 1906 ct

596 1927 715 1983 dies
739 1946 777 1982 a
805 1931 1028 1987 civitate
1058 1935 1359 2006 expellunt.
1405 1937 1542 1991 Cum
1576 1955 1809 2008 peregre
1837 1939 2193 2010 proﬁciscens

597 2018 885 2087 conjunxit
912 2038 1038 2076 cum
1066 2039 1132 2077 eo
1161 2025 1388 2095 quidam
1421 2027 1540 2080 solo
1572 2027 1800 2081 nomine
1828 2030 2109 2089 sacerdos,
2135 2033 2193 2082 et

595 2122 723 2160 eum
774 2110 1102 2182 propinquis
1147 2113 1548 2187 archiepiscopi
1585 2116 1835 2181 tradidit,
1862 2134 2028 2188 quem
2057 2119 2194 2171 acci-

597 2197 816 2268 pientes
859 2207 917 2254 et
950 2219 1079 2256 eum
1110 2203 1371 2257 omnibus
1418 2204 1685 2259 membris
1713 2204 2071 2260 debilitantes
2091 2222 2193 2277 po-

597 2292 806 2343 stremo
839 2290 896 2344 in
928 2290 1110 2346 lacum
1141 2292 1482 2348 necaverunt
1509 2296 1630 2367 [vox
1658 2305 1996 2352 necaverunt
2027 2313 2193 2351 erasas

597 2376 767 2428 alteri
794 2381 1213 2433 vocisubstz'tula
1230 2384 1289 2434 in
1313 2383 1652 2453 cocl.].Cujus
1667 2402 1870 2455 corpus
1894 2390 2188 2456 postquam

596 2462 787 2517 decem
819 2481 1039 2521 menses
1069 2468 1173 2522 sub
1202 2487 1347 2541 aqua
1362 2472 1558 2542 jacuit,
1582 2474 1888 2527 revelatum
1911 2473 2191 2536 est.Quod

597 2558 662 2606 ut
690 2553 903 2609 audivit
936 2556 1374 2623 Herlimbaldus,
1401 2561 1575 2615 frater
1602 2562 1852 2632 praedicti
1905 2562 2186 2628 Landulfi,

597 2642 1206 2717 Gcrmanus,colligens
1222 2665 1447 2702 omnem
1464 2650 1881 2704 multitudinem
1898 2650 2192 2704 Paterino-

600 2747 746 2796 rum,
801 2733 999 2788 tandiu
1045 2742 1230 2791 castra
1286 2740 1727 2809 pr0pinquorum
1787 2739 2190 2810 archiepiscopi

600 2818 836 2887 obsedit,
881 2821 1059 2876 donec
1096 2840 1298 2895 corpus
1328 2826 1658 2880 venerabilis
1685 2826 1900 2881 Airaldi
1929 2826 1981 2880 ei
2007 2826 2191 2880 reddi-

599 2908 822 2963 derunt.
884 2910 1042 2974 Quod
1089 2914 1389 2970 Mediolani
1444 2915 1692 2969 delatum
1732 2916 1791 2969 in
1849 2915 2080 2970 ecclesia
2129 2916 2188 2969 S.

597 2996 737 3051 Celsi
794 3016 1014 3055 summo
1057 3020 1180 3057 cum
1240 3004 1451 3059 honore
1487 3004 1782 3059 humatum
1831 3011 1935 3063 est,
1967 3004 2062 3058 ubi
2092 3021 2191 3075 per

2274 1943 2649 2013 competentia
2680 1941 3038 1995 ecclesiastici
3061 1948 3320 2011 sumptus
3351 1939 3619 2015 beneﬁcia
3641 1956 3754 1994 non
3772 1958 3866 1993 ne-

2272 2047 2490 2100 gamus.
2532 2031 2646 2085 Sed
2679 2030 2812 2101 quia
2849 2030 3117 2084 nonnulla
3154 2037 3349 2101 praeter
3392 2030 3509 2084 haec
3561 2047 3689 2100 quae
3720 2029 3860 2084 vobis

2275 2125 2409 2173 sunt
2433 2119 2736 2173 admodum
2757 2118 3091 2182 necessaria,
3111 2125 3229 2173 uta
3250 2124 3442 2173 nostra
3465 2118 3865 2189 respondeatur

2276 2204 2611 2262 auctoritate
2639 2208 2948 2267 consulitis,
2977 2208 3271 2261 hortamur
3296 2214 3356 2261 ut
3389 2207 3664 2278 synodale
3691 2207 3864 2261 conci-

2275 2297 2436 2358 lium.
2469 2296 2617 2366 quod
2645 2302 2874 2349 auctore
2902 2295 3015 2349 Deo
3048 2300 3173 2366 post
3203 2295 3515 2366 proximum
3543 2295 3762 2349 Pascha
3788 2312 3866 2367 ce:

2273 2384 2545 2439 lebraturi
2573 2402 2769 2439 sumus
2791 2385 3095 2455 prudentes
3114 2401 3180 2437 ex
3202 2383 3354 2437 vobis
3379 2383 3526 2437 viros
3549 2385 3744 2438 venire
3765 2401 3867 2439 non

2274 2473 2482 2543 pigeat,
2514 2474 2605 2545 qui
2638 2473 2800 2527 nobis
2829 2472 3100 2544 quidquid
3126 2472 3461 2542 exigendum
3505 2478 3610 2535 est,
3643 2474 3867 2527 vestris-

2276 2578 2384 2632 que
2415 2562 2753 2615 utilitatibus
2780 2561 3178 2615 conferendum
3218 2578 3328 2614 non
3370 2578 3470 2632 per
3491 2561 3709 2631 judicia
3733 2563 3868 2617 litte-

2275 2667 2485 2704 rarum.
2521 2651 2618 2704 sed
2650 2667 2750 2720 per
2776 2650 2910 2704 vivae
2942 2650 3088 2704 vocis
3126 2649 3367 2703 ofﬁcium
3400 2655 3667 2720 patenter
3704 2667 3862 2722 expo-

2275 2745 2433 2793 nant.
2468 2740 2611 2793 I-luic
2640 2740 2791 2793 enim
2818 2738 2981 2795 bello.
3015 2739 3161 2809 quod
3193 2738 3309 2792 zelo
3328 2738 3501 2792 divini
3524 2739 3759 2795 fervoris
3784 2756 3864 2794 es-

2270 2827 2345 2881 tis
2361 2828 2610 2897 aggressi
2632 2844 2741 2881 non
2773 2828 3141 2898 segniter,sed
3163 2827 3316 2881 omni
3337 2827 3563 2882 virtutis
3580 2828 3863 2895 instantia,

2272 2916 2524 2985 Romana
2554 2916 2714 2970 sedes
2743 2917 3001 2981 accurrit,
3022 2916 3313 2971 brachium
3340 2917 3597 2987 porrigit,
3613 2918 3864 2990 clypeum

2277 3005 2617 3059 defensionis
2645 3005 2893 3076 opponit,
2924 3010 2982 3059 et
3010 3022 3105 3058 vos
3135 3012 3201 3059 ut
3230 3005 3408 3075 magis
3430 3021 3493 3058 ac
3521 3006 3705 3076 magis
3732 3007 3869 3062 circa

596 3086 719 3155 ejus
771 3088 1035 3143 meritum
1068 3106 1244 3161 usque
1276 3090 1441 3146 hodie
1479 3092 1645 3146 variae
1692 3091 2052 3146 infirmitates
2090 3108 2188 3145 cu—
2213 3070 2256 3129 Ο
2280 3094 2532 3147 membra
2568 3093 2776 3147 diaboli
2822 3110 2933 3148 non
2965 3094 3244 3147 cnerviter
3271 3096 3368 3158 (ita
3397 3095 3544 3162 cod.)
3580 3095 3866 3165 insurgere

595 3179 818 3232 rantur.

668 3263 891 3317 Interea
921 3264 1209 3321 Cremonae
1229 3268 1457 3322 verbum
1482 3269 1582 3322 Dei
1612 3268 1947 3323 mirabiliter
1973 3284 2188 3321 cresce-

597 3351 711 3408 bat.
746 3356 988 3424 qualiter
1034 3374 1163 3412 vero
1211 3374 1289 3413 xu
1328 3361 1431 3413 viri
1475 3361 1591 3414 zelo
1629 3361 1731 3415 Dei
1774 3359 1927 3413 ducti
1958 3359 2189 3413 consilio

594 3440 809 3497 domini
852 3445 1181 3500 Christofori
1210 3447 1428 3503 abbatis
1452 3450 1790 3519 juraverint,
1823 3454 1881 3502 et
1910 3447 2189 3518 quomodo

594 3530 888 3586 universus
917 3533 1309 3590 Cremonensis
1338 3538 1577 3608 populus
1604 3538 1704 3591 hos
1733 3537 1988 3591 imitatus
2014 3542 2192 3600 est,et

596 3622 875 3692 quomodo
896 3623 1185 3678 universos
1211 3625 1525 3679 sacerdotes
1554 3631 1611 3679 et
1634 3625 1828 3679 levitas
1857 3624 2191 3679 concubina-

595 3713 684 3763 tos
710 3710 1014 3780 ejecerunt.
1056 3717 1113 3765 et
1142 3712 1384 3783 qualiter
1409 3713 1592 3784 ipsum
1627 3712 1971 3784 episcopum,
1997 3712 2091 3783 qui
2129 3713 2188 3766 in

594 3798 716 3870 ipso
747 3800 837 3854 die
859 3800 1141 3855 Passionis
1172 3802 1391 3856 Domini
1411 3802 1757 3856 sacerdotem
1791 3802 2189 3856 Paterinorwn

592 3890 1065 3961 comprehendere
1085 3891 1357 3946 nitentem
1380 3891 1811 3955 verberaverint,
1829 3898 1886 3945 et
1908 3891 2188 3961 quomodo

594 3986 721 4051 post
742 3987 998 4034 sanctum
1029 3982 1241 4036 Pascha
1268 3982 1532 4036 honestos
1553 3982 1698 4036 viros
1722 3982 1950 4035 nuntios
1992 3979 2062 4032 ad
2092 3996 2183 4050 pa-

593 4078 735 4141 pam‘
754 4069 957 4124 misere
985 4070 1168 4125 dicere
1189 4087 1299 4125 non
1329 4070 1557 4126 curabo.
1600 4072 1831 4126 Scutum
1860 4084 2008 4130 vero,
2038 4067 2182 4138 quod

594 4158 1066 4212 Cremonensibus
1095 4176 1196 4230 per
1210 4159 1432 4213 eosdem
1451 4161 1676 4214 nuntios
1690 4157 2020 4213 venerabilis
2042 4172 2188 4227 papa

594 4246 899 4310 mandavit,
923 4246 1053 4299 huic
1078 4248 1345 4317 opusculo
1373 4247 1619 4301 inserere
1639 4246 1941 4301 deliberavi
1968 4262 1979 4297 :
2001 4261 2027 4296 (ι
2048 4246 2188 4300 Λικ-

593 4350 1035 4395 ΧΛΝΒΕΠ,881Ὗ118
1051 4350 1336 4389 servorum
1364 4335 1485 4400 Dei,
1506 4334 1899 4389 Cremonensis
1929 4333 2186 4387 Ecclesiae

593 4421 872 4492 religiosis
897 4422 1110 4476 clericis
1140 4428 1196 4477 et
1214 4424 1473 4478 ﬁdelibus
1498 4423 1671 4487 laicis,
1705 4423 1943 4477 salutem
1973 4427 2031 4475 et
2049 4439 2184 4493 apo-

591 4511 845 4566 stolicam
880 4511 1344 4567 benedictionem.
1372 4513 1699 4583 luspiratori
1735 4512 1985 4566 omnium
2010 4510 2184 4565 bono-

591 4619 719 4656 rum
754 4602 869 4656 Deo
908 4607 965 4656 et
993 4602 1148 4657 bonae
1179 4603 1481 4657 voluntatis
1510 4603 1725 4656 auctori
1756 4601 1958 4657 uberes
1987 4601 2183 4655 referi-

591 4708 718 4746 mus
757 4691 990 4763 gratias,
1046 4692 1141 4762 qui
1194 4708 1286 4745 vos
1347 4691 1614 4744 adversus
1666 4691 1884 4745 hostem
1950 4689 2182 4744 humani

584 4780 810 4853 generis
837 4780 1108 4835 virtutum
1149 4795 1382 4833 suarum
1429 4779 1556 4833 telis
1593 4779 1848 4845 armavit,
1885 4784 1942 4833 et
1982 4780 2053 4833 ad
2084 4779 2185 4832 de-

588 4870 917 4925 struendam
950 4868 1341 4941 Symoniacam
1374 4868 1628 4922 haeresim
1660 4884 1725 4922 ac
1750 4868 2182 4922 fornicationem

589 4958 888 5030 spurcitiae
917 4958 1245 5011 clericorum
1297 4957 1575 5011 ferventer
1603 4958 1875 5011 accendit.
1915 4957 2183 5011 Erexistis

585 5047 909 5111 enim,sicut
935 5046 994 5100 in
1016 5046 1218 5099 litteris
1245 5045 1446 5099 vestris
1465 5047 2048 5115 cognovimus,contra
2068 5063 2179 5099 ver-

586 5137 794 5190 sutiam
825 5133 1100 5205 serpentis
1126 5134 1362 5204 antiqui,
1388 5140 1444 5188 et
1464 5135 1561 5206 qui
1582 5135 1931 5205 velutbiceps
1957 5134 2186 5188 coluber

585 5240 688 5297 per
716 5222 1300 5293 ﬁstulasgeminarum
1325 5223 1574 5277 faucium
1588 5223 1849 5294 nequitize
1879 5240 1992 5277 sua:
2014 5240 2186 5293 super

584 5332 682 5369 vos
711 5331 924 5369 venena
955 5313 1212 5384 nequiter
1240 5313 1531 5367 evomebat
1545 5313 1723 5367 sancti
1739 5313 1840 5366 zeli
1871 5318 2052 5366 vestro
2067 5314 2182 5367 zelo

582 5404 894 5476 perfossum
918 5408 1087 5474 atque
1109 5401 1384 5473 precisum
1407 5419 1467 5456 se
1483 5401 1706 5455 virtutis
1727 5406 1919 5454 vestrae
1942 5400 2181 5471 pugione

587 5493 852 5563 suspirat.
869 5490 1039 5545 Plane
1053 5490 1148 5561 qui
1166 5489 1411 5560 serpenti
1426 5489 1639 5544 dudum
1671 5488 1726 5541 in
1748 5487 2007 5559 paradiso
2027 5488 2182 5542 dam-

584 5580 830 5648 nationis
849 5585 1071 5637 aeternae
1095 5579 1369 5650 judicium
1402 5578 1613 5644 intulit,
1647 5576 1766 5657 ipse
1788 5594 1884 5635 vos
1915 5576 2181 5637 adversus

2204 4379 2251 4436 D

2275 3182 2544 3248 debeatis,
2586 3183 2861 3239 accendit.
2887 3182 3068 3251 Igitur
3094 3182 3481 3253 unusquisque
3510 3189 3764 3238 vestrum
3789 3184 3867 3237 di-

2275 3270 2413 3324 vinae
2441 3271 2664 3325 virtutis
2702 3288 2966 3325 mucrone
3008 3272 3334 3342 praecinctus
3373 3271 3524 3325 dicat
3554 3289 3564 3325 :
3598 3290 3626 3324 α
3662 3273 3721 3327 Si
3753 3272 3868 3344 quis

2276 3376 2303 3410 α
2335 3364 2422 3413 est
2463 3360 2709 3426 Domini,
2739 3362 3014 3430 jungatur
3041 3376 3259 3413 mecum
3283 3361 3469 3427 (Exod.
3500 3375 3676 3423 xxxu,
3707 3362 3811 3427 '26),
3842 3381 3864 3412 »

2273 3448 2462 3518 sicque
2486 3465 2614 3502 cum
2641 3448 2837 3519 Moyse
2864 3449 3026 3519 quasi
3055 3449 3123 3502 de
3144 3455 3307 3519 porta
3329 3448 3385 3501 in
3416 3454 3640 3519 portam
3671 3455 3869 3503 castro-

2272 3552 2399 3590 rum
2433 3538 2606 3605 (ibid.,
2635 3536 2724 3597 27)
2756 3544 3028 3608 tanquam
3070 3536 3315 3591 fervidus
3342 3537 3581 3591 bellator
3610 3538 3669 3592 in
3704 3537 3867 3592 sacri-

2270 3626 2426 3694 legos
2475 3625 2677 3688 irruat,
2720 3633 2784 3679 ut
2815 3625 3142 3680 Simoniacze
3176 3625 3491 3679 venalitatis
3517 3633 3571 3681 et
3604 3626 3868 3681 clericalis

2272 3713 2531 3768 adulterii
2557 3715 2780 3783 januas,
2813 3731 2915 3786 per
2936 3731 3075 3785 quas
3100 3714 3354 3768 diabolus
3386 3714 3442 3768 in
3473 3721 3721 3769 vestram
3751 3715 3868 3769 fue-

2271 3808 2362 3855 rat
2389 3802 2674 3872 ingressus
2694 3803 2999 3857 Ecclesiam
3032 3803 3187 3857 czesis
3225 3802 3590 3857 cadaveribus
3618 3804 3856 3859 claudat.

2273 3891 2664 3964 Omnipotens,
2693 3891 3036 3945 dilectissimi
3059 3891 3177 3957 ﬁlii,
3201 3907 3303 3944 sua
3332 3908 3426 3944 vos
3446 3891 3681 3946 dextera
3709 3892 3867 3946 bene-

2268 3979 2435 4045 dicut,
2472 3985 2529 4033 et
2558 3996 2659 4050 per
2673 3979 2918 4033 officium
2942 3979 3089 4033 beati
3104 3980 3340 4050 apostoli
3358 3980 3608 4034 suiPetri
3632 3983 3858 4050 januam

2268 4068 2423 4121 vobis
2449 4068 2689 4122 caelestis
2706 4069 2863 4138 regni
2885 4069 3122 4139 aperiat.
3158 4086 3184 4120 ))
3223 4069 3322 4122 llis
3343 4068 3651 4124 salutiferis
3670 4070 3857 4123 admo-

2268 4156 2576 4210 nitionibus
2609 4158 2826 4211 accensi
2856 4160 3281 4219 Cremonenses.
3323 4156 3589 4227 placitum
3612 4159 3715 4212 Dei
3743 4172 3862 4211 mox

2269 4245 2560 4316 incipiunt,
2613 4246 2959 4300 Simoniacos
2997 4250 3053 4299 et
3098 4245 3464 4299 fornicatores
3500 4244 3570 4299 ab
3628 4247 3864 4301 Ecclesia

2271 4351 2373 4388 sua
2403 4335 2707 4405 expellunt.
2748 4334 2900 4398 Quos
2930 4324 3217 4388 imitantes
3247 4334 3579 4400 Placentini,
3605 4336 3861 4389 Romana:

2269 4440 2330 4477 se
2384 4423 2649 4477 continuo
2702 4423 3007 4493 subjiciunt
3055 4423 3385 4478 obedientize
3434 4429 3491 4477 et
3539 4424 3861 4495 Dionysium

2268 4528 2462 4566 eorum
2513 4511 2835 4582 episcopum
2867 4529 2899 4565 a
2941 4512 3100 4566 beato
3133 4529 3278 4583 papa
3322 4514 3857 4568 excommunicatum

2266 4601 2562 4671 abjiciunt,
2593 4609 2649 4654 et
2686 4616 2879 4655 omnes
2916 4605 3206 4656 Patarea»;
3234 4618 3333 4672 per
3358 4609 3710 4657 sacramenta
3742 4617 3860 4655 con-

2266 4692 2515 4744 firmant.

2338 4779 2550 4833 Eodem
2580 4784 2835 4850 tempore
2863 4779 3025 4849 Hugo
3055 4778 3346 4838 candidus,
3369 4779 3438 4833 de
3470 4797 3579 4850 quo
3607 4781 3859 4852 superius

2267 4869 2609 4922 mentionem
2638 4868 2891 4932 fecimus,
2923 4873 3049 4938 post
3082 4868 3288 4921 multas
3309 4867 3563 4922 miserias
3584 4876 3641 4924 et
3661 4871 3853 4931 varias,

2252 4974 2406 5027 quas
2433 4957 2537 5010 sub
2567 4957 2772 5011 Cadolo
2790 4972 2988 5027 passus
3016 4960 3120 5020 est,
3134 4956 3361 5010 tandem
3395 4957 3465 5010 ad
3487 4958 3857 5012 venerabilem

2267 5061 2470 5115 papam
2502 5045 2748 5109 veniens,
2774 5045 2994 5098 veniam
3014 5045 3175 5114 petiit
3192 5045 3606 5116 etimpetravit,
3623 5063 3859 5117 cumque

2266 5134 2335 5186 ad
2352 5132 2678 5204 Hispaniam
2696 5133 2865 5201 legati
2879 5134 3118 5203 fungens
3142 5133 3322 5187 ofﬁcio
3350 5133 3692 5199 mitteretur,
3709 5134 3859 5205 quid-

2267 5222 2399 5291 quid
2418 5222 2753 5291 :edificabat,
2776 5222 2980 5275 iterum
2997 5221 3319 5292 dissipabat.
3348 5224 3489 5277 Nam
3519 5223 3858 5277 Simoniacos

2267 5311 2509 5381 primum
2537 5311 2762 5381 quidem
2793 5310 3136 5364 validissime
3168 5311 3627 5381 persequebatur,
3672 5321 3857 5383 postea

2265 5416 2393 5453 vero
2421 5406 2647 5469 accepta
2677 5398 2915 5469 pecunia
2939 5398 3353 5455 reconciliabat.
3373 5400 3520 5470 quod
3552 5401 3688 5454 dum
3710 5419 3855 5455 com-

2262 5495 2484 5559 pertum
2505 5488 2694 5541 Romae
2708 5487 3063 5554 fuisset,eum
3089 5487 3158 5540 ab
3186 5487 3471 5557 Hispaniis
3488 5489 3679 5543 statim
3711 5506 3857 5544 revo-

2263 5582 2412 5643 cant,
2446 5583 2503 5631 et
2540 5577 2728 5635 Romae
2770 5574 3028 5631 habitare
3068 5577 3419 5651 praecipiunt.
3453 5578 3609 5632 Hanc
3641 5578 3699 5631 in
3729 5594 3852 5632 eum
