3964 6358
550 285 659 342 835

1571 279 1958 333 BONIZONIS
1999 278 2434 336 PLACENTINI
2476 283 2822 336 EPISCOPI.

3736 282 3847 340 836

546 410 742 463 ordine
766 414 960 478 postea
987 405 1325 460 narrabitur.
1351 404 1555 458 Eodem
1604 410 1856 474 tempore
1883 402 2140 466 Cadolus,
2161 403 2211 461 A
2229 405 2458 458 ecclesia
2489 407 2543 458 S.
2565 405 2868 458 Salvatoris
2891 405 3145 468 hum-ato,
3171 422 3296 459 cum
3315 407 3463 460 circa
3488 408 3844 477 sepulturam

546 498 868 552 Parmensis
907 497 1216 565 episcopus,
1261 511 1488 563 corpore
1534 499 1589 545 et
1620 492 1808 544 anima
1851 491 2146 544 defunctus

547 595 650 651 est,
685 594 739 639 et
771 603 881 638 non
925 586 1099 637 multo
1143 592 1266 653 post
1308 585 1598 635 Ravennas
1653 582 1943 650 episcopus
1998 598 2146 632 mor-

547 680 679 727 tuus
709 682 810 726 est.

620 764 842 816 Interea
871 761 1192 814 Parmensis
1224 760 1544 812 Guibertus.
1579 758 1646 809 de
1688 774 1795 826 quo
1826 773 1994 826 supra
2031 773 2149 808 me-

547 851 783 902 moriam
814 850 1062 907 iecimus,
1095 851 1452 901 Parmcnsem
1505 846 1841 898 mirabiliter
1869 844 2152 897 ambiebat

548 938 948 1008 episc0patum.
983 939 1122 989 Nam
1157 938 1349 988 adiens
1401 953 1588 1002 regem
1649 935 1837 987 multis
1897 934 2149 1003 precibus

547 1027 1004 1096 muneribusque.
1024 1025 1312 1094 satagebat
1331 1037 1382 1077 ut
1411 1025 1514 1076 sibi
1536 1023 2148 1092 dareturepismpatus;

548 1116 693 1185 quod
726 1131 849 1167 cum
884 1115 1186 1184 impetrare
1220 1131 1326 1166 non
1363 1114 1644 1174 valuisset,
1670 1123 1725 1165 et
1756 1111 2014 1164 erunibus
2037 1120 2148 1163 tam

544 1203 873 1274 propinquis
912 1205 1027 1256 suis
1086 1221 1249 1273 quam
1311 1203 1608 1260 extraneis,
1669 1207 1783 1253 tam
1845 1200 2150 1268 majoribus

547 1310 714 1363 quam
754 1293 1083 1350 minoribus,
1112 1300 1225 1343 tarn
1259 1291 1474 1343 clericis
1507 1308 1671 1358 quam
1719 1290 1870 1342 laicis
1922 1289 2150 1341 omnino

545 1382 1056 1436 contradicentibus
1080 1382 1145 1433 ad
1188 1381 1597 1449 imperatricem
1629 1397 1685 1431 se
1710 1379 1961 1431 contulit.
1987 1379 2151 1430 Forte

545 1486 609 1523 ea
641 1471 714 1522 ibi
747 1471 941 1522 aderat
975 1470 1057 1521 his
1089 1469 1305 1524 diebus.
1325 1486 1499 1538 eaque
1523 1469 1924 1520 interveniente
1942 1467 2151 1519 Raven-

545 1567 736 1612 natem
772 1559 982 1628 accepit
1013 1559 1391 1627 episcopatnn'i
1427 1557 1743 1609 Parmensis
1777 1573 1900 1608 vero
1929 1555 2150 1607 cuidam

547 1648 842 1704 Everardo.
880 1647 1195 1700 Coloniensi
1227 1646 1446 1703 clerico,
1483 1646 1741 1698 traditur.

2229 495 2350 562 ejus
2375 495 2701 547 venerabilis
2731 494 3140 547 llildebrandus
3160 503 3308 548 esset
3331 496 3848 565 occupatus,factus

2229 591 2310 634 est
2335 585 2402 634 de
2429 592 2656 653 repente
2679 601 2980 635 concursus
3006 584 3331 636 clericorum
3359 585 3600 637 virorum
3629 604 3690 637 ac
3718 604 3849 638 mu-

2233 672 2431 724 lierum
2465 673 2826 724 clamantium
2857 692 2865 724 :
2906 673 3318 726 llildebrandus
3368 674 3680 742 episcopus.
3717 676 3844 736 Quo

2233 761 2424 813 audito
2457 760 3226 813 venerabilisarchidiaconus
3255 763 3491 831 expavit.
3515 769 3568 814 et
3582 763 3850 814 velociter

2234 850 2421 900 volens
2446 849 2710 918 populum
2747 851 2964 918 placare
2995 849 3277 901 concurrit
3304 850 3368 901 ad
3406 851 3704 919 pulpitum.
3744 851 3844 902 sed

2235 954 2361 988 eum
2398 939 2556 1005 llugo
2579 938 2847 989 candidus
2883 938 3166 1006 przevenit,
3202 944 3257 988 et
3288 939 3553 1007 populum
3586 938 3663 990 sic
3711 939 3848 990 allo-

2235 1033 2396 1077 cutus
2427 1029 2544 1077 es't:
2579 1026 2692 1078 Viri
2747 1025 2975 1078 fratres!
3015 1043 3106 1077 vos
3177 1026 3332 1078 scitis
3387 1027 3519 1095 quia
3568 1044 3600 1078 a
3645 1026 3846 1078 diebus

2235 1115 2446 1166 domini
2481 1115 2680 1167 Leonis
2714 1133 2867 1184 papae
2902 1115 2988 1166 hic
3012 1125 3095 1166 est
3136 1115 3566 1174 llildebraudus,
3600 1116 3693 1184 qui
3719 1133 3850 1167 san-

2235 1209 2381 1255 etam
2419 1204 2728 1256 Romanam
2786 1204 3085 1255 Ecclesiam
3138 1205 3400 1256 exultavit
3455 1213 3510 1256 et
3553 1205 3843 1257 civitatem

2235 1292 2396 1344 istam
2447 1292 2702 1344 liberavit
2751 1293 3106 1361 Quapropter
3153 1293 3283 1362 quia
3332 1293 3399 1344 ad
3454 1294 3848 1362 pontiﬁcatum

2237 1379 2547 1432 Romanum
2583 1398 2760 1450 neque
2817 1381 3101 1432 meliorem
3137 1397 3314 1449 neque
3343 1381 3848 1450 talem,quieliga-

2235 1476 2344 1524 tur,
2387 1469 2590 1520 habere
2624 1486 2937 1538 possumus,
2965 1469 3223 1536 eligimus
3256 1471 3403 1522 hunc.
3432 1469 3488 1521 in
3523 1478 3713 1521 nostra
3748 1487 3840 1522 ec-

2235 1558 2402 1609 clesia
2431 1558 2773 1621 m-dinatum,
2802 1558 2976 1610 virum
3013 1558 3166 1610 vobis
3225 1558 3493 1626 nobisque
3549 1568 3741 1611 notum
3790 1567 3850 1611 et

2236 1663 2334 1714 per
2357 1646 2543 1698 omnia
2573 1646 2888 1714 probatum.
2942 1649 3193 1715 Cumque.
3227 1647 3538 1698 cardinales
3595 1647 3848 1716 episcopi

623 1736 890 1789 Prielatus
921 1753 1046 1787 vero
1075 1735 1376 1787 Guibertus
1422 1737 1649 1787 veniens
1705 1733 2147 1802 Longobardiam
2170 1746 2212 1803 Β
2236 1735 2664 1804 sacerdotesque
2690 1743 2744 1786 et
2795 1735 2974 1787 levitae
2998 1742 3051 1786 et
3103 1735 3390 1804 sequentis
3413 1735 3624 1787 ordinis
3653 1736 3849 1787 clerici

545 1825 869 1879 Ravennam
896 1825 1124 1876 intravit
1156 1823 1514 1876 multitudine
1541 1823 1694 1892 gravi
1725 1831 1775 1875 et
1821 1823 1875 1874 in
1925 1840 2145 1890 magno,

548 1920 613 1967 ut
635 1914 720 1967 sui
757 1913 927 1965 moris
955 1919 1057 1970 est,
1085 1920 1395 1982 potentatu.
1431 1913 1494 1964 Et
1523 1929 1632 1964 non
1665 1912 2011 1980 postmultos
2031 1911 2147 1962 dies

550 2002 607 2054 in
635 2001 1090 2069 Quadragesimze
1112 2001 1305 2053 diebus
1329 2001 1560 2053 Romam
1594 2000 1740 2052 venit
1768 2016 1935 2052 causa
1958 2016 2147 2051 conse-

549 2091 832 2149 crationis,
868 2091 1079 2159 synodo
1112 2090 1229 2158 jam
1261 2089 1558 2141 celebrata.
1604 2089 1658 2139 in
1716 2104 1824 2156 qua
1881 2094 1936 2138 et
1990 2087 2147 2153 llugo

548 2179 818 2232 candidus
843 2195 875 2231 a
899 2177 1356 2231 Cluniacensilms
1380 2177 1730 2229 i‘nonachiset
1761 2195 1794 2228 ει
1816 2174 2146 2245 quibusdam

549 2269 827 2336 religiosis
859 2267 1133 2336 episcopis
1162 2267 1378 2335 publice.
1410 2266 1476 2317 de
1509 2265 1754 2318 Simonia
1786 2265 2059 2333 arguitur,
2094 2271 2148 2316 et

551 2357 608 2410 in
631 2374 741 2426 qua
777 2357 997 2408 hortatu
1035 2356 1160 2424 [lure
1192 2373 1291 2407 rem
1323 2372 1487 2405 rruxxr
1517 2357 1682 2406 alteri
1733 2356 2030 2404 sulm-litata
2089 2356 2146 2404 in.

548 2442 693 2516 c0d.]
721 2444 1090 2512 imperatricis
1120 2445 1388 2513 quosdam
1416 2443 1561 2511 regis
1586 2442 1931 2494 consiliarios
1963 2443 2144 2494 volen-

546 2539 630 2586 tes
652 2549 780 2585 eum
812 2533 881 2585 ab
913 2533 1126 2585 unitate
1161 2532 1412 2584 Ecclesia:
1448 2548 1725 2600 separare,
1755 2531 1971 2598 publice
2033 2531 2143 2582 Do-

545 2623 732 2674 minus
761 2639 902 2692 papa
929 2621 1443 2674 excornmmiicavit.
1471 2621 1573 2673 Sed
1603 2622 1719 2686 jam
1765 2621 1830 2671 ad
1867 2621 2142 2672 narratio-

545 2727 672 2764 nem
709 2711 1021 2763 redeamus.
1083 2711 1353 2762 Praefatus
1413 2725 1538 2760 vero
1578 2709 1875 2760 Guibertus
1918 2709 2145 2761 veniens

543 2800 778 2853 Romam
810 2800 1020 2851 habens
1041 2816 1226 2851 secum
1255 2797 1605 2866 Dionysium.
1627 2797 2010 2850 Placentinum
2038 2799 2147 2867 epi-

542 2905 793 2958 sc0pum,
827 2896 956 2940 ante
990 2888 1194 2938 multos
1225 2903 1401 2938 annos
1436 2885 1506 2938 ab
1537 2885 1728 2938 eodem
1766 2902 1903 2954 papa
1935 2886 2148 2955 deposi-

540 2984 684 3042 tum,
718 2978 880 3029 ovina
920 2977 1184 3029 simulata
1231 2975 1461 3027 indutus
1507 2975 1882 3044 simplicitate,
1940 2977 2146 3028 multos

539 3067 759 3136 decepit
797 3073 852 3118 et
874 3065 1148 3135 praecipue
1179 3064 1291 3116 Deo
1343 3063 1635 3116 amabilem
1684 3063 2203 3157 Ilildebrandumc

539 3156 592 3208 Is
618 3172 741 3207 cum
777 3171 921 3221 saepe
959 3170 1188 3205 nun‘iero
1231 3170 1428 3221 papam
1466 3160 1736 3220 rogasset.
1760 3161 1820 3205 ut
1843 3153 2137 3205 eimanum

538 3242 1039 3312 imponeret,etillc
1055 3242 1226 3293 nollet
1241 3241 1818 3310 acquiescere,spiritu
1840 3242 2141 3311 prophetite

539 3333 738 3401 plenus
768 3331 946 3382 fertur
971 3330 1209 3382 dixisse:
1261 3331 1370 3398 Ego
1401 3331 1624 3400 quidem
1654 3333 1772 3399 jam
1829 3331 2042 3383 delibor
2088 3338 2144 3384 et

537 3427 760 3488 tempus
802 3419 1155 3471 resolutionis
1187 3435 1321 3471 mea)
1355 3419 1544 3478 instat,
1566 3427 1625 3471 tu
1653 3436 1779 3471 vero
1801 3420 1920 3487 ejus
1934 3420 2141 3472 senties

537 3508 919 3562 acerbitatem.
980 3507 1137 3570 Quod
1182 3514 1238 3560 et
1279 3515 1508 3560 eventus
1561 3514 1752 3576 postea
1819 3508 2136 3562 declaravit.

539 3597 680 3661 Quid
714 3597 917 3666 plura?
949 3597 1378 3650 Consecratione
1408 3614 1532 3649 vero
1566 3597 1672 3649 rite
1717 3596 2015 3660 celebrata,
2050 3616 2139 3650 sa-

535 3693 822 3740 cramento
852 3703 910 3738 se
942 3685 1206 3753 obligavit
1235 3704 1291 3737 se
1327 3685 1544 3737 lidelem
1570 3702 1689 3737 esse
1714 3703 1866 3754 papae
1901 3687 2142 3739 Alexan-

536 3774 638 3828 dro
669 3776 901 3844 ejusque
929 3774 1359 3834 successoribus,
1389 3775 1482 3842 qui
1518 3791 1614 3843 per
1659 3775 1918 3826 meliores
1952 3783 2138 3829 essent

535 3864 694 3917 electi
718 3864 1207 3924 cardinales,nullo
1230 3863 1391 3915 modo
1413 3863 1806 3932 imperatorem
1829 3882 1927 3916 nec
1948 3882 2136 3932 regem

534 3953 831 4005 nominans
872 3953 952 4004 vel
988 3951 1295 4021 patritinm.
1330 3953 1474 4021 quod
1525 3962 1936 4005 Sthl'tllTlClltLlll]
1997 3953 2136 4008 bene

535 4042 898 4094 conservavit.
946 4043 1084 4093 Nam
1120 4040 1416 4092 venerabili
1449 4042 1758 4094 Alexandro
1797 4043 2056 4094 defuncto
2081 4052 2137 4095 et

534 4130 834 4184 venerabili
891 4129 1267 4182 liildeln'ando
1327 4147 1424 4197 per
1497 4130 1750 4182 meliores
1823 4131 2133 4185 cardinales

535 4220 712 4272 electo
732 4218 1024 4287 religiosus
1065 4218 1513 4288 archiepiscopus
1555 4218 1798 4271 debitam
1833 4219 2134 4287 subjectio-

534 4325 661 4360 nem
698 4308 752 4360 in
789 4312 1008 4360 tantum
1045 4307 1090 4360 ei
1124 4307 1378 4365 contulit.
1407 4316 1466 4359 ut
1498 4315 1722 4360 vocatus
1753 4309 1820 4360 ad
1857 4311 2130 4377 synodum
2155 4331 2200 4388 D

533 4396 768 4448 veniret.
800 4402 856 4447 et
876 4395 930 4446 in
957 4395 1149 4446 eadem
1173 4394 1384 4460 synodo
1409 4412 1504 4464 per
1527 4395 1924 4464 privilegiumze
1947 4415 2010 4450 su
2038 4400 2136 4452 Ec-

535 4484 715 4537 clesia:
735 4485 972 4536 dexterae
1003 4484 1051 4535 ei
1085 4485 1323 4538 sederet.
1352 4490 1404 4534 ct
1439 4501 1545 4535 non
1579 4490 1800 4537 extorta
1831 4485 2136 4540 confessio-

534 4589 604 4626 ne
634 4573 729 4626 sed
760 4580 1066 4642 spontanea
1086 4590 1212 4625 eum
1239 4573 1417 4624 modis
1441 4573 1698 4625 erunibus
1731 4591 1930 4644 papam
1963 4579 2133 4645 proﬁ-

533 4668 765 4714 teretur.
801 4662 903 4714 Sed
939 4662 1055 4728 jam
1091 4661 1166 4713 rei
1209 4661 1458 4714 ordinem
1515 4679 1958 4731 prosequamur:
1997 4666 2131 4719 Pas-

533 4751 678 4804 chali
711 4750 1169 4819 igiturcelebrata
1197 4751 1496 4803 festivitate
1518 4768 1644 4803 cum
1676 4769 1708 4803 a
1733 4752 1892 4805 beato
1917 4771 2058 4823 papa
2081 4761 2134 4808 et

529 4839 830 4893 venerabili
858 4839 1246 4892 archidiacono
1294 4839 1575 4892 licentiam
1615 4843 1895 4893 remeandi
1929 4843 2134 4897 Raven-

528 4945 680 4990 nam,
700 4929 1330 4999 accepisset.antequam
1355 4927 1606 4980 eamdem
1630 4927 1825 4982 urbem
1845 4930 2126 4997 intrasset,

530 5017 581 5071 ei
615 5033 763 5070 mors
797 5034 951 5086 papa:
983 5015 1236 5068 nuntiata
1261 5021 1363 5072 est,
1400 5032 1529 5067 nam
1556 5015 1609 5068 in
1644 5018 1816 5070 natali
1857 5021 1913 5070 ὃ.
1951 5020 2131 5072 Geor-

529 5107 609 5176 gii
637 5107 694 5160 Β.
715 5104 1030 5158 Alexander
1062 5103 1324 5173 spiritum
1353 5104 1485 5156 coelo
1524 5105 1785 5158 reddidit.

1011 5193 1149 5257 Epr
1158 5195 1248 5244 icit
1282 5196 1298 5243 Ι
1307 5195 1420 5244 iber
1442 5198 1596 5246 surtu
1608 5211 1640 5244 ῖ.

867 5280 1129 5334 INCIPIT
1169 5280 1378 5333 LIBER
1419 5281 1786 5334 SEPTIMUS.

602 5371 808 5426 Eodem
842 5370 1033 5441 itaque
1069 5369 1156 5422 die
1198 5370 1412 5440 praefati
1459 5369 1741 5440 pontiﬁcis
1791 5387 2020 5440 corpore
2071 5372 2128 5424 in

2233 1824 2649 1885 conclamasset,
2685 1830 2742 1876 ut
2788 1841 2906 1875 mos
2945 1831 3065 1875 est:
3117 1824 3442 1887 Gregorium.
3489 1826 3586 1876 PP.
3635 1825 3748 1877 Scs.
3788 1826 3846 1876 Ι).

2231 1915 2357 1976 eleg.
2390 1912 2494 1983 (ita
2521 1912 2662 1978 cod.)
2691 1912 2953 1964 continuo
2984 1929 3015 1963 a
3041 1913 3242 1981 populo
3296 1913 3559 1973 trahitur,
3604 1912 3852 1982 rapitur-

2232 2017 2358 2068 que,
2395 2007 2450 2052 et
2479 1999 2546 2052 ad
2582 2001 2798 2052 vincula
2850 1999 2995 2052 beati
3035 2001 3092 2052 P.
3155 2017 3262 2052 non
3313 2001 3380 2052 ad
3430 2001 3846 2054 Brixianorium

2231 2087 2436 2140 invitus
2472 2089 2896 2140 inthronizatur.
2930 2089 3033 2151 Qui
3055 2089 3308 2158 sequenti
3337 2090 3426 2141 die
3445 2107 3631 2141 secum
3655 2099 3846 2142 mente

2232 2184 2577 2246 pertractans
2600 2178 2666 2229 ad
2692 2186 2960 2247 quantum
2996 2179 3300 2248 periculum
3331 2178 3849 2248 devenisset.cu~pit

2231 2273 2467 2319 aestuare
2499 2273 2554 2318 et
2578 2274 2807 2318 mers-tus
2838 2285 2956 2318 esse
2985 2285 2996 2332 ς
3036 2277 3220 2319 tamen
3239 2266 3484 2319 collectis
3503 2267 3628 2319 ﬁdei
3649 2276 3706 2320 et
3723 2269 3846 2338 spei

2232 2355 2456 2408 viribus.
2491 2355 2620 2424 quid
2649 2355 2996 2424 potissimum
3030 2356 3256 2410 faceret.
3277 2374 3386 2409 non
3417 2357 3571 2409 aliud
3604 2357 3840 2420 invenit,

2233 2460 2398 2512 quam
2433 2450 2492 2496 ut
2526 2445 2639 2511 regi
2665 2461 2820 2496 suam
2856 2445 3168 2497 notiﬁcaret
3221 2445 3572 2508 electionem,
3635 2452 3692 2498 et
3739 2464 3842 2516 per

2228 2549 2353 2583 eum
2384 2533 2427 2583 si
2453 2539 2655 2601 posset.
2681 2533 2783 2584 sibi
2808 2533 3004 2602 papale
3029 2535 3352 2602 Impositum
3377 2551 3517 2586 onus
3537 2534 3839 2588 devitaret.

2233 2621 2376 2672 Nam
2405 2621 2588 2673 missis
2606 2622 2671 2672 ad
2689 2639 2813 2673 eum
2836 2623 3100 2674 continuo
3124 2623 3325 2675 litteris
3348 2630 3401 2674 et
3427 2629 3662 2675 mortem
3685 2641 3845 2694 papae

2230 2709 2557 2770 notilicavit,
2585 2716 2638 2762 et
2672 2727 2828 2762 suam
2859 2711 2905 2762 ei
2929 2711 3250 2763 electionem
3271 2711 3638 2774 denuntiavit,
3665 2710 3847 2764 inter-

2233 2798 2590 2867 minatusque
2621 2799 2662 2851 si
2697 2801 2817 2867 ejus
2859 2800 3117 2852 cleetioni
3168 2817 3458 2853 assensum
3509 2801 3846 2870 praebuisset

2231 2904 2518 2955 nunquam
2549 2890 2668 2956 ejus
2702 2888 3010 2958 nequitiam
3043 2889 3321 2958 patienter
3341 2897 3700 2959 portaturum
3734 2891 3845 2943 Sed

2230 2974 2391 3043 longe
2416 2976 2579 3028 aliter
2608 2977 2791 3028 evenit
2814 2993 2980 3044 quam
3005 2985 3343 3045 speraverat.
3382 2978 3524 3030 Nam
3557 2995 3653 3030 rex
3695 2979 3846 3032 illico

2231 3062 2382 3114 misit
2438 3062 2776 3130 Gregorium
2834 3065 3242 3117 Vercellensem
3279 3066 3623 3136 episcopum,
3662 3068 3845 3120 ltalici

2227 3152 2379 3218 regni
2405 3153 2817 3205 cancellarium.
2850 3153 2939 3222 qui
2966 3155 3087 3221 ejus
3119 3154 3448 3206 electionem
3478 3156 3752 3220 ﬁrmaret,
3789 3163 3847 3208 et

2226 3240 2344 3307 ejus
2386 3239 2681 3293 interesset
2721 3242 3146 3294 consecra‘itioni.
3184 3242 3339 3304 Quod
3384 3252 3438 3295 et
3471 3243 3678 3296 factum
3736 3252 3841 3298 est.

2228 3331 2368 3382 Nam
2402 3329 2455 3381 in
2483 3331 2701 3399 jejunio
2756 3331 3109 3383 Pentecostes
3141 3331 3400 3383 sacerdos
3435 3332 3754 3394 ordinatur,
3791 3341 3848 3387 et

2226 3417 2280 3470 in
2306 3419 2490 3470 natale
2516 3420 2895 3488 apostolorum
2929 3421 2996 3472 ad
3026 3422 3202 3473 altare
3235 3420 3561 3472 eorumdem
3590 3439 3624 3474 a
3655 3422 3844 3474 cardi-

2228 3506 2444 3559 nalibus
2475 3509 2780 3560 secundum
2813 3507 3107 3577 antiquum
3136 3527 3345 3561 morem
3379 3508 3676 3579 episcOpus
3708 3528 3842 3563 con-

2224 3603 2495 3648 secratur.
2533 3596 2710 3665 Cujus
2754 3597 3156 3650 consecrationi
3208 3598 3463 3650 interfuit
3510 3599 3838 3667 imperatrix

2225 3703 2334 3737 una
2371 3702 2495 3737 cum
2528 3687 2993 3738 excellentissima
3029 3688 3274 3739 Beatrice
3305 3688 3444 3740 duce
3478 3693 3611 3740 tunc
3645 3687 3830 3740 vidua.

2224 3775 2364 3826 Nam
2410 3781 2539 3828 ante
2585 3793 2787 3845 paucos
2830 3776 2947 3827 dies
2986 3776 3314 3845 magniﬁcus
3372 3776 3481 3827 dux
3515 3777 3838 3829 Gotefridus

2221 3863 2437 3916 obierat
2455 3906 2465 3917 .

2297 3951 2640 4003 Venerabilis
2668 3969 2796 4004 vero
2830 3953 3073 4022 pontifex
3110 3970 3236 4006 mox
3279 3960 3340 4006 ut
3385 3969 3576 4005 curam
3632 3958 3836 4005 sanctae

2219 4041 2481 4094 Romana:
2513 4041 2764 4093 Ecclesia:
2795 4042 3059 4111 suscepit,
3095 4042 3171 4094 nil
3220 4043 3419 4095 melius
3453 4059 3573 4094 esse
3628 4043 3836 4094 delibe-

2220 4130 2381 4190 ravit,
2417 4147 2582 4198 quam
2624 4130 2678 4181 in
2713 4130 3018 4199 primordio
3053 4147 3240 4198 regem
3271 4132 3594 4190 admonere.
3632 4137 3696 4183 ut
3726 4131 3837 4198 epi-

2218 4226 2476 4288 scopatus
2531 4235 2638 4270 non
2693 4219 2974 4279 venderet,
3027 4236 3260 4288 seseque
3315 4218 3634 4286 subjectum

2220 4315 2422 4360 sanctae
2445 4308 2708 4360 ltomanze
2751 4307 3005 4361 Ecclesia)
3040 4314 3480 4376 recognosceret.
3511 4309 3655 4360 Nam
3701 4325 3834 4360 con-

2220 4396 2377 4448 tinuo
2403 4397 2568 4464 hujus
2603 4403 2807 4449 sanctze
2849 4396 3144 4464 legationis
3177 4397 3489 4449 ministram
3549 4397 3681 4448 fecit
3715 4414 3830 4450 esse

2220 4485 2521 4552 gloriosam
2580 4485 2992 4554 imperatriccm
3046 4485 3301 4552 ejusdem
3359 4485 3506 4553 regis
3560 4495 3823 4546 matrem,

2219 4574 2512 4626 habentem
2541 4591 2728 4626 secum
2772 4574 2824 4625 in
2865 4575 3130 4626 comitatu
3163 4573 3507 4626 venerabiles
3538 4574 3828 4644 episcopos

2219 4662 2518 4715 Girardum
2555 4663 2866 4715 Ostiensem
2898 4661 2988 4717 ('18
3042 4671 3097 4714 et
3128 4663 3395 4716 Ubertum
3419 4663 3824 4715 Praenestinum

2219 4759 2274 4804 et
2295 4751 2626 4804 Rainaldum
2654 4753 2991 4818 Cumanum,
3017 4769 3136 4821 qua}
3163 4753 3329 4820 Alpes
3344 4751 3626 4804 transiens
3651 4753 3826 4804 lilium

2217 4839 2271 4891 in
2306 4839 2554 4908 partibus
2593 4839 2856 4907 Bajoariee
2884 4839 3110 4890 invenit.
3147 4839 3289 4901 Quid
3347 4840 3556 4908 plura?
3606 4839 3828 4907 Legatis

2216 4929 2482 4980 Romanis
2504 4946 2537 4980 a
2559 4945 2687 4996 rege
2710 4927 3012 4980 honoriﬁce
3036 4928 3327 4997 susceptis,
3352 4945 3477 4980 cum
3496 4945 3594 4994 per
3619 4929 3825 4981 multOs

2214 5017 2332 5069 dies
2364 5034 2678 5069 sermonem
2707 5017 3066 5069 correctionis
3096 5017 3163 5069 ab
3186 5017 3264 5070 eis
3296 5017 3544 5086 quotidie
3577 5018 3822 5077 audiret,

2213 5106 2280 5158 ad
2314 5106 2572 5159 ultimum
2599 5123 2725 5157 vero
2758 5123 2886 5158 suos
2924 5106 3243 5168 familiares,
3278 5123 3417 5174 quos
3451 5113 3582 5158 ante
3630 5106 3824 5159 beatus

2213 5195 2787 5248 excommunicaverat
2818 5195 3148 5254 Alexander,
3169 5213 3201 5246 a
3227 5211 3329 5246 suo
3354 5194 3641 5264 prohibuit
3663 5196 3825 5248 collo-

2213 5284 2361 5353 quio.
2401 5284 2607 5336 Dehinc
2640 5292 2866 5350 rogatus
2901 5293 2962 5336 ut
2982 5284 3253 5352 synodum
3287 5283 3578 5338 mediaret.
3613 5284 3824 5353 episco-

2214 5391 2311 5443 pos
2341 5374 2479 5426 facie
2501 5381 2664 5426 tenus
2697 5375 3070 5444 congregavit,
3108 5382 3294 5427 mente
3325 5374 3666 5439 detractans,
3701 5373 3823 5426 nul-

3717 4235 3833 4271 esse

604 5512 712 5588 {48)
737 5513 791 5588 I_s
822 5511 1055 5588 celebris
1084 5512 1176 5566 illo
1203 5530 1318 5566 aevo
1376 5513 1659 5567 Gerardus
1700 5513 1770 5566 ad
1828 5529 2134 5584 purpuram
2176 5517 2403 5570 tandem
2454 5521 2696 5583 evectus,
2743 5515 2876 5569 civis
2923 5517 3343 5588 Ratisponensis
3372 5516 3519 5570 ﬁlius
3547 5517 3670 5582 fuit,
3705 5516 3820 5569 sin-

529 5583 727 5654 gulare
750 5584 1014 5652 Bajorum
1043 5591 1456 5640 ornamentum.
