3964 6358
140 332 248 387 837

1205 332 1420 387 LIBER
1457 333 1554 387 AD
1589 331 1900 387 AMIGUM.
1945 363 2008 370 —
2049 333 2185 387 LIB.
2226 334 2350 389 VII.

3310 339 3415 397 838

142 458 258 511 lum
287 457 518 511 omnino
553 456 850 510 concilium
884 456 942 508 in
964 469 1066 509 suo
1092 471 1265 523 regno
1294 455 1738 525 celebrari.quod
1759 457 2096 514 Ataturum.
2140 455 2239 508 His
2268 462 2324 509 et
2361 457 2564 511 talibus
2611 457 2859 512 subdolis
2910 460 3416 518 machinationibus

143 547 222 599 rei
255 547 607 615 subsequens
638 544 1021 614 comprobavit
1050 551 1299 597 eventus.
1333 546 1474 597 Nam
1512 562 1608 614 per
1641 547 1745 597 Le-

141 652 363 688 marum
399 636 756 688 Bremensem
788 636 1128 703 episcopum,
1149 635 1327 686 virum
1361 633 1746 704 eloquentissi-

139 741 294 776 mum
329 731 384 776 et
419 723 740 776 liberalibus
757 723 957 775 studiis
984 722 1234 792 adprime
1273 722 1575 778 eruditum.
1610 739 1742 774 con-

138 812 326 865 cilium
359 813 736 881 interruptum
769 819 874 864 est.
899 815 952 865 ls
984 812 1132 864 enim
1161 811 1384 864 dicebat
1405 829 1468 863 ex
1481 812 1744 880 antiquis

135 901 440 971 privilegiis
473 901 796 969 Maguntino
835 917 1161 952 concessum
1204 917 1322 952 esse
1371 901 1634 969 episcopo
1684 900 1740 952 in

140 989 460 1042 Germaniae
510 989 761 1059 partibus
792 989 970 1040 vicem
997 989 1202 1041 habere
1247 989 1484 1042 Romani
1517 990 1740 1058 pontifi-

139 1078 236 1142 cis;
257 1078 495 1148 ideoque
517 1094 627 1130 non
658 1077 823 1130 licere
854 1077 1118 1130 Romanis
1147 1077 1345 1145 legatis
1373 1078 1648 1146 synodum
1682 1078 1738 1130 in

140 1168 259 1235 ejus
290 1167 572 1237 legatione
597 1165 896 1222 celebrare.
933 1182 1044 1218 non
1078 1165 1214 1218 bene
1248 1166 1577 1234 recogitans,
1600 1167 1737 1218 illud

137 1255 307 1325 primi
340 1255 538 1309 Leonis
568 1255 872 1324 capitulum
891 1255 1282 1307 Thessalonico
1317 1255 1575 1324 episcopo
1607 1255 1742 1307 mis-

137 1361 282 1400 sum.
316 1346 373 1398 in
401 1361 511 1413 quo
542 1344 620 1396 ita
647 1345 856 1412 legitur
888 1362 898 1394 :
943 1343 1021 1396 sic
1062 1345 1210 1396 enim
1244 1344 1547 1396 committit
1598 1361 1741 1414 papa

137 1433 397 1486 omnibus
452 1433 884 1502 archiepiscopis
934 1433 1080 1485 vices
1117 1449 1266 1490 suas,
1302 1441 1365 1484 ut
1415 1433 1468 1484 in
1524 1440 1739 1502 partem

139 1522 248 1575 sint
281 1521 460 1575 vocati
489 1521 882 1574 sollicitudinis
915 1538 1024 1573 non
1051 1521 1106 1573 in
1138 1521 1547 1590 plenitudinem
1584 1530 1740 1590 pote-
1773 1567 1784 1575 .

137 1611 319 1664 statis.
356 1611 502 1673 Quid
536 1611 734 1679 plura?
762 1610 940 1677 Hujus
993 1611 1072 1662 rei
1103 1611 1286 1678 gratia
1335 1611 1603 1663 Lemarus
1653 1629 1744 1663 ar-

134 1700 528 1768 chiepiscopus
569 1715 600 1751 a
656 1699 855 1767 legatis
889 1699 1153 1752 Romanis
1195 1700 1522 1752 sacerdotali
1557 1701 1737 1752 ofﬁcio

1829 543 2079 596 animum
2138 562 2292 614 papae
2332 547 2470 599 nihil
2503 549 2634 600 mali
2676 548 3051 616 suspicantem
3083 550 3414 620 decipiebat.

1826 631 2063 684 Animus
2097 650 2222 686 vero
2254 636 2373 703 ejus
2413 637 2562 689 velut
2609 638 2736 690 ferae
2781 637 2973 690 belluas
3023 638 3162 690 iram
3193 656 3415 708 gerens,

1826 720 1966 772 nihil
1996 721 2143 773 aliud
2169 739 2334 790 quam
2351 725 2494 792 quod
2522 732 2646 794 post
2666 725 2744 777 rei
2767 726 3416 782 demoustraviteventus

1827 809 2125 877 cogitabat.
2192 813 2333 864 Nam
2377 830 2474 881 per
2502 830 2698 866 omnes
2750 816 2865 867 fere
2905 815 3419 884 quadragesimalcs

1824 899 1962 961 dies,
2007 899 2209 968 quib-us
2254 901 2394 954 inibi
2448 910 2698 956 moratus
2738 910 2840 960 est,
2875 904 3108 956 Romam
3146 906 3418 959 orationis

1823 988 2110 1040 occasione
2133 989 2406 1042 circuiens
2435 1007 2684 1061 quosque
2719 992 3010 1060 pestiferos
3039 993 3287 1047 invenire
3319 1013 3416 1064 po-

1825 1081 1986 1140 terat,
2014 1079 2093 1128 vel
2126 1093 2323 1148 papam
2353 1086 2580 1148 propter
2595 1080 2872 1148 justitiam
2897 1081 3150 1135 odientes
3178 1083 3417 1138 faciebat

1822 1165 2306 1235 amicos,dataquc
2338 1168 2573 1236 pecunia
2587 1175 2936 1242 sacramento
2966 1170 3419 1235 vinciebat,inter

1827 1269 1965 1321 quos
1997 1260 2053 1306 et
2103 1255 2370 1307 Cencium
2416 1256 2659 1325 praefecti
2711 1257 2981 1327 Stephani
3019 1258 3217 1323 ﬁlium,
3245 1277 3454 1329 quem'

1825 1359 1992 1406 supra
2051 1343 2392 1412 temporibus
2449 1362 2606 1414 papae
2653 1346 2951 1398 Alexandri
3017 1364 3142 1400 eum
3207 1347 3415 1403 Cadolo

1824 1431 1994 1483 fuisse
2029 1433 2481 1485 memoravimus.

1898 1520 1949 1571 ls
1978 1520 2239 1573 defuncto
2262 1531 2417 1590 patre
2441 1521 2784 1590 temporibus
2797 1523 3093 1576 Alexandri
3117 1541 3241 1578 cum
3275 1544 3416 1596 prie-

1831 1608 2098 1660 fecturam
2134 1610 2296 1661 vellet
2325 1609 2576 1677 adipisci,
2619 1611 2686 1662 ab
2717 1612 2976 1665 omnibus
3002 1614 3267 1668 Romanis
3287 1633 3416 1684 pro-

1833 1702 1955 1766 pter
1983 1698 2329 1750 ferocitatem
2355 1699 2524 1750 animi
2547 1700 2876 1768 repudiatus
2902 1708 3003 1764 est,
3022 1703 3418 1773 communique

132 1805 450 1858 suspensus
479 1793 582 1840 est.
619 1788 827 1840 Dehinc
850 1788 1081 1840 concilio
1113 1789 1212 1839 hac
1243 1789 1548 1855 sagacitate
1568 1787 1738 1840 inter-
1761 1766 2050 1836 Bcousilio
2083 1785 2324 1838 traditur
2345 1791 2672 1854 przelectura
2701 1789 2861 1840 alteri
2892 1789 3092 1841 Cencio
3123 1792 3416 1858 cujusdam

136 1885 323 1946 rupto,
352 1893 478 1928 cum
514 1893 605 1928 rex
633 1876 839 1937 omnia,
875 1893 996 1944 quae
1023 1877 1258 1928 Romani
1291 1877 1456 1945 legati
1490 1879 1738 1946 postula-

137 1972 291 2023 runt.
317 1983 378 2017 se
421 1965 658 2017 libenter
689 1965 867 2017 facere
901 1965 1263 2033 promisisset,
1295 1965 1510 2032 magnis
1542 1982 1738 2018 mune-

141 2055 296 2106 ribus
322 2054 516 2106 donati
567 2055 800 2106 Romam
845 2069 970 2105 cum
1001 2053 1211 2105 honore
1241 2061 1582 2114 remearunt,
1610 2072 1732 2123 por-

139 2148 324 2194 tantes
352 2158 542 2194 secum
569 2141 781 2210 przetati
801 2141 943 2210 regis
967 2141 1410 2210 littei'st,quibus
1439 2143 1738 2195 venerabili

134 2248 292 2300 papae
309 2230 586 2298 Gregorio
607 2247 690 2281 om
705 2230 866 2282 nibus
881 2230 1058 2282 modis
1076 2230 1318 2282 debitam
1337 2247 1397 2282 su
1410 2231 1738 2298 bjectioncm

143 2320 470 2389 spondebat.
485 2321 613 2371 Post
632 2336 834 2388 paucos
857 2335 984 2370 vero
1003 2319 1119 2371 dies
1137 2319 1362 2388 quidam
1385 2321 1738 2372 llermannus

141 2407 622 2476 Babenbergensis
645 2407 1042 2476 episcopus.Ro
1053 2424 1198 2459 mam
1213 2425 1380 2460 causa
1400 2409 1737 2478 suscipiendi

140 2497 293 2567 pallii
317 2496 594 2556 veniebat,
620 2513 784 2564 quem
807 2496 1006 2548 litterae
1025 2496 1171 2563 regis
1194 2497 1586 2565 anticipavere,
1607 2498 1740 2566 qui-

140 2585 244 2638 bus
294 2601 454 2654 papze
507 2584 882 2653 signiﬁcatum
934 2591 1016 2635 est
1058 2601 1140 2648 se,
1176 2585 1545 2652 quorumdam
1579 2586 1740 2638 mali-

142 2673 438 2742 gnantium
469 2673 666 2724 fraude
693 2673 1008 2740 deceptum,
1036 2672 1110 2722 illi
1137 2689 1232 2740 pro
1251 2659 1494 2741 pecunia
1525 2675 1739 2743 episco-

142 2771 332 2832 patum
356 2761 675 2814 tradidisse.
703 2761 859 2823 Qucd
886 2768 945 2813 ut
963 2761 1254 2828 quaesitum
1279 2769 1365 2814 est
1383 2771 1438 2814 et
1459 2763 1534 2815 ita
1557 2765 1740 2816 inven-

144 2861 262 2904 tum
297 2851 566 2921 prarfatus
616 2851 970 2902 l-lermannus
1000 2848 1068 2901 ab
1097 2849 1416 2919 episcopatu
1457 2853 1741 2921 depositus

141 2947 244 3003 est,
281 2947 340 2992 et
362 2939 509 2993 alius
537 2939 592 2991 in
622 2939 742 2992 loco
771 2939 889 3006 ejus
918 2945 1191 3008 praecepto
1229 2939 1439 2992 domini
1472 2958 1624 3011 papae
1656 2942 1740 2994 in-

142 3029 494 3083 thronizatus
539 3033 642 3090 est,
697 3027 789 3096 qui
826 3035 1018 3096 postea
1062 3027 1132 3078 ab
1175 3028 1366 3080 eodem
1411 3045 1552 3099 papa
1588 3031 1800 3099 palliin

142 3119 419 3188 dignitate
446 3118 686 3169 donatus
718 3122 820 3179 est,
860 3117 1007 3184 quod
1039 3123 1094 3168 et
1136 3117 1328 3169 itidem
1365 3118 1432 3170 de
1465 3123 1738 3172 Constan-

143 3207 308 3262 tiensi
338 3207 598 3276 episcopo
627 3207 830 3258 factum
863 3212 964 3258 est.

211 3298 359 3350 Dum
393 3296 509 3348 ὴωο
528 3294 605 3346 ita
629 3299 961 3363 gererentur
992 3294 1438 3349 Mediolanenses
1464 3297 1740 3367 capitanei

141 3384 521 3437 Ecclesiarum
556 3382 887 3440 venditores,
913 3383 981 3434 de
1011 3383 1210 3452 quibus
1231 3401 1401 3453 supra
1423 3387 1737 3452 retulimus,

141 3473 488 3542 colloquium
519 3488 642 3524 cum
675 3488 804 3540 rege
841 3471 1070 3527 faciunt.
1113 3473 1479 3543 animumque
1519 3476 1640 3544 ejus
1667 3476 1734 3527 ad

141 3562 483 3615 deteriorem
524 3569 740 3630 partem
771 3562 1004 3613 ﬂectunt
1030 3579 1041 3624 ;
1072 3577 1199 3613 nam
1234 3563 1280 3612 ei
1321 3564 1739 3629 promittunt.et

143 3653 445 3703 Pataream
477 3651 858 3703 destructuros
889 3657 943 3701 et
971 3650 1395 3703 Herlinbaldum
1438 3653 1733 3705 occisuros.

144 3740 305 3803 Quod
340 3756 436 3792 rex
489 3738 728 3791 libenter
757 3739 988 3802 audivit,
1021 3745 1078 3790 et
1126 3740 1436 3792 voluntarie
1468 3741 1738 3810 quidquid

144 3828 434 3898 petierunt
467 3827 740 3896 promisit.

212 3919 443 3971 Interea
485 3915 814 3968 venerabilis
844 3915 1146 3983 Gregorius
1176 3916 1316 3968 nihil
1350 3918 1479 3969 mali
1510 3919 1577 3970 de
1611 3937 1738 3989 rege

143 4006 440 4076 suspicans
470 4005 745 4074 synodum
778 4004 1152 4072 congregavit,
1188 4005 1241 4056 in
1295 4022 1404 4073 qua
1436 4008 1738 4062 Guibertus

144 4097 439 4149 Ravennas
461 4095 752 4164 episcopus
765 4094 856 4147 sed
868 4094 992 4151 it,et
1005 4094 1428 4147 innumerabilis
1443 4098 1742 4154 multitudo

1821 1874 2051 1924 Joannis
2083 1874 2324 1946 profecti
2376 1876 2506 1933 tilio,
2553 1877 2646 1944 qui
2689 1877 2942 1945 quamvis
2974 1879 3202 1931 nomine
3249 1880 3418 1949 aequi-

1823 1962 1958 2019 voci,
2011 1972 2194 2014 tamen
2243 1964 2408 2031 longe
2455 1972 2618 2017 erant
2650 1965 2850 2017 diversi
2895 1967 3171 2028 moribus;
3221 1969 3278 2020 in
3312 1970 3415 2022 hoc

1825 2051 2074 2102 omnium
2104 2053 2382 2105 malorum
2425 2053 2636 2121 species
2667 2053 2720 2105 in
2757 2059 2935 2106 altero
2980 2055 3269 2109 bonorum.
3307 2057 3413 2112 Hic

1823 2148 2163 2208 C(Hl‘lpatl'elil
2197 2158 2360 2193 suum
2401 2142 2610 2209 absque
2641 2142 2792 2194 omni
2831 2160 3000 2195 causa
3026 2143 3320 2207 interfecit,
3357 2152 3413 2199 et

1823 2228 2049 2280 domum
2085 2230 2206 2297 ejus
2232 2229 2484 2283 funditus
2513 2231 2819 2295 destruxit;
2855 2232 2999 2284 idem
3040 2240 3096 2285 et
3129 2233 3408 2288 latronum

1823 2319 2100 2386 particeps
2133 2325 2188 2371 et
2220 2320 2539 2388 praedonum
2573 2320 2812 2387 adjutor.
2848 2338 2946 2389 per
2972 2323 3148 2374 multa
3175 2329 3233 2376 et
3263 2325 3414 2376 varia

1822 2407 2115 2464 adulteria,
2135 2424 2256 2476 quae
2283 2410 2645 2477 perpetravit,
2678 2410 2760 2461 vel
2782 2417 3164 2478 perpetrantes
3196 2419 3413 2466 tutatus

1822 2502 1924 2553 est,
1958 2495 2190 2547 Romam
2221 2512 2284 2547 ex
2321 2495 2490 2548 libera
2506 2496 2632 2549 fecit
2660 2496 2916 2549 ancillam
2969 2499 3113 2550 Nam
3142 2499 3199 2551 in
3225 2501 3413 2554 Sancti

1823 2583 1973 2636 Petri
2019 2589 2184 2651 ponte
2239 2585 2442 2636 turrim
2506 2585 2658 2638 n'iirze
2701 2586 3108 2654 magnitudinis
3133 2588 3412 2643 zedilicans

1823 2689 2015 2724 omnes
2033 2679 2388 2725 transeuntes
2419 2673 2661 2726 reddidit
2680 2673 3024 2727 tributarios.
3054 2677 3213 2730 I-lunc
3245 2679 3414 2730 talem

1824 2767 1879 2812 et
1900 2768 2010 2812 tam
2038 2761 2361 2829 pestiferum
2380 2762 2667 2829 conjunxit
2685 2762 2787 2814 sibi
2808 2764 3070 2831 praelatus
3087 2765 3410 2832 Guibertus,

1825 2855 1881 2900 et
1911 2865 2008 2917 per
2033 2866 2158 2900 eum
2184 2867 2241 2901 se
2271 2852 2511 2902 armavit
2539 2858 2732 2902 contra
2763 2858 3037 2904 sanctum.
3076 2853 3250 2905 Erant
3278 2871 3413 2923 prae-

1825 2943 1979 2988 terea
2005 2938 2194 2990 Romae
2226 2939 2384 2990 inulti
2409 2939 3032 3007 pestilentesjustitiam
3052 2942 3323 2999 odientes.
3350 2949 3414 2996 ut

1825 3025 2318 3078 concubinatorum
2345 3027 2697 3080 sacerdotum
2739 3028 2834 3080 lilii
2869 3036 2923 3081 et
2951 3029 3246 3100 propinqui
3272 3045 3283 3088 ;
3314 3033 3411 3086 sed

1826 3121 1881 3167 et
1912 3115 2240 3167 venerabilis
2259 3115 2498 3183 pontifex
2530 3115 2582 3167 in
2607 3116 2878 3185 principio
2899 3117 3269 3172 ordinationis
3299 3138 3412 3174 suae

1823 3203 2084 3257 omnibus
2117 3204 2378 3256 Romanis
2416 3205 2638 3267 clericis
2687 3205 2841 3258 dedit
2887 3206 3189 3275 optionem,
3227 3216 3290 3262 ut
3317 3215 3415 3263 aut

1823 3293 2086 3345 canonice
2117 3292 2254 3345 nihil
2286 3292 2569 3362 proprium
2607 3294 2952 3362 possidentes
2985 3297 3291 3350 secundum
3333 3315 3416 3351 re-

1821 3382 2009 3450 gulam
2043 3388 2364 3434 sanctorum
2399 3382 2664 3442 viverent,
2698 3391 2795 3436 aut
2827 3384 3037 3437 relictis
3059 3384 3219 3439 bonis
3247 3388 3416 3441 eccle-

1822 3471 1916 3524 size
1962 3471 2193 3524 seorsim
2242 3471 2392 3523 domi
2439 3479 2766 3547 manerent:
2806 3490 3043 3542 quorum
3077 3476 3238 3528 multi
3285 3483 3415 3532 ante

1823 3560 2040 3627 elegere
2073 3559 2270 3628 privati
2304 3561 2481 3612 vivere
2525 3576 2692 3629 quam
2734 3578 2900 3614 suave
2943 3563 3143 3631 jugum
3193 3565 3414 3620 Domini

1821 3649 1967 3701 Ῑὶιιϊυ
1996 3667 2006 3712 ς
2043 3649 2135 3717 qui
2165 3648 2496 3701 mirabiliter
2527 3667 2680 3718 papa.-
2710 3657 2870 3703 erant
2898 3650 3098 3706 infensi
3122 3660 3300 3708 etnon
3323 3672 3411 3708 so-

1823 3737 1934 3789 lum
1969 3737 2024 3793 ii,
2061 3738 2156 3790 sed
2191 3744 2247 3790 et
2275 3754 2466 3790 eorum
2497 3738 2816 3808 propinqui.

1893 3829 2027 3879 Erat
2057 3835 2327 3895 praeterea
2359 3828 2545 3880 Romae
2575 3829 2805 3895 antiqua
2829 3834 2884 3880 et
2909 3829 3148 3896 pessima
3177 3848 3412 3887 consue-

1821 3915 1976 3968 tudo.
2020 3932 2184 3981 quam
2221 3915 2413 3967 beatus
2446 3932 2587 3984 papa
2618 3932 2717 3968 suo
2767 3923 3019 3984 tempore
3060 3919 3314 3973 funditus
3341 3921 3412 3974 ab

1823 4004 2264 4056 eademEcclesia
2287 4004 2682 4072 exstirpnv1t.N
2688 4020 2777 4055 am
2801 4003 2854 4056 in
2875 4004 3414 4075 beatiapostolorum

1827 4091 2092 4161 principis
2145 4091 2374 4144 ecclesia
2406 4099 2566 4144 erant
2610 4094 2894 4160 sexaginta
2951 4100 3007 4146 et
3056 4111 3120 4146 eo
3170 4097 3413 4166 amplius

145 4182 538 4252 episcoporum
582 4198 646 4233 ex
678 4180 976 4250 provinciis
1018 4180 1253 4233 diversis
1289 4192 1648 4252 congregata,
1685 4186 1742 4239 in
1827 4181 2188 4233 mansionarii
2219 4179 2344 4232 laici
2376 4180 2661 4248 conjugati
2683 4187 2739 4231 et
2768 4180 3016 4249 plerique
3036 4183 3412 4254 concubinati,

146 4271 408 4341 quadam
425 4269 711 4338 negotium
735 4267 1185 4321 Placentinorum
1210 4277 1266 4322 et
1283 4270 1741 4327 Cremonensium
1827 4269 1921 4338 qui
1950 4269 2182 4322 eandem
2217 4268 2503 4321 ecclesiam
2536 4285 2635 4337 per
2661 4268 2804 4322 vices
2832 4286 2965 4323 suas
3005 4270 3096 4324 die
3134 4280 3416 4346 noctuque

145 4367 504 4420 tractaretur,
529 4358 785 4428 praefatus
818 4357 1122 4410 Guibertus
1141 4358 1544 4414 Cremonenses
1575 4363 1740 4416 mira-
1764 4356 2211 4446 1-)CUstodivbant
2253 4373 2489 4426 quorum
2516 4363 2789 4425 potestate
2825 4359 3032 4422 omnia.
3067 4369 3270 4430 praeter
3293 4381 3416 4418 ma-

150 4448 337 4502 biliti-r
366 4449 850 4516 intamavit.quem
886 4463 984 4514 per
1018 4446 1298 4498 Dodonem
1328 4451 1738 4518 egregiteindo-
1816 4447 1930 4514 jus,
1955 4452 2117 4498 erant
2144 4445 2362 4506 altaria,
2397 4463 2518 4514 quae
2550 4446 2896 4500 orationibus
2923 4449 3173 4516 quotidie
3202 4452 3418 4506 vende-

149 4537 212 4591 lis
247 4539 510 4608 juvenem
535 4537 785 4605 ejusdem
813 4537 1097 4589 Cremonze
1112 4535 1283 4587 civem
1305 4536 1515 4606 liquido
1541 4541 1743 4594 claruit

148 4643 266 4680 esse
289 4627 762 4679 mentitum.Nam
794 4625 842 4677 is
863 4625 920 4676 in
961 4623 1142 4675 media
1167 4625 1380 4692 synodo
1414 4633 1470 4678 et
1501 4628 1739 4682 Cremo-

147 4732 350 4768 nenses
381 4714 615 4768 absolvit
647 4715 717 4766 ab
766 4713 1018 4774 infamia,
1055 4717 1111 4764 et
1138 4711 1316 4781 ipsum
1353 4715 1566 4769 notavit
1595 4717 1739 4770 infa-

146 4803 274 4856 mia.
311 4803 457 4865 Quid
492 4804 694 4871 plura?
723 4802 811 4854 his
841 4809 898 4854 et
943 4803 1068 4855 aliis
1112 4803 1350 4869 negotiis
1381 4803 1592 4856 sedatis
1632 4806 1742 4858 Ro-

143 4890 476 4945 bertuscum
499 4891 903 4944 Northmannis
925 4894 1440 4946 excommunicatur
1459 4893 1517 4944 in
1547 4893 1740 4946 eodem

141 4981 374 5049 synodo.
410 4979 515 5034 Cui
546 4981 760 5050 synodo
793 4980 1051 5034 interfuit
1081 4981 1546 5034 excellentissima
1575 4982 1744 5034 comi-

143 5069 272 5122 tissa
307 5069 380 5122 M.
420 5068 752 5137 [Mathildisl
783 5075 834 5121 et
857 5071 970 5122 Azo
1001 5069 1266 5133 marchio,
1286 5074 1344 5121 et
1371 5069 1618 5122 Gisulfus
1650 5070 1745 5123 Sa-

147 5158 474 5212 lernetauus
507 5159 782 5227 princeps.
818 5159 1064 5212 Concilio
1096 5159 1268 5229 igitur
1320 5158 1424 5210 rite
1466 5158 1742 5210 celebrato

145 5263 264 5300 cum
299 5246 547 5315 episcopi
581 5246 648 5298 ad
677 5246 902 5315 propria
927 5253 1266 5312 remearent,
1297 5246 1600 5299 Guibertus
1614 5263 1741 5299 cum

149 5336 406 5404 pontiﬁce
442 5335 630 5387 Romae
663 5335 954 5388 remansit.

217 5425 320 5476 Hic
335 5440 400 5493 pa
411 5441 490 5492 pa:
514 5422 878 5492 promittebat
893 5441 951 5477 se
972 5430 1168 5478 contra
1189 5425 1605 5478 Northmannos
1628 5441 1742 5477 ma-

150 5529 313 5581 gnam
335 5511 746 5582 expeditionem
767 5514 1044 5567 facturum
1072 5522 1127 5568 et
1147 5523 1346 5568 contra
1361 5514 1570 5567 Balneo
1595 5512 1740 5582 regis

155 5601 366 5655 comitis
387 5618 446 5654 se
477 5607 604 5670 post
625 5603 834 5672 pascha
853 5618 981 5658 cum
1012 5603 1206 5657 eodem
1239 5619 1386 5672 papa
1416 5611 1600 5655 castra
1628 5617 1742 5656 me-

1828 4535 1977 4588 bant.
2025 4536 2089 4587 Hi
2119 4551 2312 4587 ou‘mes
2379 4534 2549 4587 barba
2588 4536 2760 4588 rasati
2819 4541 2876 4589 et
2929 4537 3124 4592 mitras
3157 4539 3213 4593 in
3234 4542 3416 4612 capite

1824 4630 2131 4694 portantes,
2160 4623 2476 4676 sacerdotes
2496 4637 2552 4676 et
2581 4624 2891 4677 cardinales
2907 4643 2965 4678 se
2989 4644 3109 4680 esse
3134 4629 3412 4696 dicebant,

1823 4713 2008 4780 siCquc
2040 4718 2288 4764 oratores
2319 4713 2672 4782 decipiebant
2703 4720 2760 4766 et
2788 4715 3065 4784 principue
3101 4717 3417 4787 Langobar-

1825 4801 2022 4853 dorum
2073 4800 2336 4853 rusticam
2371 4801 2808 4863 multitudinem,
2861 4803 2955 4872 qui
2994 4820 3088 4857 eos
3126 4807 3416 4861 credentes

1826 4889 2160 4953 sacerdotes,
2216 4906 2276 4941 se
2327 4905 2520 4941 eorum
2547 4891 3017 4945 commendabant
3045 4894 3410 4951 orationibus.

1828 4980 1896 5031 Ili
1931 4979 2284 5047 intempestae
2315 4978 2492 5030 noctis
2538 4979 2767 5032 silentio
2810 4981 3078 5036 custodiae
3125 4985 3417 5040 occasione

1827 5068 1980 5121 varia
2027 5067 2317 5120 latrocinia
2349 5074 2405 5119 et
2440 5067 2626 5136 turpia
2662 5073 2858 5136 stupra
2886 5069 3234 5126 exercebant.
3269 5074 3438 5137 Quos

1825 5157 2024 5210 beatus
2054 5172 2194 5226 papa
2217 5173 2340 5208 cum
2367 5155 2912 5224 magnadil'ficultate
2931 5159 3000 5210 ab
3024 5160 3256 5214 ecclesia
3279 5180 3418 5230 apo-

1826 5247 2094 5299 stolorum
2129 5245 2391 5315 principis
2421 5244 2654 5313 expulit.
2688 5251 2744 5296 et
2773 5261 2894 5297 eam
2929 5247 3202 5316 religiosis
3239 5268 3420 5306 sacer-

1824 5336 2047 5388 dotibus
2078 5333 2354 5387 commisit
2379 5333 2819 5386 custodiendam.
2849 5335 2963 5386 Hos
2986 5337 3126 5389 tales
3155 5341 3418 5407 praefatus

1825 5424 2128 5478 Guibertus
2158 5424 2262 5477 sibi
2293 5422 2420 5476 fecit
2447 5423 2674 5485 amicos,
2709 5424 3041 5476 venerabilis
3071 5435 3258 5481 autem
3284 5430 3420 5485 Gre-

1822 5530 2014 5584 gorius
2060 5512 2348 5566 ecclesiam
2382 5512 2437 5565 S.
2474 5510 2624 5564 Petri
2669 5511 2838 5581 jussit
2889 5514 3204 5570 oratoribus
3232 5518 3419 5574 claudi
3495 5548 3504 5555 -

1824 5617 2001 5670 usque
2017 5599 2087 5675 ad
2104 5607 2328 5670 tempus
2343 5599 2833 5668 matutinale,nam
2851 5606 2982 5654 ante
3000 5603 3418 5676 pervigiliarum
