3964 6386
529 356 638 415 339
1535 346 1922 407 BONIZONIS
1958 334 2392 406 PLAGENTINI
2416 351 2779 423 ‘EPISCOPI.
3708 359 3818 417 840

531 478 792 534 excubias
817 479 999 532 multa
1022 476 1100 531 ibi
1131 476 1343 532 ﬁebant
1387 477 1689 533 homicidia
1734 481 1792 531 et
1833 476 1938 529 hac
1965 491 2118 529 oeca-
2140 475 2467 540 Acentiam,
2503 477 2642 533 mihi
2664 495 2795 533 vero
2825 479 3062 534 suadere
3099 496 3212 537 non
3244 482 3456 554 poteris
3482 489 3680 538 contra
3706 484 3816 540 Ro-

533 562 692 624 sione
720 568 899 622 multa
921 568 1074 622 furta
1129 572 1186 621 et
1230 567 1530 621 adulteria.
1578 566 1712 620 Erat
1755 569 2028 635 praeterea
2073 562 2131 616 in
2216 581 2443 621 manum
2478 583 2566 620 me
2589 568 2802 621 armari
2832 569 3174 639 pontilicem.
3208 571 3379 625 Nefas
3408 573 3557 626 enim
3585 578 3672 627 est
3699 591 3813 628 cre-

535 658 730 713 eadem
762 656 994 711 ecclesia
1013 655 1124 711 alia
1147 656 1385 726 pessima
1400 654 1766 718 consuetudo,
1791 668 1959 723 quam
1982 651 2132 705 idem
2214 652 2348 707 dere
2378 671 2479 725 per
2508 662 2636 709 tuas
2676 656 3001 712 inimicitias
3031 659 3114 713 vel
3147 660 3385 730 alicujus
3416 678 3578 732 posse
3609 679 3812 733 papam

532 745 866 802 venerabilis
904 762 1048 817 papa
1077 745 1332 799 funditus
1353 743 1685 815 exstirpavit
2215 737 2439 809 deponi,
2482 740 2576 811 qui
2605 742 2874 796 electione
2899 744 3031 798 cleri
3058 751 3115 799 et
3139 746 3304 800 laude
3334 748 3525 820 populi
3552 749 3809 814 Romani,

609 835 872 901 Quotidie
888 841 1190 905 antequam
1213 834 1334 888 dies
1352 834 1782 897 illucesceret,et
1801 831 2132 902 plerumque
2215 842 2342 880 cum
2371 829 2638 883 cathedra
2664 831 2998 901 pontiﬁcalis
3030 840 3269 899 vacaret,
3302 836 3714 892 inthronizatus
3739 839 3810 893 ad

535 932 836 996 antequam
861 940 1064 978 aurora
1086 939 1311 977 cursum
1330 939 1495 977 suum
1526 918 2132 991 inciperet,cardinales
2216 915 2396 970 altare
2426 918 2480 971 S.
2500 919 2652 972 Petri
2671 920 2742 973 ab
2766 921 3039 992 episcopis
3057 924 3435 980 cardinalibus
3455 932 3811 982 consecratus

538 1014 785 1070 avaritiae
815 1021 1031 1085 qumstu
1069 1012 1270 1066 missas
1301 1028 1471 1083 super
1498 1011 1675 1064 altare
1702 1008 1968 1080 principis
1995 1024 2132 1078 apo-
2216 1014 2336 1063 est:
2395 1006 2585 1077 sicque
2639 1025 2766 1063 cum
2815 1027 3018 1080 magno
3057 1012 3329 1068 dedecore
3375 1015 3707 1086 repudiatus
3736 1017 3805 1070 ad

542 1105 811 1159 stolorum
849 1101 1437 1172 celebrabant,quibus
1457 1117 1522 1154 ex
1547 1098 1883 1153 auctoritate
1908 1095 2128 1151 B.Petri
2215 1092 2545 1149 Guibertum
2577 1114 2692 1151 suae
2716 1099 2983 1169 nequitiae
3012 1100 3290 1155 fautorem
3321 1119 3382 1156 se
3408 1104 3669 1159 contulit.

531 1200 589 1248 et
614 1209 716 1247 sua
736 1190 995 1246 omnibus
1010 1190 1316 1253 interdixit,
1332 1196 1396 1243 ut
1419 1206 1528 1243 non
1549 1188 1747 1241 liceret
1769 1186 1849 1240 eis
1869 1186 2130 1256 deinceps
2285 1183 2423 1237 Cum
2457 1185 2571 1240 haec
2589 1185 2669 1240 ita
2691 1193 3025 1257 gererentur
3050 1190 3498 1246 Mediolanenses
3527 1193 3809 1264 capitanei

531 1286 663 1337 ante
693 1282 889 1336 horam
911 1279 1023 1334 diei
1051 1279 1279 1334 tertiam
1311 1279 1381 1332 ad
1413 1279 1592 1353 altare
1623 1276 1682 1331 B.
1716 1275 1867 1329 Petri
1898 1274 2127 1328 missam
2212 1276 2269 1323 et
2284 1288 2630 1329 varvassores
2652 1276 3021 1331 Ecclesiarum
3035 1279 3353 1333 venditores
3378 1281 3446 1334 ad
3468 1282 3811 1354 colloquium

532 1370 834 1436 celebrare;
854 1385 978 1440 quae
998 1384 1086 1421 res
1112 1383 1374 1437 magnam
1397 1365 1501 1418 sibi
1522 1364 1820 1418 concitavit
1836 1362 2122 1416 invidiam.
2212 1360 2360 1430 iegis
2411 1370 2727 1417 remeantes
2764 1365 3076 1419 Mediolano
3109 1383 3344 1437 magnas
3387 1369 3633 1426 excitant
3661 1371 3812 1425 sedi-

534 1460 675 1525 Quid
701 1457 902 1530 plura?
941 1456 1207 1528 praefatus
1234 1454 1536 1509 Guibertus
1562 1453 1729 1507 veluti
1761 1452 2001 1506 Catilina
2013 1468 2129 1504 om-
2210 1444 2409 1511 tiones,
2446 1449 2897 1505 machinamenta
2919 1453 3175 1521 quaedam
3206 1454 3502 1523 ﬁngentes,
3527 1472 3657 1509 nam
3681 1457 3814 1511 sim-

532 1565 633 1604 nes
654 1548 956 1603 sceleratos
980 1562 1120 1616 quos
1151 1542 1353 1615 potuit,
1368 1542 1477 1597 sibi
1501 1543 1633 1595 fecit
1660 1541 1890 1595 amicos.
1912 1540 2126 1594 Dehinc
2180 1586 2193 1595 .
2210 1535 2378 1606 plices
2391 1554 2613 1609 quoque
2624 1539 2913 1594 seditionis
2930 1541 3155 1611 ignaros
3166 1542 3271 1596 hoc
3284 1544 3450 1597 modo
3467 1543 3808 1613 alliciebant,

533 1637 949 1710 propinquante
967 1633 1212 1705 paschali
1244 1631 1563 1692 festivitate,
1579 1630 1858 1683 licentiam
1876 1645 2128 1683 remean-
2208 1624 2458 1685 dicentes
2482 1644 2541 1681 se
2563 1628 2947 1699 integritatem
2973 1630 3121 1684 beati
3140 1630 3423 1686 Ambrosii
3442 1633 3582 1687 velle
3589 1634 3808 1703 jurare.

535 1727 590 1780 di
622 1726 949 1779 Ravennam
979 1739 1011 1776 a
1042 1719 1343 1776 venerabili
1365 1736 1508 1791 papa
1529 1718 1692 1789 petiit
1706 1724 1762 1771 et
1784 1718 2123 1788 impetravit,
2207 1714 2254 1765 A
2286 1713 2400 1767 Deo
2431 1732 2559 1769 vero
2580 1723 2885 1786 protectus,
2907 1718 2976 1772 de
3008 1735 3117 1789 quo
3143 1735 3313 1790 supra
3346 1721 3814 1787 retulimus,Her-

533 1814 870 1886 promittens
901 1829 961 1865 se
994 1817 1121 1882 post
1157 1810 1363 1880 pascha
1402 1824 1576 1878 supra
1623 1807 1822 1861 balneo
1851 1807 2000 1877 regis
2038 1801 2507 1886 co-nlimbaldus
2551 1804 2741 1860 videns
2791 1806 3245 1861 machinamenta
3290 1808 3498 1863 diaboli
3536 1811 3810 1881 paulatim

529 1863 697 1958 initas
719 1898 1023 1956 exercitum
1055 1900 1374 1953 ducturum.
2016 1922 2020 1926 -
2145 1863 2474 1958 Bcrescere,
2502 1893 2779 1949 aestuabat
2817 1912 3000 1965 neque
3046 1896 3402 1966 potissimum
3434 1898 3569 1969 quid
3600 1900 3813 1955 faceret

601 1993 823 2047 Interea
840 1988 1174 2044 venerabilis
1188 1986 1493 2057 Gregorius
1505 1985 1912 2056 expeditionem
1933 1990 2128 2039 contra
2208 1979 2360 2033 aliud
2390 1979 2840 2047 inveniebatmisi
2866 1990 2930 2038 ut
2951 2001 3011 2038 se
3027 1990 3084 2038 et
3105 1983 3209 2038 Dei
3231 1986 3497 2056 populum
3531 1988 3811 2044 volentem

534 2081 958 2136 Northmannos
984 2075 1359 2150 praapaiabat.
1384 2075 1723 2145 veniensque
1751 2074 1968 2128 obviam
1998 2075 2126 2128 duci
2207 2085 2308 2139 pro
2335 2070 2557 2138 justitia
2592 2072 2860 2127 dimicare
2893 2073 3044 2127 velut
3070 2074 3411 2130 fortissimus
3434 2076 3609 2130 Judas
3632 2079 3810 2133 armis

532 2168 774 2224 Beatrici
804 2183 985 2237 usque
1023 2165 1093 2219 ad
1142 2171 1388 2219 castrum
1434 2164 1491 2217 S.
1539 2162 1773 2217 Fabiani
1802 2179 1925 2217 eam
1955 2163 2126 2217 simul
2207 2156 2614 2223 defensaret(ll
2642 2163 2817 2215 Much.
2841 2160 3080 2231 xm.l4).
3108 2162 3251 2227 Quid
3282 2163 3490 2234 plura?
3509 2165 3811 2220 Crescebat

535 2275 663 2313 cum
690 2257 806 2311 filia
834 2256 905 2310 ad
935 2253 1345 2326 eXpeditionem
1375 2251 1668 2318 invitabat,
1701 2268 1842 2322 quas
1879 2253 2126 2306 volentes
2208 2246 2457 2315 quotidie
2481 2264 2751 2303 numerus
2777 2248 3106 2315 infidelium,
3140 2257 3199 2305 et
3226 2251 3295 2306 de
3314 2252 3406 2306 die
3433 2252 3493 2306 in
3525 2252 3681 2307 diem
3707 2271 3809 2309 nu-

528 2346 624 2418 pia
672 2350 861 2399 mente
892 2360 1047 2414 papae
1090 2341 1317 2396 obedire
1359 2346 1634 2412 praecepto
1673 2339 2127 2411 Longobardicus
2206 2350 2396 2388 merus
2412 2334 3409 2401 minuebaturPaterinorum.Eodem
3427 2356 3651 2411 quoque
3670 2348 3811 2397 tem-

533 2448 921 2495 varvassorum
969 2431 1251 2485 tumultus
1297 2429 1605 2500 impedivit.
1663 2428 1807 2483 Nam
1852 2429 2124 2484 seditione
2207 2438 2341 2492 pore
2369 2424 2799 2479 Mediolanensis
2827 2425 3022 2481 civitas
3052 2432 3171 2481 tota
3201 2427 3458 2483 incendio
3483 2445 3811 2486 concrema-

530 2521 718 2578 subita
749 2527 941 2575 exorta
983 2518 1392 2589 expeditionem
1425 2516 1782 2588 dissipavere.
1816 2516 2005 2588 sicque
2032 2517 2122 2571 in-
2205 2516 2317 2575 tur,
2355 2511 2413 2565 in
2452 2529 2564 2583 qua
2603 2514 2793 2568 multae
2824 2514 3110 2569 mirabiles
3142 2515 3387 2570 ecclesiae
3429 2523 3486 2571 et
3523 2520 3807 2591 praecipue

530 2611 676 2666 fecto
707 2608 934 2680 negotio
971 2623 1119 2679 papa
1145 2606 1379 2660 Romam
1406 2605 1677 2659 remeavit
1710 2623 1721 2659 :
1748 2606 1971 2660 Beatrix
1992 2623 2121 2662 vero
2205 2605 2386 2653 mater
2415 2601 2648 2656 ecclesia
2675 2603 2795 2657 solo
2839 2609 3004 2658 tenus
3035 2603 3382 2672 destruitur;
3412 2622 3534 2677 quae
3573 2625 3667 2662 res
3695 2609 3803 2664 ini-

529 2716 657 2755 cum
688 2699 806 2753 iilia
844 2697 913 2751 ad
945 2695 1172 2767 prepria
1198 2694 1434 2748 rediere.
1475 2695 1599 2748 Non
1628 2695 1796 2764 longo
1827 2700 1954 2766 post
1976 2701 2119 2749 tem-
2204 2685 2350 2740 mico
2374 2688 2607 2742 humani
2638 2690 2863 2759 generis
2887 2690 2960 2743 ad
3002 2690 3402 2745 decertandum
3443 2695 3689 2749 contulit
3713 2713 3805 2749 ar-

526 2804 663 2860 pm-e
705 2804 850 2859 papa
899 2786 1169 2855 languore
1215 2783 1463 2854 corporis
1507 2783 1568 2837 in
1616 2783 1883 2837 suburbio
1932 2785 2122 2839 Romae
2204 2792 2297 2828 ma
2331 2794 2342 2829 :
2375 2793 2505 2830 nam
2530 2794 2725 2832 omnes
2753 2778 2867 2833 sive
2905 2779 3070 2833 amici
3099 2779 3215 2834 sive
3246 2780 3462 2834 inimici
3486 2783 3649 2853 quasi
3684 2801 3802 2839 una

525 2876 711 2932 subito
739 2874 1057 2946 corripitur.
1076 2872 1312 2927 Censius
1330 2873 1554 2939 vero,de
1584 2889 1694 2943 quo
1713 2889 1883 2943 supra
1902 2890 2116 2928 memo-
2198 2880 2328 2918 V008
2356 2866 2675 2921 Clamabam:
2702 2867 2805 2922 hoc
2825 2884 2948 2922 esse
2970 2874 3259 2940 peccatum
3285 2869 3706 2931 Paterinorum.

523 2962 790 3032 ravimus,
813 2963 1045 3019 credens
1057 2978 1184 3016 eum
1199 2962 1319 3032 jam
1340 2961 1509 3015 morti
1531 2961 2112 3028 destinatum,odium,
2267 2954 2402 3007 Post
2430 2955 2644 3009 Pascha
2673 2973 2802 3011 vero
2837 2956 3141 3028 derepente
3169 2966 3508 3029 congregato
3542 2962 3803 3017 exercitu

524 3053 671 3126 quod
702 3060 889 3108 mente
917 3060 1267 3123 conceperat,
1301 3050 1485 3104 subito
1517 3050 1781 3104 evomuit.
1815 3051 1958 3105 Nam
1990 3052 2121 3106 ﬁdei
2203 3047 2261 3097 et
2288 3044 2650 3099 multitudine
2701 3047 3130 3116 conjunctorum
3177 3047 3628 3104 Herlimbaldum
3657 3052 3808 3106 nihil

521 3143 851 3198 commissor
871 3140 982 3196 illis
1011 3140 1209 3195 diebus
1236 3139 1422 3193 fuerat
1442 3138 1730 3208 cujusdam
1762 3139 1951 3194 Cencii
1979 3142 2124 3196 scili-
2205 3132 2338 3186 mali
2363 3133 2741 3204 suspicantem
2793 3135 3085 3205 invadunt,
3116 3153 3358 3208 eumque
3388 3136 3598 3193 bellare
3620 3145 3810 3213 temp-

523 3238 615 3286 cet
657 3230 894 3286 Gerardi
949 3228 1171 3283 comitis
1220 3228 1342 3292 lilii,
1374 3227 1471 3298 qui
1517 3227 1696 3281 beatis
1733 3215 2180 3298 apostolorumC
2201 3228 2417 3277 tantem
2448 3223 2507 3278 in
2538 3224 2723 3279 media
2760 3226 2949 3296 platea
2977 3226 3341 3293 interﬁciunt,
3378 3228 3630 3299 aliosque
3661 3247 3803 3301 per-

522 3319 869 3393 principibus
895 3324 1108 3372 curtem
1124 3333 1294 3371 unam
1323 3322 1660 3371 testamento
1683 3316 1983 3387 legaverat;
2004 3320 2120 3375 Deo
2201 3317 2517 3382 sequuntur
2560 3318 2615 3367 et
2652 3314 3067 3385 depl'wdantur.
3123 3331 3365 3387 eumque
3419 3316 3804 3387 ignominiosa

522 3425 654 3464 vero
682 3408 903 3462 odibilis
941 3407 1036 3461 ille
1063 3406 1295 3459 credens
1324 3421 1529 3476 papam
1551 3405 1668 3475 jam
1704 3412 1988 3461 mortuum
2032 3410 2118 3463 vel
2200 3401 2474 3455 nlldatum
2505 3400 2662 3456 obliti
2680 3404 2904 3473 generis
2929 3405 3050 3474 ejus
3069 3409 3126 3458 et
3147 3405 3437 3475 dignitatis
3465 3407 3538 3461 ad
3557 3406 3810 3477 ignomi-

514 3499 635 3569 jam
663 3497 830 3551 morti
863 3495 1174 3567 proximum
1205 3493 1484 3564 sacrilegii
1511 3493 1680 3548 simul
1700 3499 1757 3548 et
1776 3495 1986 3565 perjuri
2015 3497 2119 3551 cri-
2199 3488 2354 3543 niam
2386 3490 2558 3544 totius
2587 3491 3024 3547 Christianitatis
3069 3510 3171 3564 per
3197 3501 3378 3549 totum
3419 3494 3569 3549 diem
3615 3498 3804 3553 relin-

522 3603 652 3642 men
686 3586 978 3640 incurrens
1006 3588 1405 3638 testamentum
1437 3582 1751 3646 falsaverut,
1786 3594 2108 3657 curtemque

2200 3584 2382 3647 quunt
2438 3578 2815 3635 inhumatum.
2865 3582 3041 3635 Nocte
3089 3599 3217 3637 vero
3256 3599 3291 3636 a
3339 3584 3618 3654 religiosis
3654 3587 3798 3643 viris

520 3676 639 3731 suis
682 3673 982 3746 applicavit
1010 3672 1222 3739 usibus,
1249 3671 1503 3726 ducentis
1526 3670 1683 3725 libris
1720 3672 1866 3726 datis
1894 3679 2114 3730 tantum

517 3765 898 3836 apostolorum
915 3760 1273 3833 principibus.
1288 3761 1505 3814 Interea
1520 3760 1937 3816 convalescente
1950 3781 2113 3836 papa,

516 3870 685 3925 super
714 3854 819 3907 hoc
846 3851 1015 3922 ccepit
1060 3849 1332 3919 exagitari
1366 3849 1672 3919 negotium.
1722 3851 1864 3914 Quid
1911 3854 2116 3923 plura?

513 3939 764 3996 Pessime
790 3940 972 4010 egisse
997 3937 1364 4000 convincitur,
1388 3936 1645 4008 datisque
1682 3937 1965 3995 obsidibus
1985 3958 2115 3995 eur-

514 4038 628 4085 tem
650 4029 957 4085 secundum
972 4026 1220 4081 defuncti
1236 4027 1575 4081 voluntatem
1592 4028 1972 4097 apostolorum
1992 4030 2116 4084 red-

515 4120 660 4174 didit
685 4116 1062 4190 principibus;
1093 4116 1189 4170 sed
1224 4116 1343 4185 ejus
1373 4115 1529 4169 furor
1556 4132 1667 4169 non
1700 4116 1928 4186 quievit.
1966 4118 2111 4173 Nam

513 4209 764 4280 ejusdem
796 4204 1045 4277 pestiferi
1082 4204 1314 4259 consilio
1356 4205 1522 4274 Hugo
1568 4204 1860 4270 candidus,
1888 4206 1957 4261 de
2000 4225 2110 4279 quo

512 4313 688 4368 supra
716 4295 1168 4358 memoravimus,
1189 4293 1432 4347 secundo
1453 4293 1519 4347 ad
1549 4294 1887 4364 apostasiam
1916 4313 2110 4352 versus

513 4384 728 4439 est.Hic
747 4382 1007 4454 Apuliam
1030 4381 1266 4435 tendens
1285 4380 1589 4435 Robertum
1614 4388 1671 4435 et
1690 4382 2110 4438 Northmannos

2196 3667 2347 3738 apud
2379 3668 2433 3722 S.
2471 3669 2803 3740 Dionysium
2862 3688 2987 3724 cum
3034 3671 3245 3726 honore
3288 3674 3543 3743 sepultus
3573 3682 3684 3730 est.
3717 3677 3806 3732 Ad

2199 3759 2359 3827 cujus
2386 3759 2703 3829 sepulcrum
2734 3776 2936 3830 magna
2958 3759 3237 3815 mirabilia
3265 3778 3443 3832 usque
3472 3763 3639 3818 hodie
3670 3782 3808 3837 ope-

2198 3853 2358 3900 ratur
2378 3847 2546 3902 Deus.
2572 3849 2840 3919 Sequenti
2851 3866 2979 3903 vero
3001 3849 3090 3903 die
3118 3850 3419 3920 quemdam
3445 3853 3802 3909 sacerdotem

2198 3936 2423 3990 nomine
2438 3937 2497 3990 Li
2503 3937 2778 4008 prandum
2797 3938 3027 3992 auribus
3044 3938 3447 3993 mutilaverunt
3456 3946 3514 3994 et
3524 3942 3798 4013 naso(49);

2199 4024 2516 4094 quicunque
2547 4042 2677 4080 vero
2714 4026 3086 4097 conjurationi
3114 4043 3226 4081 non
3249 4036 3675 4097 consenserunt,
3696 4039 3799 4087 aut

2195 4114 2608 4180 occidebantur,
2635 4121 2733 4169 aut
2757 4115 3116 4170 facultatibus
3144 4116 3526 4174 audebantur.
3549 4136 3796 4189 quorum

2194 4203 2356 4257 multi
2404 4205 2736 4258 Cremonam
2791 4204 3095 4269 venientes,
3153 4206 3721 4262 honoriﬁcentissime
3762 4225 3799 4262 a

2193 4290 2463 4348 fratribus
2491 4300 2627 4348 sunt
2655 4293 2935 4365 suscepti;
2988 4299 3051 4349 ut
3085 4300 3277 4349 autem
3319 4297 3577 4350 auditum
3608 4302 3698 4350 est
3725 4298 3795 4352 de

2193 4387 2372 4435 morte
2403 4382 2768 4436 Herlimbaldi
2797 4399 2908 4436 non
2932 4382 3111 4437 solum
3143 4384 3351 4449 Romae,
3381 4384 3479 4438 sed
3510 4401 3691 4455 usque
3722 4386 3795 4440 ad

512 4473 726 4528 dudum
770 4489 803 4526 a
855 4487 1000 4542 papa
1053 4469 1558 4524 excommunicatos
1603 4476 1800 4525 contra
1852 4477 2173 4545 sanctamD
2199 4469 2582 4524 Britannicum
2615 4487 2770 4524 mare
2786 4486 2981 4524 omnes
3010 4470 3269 4525 catholici
3299 4478 3430 4526 sunt
3447 4472 3789 4543 contristati,

511 4563 825 4618 Romanam
872 4559 1174 4627 Ecclesiam
1224 4557 1560 4612 mirabiliter
1612 4558 1872 4613 excitavit
1916 4577 1928 4614 :
1981 4577 2112 4615 nam

511 4650 733 4705 dicebat
759 4665 854 4704 eos
894 4647 1033 4701 falso
1081 4647 1591 4701 excommunicatos
1631 4653 1688 4701 et
1735 4664 1960 4719 papam,
1997 4666 2108 4705 non

508 4740 817 4796 secundum
865 4738 1092 4792 decreta
1138 4738 1458 4790 sanctorum
1504 4735 1732 4789 Patrum
1766 4738 2107 4807 pontificem,

510 4830 608 4884 sed
639 4835 845 4883 sancta:
875 4827 1141 4880 Romana:
1172 4823 1429 4878 Ecclesia:
1466 4823 1805 4887 invasorem,
1840 4827 2108 4896 adjiciens

508 4937 568 4975 se
594 4935 720 4974 cum
767 4916 883 4971 suis
918 4912 1235 4968 fautoribus
1265 4912 1511 4966 Roberto
1541 4928 1803 4967 coronam
1837 4915 2109 4987 imperia-

508 5010 621 5064 lem
651 5003 991 5072 daturum,si
1015 5019 1146 5057 eum
1178 5000 1405 5055 militari
1437 5017 1609 5056 manu
1640 5002 1709 5056 ab
1730 5004 1961 5058 ecclesia
1990 5006 2105 5077 pel-

506 5099 559 5154 le
566 5106 666 5153 ret.
1186 5144 1190 5149 .

576 5186 738 5253 Quod.
768 5201 896 5239 cum
941 5179 1191 5253 quotidie
1232 5178 1416 5251 palam
1464 5185 1522 5235 et
1565 5182 1817 5236 clanculo
1855 5182 1914 5237 in
1943 5190 2101 5239 curte

502 5275 720 5349 praefati
742 5272 901 5328 ducis
922 5268 1418 5333 mussitaret,hanc
1441 5285 1476 5322 a
1499 5270 1934 5340 prudentissimo
1961 5273 2100 5328 duce

504 5364 722 5436 accepit
740 5360 1184 5434 responsionem,
1214 5357 1347 5428 quia
1361 5356 1459 5411 tibi
1479 5373 1705 5412 necesse
1719 5366 1828 5429 est,
1851 5361 1898 5413 si
1916 5362 2101 5432 placet

501 5454 563 5510 in
582 5470 721 5509 auro
754 5452 839 5507 vel
865 5452 1099 5522 argento
1121 5447 1207 5502 vel
1228 5446 1286 5500 in
1319 5446 1508 5518 aliqua
1533 5447 1644 5501 alia
1665 5449 1904 5518 pecunia
1925 5452 2009 5505 vel
2040 5453 2098 5507 in

444 5557 458 5568 '
504 5557 776 5612 equorum
788 5546 845 5594 et
857 5539 1134 5593 mulorum
1151 5536 1477 5606 adjumento
1489 5553 1523 5589 a
1540 5552 1630 5590 me
1643 5538 1863 5608 suscipe
1880 5541 2101 5595 muniﬁ-

2196 4560 2507 4630 flentesque
2543 4559 2806 4614 dicebant
2834 4578 2846 4612 :
2889 4560 3180 4623 Quomodo
3212 4560 3411 4615 cecidit
3438 4569 3659 4631 potens,
3694 4563 3793 4634 qui

2193 4647 2482 4719 pugnabat
2509 4647 2715 4702 bellum
2745 4647 2968 4701 Domini
3000 4651 3045 4711 il
3072 4650 3249 4703 Maeli.
3272 4665 3355 4712 ix,
3388 4647 3497 4714 21).

2263 4738 2487 4791 Interea
2524 4737 2826 4808 Gregorius
2853 4754 3001 4808 papa
3027 4738 3500 4808 quadragesimali
3531 4743 3791 4811 tempore

2191 4826 2466 4898 synodum
2481 4826 2920 4897 congregavit,in
2943 4843 3052 4898 quo
3075 4827 3381 4882 Guibertus
3398 4833 3628 4883 vocatus
3650 4830 3789 4885 dum

2188 4916 2377 4970 venire
2407 4916 2679 4971 noluisset
2724 4914 2793 4969 ob
2845 4915 3078 4986 perjurii
3126 4917 3340 4970 crimen
3369 4915 3440 4970 ab
3482 4917 3792 4989 episcopali

2186 5003 2367 5059 officio
2394 5022 2701 5076 suSpensus
2729 5010 2832 5060 est.
2868 5006 2938 5059 Et
2966 5006 3131 5076 Hugo
3160 5005 3431 5060 candidus
3475 5007 3788 5063 secundum

2183 5093 2435 5164 Apostoli
2464 5100 2802 5166 prmceptum
2828 5093 3067 5148 dicentis
3094 5112 3105 5148 :
3142 5112 3167 5146 «
3210 5093 3545 5149 Hiereticum
3598 5094 3788 5149 homi-

2183 5199 2311 5237 nem
2339 5189 2466 5254 post
2487 5183 2726 5255 primam
2746 5187 2803 5237 et
2832 5183 3135 5237 secundum
3158 5182 3570 5254 correptionem
3595 5184 3789 5238 devita

2180 5272 2317 5344 (Tit.
2348 5286 2431 5340 ιιι,
2456 5272 2605 5340 10),›
2626 5272 2696 5327 ab
2711 5272 2959 5327 Ecclesia
2981 5285 3249 5343 perpetuo
3270 5278 3657 5343 sequestratus
3675 5280 3783 5327 est.

2181 5360 2348 5416 Forte
2395 5360 2483 5415 his
2525 5360 2720 5415 diebus
2751 5361 2864 5415 Deo
2895 5360 3120 5415 odibilis
3151 5360 3246 5414 ille
3273 5359 3531 5424 Cencius,
3565 5359 3637 5414 de
3669 5377 3784 5431 quo

2181 5467 2352 5521 supra
2380 5450 2701 5515 retulimus,
2753 5466 2789 5505 a
2833 5449 3093 5521 praefecto
3126 5448 3282 5503 urbis
3335 5449 3525 5503 Roma:
3581 5455 3787 5520 captus

2180 5538 2598 5610 tenebatur,qui
2626 5538 2934 5593 secundum
2972 5539 3252 5594 Romanas
3298 5538 3451 5608 leges
3480 5535 3785 5609 capitalem

573 5653 685 5726 (i9)
708 5654 913 5709 Eodem
939 5653 1135 5707 mortis
1161 5667 1368 5722 genere
1398 5669 1507 5723 quo
1536 5653 1950 5714 Herlimbaldus
1972 5655 2190 5715 interiit
2219 5657 2389 5713 etiam
2420 5655 2612 5729 paucis
2641 5656 2805 5713 annis
2830 5662 2953 5728 post
2989 5661 3183 5711 auctor
3205 5657 3414 5707 noster.
