3964 6392
148 354 245 414 841
1258 331 1472 411 LIBER
1510 355 1605 411 AD
1643 354 1956 414 AMICUM.
2003 357 2146 416 LIB.
2196 357 2316 414 v11.
3307 331 3414 440 8'42

148 483 398 553 suscepit
422 481 759 537 sententiam
780 502 793 549 ;
815 483 912 537 sed
931 481 1187 554 precibus
1197 483 1452 552 gloriosae
1471 483 1742 545 Matildis,
1763 484 1814 542 A
1831 500 1890 535 ca
1898 484 2386 558 piunt,ipsumque
2406 489 2704 546 scelestum
2718 492 3148 569 interfecissent,
3165 503 3270 560 nisi
3286 523 3416 564 eum

149 588 272 666 qua}
295 570 374 624 ibi
396 571 594 666 aderat
613 571 723 625 illis
735 571 935 666 diebus
952 576 1009 666 et
1029 573 1332 666 multorum
1360 573 1743 666 Romanorum
1827 571 2184 666 beatissimus
2205 576 2663 666 quegorius,boni
2689 581 2948 654 Magistri
2963 587 3394 666 discipulus,pre

147 661 352 714 civium
402 660 489 714 vix
539 661 795 727 emeruit,
846 666 909 715 ut
961 661 1117 715 vivus
1166 661 1563 728 dimitteretur,
1597 661 1744 715 datis
1826 659 1980 715 cibus
2001 666 2058 716 et
2078 663 2838 734 supplicationibusamorte
2867 659 3179 732 liberasset.
3207 659 3418 740 Dehinc

149 747 440 802 obsidibus
489 749 548 802 in
594 765 766 802 manu
809 765 966 819 papae
1015 753 1073 802 et
1111 749 1276 814 turri,
1316 766 1418 820 per
1465 767 1630 820 quam
1672 750 1743 804 ad
1827 766 1954 802 cum
1977 751 2269 806 Lateranis
2291 770 2436 824 papa
2458 766 3417 832 remeasset,sequentidieRomani

147 837 346 892 caelum
370 838 674 892 ascendere
694 837 998 905 nitebatur,
1016 853 1138 908 quae
1179 838 1430 893 funditus
1458 838 1740 892 destructa
1827 843 2110 892 auctorem
2131 841 2275 893 tanti
2306 841 2504 912 ﬂagitii
2537 861 2664 898 cum
2706 849 2965 905 omnibus
2989 854 3106 908 suis
3131 859 3418 929 complici-

151 931 253 984 est.

1825 924 1928 979 bus
1948 942 1982 978 a
2001 926 2221 982 civitate
2242 931 2544 1000 expellunt,
2591 939 2886 1009 turresque
2908 957 3104 997 eorum
3133 924 3418 1005 solotenus

219 1016 448 1070 Interea
497 1015 799 1070 Guibertus
849 1017 1126 1070 Ravennae
1191 1020 1388 1070 contra
1452 1015 1742 1069 dominum
1824 1014 2140 1069 destruunt.

155 1118 315 1157 suum
340 1119 551 1174 papam
581 1104 816 1158 callidus
855 1103 1200 1170 armabatur,
1231 1119 1364 1158 nam
1393 1120 1509 1158 suis
1540 1102 1744 1156 litteris

155 1191 494 1246 conveniens
551 1193 857 1246 cervicosos
911 1192 1308 1263 Longobardos
1359 1191 1647 1262 episcopos
1692 1185 1776 1244 et'

155 1280 434 1351 praecipue
464 1281 758 1335 Tetaldum
774 1282 1248 1336 Mediolanensem
1268 1280 1746 1352 archiepiscopum

151 1368 490 1423 mirabiliter
515 1375 710 1423 contra
755 1387 956 1441 papam
989 1370 1310 1440 instigabat.
1345 1369 1453 1424 Sed
1485 1368 1748 1440 quoniam

152 1457 314 1512 istius
341 1458 564 1512 Tetaldi
594 1458 802 1512 mentio
831 1459 980 1512 facta
1021 1464 1126 1528 est,
1164 1458 1406 1529 qualiter
1434 1458 1504 1512 ad
1533 1457 1742 1512 Medio-

155 1547 447 1600 lanensem
476 1548 693 1601 venerit
720 1547 1124 1618 episcopatum,
1165 1547 1426 1614 breviter,
1452 1547 1500 1601 si
1531 1552 1745 1618 potero,

159 1635 456 1690 intimabo.

225 1725 487 1780 Glorioso
506 1725 832 1780 Erlinbaldo
853 1743 954 1797 pro
973 1726 1198 1780 nomine
1215 1727 1242 1780 J
1248 1743 1346 1780 esu
1364 1723 1744 1796 martyrizato.

1901 1104 2041 1195 _Cum
2077 1104 2195 1160 haec
2223 1106 2303 1160 ita
2329 1116 2678 1180 gererentur,
2706 1115 2950 1172 Saxones
2982 1119 3413 1195 rebellaverunt,

1829 1192 1989 1260 cujus
2018 1192 2336 1250 rebellionis
2369 1214 2594 1254 causam
2619 1210 2848 1273 propter
2875 1208 3254 1276 prolixitatem
3283 1192 3418 1271 seri;

1831 1278 1963 1334 bere
1983 1281 2372 1350 devitavimus,
2396 1303 2569 1342 unum
2593 1290 3238 1370 scientes,quiapr0pter
3248 1320 3418 1374 grave

1831 1369 2192 1424 etinsolitum
2224 1389 2364 1428 onus
2384 1376 2686 1444 servitutis,
2711 1382 2858 1450 quod
2887 1384 2967 1437 eis
2987 1369 3214 1455 quidam
3242 1369 3420 1464 impo-

1831 1474 1964 1552 nere
1987 1460 2411 1530 satagebant,ad
2432 1469 2546 1518 tam
2565 1484 2764 1536 graves
2784 1469 3055 1528 devenere
3075 1460 3416 1552 inimicitias;

1832 1545 1928 1600 sed
1961 1547 2079 1616 jam
2104 1548 2187 1602 rei
2219 1550 2472 1606 ordinem
2516 1571 2820 1626 sequamur
2853 1579 2863 1612 :
2901 1563 3211 1621 Saxonibus
3237 1545 3419 1626 rebel;

1829 1636 2078 1691 lantibus
2106 1637 2337 1694 intravit
2364 1658 2460 1696 rex
2490 1643 2788 1700 Saxoniam
2832 1649 2891 1702 in
2941 1669 3113 1708 manu
3156 1657 3339 1713 valida
3365 1669 3422 1716 et
3448 1638 3451 1641 h

1831 1725 2193 1781 multitudine
2233 1729 2408 1796 gravi,
2440 1730 2652 1786 habens
2690 1751 2878 1790 secum
2911 1739 3176 1796 eximium
3222 1744 3422 1803 ducem

157 1828 283 1868 cum
304 1829 462 1868 mors
482 1815 604 1884 ejus
622 1815 740 1885 regi
766 1815 964 1870 fuisset
985 1815 1264 1877 nuntiata,
1288 1830 1502 1868 memor
1517 1812 1750 1884 promis-
1766 1791 1812 1851 Β
1832 1813 2155 1881 Rodulfum,
2175 1823 2230 1870 et
2242 1817 2439 1872 ducem
2451 1819 2778 1878 Guelt‘onem
2793 1831 2850 1880 et
2871 1830 3198 1896 praeclarum

157 1902 331 1958 sionis
352 1919 492 1974 suae,
509 1920 678 1974 quam
701 1907 867 1958 antea
888 1903 1400 1958 Mediolanensibus
1414 1902 1750 1974 promiserat

160 1991 490 2062 capitaneis,
508 2008 632 2046 mox
654 1992 724 2046 ad
744 1992 994 2047 Italicam
1018 1998 1235 2062 partem
1256 1992 1555 2046 destinavit
1582 1990 1750 2045 comi-

160 2085 274 2134 tem
291 2081 636 2135 Everardum
662 2097 824 2136 suum
838 2080 1238 2147 consiliarium,
1264 2097 1429 2151 quem
1455 2086 1585 2134 ante
1607 2095 1753 2151 papa

160 2170 481 2224 Alexander
505 2169 1098 2236 excommunicaverat,
1132 2170 1228 2241 qui
1277 2170 1505 2224 veniens
1533 2169 1755 2239 Longo-

162 2256 441 2325 bardiam,
475 2275 604 2312 mox
633 2259 690 2312 in
719 2259 985 2313 Roncalia
1010 2261 1223 2313 curiam
1253 2257 1629 2328 congregavit,
1656 2257 1758 2310 ibi-

165 2362 271 2418 que
300 2346 816 2402 Mediolanensibus
845 2365 946 2418 pro
977 2353 1157 2401 morte
1187 2345 1493 2401 Erlinbaldi
1541 2345 1757 2416 gratias

166 2453 359 2506 agens,
395 2453 491 2490 eos
528 2440 685 2490 trans
728 2441 946 2490 montes
985 2435 1256 2501 invitavit,
1290 2434 1624 2506 promittens
1653 2433 1754 2498 eis,

165 2525 455 2579 dominum
485 2541 672 2592 suum,
707 2525 1231 2596 episcopum,quem
1244 2524 1450 2578 vellent
1467 2523 1754 2577 daturum.

166 2614 381 2668 Dehinc
431 2631 626 2668 omnes
672 2614 968 2668 Paterinos
1012 2612 1264 2684 publicos
1305 2613 1452 2682 regis
1499 2610 1759 2665 clamavit

166 2702 425 2756 inimicos
467 2719 706 2773 moxque
744 2701 1103 2756 Placentinos
1129 2701 1208 2755 ibi
1231 2702 1288 2754 in
1318 2701 1496 2754 vicino
1525 2701 1756 2770 positos,

173 2808 299 2846 cum
329 2797 563 2862 propter
585 2790 1103 2862 pusillanimitatem
1136 2789 1309 2844 animi
1341 2788 1615 2843 inveniret
1651 2789 1760 2842 im-

164 2886 411 2952 paratos,
444 2881 741 2950 plerosque
771 2879 840 2933 ab
871 2880 1008 2934 urbe
1053 2879 1282 2949 fugavit,
1333 2880 1603 2950 quosdam
1633 2895 1762 2932 vero

164 2971 221 3024 in
252 2969 598 3023 deditionem
641 2968 805 3040 cepit,
854 2969 949 3039 qui
991 2968 1221 3022 consilio
1249 2967 1589 3022 beatissima:
1618 2968 1761 3021 Bea-

163 3058 318 3113 tricis
352 3057 577 3112 liberati
604 3062 755 3112 sunt.

1833 1901 2082 1956 Gotefrid
2091 1920 2184 1957 um
2195 1905 2840 1968 uobilissimmMathildis
2850 1932 2951 1968 con
2952 1919 3146 1989 jugem
3159 1927 3214 1976 et
3224 1923 3422 1980 ducem

1833 1992 2236 2047 Theodericum
2260 1999 2316 2048 et
2335 1995 2802 2055 innumerabilem
2828 2007 3215 2067 marchionum
3244 2017 3302 2066 et
3329 2029 3423 2068 co-

1835 2081 2037 2172 mitum
2062 2082 2503 2172 multitudinem,
2528 2089 2624 2158 qui
2644 2089 2946 2161 derepente
2969 2094 3216 2153 Saxones
3240 2101 3314 2154 im
3320 2119 3424 2172 pa-

1837 2175 1989 2225 ratos
2017 2170 2307 2237 invadunt,
2353 2179 2410 2228 et
2456 2178 2708 2245 quamvis
2737 2182 3186 2242 cruentissimam
3233 2170 3425 2246 tamen

1839 2259 2088 2351 habuere
2104 2260 2414 2351 victoriam.
2435 2263 2578 2318 Nam
2597 2265 2654 2319 in
2677 2267 2773 2321 illa
2788 2286 2978 2340 pugna
3007 2289 3072 2326 ex
3098 2281 3258 2345 parte
3278 2281 3426 2351 regis

1838 2366 1904 2401 xv
1933 2349 2112 2402 millia
2148 2350 2404 2406 homines
2445 2353 2711 2408 cecidisse
2755 2343 3428 2439 referuntur,_taliterqvue
3457 2343 3461 2416 ξ

1823 2437 2015 2492 victor
2042 2439 2245 2493 infecto
2275 2441 2497 2510 negotio
2526 2441 2818 2499 Franciam
2848 2451 3156 2521 remeavit;
3189 2437 3429 2527 moxque

1839 2543 2145 2580 convocans
2172 2527 2590 2584 multitudinem
2614 2533 3021 2606 episcoporum,
3049 2557 3160 2595 non
3181 2545 3433 2613 quaesivit

1841 2615 2020 2668 Deum
2054 2620 2336 2670 auctorem
2392 2618 2520 2680 sibi,
2570 2637 2673 2674 nec
2727 2623 2777 2676 ei
2826 2627 3040 2693 gratias
3086 2633 3280 2686 retulit
3330 2651 3431 2704 pro

1841 2703 2044 2756 collata
2071 2704 2319 2770 victoria,
2344 2706 2440 2760 sed
2462 2709 2769 2764 exaltatum
2799 2720 2884 2766 est
2921 2732 3017 2768 cor
3044 2718 3182 2786 ejus,
3217 2726 3272 2774 et
3301 2703 3432 2776 elati

1843 2797 1976 2844 sunt
2005 2793 2149 2844 oculi
2180 2795 2320 2861 ejus,
2345 2811 2668 2866 ponensque
2698 2799 2753 2852 in
2779 2801 2976 2855 coelum
3007 2820 3067 2858 os
3101 2823 3284 2874 suum,
3310 2795 3446 2863 Hu--

1842 2880 2114 2950 gonisque
2143 2882 2383 2946 candidi,
2431 2884 2499 2936 de
2535 2902 2643 2954 quo
2680 2889 2937 2958 superius
2976 2894 3290 2961 retulimus,
3337 2914 3433 2952 ac-

1847 2968 2136 3039 quiescens
2175 2970 2424 3036 consilio,
2476 2973 2765 3028 dominum
2811 2995 3035 3048 papam,
3065 2983 3160 3052 qui
3189 3001 3290 3053 per
3317 2990 3432 3041 tres

1845 3074 2021 3111 annos
2042 3058 2412 3113 universalem
2437 3061 2736 3116 Ecclesiam
2767 3063 2823 3118 in
2844 3083 2977 3135 pace
2999 3069 3428 3140 gubernaverat,

233 3149 645 3202 Cremonenses
673 3163 822 3212 vero,
850 3163 988 3217 quos
1007 3145 1136 3200 ﬁdei
1159 3146 1353 3217 plenos
1376 3148 1432 3199 et
1460 3143 1758 3234 virtutibus
1775 3141 1817 3200 C
1840 3146 2147 3200 secundum
2164 3149 2476 3219 exemplum
2501 3151 2747 3220 pestiferi
2761 3154 3030 3217 Lotharii.
3049 3158 3118 3212 de
3137 3176 3246 3230 quo
3262 3178 3435 3234 supra

164 3237 416 3291 munitos
447 3235 676 3300 audivit,
713 3251 825 3288 non
854 3253 955 3306 pro
990 3235 1089 3289 Dei
1119 3234 1452 3298 timore,sed
1477 3233 1606 3306 quia
1645 3250 1755 3286 non
1841 3236 2156 3301 retulimus,
2190 3235 2389 3290 litteris
2420 3237 2713 3306 abdicavit,
2734 3259 2975 3314 suosque
2995 3248 3282 3320 episcOpos
3307 3251 3435 3305 sub-

162 3325 662 3396 potuit,immunes
679 3323 1156 3394 dereliquit.Quid
1181 3322 1636 3394 plura?Eligunt
1654 3321 1759 3375 sibi
1842 3323 2083 3377 scribere
2125 3324 2337 3394 coegit;
2380 3328 2521 3396 proh
2571 3329 2730 3383 dolor
2773 3348 2886 3386 non
2938 3336 3253 3406 recogitans
3292 3339 3434 3394 illud

163 3414 614 3468 Mediolanenses
635 3412 911 3484 capitanei
931 3413 1336 3466 Eecclesiarum
1357 3411 1675 3466 venditores
1695 3427 1759 3463 ex
1842 3413 2159 3467 venerabile
2189 3414 2340 3467 tertii
2371 3415 2574 3470 Leonis
2595 3419 2924 3488 capitulum,
2957 3423 3016 3476 in
3045 3441 3155 3495 quo
3185 3427 3264 3480 sic
3291 3428 3434 3498 legi-

127 3507 444 3585 ’praecepto
493 3502 641 3572 regis
684 3501 1091 3556 communicato
1130 3501 1369 3572 pessimo
1408 3500 1633 3554 Consilio
1661 3499 1761 3553 Te-
1841 3507 1936 3555 tur
1971 3517 1983 3550 :
2015 3502 2072 3556 Si
2118 3502 2240 3572 quis
2286 3519 2345 3556 se
2384 3521 2413 3556 δ
2455 3505 2719 3562 Romana:
2753 3509 3011 3565 Ecclesiae
3054 3517 3434 3586 segregaverit

163 3592 381 3646 taldum
413 3590 848 3645 Mediolanensis
877 3589 1134 3644 Ecclesiae
1187 3589 1469 3654 clericum,
1503 3589 1598 3658 qui
1629 3593 1760 3642 ante

162 3680 454 3736 Gotefrido
479 3679 804 3734 fidelitatem
821 3678 1312 3750 juraverat,virum
1341 3677 1511 3731 nobili
1534 3676 1756 3747 quidem

165 3787 376 3841 genere
406 3775 592 3823 ortum
623 3773 679 3822 et
703 3768 839 3822 satis
869 3785 1099 3838 corpore
1137 3768 1422 3838 pinguem,
1457 3767 1553 3819 sed
1586 3765 1760 3819 virtu-

166 3860 318 3914 tibus
341 3865 589 3913 tenuem.
619 3858 782 3912 Hunc
810 3857 979 3912 talem
999 3874 1188 3911 secum
1218 3858 1287 3911 ad
1319 3873 1506 3926 regem
1525 3855 1756 3920 ducunt,

161 3965 337 4020 quem
369 3965 484 4013 rex,
510 3945 716 4001 oblitus
745 3945 1086 4000 investiturze
1110 3963 1276 4016 quam
1310 3950 1439 3998 ante
1472 3942 1758 3997 Gotefrido

162 4037 420 4102 dederat,
448 4034 966 4107 parvipendensque
981 4034 1374 4104 jusjurandum
1408 4033 1555 4103 quod
1577 4033 1759 4102 Rapot

165 4143 234 4180 ex
266 4142 372 4180 sua
403 4130 563 4196 parte
601 4125 890 4194 juraverat
917 4123 1172 4177 Novarize
1219 4123 1428 4176 dudum
1461 4121 1757 4192 episcopis,

162 4216 270 4269 hoc
301 4231 426 4269 esse
453 4213 619 4284 regiae
635 4211 938 4267 voluntatis
958 4218 1023 4267 ut
1043 4209 1363 4266 Gotefridus
1382 4215 1753 4275 consecretur,

163 4319 278 4358 non
312 4303 496 4358 solum
534 4307 730 4357 contra
773 4303 925 4372 leges
955 4300 1170 4354 divinas
1209 4306 1266 4354 et
1315 4299 1758 4354 Christianorum

1842 3590 2128 3657 societate,
2151 3607 2252 3644 nec
2267 3592 2502 3660 januam
2533 3595 2654 3648 caeli
2684 3596 2922 3667 ingredi,
2948 3617 3051 3654 nec
3072 3602 3267 3658 vinclis
3306 3622 3436 3676 pec-

1843 3686 2096 3733 catorum
2146 3680 2350 3749 poterit
2372 3681 2526 3735 solvi.
2552 3682 2774 3738 Interea
2804 3687 3002 3743 litterze
3029 3692 3303 3746 unitatem
3337 3695 3434 3748 Ec-

1843 3767 2026 3821 clesiae
2055 3767 2372 3823 scindentes
2404 3787 2505 3839 per
2528 3771 2740 3840 legatos
2758 3775 2990 3829 Romam
3013 3778 3428 3850 deferebantur,

1843 3873 1972 3909 nam
1995 3856 2175 3925 jussio
2206 3858 2352 3927 regis
2374 3858 2626 3928 urgebat,
2656 3862 2749 3930 qui
2780 3863 3064 3918 venientes
3086 3867 3430 3925 Placentiam

1841 3962 2034 3998 omnes
2050 3946 2337 4016 episcopos
2359 3947 2753 4017 Longobardos
2774 3961 3272 4022 congregaverunt.
3299 3956 3432 4024 Qui-

1842 4034 1943 4087 bus
1983 4051 2045 4086 ex
2068 4040 2226 4104 parte
2258 4035 2404 4104 regis
2435 4043 2772 4108 praeceptum
2805 4047 2908 4102 est,
2939 4047 3005 4095 ut
3042 4043 3250 4099 factum
3281 4047 3430 4117 regis

1841 4125 2257 4176 conﬁrmarent.
2314 4124 2421 4177 Sed
2467 4125 2632 4195 longe
2681 4127 2846 4180 aliter
2873 4129 3078 4183 factum
3129 4138 3214 4186 est
3259 4152 3427 4205 quam

1841 4227 2153 4281 speravere.
2198 4211 2342 4264 Nam
2393 4228 2584 4265 omnes
2633 4213 2858 4284 proprio
2889 4232 2984 4270 ore
3029 4235 3130 4272 suo
3163 4221 3429 4293 Dionysio

1842 4299 2166 4353 Placentino
2197 4299 2450 4369 episc0po
2467 4300 2687 4369 praevio,
2712 4301 2930 4371 publice
2939 4305 3276 4374 juraverunt
3291 4327 3431 4367 nun-

162 4409 367 4463 regum
396 4409 630 4458 morem,
663 4389 760 4446 sed
802 4388 970 4444 etiam
1003 4395 1197 4444 contra
1235 4394 1603 4460 tyrannorum
1633 4404 2010 4472 con-“quam
2058 4404 2118 4440 se.
2164 4387 2406 4456 amplius
2454 4386 2825 4443 obedientiam
2875 4395 3223 4462 preestituros
3251 4416 3426 4472 papae.

164 4480 553 4546 suetudinem,
571 4479 788 4533 vivente
817 4477 993 4533 altero
1024 4476 1321 4532 investivit.
1774 4451 1823 4509 D
1841 4475 2054 4547 Dehinc
2081 4475 2247 4543 hujus
2276 4475 2575 4544 legationis
2605 4479 2926 4535 ministrum
2965 4500 3031 4537 ex
3070 4451 3293 4542 ofﬁcina
3320 4451 3429 4544 ini-

239 4570 345 4624 Hic
397 4568 528 4623 talis
583 4566 1057 4623 Mediolanensem
1115 4565 1371 4620 vastabat
1431 4565 1755 4620 Ecclesiam.
1841 4563 2068 4634 quitatis
2097 4563 2306 4617 scilicet
2336 4563 2623 4620 Parmensi
2652 4567 2875 4624 civitate
2893 4571 3108 4628 faciunt
3131 4579 3431 4646 quemdam

171 4659 319 4712 Huic
349 4657 654 4712 Guibertus
703 4656 999 4727 Hugonem
1044 4655 1342 4709 candidum
1394 4653 1567 4716 misit,
1600 4653 1758 4724 cujus
1841 4653 2153 4706 Rolandum
2182 4652 2466 4716 clericum,
2501 4655 2596 4725 qui
2617 4657 2846 4712 veniens
2876 4659 3114 4716 Romam
3148 4665 3291 4720 forte
3319 4667 3431 4721 illis

165 4746 402 4802 consilio
439 4760 628 4816 regem
655 4743 854 4809 adiret,
899 4750 955 4798 et
983 4743 1102 4813 ejus
1131 4744 1377 4796 animum
1411 4743 1481 4796 ad
1523 4743 1761 4796 deterio-

165 4853 287 4890 rem
317 4840 537 4906 partem
570 4835 900 4888 inﬂecteret.
935 4832 1091 4896 Quod
1122 4837 1178 4886 et
1205 4832 1410 4885 factum
1441 4837 1545 4886 est.

240 4923 311 4978 In
353 4923 451 4978 illo
499 4929 750 4994 tempore
801 4938 971 4992 grave
1019 4926 1076 4974 et
1116 4919 1430 4974 inauditum
1486 4919 1761 4990 ﬂagitium

168 5015 364 5069 Romae
393 5017 677 5084 patratum
700 5016 802 5067 est.
826 5012 968 5065 Nam
985 5010 1101 5064 Deo
1123 5007 1342 5063 odibilis
1363 5007 1615 5071 Cencius,
1637 5025 1763 5061 cnn-

165 5100 458 5171 juratione
485 5099 649 5166 facta,
697 5099 756 5153 in
803 5099 926 5170 ipsa
972 5102 1133 5152 nocte
1182 5093 1500 5150 Nativitatis
1531 5093 1760 5163 Christi,

169 5206 378 5260 papam
422 5195 774 5244 sacramenta
819 5185 1216 5251 celebrantem,
1255 5185 1324 5238 ab
1364 5186 1542 5238 altare
1572 5185 1627 5239 S.
1660 5183 1762 5238 Dei

169 5275 463 5348 genitricis
491 5275 703 5343 Mariae,
741 5274 884 5346 quod
919 5272 1122 5328 dicitur
1154 5272 1224 5327 ad
1255 5289 1520 5344 praesepe,
1555 5272 1762 5342 rapuit,

173 5371 233 5420 et
262 5365 617 5420 vulneratum
637 5364 706 5419 ad
719 5361 921 5418 turrim
945 5379 1112 5434 quam
1133 5361 1323 5416 Romae
1345 5358 1587 5416 habebat
1614 5359 1767 5414 mirae

173 5453 520 5509 fortitudinis
535 5453 667 5527 βο),
686 5452 958 5508 violenter
969 5467 1146 5523 usque
1176 5449 1452 5522 perduxit.
1476 5449 1621 5513 Quid
1642 5449 1767 5520 plu-

172 5544 278 5598 ra?
300 5542 540 5598 Romani
559 5558 689 5598 mox
709 5543 914 5598 turrim
947 5540 1224 5608 obsident,
1249 5556 1526 5611 maneque
1553 5539 1702 5594 facto
1716 5539 1769 5593 vi

247 5649 352 5722 (50)
381 5651 560 5707 Paulo
587 5654 719 5707 ante
745 5649 1088 5707 destructam
1115 5647 1352 5706 dixerat.

414 5750 678 5813 PATROL.
725 5751 847 5813 CL.

1843 4739 2038 4793 diebus
2061 4756 2260 4810 papam
2280 4740 2337 4792 in
2357 4742 2571 4810 synodo
2601 4744 2937 4800 residentem
2966 4749 3196 4805 invenit.
3229 4754 3284 4807 Is
3317 4755 3432 4809 dia-

1842 4828 1954 4883 boli
1983 4830 2225 4900 repletus
2237 4829 2436 4899 spiritu
2464 4830 2520 4884 in
2552 4832 2736 4886 media
2761 4837 2974 4904 synodo
2987 4855 3051 4891 ex
3067 4845 3226 4908 parte
3256 4843 3427 4911 regis,

1844 4919 1972 4973 laici
2007 4917 2216 4972 scilicet
2265 4918 2526 4982 hominis,
2566 4921 2881 4990 pontiﬁcale
2911 4925 2962 4978 ei
2993 4926 3278 4982 interdixit
3307 4931 3430 4984 ofﬁ-

1843 5009 2010 5072 cium,
2036 5006 2196 5077 eique
2218 5007 2497 5077 praecepit,
2523 5014 2586 5061 ut
2613 5009 2680 5062 de
2701 5011 2831 5064 sede
2865 5012 3244 5083 descenderet,
3284 5019 3433 5088 quod

1844 5094 2071 5151 secundi
2092 5093 2302 5149 ordinis
2322 5095 2646 5166 presbytero
2668 5098 2788 5151 sine
2805 5100 3016 5168 judicio
3027 5103 3124 5158 abi
3132 5105 3245 5174 psis
3262 5107 3432 5161 etiam

1846 5183 2135 5256 episc0pis,
2170 5183 2214 5237 si
2238 5183 2536 5247 diceretur,
2571 5191 2718 5239 esset
2745 5187 3041 5256 culpabile.
3072 5192 3282 5248 Dehinc
3309 5212 3434 5250 car-

1846 5258 2489 5345 dinalibusin'aacepitmt
2504 5273 2649 5328 ultra
2668 5281 2886 5329 montes
2899 5278 3213 5345 tenderent,
3233 5287 3288 5336 et
3307 5283 3436 5340 inde

1848 5359 1954 5416 sibi
1979 5362 2296 5433 pontiﬁcem
2339 5366 2709 5416 assumerent.
2739 5361 3088 5420 Venerabilis
3125 5385 3254 5423 vero
3297 5372 3437 5426 Gre-

1847 5449 2038 5520 gorius
2067 5451 2374 5505 secundum
2397 5449 2527 5504 boni
2555 5450 2812 5521 Magistri
2828 5453 3142 5524 exemplum
3170 5459 3439 5516 convitia-

1849 5544 2028 5594 torem
2047 5555 2211 5595 suum
2223 5539 2378 5611 prius
2398 5555 2431 5593 a
2453 5531 2632 5594 morte
2644 5537 3125 5620 liberavit,dehinc
3143 5546 3230 5602 vix
3246 5549 3440 5606 sedato

3131 5752 3209 5817 27
