3964 6362
513 298 631 369 843

1534 293 1936 355 BONIZONIS
1974 294 2406 353 PLACENTINI
2443 293 2766 351 EPISCOPI

3686 294 3793 353 844

513 425 765 491 tumultu
783 421 1060 493 synodum
1077 437 1203 477 cum
1215 420 1503 478 alacritate
1517 418 2109 489 celebravit.Sequenti
2125 420 2180 481 Α
2198 435 2326 473 nem
2349 419 2600 489 accipere
2622 423 2679 475 et
2700 424 2799 474 aut
2819 422 3140 488 provectum
3174 417 3355 475 facere
3375 423 3475 474 aut
3499 420 3786 493 perﬁcere,

514 530 647 568 vero
678 512 769 566 die
792 511 994 573 litterae
1042 507 1112 562 ab
1156 508 1603 567 Ultramontanis
1642 506 1912 579 episc0pis
1952 524 2107 578 papae

517 601 715 655 delata:
737 604 886 664 sunt,
895 597 1098 669 quibus
1118 613 1177 651 se
1194 613 1450 670 peccasse
1469 601 1526 652 et
1539 611 1757 650 errasse
1773 595 2110 651 conﬁteban-

516 695 630 755 tur,
640 688 967 757 veniamque
978 685 1355 758 impetrabant
1371 685 1769 757 promittentes
1780 701 1839 738 se
1851 683 2110 755 deinceps

517 781 714 848 utpote
732 775 890 829 Patri
912 774 1285 830 obedientiam
1308 773 1675 846 praebituros;
1700 774 1799 827 sed
1821 790 1946 826 cum
1971 779 2109 829 tem-

517 874 625 936 plIS
643 865 896 925 instaret,
915 878 1023 933 quo
1037 862 1283 933 synodus
1304 862 1437 915 solvi
1454 860 1757 925 debuisset,
1773 860 2107 919 venerabilis

519 942 843 1022 Gregorius,
878 951 973 1020 qui
1001 966 1101 1020 pro
1132 949 1324 1002 ovibus
1351 948 1467 1002 suis
1510 947 1653 1001 mori
1698 953 1930 1018 paratus
1960 952 2102 1010 erat,

518 1041 757 1097 dedecus
779 1040 835 1105 S_.
860 1039 1125 1091 Romanae
1145 1036 1404 1099 Ecclesiae
1424 1035 1642 1089 illatum
1673 1053 1785 1089 non
1810 1041 1894 1090 est
1910 1052 2110 1106 passus

515 1126 760 1183 inultum
782 1168 795 1191 ,
830 1125 926 1180 sed
948 1124 1175 1179 consilio
1197 1124 1448 1178 omnium
1466 1124 1850 1195 episcOporum
1873 1140 2108 1177 numero

518 1230 603 1281 cv,
634 1231 845 1285 regem,
872 1213 967 1285 qui
995 1229 1055 1279 se
1084 1201 1152 1266 ex
1195 1212 1389 1266 ovibus
1437 1212 1644 1266 Christi
1685 1229 1797 1265 non
1827 1211 2106 1282 cognovit,

516 1303 938 1378 principemque
965 1301 1132 1371 hujus
1158 1299 1425 1354 inauditae
1451 1299 1769 1353 rebellionis
1792 1317 2109 1353 excommu-

515 1392 739 1455 nicavit,
759 1397 815 1445 et
837 1406 871 1443 a
890 1406 1064 1459 regno
1093 1390 1193 1443 Dei
1223 1386 1497 1458 judicavit
1526 1389 1792 1453 alienum,
1826 1386 1973 1459 quod
2005 1405 2107 1441 nec

514 1496 721 1537 novum
751 1478 977 1550 quidem
1016 1477 1121 1531 fuit
1160 1493 1263 1530 nec
1294 1476 1749 1551 reprehensibile.
1783 1475 2105 1548 Reprehen-

2189 524 2300 563 non
2333 513 2519 561 tamen
2550 508 2815 563 audacter
2832 507 3169 561 sententiam
3192 507 3377 562 dicere
3406 513 3601 562 contra
3634 525 3788 563 sum-

2190 613 2349 649 mum
2369 596 2607 651 senioris
2628 596 2817 649 Romae
2856 595 3197 666 pontiﬁcem.
3224 596 3361 651 Ecce
3384 596 3628 665 qualiter
3659 596 3789 650 imi-

2191 688 2402 737 tatores
2432 684 2560 739 Foci
2592 689 2648 737 et
2684 683 2934 738 Dioscori
2976 700 3077 754 pro
3126 684 3245 739 sola
3286 684 3519 739 infamia
3549 684 3788 741 Romani

2189 772 2469 842 pontiﬁcis
2502 772 2740 827 audistis
2766 772 3116 827 damnandos
3144 778 3203 826 et
3229 778 3486 847 potentes
3513 789 3785 847 quosque,

2189 865 2473 913 tentantes
2509 858 2716 930 pellere
2745 860 2980 914 senioris
3015 861 3204 915 Romae
3230 877 3437 931 papam
3464 878 3498 914 a
3523 863 3657 915 sede.
3687 879 3787 918 au-

2191 947 2352 1000 distis
2380 948 2842 1003 anathemizatos.
2881 950 3008 1002 Non
3049 954 3134 1003 est
3179 965 3311 1020 ergo
3346 949 3788 1020 reprehensibile

2190 1052 2381 1105 regem
2407 1042 2720 1091 tentantem
2743 1054 2947 1108 papam
2975 1054 3009 1091 a
3038 1037 3169 1091 sede
3185 1037 3306 1097 sine
3321 1037 3534 1108 judicio
3554 1038 3787 1109 pellere,

2186 1124 2685 1181 excommunicare.
2708 1126 2858 1199 quod
2878 1131 3199 1181 sanctorum
3222 1125 3457 1182 Patrum
3480 1126 3691 1197 regulis
3703 1132 3788 1184 est

2191 1210 2537 1266 roboratum.
2581 1209 2922 1266 Inusitatum
2953 1230 3083 1271 vero
3110 1230 3221 1269 non
3252 1219 3359 1270 est.
3398 1214 3528 1285 quia
3576 1215 3787 1271 multos

2189 1300 2433 1370 legimus
2464 1301 2745 1355 Romanos
2773 1302 3064 1372 pontiﬁces
3111 1319 3212 1373 pro
3261 1302 3573 1357 minoribus
3600 1302 3786 1359 causis

2188 1405 2302 1442 non
2330 1389 2511 1443 solum
2545 1390 3071 1454 excommunicasse,
3103 1390 3201 1446 sed
3229 1391 3399 1447 etiam
3428 1408 3463 1445 a
3489 1408 3662 1465 regno
3692 1392 3786 1446 de-

2189 1477 2458 1547 posuisse.
2485 1476 2644 1542 Quod
2668 1477 2869 1532 melius
2890 1477 3099 1548 patebit
3120 1480 3371 1551 exemplo
3392 1499 3403 1533 :
3422 1480 3783 1535 Innocentius

516 1568 677 1623 sibile
702 1583 815 1621 non
848 1584 860 1619 :
892 1565 1026 1637 quia
1056 1565 1266 1635 regulis
1306 1569 1626 1620 sanctorum
1662 1564 1891 1621 Patrum
1920 1564 2108 1637 przeci-
2189 1581 2333 1635 papa
2351 1565 2651 1618 Arcadium
2672 1564 3071 1635 imperatorem
3085 1567 3381 1621 Theodosii
3402 1568 3783 1637 Magnifilium

514 1655 802 1728 pierrtibus
818 1655 1046 1721 factum.
1069 1650 1135 1707 In
1158 1652 1596 1709 Chalcedon‘ensi
1615 1654 1763 1707 enim
1782 1652 2105 1718 concilio,in
2191 1669 2291 1722 pro
2321 1670 2386 1707 eo
2417 1654 2564 1727 quod
2594 1656 2823 1710 Joannis
2849 1656 3233 1728 Chrysostomi
3254 1656 3588 1727 depositioni
3612 1654 3784 1711 inter-

517 1743 883 1816 quosexCenti
899 1742 1279 1802 interfuerunt
1301 1742 1650 1813 episcopi,ita
1670 1742 1877 1811 legitur
1897 1741 1966 1795 de
1980 1730 2312 1807 Dio-Bfuit,
2354 1742 2487 1812 quia
2521 1742 2860 1814 Theophilus
2901 1745 3310 1801 Alexandrinus
3340 1761 3454 1801 una
3498 1760 3625 1801 cum
3655 1744 3782 1799 aliis

514 1830 1075 1905 seoroAiexandrino:
1092 1829 1371 1900 quomodo
1392 1831 1669 1886 secundus
1689 1846 1942 1885 excessus
1962 1830 2108 1900 prio—
2190 1829 2557 1884 orientalibus
2586 1833 2921 1903 patriarchis
2953 1850 3081 1887 cum
3107 1850 3380 1891 consensu
3400 1832 3638 1886 aliorum
3659 1832 3784 1905 epi-

513 1938 635 1976 rem
662 1919 961 1990 iniquitate
986 1918 1146 1972 valde
1167 1918 1532 1972 transcendit.
1556 1918 1920 1991 Praesumpsit
1955 1918 2109 1975 enim
2188 1934 2502 1990 scoporum,
2545 1920 2664 1975 sine
2711 1938 2941 1977 assensu
2984 1928 3175 1977 tamen
3215 1922 3452 1977 Romani
3496 1921 3781 1996 pontificis

513 2006 1146 2065 excomnnmicationem
1172 2006 1383 2060 dictare
1403 2006 1667 2063 adversus
1687 2007 2102 2064 sanctissimum
2187 2006 2495 2061 dictaverat
2514 2010 3079 2075 excommunicatum,
3123 2026 3429 2081 eorumque
3469 2009 3781 2080 depositio-

509 2114 713 2171 papam
736 2098 1002 2162 Leonem,
1024 2095 1359 2149 Anatholius
1386 2095 1678 2167 episcopus
1708 2096 2103 2151 Constantino-
2186 2112 2315 2148 nem
2340 2096 2594 2149 cessavit.
2616 2096 3133 2153 Reverendissimus
3156 2115 3285 2151 vero
3306 2098 3616 2168 imperator
3649 2114 3781 2153 mox

512 2188 799 2260 politanus
816 2184 974 2239 dixit:
992 2186 1229 2255 Propter
1248 2185 1412 2237 ﬁdem
1434 2198 1544 2237 non
1563 2190 1649 2236 est
1659 2184 1961 2239 damnatus
1975 2183 2103 2237 Dio-
2183 2189 2251 2236 ut
2268 2183 2476 2238 factum
2496 2186 2774 2254 cognovit,
2798 2201 2909 2239 non
2930 2184 3151 2240 rebellis
3187 2185 3416 2250 exstitit,
3436 2185 3531 2239 sed
3557 2186 3775 2241 veniam

507 2280 719 2341 scortis,
753 2274 849 2327 sed
879 2273 1013 2344 quia
1042 2271 1672 2326 excommunicationem
1706 2271 1838 2325 fecit
1869 2272 2098 2326 domino
2183 2272 2472 2326 humiliter
2514 2273 2681 2341 petiit
2721 2278 2778 2327 et
2810 2274 3149 2346 impetravit.
3192 2274 3597 2329 Constantinus
3626 2291 3777 2347 papa

507 2360 908 2433 archiepiscopi
943 2361 1135 2415 Leoni.
1160 2359 1427 2431 Nunquid
1448 2359 1525 2413 ibi
1548 2360 1754 2430 legitur
1778 2360 2100 2430 inquisitio-

504 2468 637 2508 nem
652 2452 860 2505 factam
882 2448 1072 2515 fuisse,
1086 2455 1274 2502 utrum
1292 2450 1445 2518 juste
1476 2464 1547 2500 an
1568 2448 1776 2519 injuste
1796 2447 2094 2502 Dioscorus

502 2542 685 2612 ipsam
702 2536 1328 2593 excommunicationem
1347 2536 1639 2590 dictasset?
1654 2553 1762 2589 non
1781 2534 1947 2607 plane
1969 2555 1980 2587 :
1999 2536 2097 2589 sed

501 2631 714 2701 absque
740 2625 892 2681 mimi
944 2625 1319 2679 controversia
1358 2625 1415 2677 hi
1464 2624 1523 2676 in
1571 2640 1636 2676 eo
1685 2624 1909 2677 multati
1941 2630 2089 2691 sunt,

501 2719 769 2789 quiacum
791 2719 938 2768 esset
956 2713 1190 2767 inferior
1205 2713 1479 2783 potiorem
1503 2709 1843 2782 quibuslibet
1861 2718 2094 2765 conatus

501 2814 585 2862 est
610 2806 882 2859 lacessere
911 2801 1156 2873 injuriis.
1190 2801 1351 2864 Quod
1378 2816 1508 2853 vero
1552 2799 1610 2852 in
1650 2806 1843 2853 octava
1880 2802 2093 2871 synodo

499 2895 679 2951 sancti
700 2893 895 2947 Patres
913 2906 1085 2961 super
1102 2888 1208 2942 hoc
1223 2889 1449 2957 negotio
1470 2886 1768 2942 deﬁnivere
1789 2888 2089 2944 advertite:

499 2981 856 3039 Dominicum
882 2993 1222 3043 sermonem,
1259 2992 1423 3046 quem
1447 2976 1702 3030 Christus
1732 2977 1939 3031 sanctis
1967 2995 2096 3049 apo-

2179 2361 2463 2414 Justinum
2510 2360 2933 2433 imperatorem,
2962 2362 3264 2417 Iustiniani
3313 2362 3494 2416 ﬁlium
3538 2367 3775 2435 propter

2180 2465 2288 2501 non
2307 2449 2593 2503 decentem
2619 2448 2933 2521 legatorum
2975 2467 3207 2505 suorum
3238 2451 3651 2521 susceptionem
3683 2466 3776 2504 ex-

2178 2536 2628 2603 communicavit,
2663 2539 2758 2608 qui
2796 2545 2989 2608 postea
3028 2540 3089 2592 in
3135 2538 3777 2611 Constantinopolitanae

2176 2625 2330 2679 urbis
2361 2625 2548 2696 platea
2577 2626 2814 2697 pedibus
2833 2627 2957 2696 ejus
2976 2644 3100 2681 cum
3120 2644 3292 2697 regno
3312 2633 3626 2698 prostratus
3649 2633 3776 2681 tan-

2177 2712 2273 2767 diu
2298 2714 2517 2767 veniam
2540 2714 2719 2784 petiit,
2746 2712 2923 2769 donec
2954 2714 3290 2786 impetravit.
3323 2714 3427 2769 Sed
3452 2721 3509 2769 et
3525 2717 3775 2771 Anasta-

2177 2800 2295 2854 sius
2324 2819 2470 2872 papa
2488 2802 2859 2856 Athanasium
2888 2803 3287 2875 imperatorem
3330 2804 3777 2859 excommunica-

2176 2888 2277 2951 vit,
2319 2890 2413 2960 qui
2443 2895 2699 2961 proterve
2726 2890 2963 2962 loquens
3002 2891 3072 2945 de
3116 2908 3283 2963 papa,
3317 2890 3375 2944 in
3406 2892 3527 2965 ipso
3558 2892 3774 2963 palatio

2175 2976 2409 3031 fulmine
2440 2995 2735 3048 percussus
2763 2979 3001 3033 interiit.

500 3072 659 3143 stplis
689 3074 747 3124 et
767 3067 1057 3137 discipulis
1078 3064 1193 3119 suis
1214 3044 1384 3118 diiit:
1413 3065 1545 3135 quia
1567 3085 1589 3117 ο
1626 3065 1720 3136 qui
1746 3082 1843 3119 vos
1873 3044 2088 3136 recipit,
2108 3072 2155 3139 Β
2245 3044 2468 3118 Tertius
2484 3082 2612 3118 vero
2634 3066 2938 3136 Gregorius
2958 3083 3104 3138 papa
3122 3084 3230 3120 non
3254 3066 3436 3121 solum
3461 3065 3774 3138 imperato-
3798 3044 3809 3050 -

498 3179 595 3216 me
617 3158 819 3228 recipit
861 3155 1074 3223 (Matth.
1118 3167 1171 3215 x,
1221 3153 1309 3222 40)
1337 3170 1349 3219 ;
1394 3171 1419 3206 »
1454 3158 1512 3207 et
1539 3172 1560 3204 α
1596 3153 1691 3223 qui
1729 3171 1823 3208 vos
1852 3156 2084 3225 spernit,
2169 3170 2290 3206 rem
2312 3153 2554 3208 Leonem
2578 3155 3094 3220 excommunicavit,
3114 3155 3212 3208 sed
3234 3160 3291 3209 et
3314 3172 3487 3224 regno
3508 3156 3769 3227 privavit.

499 3264 594 3303 me
617 3244 835 3318 spernit
855 3244 1001 3311 (Luc.
1027 3256 1089 3308 Χ,
1109 3239 1219 3312 16),
1251 3260 1276 3294 ››
1312 3246 1368 3294 et
1388 3241 1481 3311 qui
1498 3248 1627 3313 post
1655 3258 1749 3296 eos
1780 3243 2085 3299 secundum
2177 3241 2494 3313 Stephanus
2512 3259 2640 3297 vero
2665 3260 2809 3314 papa
2829 3241 3097 3299 Karolum
3122 3244 3341 3315 Pippini
3364 3244 3513 3315 regis
3533 3245 3775 3299 fratrem

498 3338 651 3408 ipsos
673 3332 809 3387 facti
837 3335 974 3385 sunt
992 3329 1198 3384 summi
1226 3330 1515 3401 pontifices
1544 3337 1599 3384 et
1624 3336 1912 3401 pastorum
1944 3332 2092 3403 prin-

499 3425 655 3495 cipes
682 3423 744 3475 in
773 3418 1018 3473 Ecclesia
1057 3417 1331 3471 catholica
1374 3418 1584 3472 dictum
1632 3434 1754 3472 esse
1800 3420 2090 3475 credentes

498 3508 1142 3569 deﬁnivimusneminem
1156 3524 1381 3578 prorsus
1392 3509 1586 3563 mundi
1597 3513 1889 3579 potentum
1903 3526 2093 3581 quem-

501 3616 673 3673 quam
701 3614 915 3664 eorum,
949 3596 1044 3667 qui
1074 3595 1541 3667 patriarchalibus
1567 3595 1790 3650 sedibus
1820 3603 2087 3667 praesunt,

499 3690 844 3743 inhonorare
878 3692 978 3739 aut
1007 3700 1229 3737 movere
1270 3699 1302 3736 a
1341 3685 1565 3755 proprio
1608 3685 1809 3739 throno
1848 3692 2086 3752 tentare,

498 3776 596 3832 sed
624 3775 776 3830 οωπὶ
793 3775 1005 3828 honore
1033 3777 1089 3825 et
1114 3773 1430 3826 reverentia
1452 3772 1649 3843 dignos
1661 3774 1936 3843 judicare,
1955 3791 2092 3845 prae-

497 3866 665 3938 cipue
679 3863 904 3936 quidem
933 3860 1348 3916 sanctissimum
1380 3878 1583 3932 papam
1605 3863 1841 3916 senioris
1862 3863 2083 3932 Romae;

497 3954 699 4010 dehinc
706 3968 836 4006 vero
849 3949 1197 4005 Alexandria
1209 3966 1272 4003 ac
1283 3948 1589 4004 Antiochia;
1609 3966 1708 4004 seu
1719 3951 2090 4023 Jerosolymo—

496 4059 645 4110 rum,
678 4041 940 4110 deinceps
960 4038 1521 4108 Constantinopoleos
1544 4039 1921 4108 patriarcham
1946 4058 1958 4107 ;
1992 4041 2089 4094 sed

498 4148 603 4188 nec
631 4131 948 4201 quicunque
983 4126 1528 4197 circumscriptiones
1567 4132 1765 4181 contra
1808 4127 2091 4181 sanctissi-

2174 3347 2206 3384 a
2236 3348 2408 3403 regno
2438 3330 2715 3402 deposuit,
2752 3336 2809 3384 et
2842 3332 3144 3404 Pippinum
3174 3332 3233 3385 in
3261 3332 3380 3386 loco
3407 3333 3526 3403 ejus
3556 3335 3773 3389 consti-

2173 3419 2303 3485 tuit,
2327 3424 2384 3472 et
2403 3418 2709 3489 Gregorius
2730 3418 2925 3473 doctor
2945 3421 3232 3473 Romanus
3258 3437 3400 3492 papa
3418 3421 3571 3474 omni
3591 3422 3778 3494 digni-

2172 3512 2289 3561 tate
2318 3508 2574 3578 privavit,
2598 3508 2915 3579 quicunque
2937 3508 3211 3580 privilegii
3238 3509 3325 3562 sui
3355 3509 3621 3581 paginam
3658 3512 3777 3566 vio-

2172 3596 2390 3652 laverit.
2418 3596 2506 3650 Sic
2527 3595 2679 3649 enim
2708 3596 2766 3649 in
2790 3597 3031 3667 quodam
3062 3614 3163 3653 suo
3200 3597 3491 3668 privilegio
3520 3599 3774 3655 subscri-

2173 3684 2349 3755 psisse
2363 3685 2673 3738 invenitur:
2698 3685 3034 3750 Gaaconms,
3068 3685 3343 3740 SENATORI
3362 3687 3692 3759 presbytero
3713 3696 3775 3745 et

2173 3772 2361 3826 abbati
2406 3772 2750 3827 Xenodochii
2798 3773 3141 3828 Francorum
3178 3774 3327 3828 inter
3363 3781 3605 3830 caetera:
3650 3778 3775 3836 haec

2168 3861 2346 3931 igitur
2373 3860 2580 3926 omnia,
2611 3877 2733 3931 quae
2760 3861 2930 3931 hujus
2949 3861 3210 3933 praecepti
3239 3862 3559 3934 decretique
3586 3867 3773 3921 nostri

2170 3949 2377 4020 pagina
2407 3948 2676 4015 continet,
2708 3954 2825 4001 tam
2860 3948 2963 4002 tibi
2997 3966 3167 4020 quam
3213 3952 3448 4018 cunctis,
3482 3952 3580 4023 qui
3608 3955 3669 4008 in
3700 3973 3770 4013 eo

2172 4036 2368 4090 ordine
2386 4052 2494 4107 quo
2526 4053 2584 4089 es
2611 4036 2843 4107 locoque
2886 4037 3379 4103 successerint,vel
3401 4038 3480 4093 eis
3522 4059 3772 4112 quorum

2171 4126 2440 4179 interesse
2469 4124 2735 4195 potuerit,
2768 4126 2825 4179 in
2850 4131 3185 4197 perpetuum
3205 4128 3479 4185 servanda
3506 4130 3770 4188 decerni-

498 4235 659 4275 mum
675 4232 875 4289 papam
894 4215 1133 4270 senioris
1152 4214 1343 4268 Romae
1364 4231 1428 4268 ac
1448 4214 1615 4268 verba
1637 4231 1757 4269 com
1768 4215 1968 4285 plicare
2007 4217 2091 4271 vel
2171 4216 2382 4271 1nus.Si
2401 4216 2525 4287 quis
2539 4233 2669 4269 vero
2692 4232 2912 4286 regum,
2936 4217 3312 4281 sacerdotum,
3325 4216 3583 4287 judicum
3594 4225 3768 4291 atque

497 4321 836 4376 componere
852 4302 961 4361 sub
978 4303 1264 4357 occasione
1306 4303 1462 4372 quasi
1500 4302 1917 4357 diﬂ'amatorum
1952 4306 2151 4375 quo-D
2169 4305 2519 4360 saecularium
2543 4321 2911 4376 personarum
2940 4304 3084 4359 hanc
3103 4305 3521 4361 constitutionis
3556 4315 3769 4365 nostrae

496 4394 759 4451 rumdam
808 4391 1125 4457 criminum,
1149 4392 1297 4462 quod
1316 4396 1373 4445 et
1391 4408 1570 4462 nuper
1589 4389 1793 4445 Focius
1819 4396 1876 4445 et
1911 4392 2087 4447 multo
2174 4395 2436 4464 paginam
2469 4411 2808 4464 cognoscens
2845 4399 3042 4449 contra
3069 4411 3195 4449 eam
3218 4395 3407 4449 venire
3436 4398 3763 4466 tentaverit,

495 4489 633 4539 ante
655 4481 951 4537 Dioscorus
979 4479 1248 4533 fecerunt.
1281 4479 1548 4550 Quisquis
1573 4484 1762 4533 autem
1792 4485 1953 4534 tanta
1971 4481 2087 4550 jac-
2167 4483 2458 4553 potestatis
2487 4483 2828 4552 honorisque
2848 4483 2935 4537 sui
2955 4483 3230 4554 dignitate
3253 4489 3461 4551 careat,
3486 4501 3769 4560 reumque
3818 4494 3821 4495 ⁷

492 4571 677 4627 tentia
692 4574 795 4624 aut
815 4566 1046 4623 audacia
1072 4584 1205 4626 usus
1220 4568 1413 4633 fuerit,
1438 4573 1499 4622 ut
1519 4568 1827 4622 secundum
1857 4568 2081 4623 Fotium

494 4667 551 4717 et
598 4660 922 4715 Dioscorum
959 4657 1017 4711 in
1051 4656 1276 4727 scriptis
1316 4661 1373 4709 et
1420 4655 1540 4709 sine
1579 4657 1800 4727 scriptis
1844 4657 2080 4728 injurias

495 4749 764 4822 quaedam
798 4751 994 4800 contra
1014 4745 1203 4799 sedem
1232 4742 1383 4797 Petri
1403 4743 1671 4817 principis
1700 4747 2079 4815 apostolorum

490 4840 729 4903 moveat,
759 4834 1033 4906 aequalem
1062 4838 1120 4886 et
1147 4832 1405 4886 eamdem
1435 4848 1603 4903 quam
1633 4833 1714 4886 illi
1743 4830 2079 4889 condemna-

486 4927 700 4981 tionem
730 4922 987 4994 accipiat.
1020 4921 1080 4976 Si
1106 4936 1236 4974 vero
1284 4920 1412 4991 quis
1453 4921 1642 4991 aliqua
1671 4921 1771 4977 Dei
1802 4929 2080 4993 potestate

485 5016 677 5070 fruens
701 5018 759 5066 et
783 5017 982 5083 potens
1012 5008 1221 5080 pellere
1248 5009 1609 5079 temptaverit
1628 5012 1931 5088 praefatum,
1951 5026 2081 5082 apo-

484 5104 697 5160 stolici:
709 5099 989 5155 cathedrae
1012 5113 1233 5168 papam,
1253 5102 1353 5150 aut
1371 5100 1607 5153 aliorum
1630 5101 2079 5171 patriarcharum

485 5205 827 5265 quemquam
848 5187 1152 5240 anathema
1171 5186 1445 5241 sit.Porro
1463 5188 1509 5242 si
1530 5189 1776 5260 synodus
1796 5189 2080 5243 universa-

482 5283 555 5337 lis
580 5280 756 5337 ﬁrerit
793 5281 1134 5348 congregata
1170 5280 1228 5329 et
1269 5276 1416 5331 facta
1465 5277 1655 5340 fuerit,
1690 5285 1746 5331 et
1774 5278 1843 5331 de
1884 5284 2078 5333 sancta

480 5370 864 5425 Romanorum
895 5363 1142 5420 Ecclesia
1171 5365 1377 5435 quaevis
1407 5366 1746 5438 ambiguitas
1775 5372 1833 5420 et
1856 5372 2074 5423 contro-

479 5457 912 5528 versiapportet
934 5452 1328 5508 venerabiliter
1338 5458 1395 5513 et
1407 5471 1532 5510 cum
1554 5454 1903 5509 convenienti
1920 5468 2071 5507 reve-

479 5543 671 5600 rentia
690 5544 771 5599 de
789 5541 1403 5616 propoﬁtaquestione
1439 5543 1709 5600 sciscitari
1749 5547 1811 5598 et
1835 5540 2066 5597 solutio-

2165 4571 2352 4624 divino
2396 4570 2607 4640 judicio
2667 4571 2906 4625 existere
2961 4572 3031 4625 de
3085 4577 3409 4644 perpetrata
3460 4573 3768 4645 iniquitate

2164 4659 2477 4728 cognoscat.
2507 4658 2577 4712 Et
2612 4659 2749 4728 quid
2784 4659 2963 4714 dicam
2997 4658 3067 4714 de
3104 4658 3333 4715 Nicolao
3359 4660 3456 4733 qui
3485 4660 3628 4716 duos
3658 4664 3769 4717 im-

2162 4751 2449 4816 peratores
2470 4762 2582 4800 uno
2621 4747 2929 4818 eodemque
2954 4752 3208 4819 tempore
3237 4749 3761 4820 excommunicavit,

2164 4834 2494 4888 orientalem
2522 4834 2737 4888 scilicet
2763 4841 2820 4889 et
2855 4835 3183 4892 Michaelem
3210 4843 3442 4909 propter
3466 4837 3764 4909 Ignatium

2165 4922 2847 4994 Constantinopolitanum
2868 4922 3190 4997 episcopum
3210 4926 3332 4980 sine
3354 4926 3570 4997 judicio
3599 4946 3765 5002 papae

2165 5027 2197 5064 a
2235 5012 2366 5065 sede
2412 5012 2659 5082 pulsum,
2689 5013 3089 5068 occidentalem
3117 5030 3247 5070 vero
3275 5016 3504 5071 nomine
3542 5014 3761 5072 Lotha-

2162 5099 2309 5154 rium
2340 5104 2570 5171 propter
2607 5101 2942 5156 Gualdradae
2988 5120 3102 5159 suae
3142 5103 3357 5175 pellicis
3403 5105 3759 5162 societatem.

2234 5188 2381 5252 Quid
2411 5190 2592 5243 dicam
2632 5190 2701 5242 de
2743 5190 3010 5247 Romanis
3052 5192 3425 5265 pontiﬁcibus,
3458 5210 3587 5249 cum
3614 5197 3764 5252 Ami-

2165 5276 2382 5331 brosius
2421 5279 2853 5336 Mediolanensis
2891 5281 3203 5352 episcopus,
3244 5281 3425 5337 lilium
3470 5283 3757 5353 Ecclesiae,

2160 5366 2466 5421 Maximum
2511 5372 2814 5439 tyrannum
2862 5370 3442 5439 excommunicaverit,
3502 5372 3761 5432 Theodo-

2157 5454 2415 5527 siumque
2439 5456 2835 5526 imperatorem
2867 5456 2937 5513 ab
2959 5457 3205 5514 Ecclesia
3224 5460 3516 5533 expulsum
3538 5478 3764 5519 excom-

2150 5545 2546 5606 municaverit.
2594 5548 2669 5602 At
2708 5547 2833 5620 quis
2887 5548 2998 5606 nisi
3038 5556 3231 5609 mente
3274 5556 3475 5624 captus
3521 5552 3757 5625 ignorat
