3964 6368
466 261 572 357 847

1466 258 1851 312 BONIZONIS
1889 256 2324 315 PLACENTINI
2369 261 2698 319 EPISCOPI

3639 264 3750 321 848

456 387 689 444 nuntios
712 400 917 456 papam
942 382 1177 453 rogavit,
1191 385 1255 437 ut
1273 382 1577 437 Rudolfum
1607 384 2061 437 excommunica-
2075 389 2120 446 Α
2136 383 2345 456 absque
2363 387 2656 441 vocatione
2680 386 2882 441 vellent
2901 385 3403 451 excommunicare,
3429 387 3581 457 quod
3600 388 3741 442 dum

458 475 725 548 ret,quod
741 489 888 546 papa
905 489 966 526 se
993 472 1268 526 facturum
1290 471 1438 525 illico
1469 472 1744 541 promisit,
1761 472 1808 524 si
1834 479 2060 527 vocatus

458 566 742 620 rationem
778 563 949 634 hujus
973 561 1104 616 facti
1133 560 1367 614 reddere
1387 576 1500 613 non
1528 565 1733 630 posset,
1767 576 1880 614 non
1909 562 2061 615 enim

460 654 793 710 canonicum
827 650 1137 715 videbatur,
1188 649 1237 702 si
1283 653 1414 701 ante
1464 648 2058 715 excommunicaretur,

461 759 632 815 quam
651 741 984 805 vinceretur,
1009 738 1107 792 sed
1138 751 1233 791 rex
1255 741 1442 789 mente
1472 736 1775 790 effrenatus
1798 737 2063 791 velociter

458 836 681 886 montes
694 828 938 894 transiit,
961 832 1019 881 et
1040 826 1283 897 impigre
1311 824 1631 895 Bajoariam
1652 822 2059 897 Franciamque

458 920 695 991 recepit.
746 917 856 972 Sed
887 915 1021 987 quid
1063 914 1263 985 plura?
1307 912 1472 967 Haud
1520 912 1747 983 segnior
1786 914 2058 969 Rodulfus

455 1008 749 1065 Franciam
777 1004 1009 1069 invadit,
1050 1002 1373 1072 bellumque
1400 1001 1772 1055 committitur
1787 1003 2055 1072 gravissi-

456 1114 617 1153 mum
662 1101 720 1149 et
761 1094 944 1148 multa
983 1091 1161 1145 millia
1199 1090 1492 1144 hominum
1526 1106 1591 1143 ex
1630 1094 1869 1161 utraque
1893 1092 2054 1161 parte

456 1185 809 1249 ceciderunt;
863 1186 1012 1244 sunt,
1046 1179 1144 1251 qui
1197 1178 1393 1233 dicunt
1418 1179 1585 1248 hujus
1631 1179 1809 1249 praelii
1847 1180 2051 1234 Henri-

454 1290 584 1329 cum
639 1272 812 1327 fuisse
860 1271 1152 1335 victorem,
1195 1268 1555 1339 quamplures
1583 1272 1775 1322 autem
1802 1269 2050 1339 palmam

452 1363 625 1434 hujus
667 1360 908 1416 Rodulfo
938 1358 1058 1429 regi
1087 1356 1378 1411 ascribunt
1402 1355 1744 1421 ecﬂaminis,
1777 1357 1875 1411 sed
1898 1358 2048 1428 quis-

453 1450 580 1522 quis
604 1448 898 1504 victoriam
925 1445 1377 1500 cruentissimam
1395 1449 1587 1498 tamen
1610 1444 1860 1514 possedit
1892 1446 2055 1500 victo-

452 1539 617 1593 riam.

521 1630 748 1683 Interea
766 1626 959 1680 Romae
974 1639 1143 1693 grave
1154 1621 1365 1675 malum
1378 1624 1435 1674 et
1451 1620 1882 1691 irrecuperabile
1898 1622 2053 1675 dam-

2140 473 2220 530 illi
2272 474 2455 529 facere
2507 474 2838 539 noluissent,
2894 473 3358 528 interdicentibus
3411 475 3740 541 canonibus,

2140 560 2341 615 infecto
2371 562 2596 631 negotio
2621 563 2858 616 Romam
2882 562 3120 615 rediere.
3144 563 3357 616 Iterum
3374 567 3502 617 actu
3522 580 3745 634 pugna-

2140 652 2262 702 tum
2286 655 2389 715 est,
2417 656 2476 704 et
2503 650 2682 704 multa
2711 650 3194 704 Inilliahominum
3219 667 3285 703 ex
3313 655 3555 723 utraque
3582 656 3745 723 parte

2142 737 2411 792 cecidere.

2604 828 2841 896 Ewplicit
2872 828 3012 881 liber
3035 833 3276 886 octavus.

2518 942 2795 1032 INCIPIT
2834 977 3050 1032 LIBER
3085 977 3352 1032 NONUS.

2204 1091 2431 1147 Interea
2470 1109 2566 1148 rex
2616 1094 2910 1160 Henricus,
2952 1094 3261 1148 deliberate
3292 1092 3543 1161 consilio,
3584 1096 3745 1151 misit

2134 1180 2323 1236 Romae
2346 1182 2561 1253 legatos
2591 1184 2890 1237 Lemarum
2922 1183 3133 1237 scilicet
3163 1184 3524 1238 Bremensem
3549 1184 3736 1239 archi-

2132 1269 2472 1341 episcopum,
2518 1272 2587 1325 de
2633 1288 2742 1343 quo
2797 1289 2969 1343 supra
3021 1272 3341 1339 retulimus,
3385 1277 3442 1326 et
3486 1272 3741 1328 Pabeba-

2131 1358 2375 1413 riensem
2407 1360 2730 1431 episcopum
2756 1365 2814 1414 et
2850 1361 2989 1414 alios
3015 1362 3377 1432 quamplures
3406 1361 3733 1432 superbiam

2136 1451 2194 1500 et
2214 1446 2528 1501 inauditam
2549 1452 2837 1519 portantes
2866 1449 3205 1518 legationem
3227 1454 3292 1503 ut
3318 1450 3367 1503 si
3400 1451 3565 1504 vellet
3591 1467 3741 1522 papa

2134 1535 2435 1589 Rudolfum
2460 1537 2671 1607 absque
2705 1536 2919 1607 judicio
2950 1539 3453 1605 excommunicare,
3487 1538 3737 1594 debitam

2133 1624 2185 1676 ei
2245 1624 2520 1694 praeberet
2569 1625 2967 1693 obedientiam,
3037 1626 3124 1680 sin
3176 1627 3385 1681 aliter:
3420 1627 3741 1698 acquireret

448 1733 587 1773 num
612 1717 683 1770 de
710 1719 942 1785 repente
964 1717 1216 1766 exortum
1235 1710 1395 1764 est.N
1399 1726 1488 1762 am
1505 1708 1741 1763 Cencius
1754 1711 2045 1781 praefectus
2061 1708 2107 1767 B
2130 1712 2237 1766 sibi
2267 1729 2490 1784 papam,
2523 1714 2619 1783 qui
2646 1713 2856 1768 faceret
2879 1715 3187 1769 secundum
3214 1717 3262 1786 ej
3272 1733 3336 1770 us
3366 1716 3733 1769 voluntatem.

447 1805 536 1859 vir
571 1802 1069 1859 christianissimus
1113 1804 1229 1871 per‘
1258 1799 1521 1852 insidiam
1552 1799 1821 1870 Stephani
1858 1799 2048 1853 fratris
2129 1801 2477 1855 Venerabilis
2530 1819 2660 1856 vero
2707 1802 2973 1874 pontifex,
3031 1803 3128 1873 qui
3174 1820 3276 1873 pro
3328 1803 3560 1858 veritate
3590 1805 3737 1858 mori

448 1893 659 1958 Cencii,
688 1892 804 1946 Deo
832 1889 1077 1955 odibilis,
1123 1889 1192 1942 de
1244 1904 1353 1959 quo
1395 1905 1564 1959 supra
1590 1890 2042 1956 memoravimus,
2128 1894 2359 1960 paratus
2393 1895 2536 1955 erat,
2584 1907 2697 1945 non
2740 1892 2924 1945 solum
2972 1891 3250 1947 rationem
3290 1893 3736 1962 praetendentem

447 1982 659 2039 occisus
689 1980 957 2050 est,cujus
976 1994 1179 2049 corpus
1194 1979 1329 2032 dum
1348 1978 1539 2032 Romae
1559 1978 1710 2047 apud
1732 1978 1789 2034 S.
1812 1977 2046 2032 Petrum
2128 1995 2243 2033 non
2278 1978 2683 2043 condemnavit,
2721 1980 2819 2033 sed
2861 1984 2919 2034 et
2953 1979 3138 2051 ipsum
3162 1997 3354 2050 regem
3383 1981 3623 2053 superbe
3646 1982 3737 2035 lo-

442 2072 697 2127 delatum
722 2068 1093 2136 fuisset,Deus
1117 2084 1220 2138 per
1241 2083 1371 2121 eum
1390 2066 1573 2120 multa
1588 2066 1718 2120 fecit
1744 2066 2041 2121 mirabilia.
2129 2073 2393 2138 quentem
2423 2068 2937 2123 excommunicavit.
2978 2069 3138 2132 Quod
3158 2069 3365 2124 factum
3389 2071 3597 2141 populo
3622 2070 3734 2125 Ro-

439 2159 684 2215 Romani
711 2174 842 2212 vero
866 2156 1278 2211 communicato
1303 2154 1534 2209 consilio
1565 2158 1833 2221 castrum,
1856 2156 1916 2209 in
1930 2171 2040 2226 quo

439 2266 501 2305 se
518 2247 798 2304 nefandus
824 2246 919 2300 ille
941 2244 1309 2316 receperat,vi
1334 2243 1583 2315 capiunt,
1599 2244 1832 2314 ejusque
1860 2244 2041 2315 capite

437 2342 497 2395 et
522 2336 784 2392 manibus
806 2339 1131 2390 truncatum
1159 2333 1396 2387 cadaver
1418 2331 1643 2403 ignibus
1671 2333 1923 2399 tradunt,
1955 2350 2042 2387 ca-

436 2431 541 2499 put
562 2442 693 2480 vero
708 2425 830 2495 ejus
847 2428 904 2478 et
925 2439 1128 2477 manus
1148 2422 1209 2475 in
1236 2421 1453 2475 cortina
1466 2420 1618 2475 beati
1642 2420 1795 2475 Petri
1812 2438 2042 2512 suspen-

434 2516 596 2583 dunt,
626 2514 872 2585 reliquos
901 2529 1030 2567 vero
1058 2511 1205 2566 tanti
1233 2510 1460 2565 sceleris
1487 2511 1735 2565 fautores
1763 2510 2036 2581 quosdam

432 2603 780 2669 interfecere,
807 2601 1080 2674 quosdam
1094 2616 1224 2654 vero
1235 2616 1268 2654 a
1278 2599 1467 2670 patria
1480 2598 1930 2654 eliminaverunt.

501 2694 640 2749 Post
673 2708 881 2765 paucos
907 2706 1038 2744 vero
1075 2689 1216 2755 dies,
1243 2692 1543 2759 postquam
1572 2688 1690 2742 haec
1712 2693 1873 2758 gesta
1905 2693 2038 2742 sunt

431 2782 736 2853 Gregorius
759 2777 1092 2835 venerabilis
1123 2777 1370 2849 pontifex
1399 2776 1637 2831 Romam
1666 2793 1793 2831 cum
1822 2776 2035 2832 honore

426 2871 721 2937 remeavit,
744 2886 987 2941 moxque
1014 2867 1292 2939 synodum
1321 2865 1778 2936 congregavit,in
1791 2883 1903 2937 qua
1920 2883 2037 2920 am-

2122 2172 2290 2210 mano
2319 2172 2586 2227 magnam
2614 2156 2772 2211 dedit
2800 2157 3256 2214 fluctuationem.

2194 2242 2439 2300 Interea
2460 2245 2676 2316 praefati
2724 2246 2874 2316 regis
2902 2246 3075 2317 legati
3098 2246 3358 2301 Tusciam
3381 2246 3671 2303 venientes
3697 2235 3732 2303 a

2122 2333 2466 2404 subjectione
2531 2334 3008 2389 excellentissiman
3074 2336 3382 2390 cometissae
3440 2336 3729 2393 Mathildis

2122 2423 2351 2481 omnino
2372 2424 2726 2500 temptabant
2762 2429 3033 2491 avertere,
3058 2429 3116 2479 et
3152 2426 3286 2496 quia
3314 2425 3469 2496 plebs
3499 2444 3728 2500 semper

2117 2512 2319 2583 cupida
2369 2529 2642 2567 novarum
2694 2529 2887 2567 rerum
2937 2513 3113 2567 inﬁda
3150 2514 3430 2584 prioribus
3457 2515 3721 2585 dominis,

2117 2605 2241 2655 tum
2270 2601 2405 2672 quia
2433 2601 2631 2656 eadem
2659 2601 2838 2673 plebs,
2864 2602 3201 2656 naturaliter
3229 2603 3405 2657 infida
3433 2609 3537 2671 est,
3573 2606 3727 2676 quod

2118 2690 2435 2756 voluerunt,
2468 2681 2733 2761 facillime
2786 2690 2969 2745 facere
3023 2695 3351 2762 potuerunt.
3384 2691 3601 2748 Dehinc
3631 2711 3724 2749 ve-

2117 2779 2336 2833 nientes
2364 2778 2834 2849 Longobardiam,
2867 2779 3061 2834 relicto
3105 2781 3429 2836 marchione
3480 2782 3725 2839 Alberto

2116 2872 2173 2922 et
2200 2867 2401 2922 comite
2430 2869 2647 2922 Bosone
2670 2868 2730 2921 in
2754 2867 3006 2938 partibus
3019 2868 3252 2938 Tusciae,
3286 2887 3481 2925 omnes
3508 2872 3724 2942 princi-

425 2960 628 3017 borum
657 2975 858 3030 regum
887 2957 1073 3013 nuntii
1094 2955 1419 3021 interfuere,
1452 2955 1656 3026 quibus
1681 2960 1738 3009 et
1774 2955 1842 3011 B.
1880 2956 2033 3010 Petri
2058 3025 2087 3032 Δ
2116 2974 2215 3027 pes
2246 2955 2742 3026 Langobardorum
2778 2958 2849 3011 ad
2878 2959 3217 3029 colloquium
3244 2959 3547 3015 invitantes
3568 2963 3723 3032 apud

424 3025 763 3106 auctoritate
788 3049 1132 3118 praeceptum
1175 3048 1262 3097 est
1303 3047 1369 3096 ut
1412 3025 1522 3097 non
1555 3047 1895 3113 pugnarent,
1926 3044 2027 3098 sed
2048 3025 2090 3085 (ἶ
2110 3025 2526 3099 Brixianorium
2554 3045 2730 3100 diviso
2759 3062 2932 3116 regno
2962 3051 3019 3100 et
3038 3025 3358 3103 sacerdotio
3408 3049 3480 3103 ad
3518 3025 3719 3121 regem

421 3137 611 3193 locum
641 3135 934 3205 eligerent,
967 3133 1026 3186 in
1044 3148 1153 3203 quo
1181 3131 1478 3185 ambarum
1504 3130 1750 3201 partium
1781 3130 2026 3202 episcopi

420 3230 653 3299 possent
696 3239 891 3292 secure
926 3221 1242 3285 convenire,
1290 3219 1567 3274 reddituri
1592 3220 1871 3274 rationem
1895 3225 2026 3273 ante

419 3319 630 3370 sanctae
681 3311 938 3368 Ecclesiae.
981 3312 1213 3382 legatos,
1259 3309 1408 3380 quod
1465 3308 1690 3364 salubre
1733 3309 2027 3363 consilium

420 3401 646 3458 diabolo
682 3400 988 3471 instigante
1038 3399 1419 3469 interruptum
1451 3403 1555 3465 est,
1589 3402 1647 3452 et
1673 3398 1879 3452 iterum
1908 3398 2026 3452 acie

417 3495 736 3564 pugnatum
782 3493 884 3557 est,
934 3488 994 3542 in
1032 3504 1143 3559 qua
1180 3487 1360 3541 multa
1407 3485 1586 3539 millia
1622 3486 1916 3540 hominum
1961 3503 2027 3540 ex

417 3586 660 3651 utraque
674 3581 835 3650 parte
861 3576 1192 3642 cecidere,et
1216 3572 1457 3627 maxime
1475 3571 2027 3635 Boemiorum.Quod

418 3673 486 3724 ut
527 3685 685 3741 papae
729 3666 1051 3721 nuntiatum
1098 3668 1186 3718 est
1227 3663 1286 3716 in
1310 3660 1565 3733 proxima
1593 3660 2025 3731 quadragesima

421 3759 572 3823 (nam
597 3757 654 3811 in
676 3755 979 3811 festivitate
1009 3755 1063 3809 S.
1095 3752 1328 3823 Agathae
1351 3749 1456 3804 hoc
1474 3749 1870 3821 gravissimum
1903 3749 2021 3802 bel-

414 3846 535 3901 lum
576 3846 938 3900 commissum
969 3842 1078 3912 est)
1104 3840 1383 3912 synodum
1408 3837 1788 3908 congregavit,
1821 3838 1880 3891 in
1910 3854 2019 3909 qua

413 3935 708 3990 amborum
736 3950 935 4004 regum
966 3929 1147 3985 nuntii
1173 3928 1498 3994 interfuere,
1533 3926 1629 3997 qui
1668 3926 1894 3997 proprio
1922 3944 2018 3980 ore

409 4026 672 4095 juravere
708 4022 1006 4078 concilium
1052 4035 1166 4073 non
1201 4018 1368 4088 culpa
1402 4016 1759 4070 dominorum
1783 4032 2017 4070 suorum

414 4114 834 4184 interruptum;
867 4110 965 4165 sed
994 4109 1119 4180 quis
1148 4123 1343 4162 eorum
1384 4105 1553 4160 fuerit
1576 4104 1853 4176 perjurus,
1886 4105 2019 4175 quia

413 4217 530 4256 non
561 4200 698 4255 satis
729 4203 983 4270 apparet,
1024 4196 1210 4250 dicere
1255 4193 1474 4249 omitto.
1509 4192 1618 4246 Sed
1650 4191 1784 4262 quid
1812 4191 2017 4261 plura?

415 4293 747 4349 venerabilis
765 4291 1013 4363 pontifex
1030 4288 1321 4358 religiosos
1334 4286 1621 4357 episcopos
1634 4286 1784 4339 ultra
1797 4289 2015 4339 montes

2109 3138 2457 3189 remearunt.

2182 3222 2407 3276 Interea
2425 3221 2757 3276 venerabilis
2773 3223 3021 3294 pontifex
3041 3230 3170 3295 post
3200 3225 3574 3281 Pentecosten
3589 3244 3720 3282 cum

2111 3310 2355 3365 Roberto
2377 3312 2841 3366 Marmannorum
2870 3312 3010 3367 duce
3038 3313 3180 3367 citra
3201 3315 3487 3384 Aquinum
3515 3315 3720 3370 habuit

2114 3398 2380 3471 [subaudi
2407 3400 2767 3469 colloquium,
2800 3402 2965 3471 etc.],
3000 3418 3241 3473 eumque
3283 3403 3353 3456 ab
3399 3420 3719 3459 excommu-

2108 3487 2389 3542 nicatione
2438 3487 2693 3557 absolvit,
2737 3489 2833 3559 qui
2882 3490 3006 3559 ejus
3044 3491 3303 3560 proprius
3334 3490 3512 3546 factus
3550 3493 3718 3547 miles

2108 3592 2334 3631 omnem
2383 3575 2596 3647 Apuliae
2636 3581 2693 3630 et
2732 3575 3003 3631 Calabriae
3034 3577 3105 3631 ab
3143 3595 3208 3632 eo
3233 3579 3481 3650 suscepit
3507 3580 3716 3651 princi-

2108 3669 2324 3736 patum.

2175 3754 2317 3807 Cum
2346 3753 2464 3807 haec
2474 3759 2828 3823 gererentur,
2848 3754 3347 3825 Langobardorum
3376 3758 3627 3831 episcopi
3655 3765 3715 3815 et

2103 3840 2383 3911 principes
2410 3842 2559 3912 apud
2590 3842 3005 3898 Brixianorium
3031 3845 3402 3912 conveniunt;
3435 3848 3587 3902 haud
3617 3866 3710 3903 se-

2097 3928 2263 3999 gnius
2311 3929 2389 3983 ibi
2434 3946 2531 3983 rex
2557 3932 2801 3985 occurrit
2825 3948 2954 3986 cum
2977 3934 3090 3987 suis
3120 3934 3392 4005 episcopis
3423 3953 3487 3990 ac
3516 3938 3713 3992 Ultra-

2098 4018 2381 4072 montanis
2404 4018 2869 4089 principibus,ubi
2886 4022 3297 4077 communicato
3317 4025 3565 4094 pessimo
3583 4043 3715 4080 con-

2098 4106 2224 4160 silio
2252 4106 2481 4177 eligitur
2510 4107 2814 4163 Guibertus
2860 4108 2921 4163 in
2957 4108 3275 4165 Romanum
3311 4112 3636 4183 pontiﬁcem
3676 4132 3712 4169 a

2097 4194 2504 4263 consimilibus,
2562 4198 2717 4252 nullo
2766 4195 2843 4251 ibi
2905 4199 3158 4254 Romano
3215 4205 3447 4256 astante
3501 4203 3704 4258 clerico

2097 4284 2182 4337 vel
2213 4284 2375 4351 laico,
2407 4284 2740 4355 praesidente
2787 4274 3052 4343 Romana:
3092 4289 3372 4343 cathedra
3399 4289 3709 4345 venerabili

414 4383 644 4438 mittere
667 4381 986 4443 destinavit,
1012 4379 1108 4450 qui
1132 4377 1358 4449 regibus
1380 4376 1875 4435 interdicerent,ut
1902 4390 2013 4429 non
2031 4401 2079 4459 D
2097 4389 2242 4444 papa
2272 4373 2560 4444 Gregorio,
2590 4375 2686 4445 qui
2719 4375 2840 4445 jam
2870 4393 2972 4447 per
3000 4376 3447 4448 quinquennium
3477 4379 3537 4432 in
3566 4397 3707 4451 pace

415 4475 756 4543 pugnarent,
791 4473 847 4523 et
863 4469 1148 4540 episcopos
1168 4467 1240 4521 ad
1265 4465 1561 4520 concilium
1580 4469 1841 4518 vocarent
1865 4481 1878 4528 ;
1910 4463 2016 4517 Pe-
2098 4461 2473 4516 universalem
2485 4469 2708 4518 rexerat
2724 4462 3045 4519 Ecclesiam.
3078 4466 3240 4530 Quod
3267 4466 3479 4521 factum
3507 4467 3708 4523 diabo-

412 4564 567 4614 trum
597 4557 809 4613 scilicet
826 4557 1149 4629 episcopum
1178 4554 1561 4609 Albanensem
1583 4552 1763 4606 virum
1791 4551 2017 4623 religio-

414 4646 719 4713 sissimum,
749 4644 845 4717 qui
885 4649 1016 4698 ante
1061 4642 1446 4714 episcopatum
1484 4638 1830 4711 temporibus
1860 4656 2017 4711 papae

411 4734 716 4790 Alexandri
754 4750 821 4789 ex
847 4737 1122 4805 praecepto
1142 4730 1360 4785 abbatis
1380 4728 1467 4784 sui
1490 4734 1685 4783 contra
1712 4729 2007 4800 Symonia—

412 4838 534 4879 cam
562 4839 664 4895 per
691 4821 907 4877 medios
936 4822 1095 4892 ignes
1124 4818 1382 4873 transivit
1404 4818 1611 4871 illaesus
1644 4816 1772 4886 (51),
1806 4823 1863 4871 et
1889 4817 2008 4872 Ou—

409 4913 685 4967 dalricum
730 4910 1063 4966 Paduanum
1098 4907 1422 4979 episcopum
1466 4905 1650 4960 virum
1693 4906 1855 4960 valde
1897 4906 2008 4961 elo-

409 5000 844 5073 quentissimum
872 5004 931 5053 et
958 4996 1221 5071 Heinrico
1256 4995 1377 5065 regi
1423 4994 1559 5049 satis
1595 4994 2003 5062 ﬁdelissimum,

411 5096 470 5146 et
496 5089 916 5161 Aquileiensem
933 5085 1439 5158 patriarcham,qui
1452 5084 1621 5154 Alpes
1647 5089 2006 5139 transeuntes

406 5195 600 5251 regem
624 5179 685 5233 in
712 5176 979 5247 Bajoaria
997 5173 1307 5241 inveniunt,
1335 5173 1433 5227 sed
1453 5189 1635 5244 neque
1649 5173 2006 5244 supplicatio-

404 5268 571 5323 nibus
591 5283 774 5339 neque
793 5264 1054 5337 precibus
1070 5279 1252 5334 neque
1270 5261 1461 5333 aliqua
1483 5262 1678 5333 quavis
1702 5262 2006 5316 calliditate

402 5360 714 5427 potuerunt
736 5355 975 5423 efﬁcere,
1015 5358 1081 5408 ut
1106 5352 1383 5425 synodum
1415 5356 1704 5423 pateretur
1725 5367 1822 5404 rex
1852 5349 2006 5406 Hen-

402 5444 553 5502 ricus
579 5445 638 5501 in
688 5461 789 5500 suo
826 5461 923 5500 eos
969 5458 1144 5515 regno
1196 5441 1499 5509 celebrare,
1558 5439 1619 5495 ni
1663 5439 2004 5495 Ruodulfum

395 5592 407 5638 ι
475 5568 586 5641 (51)
616 5570 777 5627 Unde
802 5574 861 5628 et
884 5571 1087 5632 Petrus
1102 5570 1309 5641 Igneus
1339 5567 1541 5627 dictus.

2097 4551 2267 4605 licum
2297 4567 2411 4604 non
2427 4550 2780 4606 estauditum
2809 4569 2844 4606 a
2871 4553 2982 4621 die,
3012 4570 3123 4624 qua
3148 4559 3345 4625 gentes
3374 4571 3495 4610 esse
3517 4573 3705 4628 ccepe-

2096 4645 2434 4711 runt,usque
2453 4640 2524 4694 ad
2549 4640 2697 4695 diem
2718 4641 2881 4709 hanc,
2902 4647 2959 4696 et
2981 4642 3115 4713 quia
3137 4648 3428 4713 peccatum
3458 4644 3707 4716 plerum-

2090 4745 2198 4799 que
2219 4733 2304 4783 est
2335 4746 2505 4799 poena
2531 4730 2746 4801 peccati
2784 4747 2849 4784 ex
2878 4731 3067 4785 radice
3088 4731 3385 4802 superbiae,
3423 4749 3489 4787 ex
3509 4735 3705 4805 perju-

2088 4817 2172 4871 rio
2224 4818 2478 4888 pervenit
2519 4818 2590 4872 ad
2630 4817 3091 4889 inobedientiam,
3123 4837 3224 4891 per
3251 4819 3698 4877 inobedientiam

2089 4905 2393 4960 Guibertus
2422 4906 2623 4961 cecidit
2649 4907 2711 4960 in
2747 4907 3402 4976 excommunicationem,
3448 4926 3549 4980 per
3600 4927 3703 4964 ex-

2088 4995 2653 5050 communicationem
2680 4997 2937 5068 pervenit
2960 4997 3032 5052 ad
3057 4997 3461 5052 idololatriam.

2159 5083 2321 5139 Hunc
2346 5086 2517 5139 talem
2547 5090 2612 5140 ut
2635 5085 2894 5157 superius
2933 5085 3250 5146 retulimus.
3298 5086 3453 5140 nullo
3482 5086 3696 5142 Roma-

2086 5187 2289 5227 norum
2341 5173 2671 5228 clericorum
2709 5179 2767 5228 et
2819 5174 3092 5228 laicorum
3148 5173 3227 5228 ibi
3271 5179 3551 5245 praesente
3599 5176 3687 5230 vel

2087 5262 2468 5318 consentiente
2488 5267 2715 5334 excepto
2745 5261 2984 5333 Hugone
3013 5262 3269 5328 candido,
3305 5260 3402 5334 qui
3446 5264 3691 5335 peccatis

2087 5350 2203 5405 suis
2230 5351 2578 5422 exigentibus
2604 5353 2675 5406 ab
2704 5352 2950 5407 Ecclesia
2992 5353 3111 5423 jam
3141 5351 3238 5410 diu
3281 5351 3468 5407 fuerat
3490 5369 3688 5425 seque-

2084 5444 2314 5507 stratus,
2361 5440 2530 5510 elegit
2577 5439 2684 5495 sibi
2735 5456 2833 5496 rex
2889 5440 3186 5496 Heinricus
3232 5439 3293 5495 in
3334 5441 3682 5512 pontiﬁcem,

3693 5653 3715 5683 ς
