3964 6368
224 411 339 469 849

1291 419 1505 474 LIBER
1542 418 1637 475 AD
1675 420 1985 480 AMICUM.
2028 453 2092 467 --
2131 423 2269 479 LIB.
2309 424 2405 479 IX.

3403 426 3510 484 850

227 544 286 593 et
317 537 453 593 huic
482 538 755 594 suadente
780 540 1048 612 Dionysio
1097 542 1425 598 Placentino
1455 545 1710 616 episcopo
1740 551 1900 608 oreA
1918 547 2164 603 ﬁliorum
2201 549 2347 602 male
2376 548 2673 619 cogitabat.
2700 550 2969 620 Sequenti
3002 566 3131 606 vero
3159 550 3364 619 hieme,
3396 554 3507 609 ite-

223 627 458 698 proprio
480 628 712 698 juravit,
754 628 824 683 ab
868 644 934 683 eo
970 647 1231 686 coronam
1264 632 1614 703 imperialem
1644 652 1835 689 susce-

221 720 479 788 pturum.
517 717 663 781 Quid
691 718 857 789 plura
880 738 892 773 :
918 719 1000 773 ita
1028 736 1221 775 omnes
1248 726 1437 776 mente
1457 723 1645 777 cacati
1676 728 1827 790 sunt,

218 809 287 858 ut
323 820 441 859 non
486 805 828 877 respicerent
884 807 1082 863 faciem
1111 814 1297 877 terra,
1332 815 1390 865 et
1416 811 1549 881 quia
1576 813 1831 883 procula

217 891 479 947 Romana
506 894 649 949 urbe
695 899 881 951 castra
907 897 1106 952 metati
1135 903 1315 966 erant,
1337 900 1478 970 proh
1505 900 1683 966 dolor,
1711 917 1829 954 om-

217 996 344 1049 nes,
373 983 472 1053 qui
505 982 584 1037 ibi
612 984 870 1053 aderant,
893 992 950 1040 et
973 987 1523 1058 pseudoprophetam
1554 989 1827 1044 adorave-

218 1086 283 1124 re
308 1071 497 1141 proni,
521 1077 579 1127 et
608 1078 885 1145 quotquot
914 1075 1287 1131 adoraverunt
1326 1094 1362 1131 a
1402 1081 1600 1132 matris
1644 1079 1827 1133 Eccle-

215 1167 313 1222 sia
338 1168 468 1223 sinu
495 1170 662 1240 longe
690 1171 1026 1229 ceciderunt.

288 1256 587 1312 Celebrata
629 1258 806 1328 igitur
856 1261 1050 1315 taliter
1094 1262 1477 1333 apostolorum
1505 1263 1823 1335 principum

212 1344 541 1413 festivitate,
572 1363 671 1401 rex
706 1349 853 1402 tanti
883 1348 1162 1420 pontificis
1210 1356 1407 1407 auctus
1435 1350 1821 1407 benedictione

210 1434 488 1489 remeavit
514 1436 585 1489 ad
609 1437 874 1507 pr0pria;
908 1436 1219 1493 Guibertus
1244 1455 1371 1493 vero
1387 1456 1514 1494 cum
1535 1441 1651 1495 suis
1669 1458 1815 1495 com-

207 1522 453 1594 plicibus
481 1524 703 1596 papalia
729 1542 917 1581 secum
949 1527 1205 1581 deferens
1220 1528 1554 1583 indumenta
1582 1529 1816 1584 intravit

208 1611 458 1668 Italiam.
507 1614 616 1668 Sed
646 1615 780 1685 quia
832 1616 1064 1671 consilia
1109 1617 1335 1671 Domini
1371 1617 1606 1689 abyssus
1635 1619 1813 1674 multa

208 1702 375 1765 (Psal.
402 1719 563 1761 xxxv,
587 1703 640 1771 7)
664 1703 934 1757 ineffabili
946 1705 1046 1759 Dei
1070 1705 1421 1776 providentia
1453 1723 1565 1761 non
1595 1708 1816 1778 ﬂagella

205 1788 437 1844 Domini
463 1792 769 1846 secundum
793 1793 940 1863 quod
962 1793 1197 1848 meritus
1215 1799 1354 1860 erat,
1379 1796 1625 1867 suscepit
1647 1797 1815 1850 Hein-

1913 650 2041 688 rum
2059 652 2156 689 rex
2172 637 2364 691 Roma
2392 653 2649 692 reversus
2677 643 2782 704 est,
2810 644 2867 692 et
2880 643 3175 709 postquam
3193 656 3510 697 sacramen-

1910 725 1984 778 tis
2003 724 2148 779 datis
2178 726 2465 780 firmatum
2490 731 2576 781 est
2602 743 2796 781 omnes
2832 727 3124 797 religiosos
3155 744 3221 782 ex
3254 745 3507 801 quocun-

1911 829 2019 884 que
2067 829 2243 883 regno
2293 815 2543 869 volentes
2580 815 2819 869 Romam
2850 815 3030 889 visere
3061 816 3249 871 venire
3277 834 3525 882 securos,

1908 906 2035 970 post
2063 903 2380 973 captionem
2409 903 2684 958 Ostiensis
2718 904 2963 975 episcopi
3002 904 3355 977 aliorumque
3378 908 3507 962 reli-

1906 990 2194 1060 giosorum
2222 992 2626 1046 monachorum
2656 998 2713 1047 et
2764 993 3115 1060 clericorum,
3147 994 3343 1050 videns
3380 1012 3441 1051 se
3468 1013 3504 1050 a

1908 1078 2263 1134 Cluniacensi
2300 1078 2600 1135 abbate'et
2646 1078 2718 1134 ab
2753 1080 3013 1136 omnibus
3050 1082 3325 1154 episcopis
3381 1088 3500 1140 tam

1905 1166 2120 1221 clericis
2151 1184 2320 1239 quam
2375 1169 2663 1224 monachis
2718 1169 2917 1224 haberi
2952 1172 3501 1229 excommunicatum

1904 1256 1976 1309 ad
2013 1256 2214 1311 callida
2243 1274 2372 1311 mox
2400 1274 2461 1311 se
2492 1259 2766 1313 convertit
2777 1263 3137 1330 argumenta;
3166 1276 3300 1315 nam
3320 1266 3386 1316 ut
3404 1279 3500 1334 po-

1902 1344 2157 1415 pularem
2203 1351 2456 1418 captaret
2505 1346 2770 1413 favorem,
2819 1348 2960 1403 dixit
3011 1365 3072 1403 se
3115 1366 3149 1403 a
3189 1349 3498 1406 venerabili

1900 1432 2172 1503 Gregorio
2198 1451 2462 1489 coronam
2498 1436 2639 1489 velle
2667 1436 2919 1507 accipere
2939 1437 3310 1508 imperialem,
3344 1440 3497 1510 quod

1896 1526 1960 1574 ut
1988 1523 2227 1593 populus
2274 1523 2487 1578 audivit
2510 1524 2818 1595 (Romanus
2848 1541 2961 1579 non
3003 1526 3186 1581 solum
3215 1526 3362 1595 laici,
3395 1528 3496 1584 sed

1897 1615 1952 1663 et
1981 1611 2250 1682 religiosi,
2285 1613 2383 1683 qui
2408 1613 2761 1684 videbantur,
2788 1619 2907 1667 tam
2931 1614 3177 1686 episcopi
3205 1633 3374 1687 quam
3388 1617 3496 1672 cle-

1898 1699 2018 1765 rici,
2044 1700 2294 1769 abbates,
2329 1703 2586 1756 monachi
2633 1709 2925 1775 coeperunt
2960 1704 3289 1775 suppliciter
3315 1705 3496 1778 lacry-

1896 1788 2005 1841 mis
2041 1787 2219 1843 fusius
2264 1806 2426 1845 orare
2453 1797 2519 1845 ut
2545 1792 2741 1863 patria
2785 1792 2902 1847 fere
2931 1794 3161 1864 perdita
3196 1794 3494 1850 miserere-

201 1877 359 1933 ricus
379 1895 719 1945 successum,
753 1881 848 1951 qui
880 1880 1215 1935 mirabiliter
1266 1883 1501 1938 adderet
1545 1885 1809 1954 nequitia
1824 1906 1870 1964 Β
1892 1880 2007 1931 ΐιινο
2033 1878 2384 1933 Venerabilis
2408 1896 2537 1933 vero
2567 1881 2833 1951 Pontifex:
2856 1883 2952 1952 qui
2967 1899 3069 1953 PFO
3088 1882 3323 1938 veritate
3347 1885 3493 1938 mori

201 1982 321 2021 sua
340 1968 682 2038 superbiam.
704 1969 848 2022 Nam
863 1985 976 2023 non
995 1970 1162 2040 longo
1176 1975 1302 2041 post
1317 1976 1567 2042 tempore
1582 1973 1813 2028 intravit
1891 1971 2123 2035 paratus
2152 1972 2294 2034 erat,
2328 1969 2551 2039 negavit
2573 1986 2632 2023 se
2654 1970 2882 2023 omnino
2903 1970 3204 2038 facturum,
3239 1973 3299 2026 ni
3331 1974 3492 2044 prius

202 2054 506 2110 Saxoniam
538 2056 597 2109 in
622 2061 918 2127 potentatu
947 2075 1154 2128 magno
1175 2064 1233 2113 et
1256 2076 1429 2114 manu
1449 2061 1694 2128 robusta,
1716 2064 1808 2117 cui
1890 2053 1961 2107 de
2022 2057 2591 2111 excommunicatione
2641 2057 2863 2129 publice
2915 2059 3297 2129 satisfaceret;
3340 2063 3492 2132 quod

200 2159 271 2198 ex
330 2145 564 2199 adverso
611 2145 855 2199 occurrit
908 2145 1187 2201 Rudolfus
1245 2153 1302 2202 et
1348 2149 1621 2204 acerrimo
1662 2151 1791 2206 bellc

1888 2158 2017 2196 cum
2068 2160 2165 2198 rex
2185 2146 2526 2200 conscientia
2554 2152 2853 2201 accusante
2880 2146 3061 2202 facere
3090 2147 3389 2217 renuisset,
3431 2155 3490 2205 et

197 2233 505 2287 commisso
543 2232 845 2289 Heinricus
883 2237 1127 2306 turpiter
1175 2241 1337 2306 terga
1373 2239 1556 2304 vertit,
1592 2239 1650 2292 in
1695 2257 1805 2311 quo
1886 2248 1988 2302 per
2010 2233 2217 2288 multos
2246 2235 2364 2289 dies
2395 2251 2428 2288 a
2458 2236 2729 2291 Romanis
2770 2236 3104 2290 venerabilis
3127 2238 3375 2308 pontifex
3392 2255 3488 2293 ro-

195 2320 395 2391 pralio
440 2322 615 2376 victor
650 2322 923 2377 Rudolf'us
951 2324 1229 2378 occubuit.
1279 2326 1396 2380 Nec
1422 2327 1569 2381 sicut
1630 2327 1813 2383 solent
1891 2328 2142 2392 garetul‘,
2173 2328 2238 2377 ut
2257 2340 2446 2393 regem
2479 2325 2807 2395 susciperet,
2844 2330 2901 2379 et
2921 2326 3019 2379 ille
3048 2326 3115 2379 ad
3144 2343 3340 2381 omnes
3362 2344 3488 2399 pre-

195 2410 348 2463 mori
376 2410 585 2481 ignavi,
612 2415 870 2467 mortuus
899 2422 987 2467 est
1010 2413 1303 2482 Rudolfus,
1328 2432 1441 2469 non
1472 2416 1692 2485 fugiens
1723 2420 1807 2472 vel
1892 2426 1982 2463 ces
2016 2411 2608 2481 manerctimmobilis,
2630 2413 2902 2484 paulatim
2924 2414 3093 2485 capit
3111 2416 3376 2486 prafatus
3387 2432 3485 2471 rex

194 2498 438 2554 latibula
468 2516 724 2570 quarens
738 2502 971 2567 occisus,
1006 2503 1103 2556 sed
1116 2519 1285 2573 super
1300 2509 1516 2574 strages
1541 2504 1800 2560 inimico-
1888 2499 2038 2567 vulgi
2066 2499 2170 2552 Sibi
2191 2500 2437 2554 favorem
2460 2502 2767 2572 θοίὶυίΐθΐθ,
2789 2518 3028 2573 cumque
3043 2504 3284 2574 Pecunia
3298 2508 3356 2558 εἴ
3373 2509 3485 2558 εει·-

194 2603 328 2641 rum
356 2593 413 2641 et
436 2604 607 2660 super
636 2590 907 2644 cadavera
936 2596 1289 2647 mortuorum
1318 2593 1576 2663 plagatus
1624 2611 1659 2647 a
1683 2594 1798 2649 suis

192 2674 458 2731 inventus
477 2682 595 2745 est;
621 2679 779 2748 cujus
826 2695 979 2733 mors
1024 2679 1285 2734 Heinrico
1317 2686 1445 2751 post
1467 2695 1566 2735 VIII
1589 2682 1710 2736 dies
1737 2683 1799 2736 in

195 2765 443 2836 quodam
504 2771 689 2821 castro
742 2767 990 2822 latitanti
1018 2773 1075 2822 et
1095 2768 1164 2822 de
1192 2768 1325 2839 fuga
1363 2770 1633 2840 cogitanti
1656 2788 1797 2827 nun-

192 2854 338 2908 tiata
357 2859 465 2919 est,
498 2854 618 2926 qui,
649 2871 778 2909 mox
805 2857 1078 2911 extollens
1101 2857 1160 2910 in
1188 2859 1367 2912 altum
1410 2876 1584 2914 cornu
1630 2878 1795 2916 suum

190 2948 252 2995 et
282 2943 520 3013 loquens
566 2943 839 2998 adversus
885 2945 1190 2999 Dominum
1240 2946 1569 3017 iniquitates
1627 2951 1792 3007 (Psal.

190 3045 376 3095 LXXIV,
402 3030 476 3100 6),
500 3047 616 3085 non
644 3048 1051 3101 recognoscens
1083 3034 1305 3088 Satana
1324 3036 1658 3091 calliditates
1678 3054 1795 3091 cre-

189 3119 335 3174 didit
362 3120 479 3174 Dco
509 3137 674 3175 suum
717 3122 991 3192 placuisse
1034 3129 1344 3194 peccatum.
1395 3125 1530 3179 Post
1585 3143 1792 3196 paucos

191 3225 326 3263 vero
350 3208 469 3263 dies
500 3215 798 3281 postquam
824 3211 941 3265 hac
960 3218 1120 3281 gesta
1148 3218 1299 3280 sunt,
1334 3215 1455 3283 ejus
1486 3215 1633 3268 filius
1663 3232 1790 3269 cum

188 3299 439 3353 exercitu
463 3299 941 3353 excellentissima
991 3299 1282 3355 Mathildis
1333 3304 1603 3373 pugnavit
1633 3310 1689 3358 et
1712 3305 1793 3358 vi-

186 3387 427 3441 ctoriam
458 3387 718 3441 obtinuit.
761 3389 862 3442 His
892 3390 1073 3443 elatus
1097 3391 1445 3445 successibus
1484 3392 1788 3463 derepente

186 3476 413 3530 Italiam
442 3475 689 3543 intravit,
727 3482 783 3530 et
811 3482 938 3547 post
966 3479 1173 3548 pascha
1200 3480 1408 3533 ducens
1438 3498 1629 3535 secum
1660 3482 1784 3536 bes-

183 3565 325 3618 tiam
372 3565 607 3619 Romam
659 3566 861 3631 tendit,
894 3572 963 3619 .et
991 3567 1050 3619 in
1077 3567 1267 3637 vigilia
1324 3569 1680 3624 Pentecostcs
1728 3572 1786 3624 in

183 3654 356 3708 Prato
386 3654 627 3708 Neronis
656 3660 839 3708 castra
870 3661 1115 3709 metatus
1136 3662 1246 3711 est.
1276 3658 1383 3710 Sed
1414 3674 1446 3711 o
1472 3659 1640 3726 Deus,
1659 3661 1786 3729 quis

182 3758 299 3797 non
333 3747 621 3797 tantorum
666 3742 1009 3813 prudentum
1059 3744 1305 3799 virorum
1360 3752 1546 3817 potest
1590 3748 1784 3803 mirari

182 3833 524 3887 amentiam!
561 3834 704 3887 Nam
763 3833 868 3887 etsi
922 3833 1127 3887 mentis
1169 3835 1357 3888 oculos
1398 3836 1776 3906 perdiderant,

180 3938 489 3992 corporeos
531 3926 725 3975 tamen
753 3938 866 3976 non
908 3922 1235 3977 amiserant.
1266 3925 1468 3977 Annon
1500 3925 1777 3992 videbant,

181 4011 311 4082 quis
339 4011 411 4064 ab
443 4010 523 4064 eis
547 4010 874 4077 ducebatur,
918 4028 1087 4082 quam
1117 4028 1152 4065 a
1178 4013 1444 4067 Romanis
1474 4013 1778 4068 honoriﬁce

179 4099 612 4170 suscipiebatur,
630 4115 762 4153 nam
775 4116 1001 4153 cernere
1019 4104 1142 4154 erat
1157 4117 1257 4171 pro
1274 4102 1449 4155 cereis
1461 4102 1701 4168 lanceas,
1722 4108 1778 4157 et

175 4206 282 4262 pro
293 4188 626 4243 clericorum
643 4188 827 4242 choris
844 4193 1106 4255 armatos,
1124 4206 1225 4260 pro
1243 4190 1500 4245 laudibus
1513 4192 1771 4259 convitia,

169 4296 274 4352 pro
304 4277 590 4350 plausibus
618 4278 888 4331 ululatus.
930 4278 1077 4341 Quid
1105 4278 1308 4349 plura?
1346 4285 1473 4351 post
1505 4296 1771 4349 agrorum

169 4368 544 4423 vastationem
572 4372 629 4420 et
655 4367 834 4420 multa
854 4371 912 4420 ct
926 4367 1078 4420 varia
1092 4366 1409 4434 homicidia,
1435 4374 1563 4439 post
1590 4370 1772 4423 varias

164 4458 352 4512 clades
382 4462 439 4509 et
468 4456 742 4521 miserias,
764 4471 903 4526 quas
924 4456 1160 4509 Romani
1182 4457 1434 4510 nolentes
1456 4458 1773 4529 pseudopa—

1882 2602 2009 2640 rore
2036 2592 2093 2641 et
2120 2588 2172 2641 vi
2198 2605 2393 2643 omnes
2412 2590 2530 2643 fere
2552 2589 2659 2643 sibi
2680 2591 3066 2661 acquisivisset
3083 2592 3385 2660 Romanos,
3412 2592 3482 2647 de

1880 2673 2209 2730 fortitudine
2238 2677 2569 2732 venerabilis
2599 2678 2855 2749 Gregorii
2883 2680 3187 2751 desperans
3207 2682 3279 2735 ad
3308 2681 3481 2737 dede-

1878 2780 1978 2818 cus
2007 2769 2065 2817 et
2081 2765 2373 2820 infamiam
2399 2767 2574 2821 totius
2605 2767 2863 2822 Ecclesia
2885 2768 3220 2823 Guibertum
3257 2770 3318 2823 in
3345 2770 3481 2825 sede

1880 2853 1937 2906 S.
1968 2853 2121 2907 Petri
2142 2854 2405 2909 ordinare
2431 2856 2740 2923 constituit,
2759 2861 2815 2910 et
2825 2873 2953 2911 cum
2972 2873 3085 2911 non
3104 2857 3338 2912 haberet
3356 2859 3479 2929 epi-

1880 2957 2076 3012 sc0pos
2102 2943 2415 2997 cardinales
2435 2945 2752 2999 sacerdotes
2773 2950 2979 2999 sancta
3000 2944 3270 3001 Romana
3283 2946 3475 3001 Eccle-

1877 3029 1973 3083 sia
2003 3046 2107 3084 nec
2125 3031 2320 3085 levitas
2366 3049 2469 3087 nec
2495 3033 2987 3104 comprovinciales
3013 3034 3319 3106 episcopos,
3354 3036 3475 3107 qui-

1874 3118 1977 3172 bus
2000 3136 2121 3174 mos
2150 3126 2236 3175 est
2254 3138 2457 3192 papam
2478 3122 3046 3190 inthronizare,nemo
3059 3124 3210 3178 enim
3231 3140 3297 3179 ex
3312 3129 3472 3179 tanto

1874 3224 2131 3275 numero,
2166 3209 2276 3263 nisi
2302 3209 2397 3280 qui
2422 3227 2456 3263 a
2482 3211 2591 3264 fide
2619 3212 2940 3267 exulaverat
2966 3228 3096 3267 cum
3146 3230 3213 3267 eo
3264 3213 3465 3283 fuerat,

1872 3303 2040 3351 antea
2070 3298 2221 3351 enim
2252 3299 2570 3353 maluerant
2596 3301 2839 3372 propriis
2862 3301 3085 3356 sedibus
3113 3318 3326 3370 carere,
3350 3303 3471 3357 etsi

1870 3391 2155 3456 oporteret
2182 3386 2441 3442 omnibus
2466 3388 2735 3443 membris
2763 3389 3044 3444 debilitari
3070 3407 3241 3462 quam
3289 3390 3470 3463 parti-

1869 3474 2019 3544 cipes
2047 3475 2169 3529 fieri
2188 3475 2679 3546 coinquinationis.
2732 3480 2782 3531 A
2833 3479 3099 3534 Mutiensi
3137 3480 3395 3551 episcopo
3411 3486 3469 3535 et

1868 3579 1902 3617 a
1920 3564 2266 3618 Bononiensi
2297 3570 2354 3618 et
2381 3566 2714 3620 Aeveniensi
2748 3568 2862 3636 (sic)
2893 3568 2954 3621 in
2972 3569 3105 3623 sede
3133 3567 3284 3624 beati
3310 3569 3466 3624 Petri

1865 3651 2277 3707 inthronizatus
2331 3658 2436 3720 est,
2498 3655 2647 3725 quod
2688 3656 3025 3726 phantasma
3052 3674 3086 3712 a
3115 3658 3318 3712 saeculo
3349 3674 3465 3712 non

1866 3746 1953 3795 est
2012 3743 2291 3796 auditum.
2340 3743 2554 3797 Dehinc
2583 3743 2641 3797 in
2669 3744 2885 3799 Pascha
2918 3762 2953 3799 a
2987 3746 3090 3799 tali
3126 3745 3465 3801 benedictio-

1864 3845 1995 3882 nem
2023 3829 2377 3900 imperialem
2403 3832 2634 3902 accepit,
2681 3833 2871 3903 sicque
2901 3832 3180 3888 civitatem
3229 3835 3462 3889 intravit

1862 3918 2069 3972 ducens
2098 3935 2289 3973 secum
2316 3919 2633 3973 triformem
2660 3921 2983 3989 chimeram,
3018 3927 3077 3975 et
3121 3922 3192 3976 ad
3219 3922 3457 3977 Latera-

1860 4023 2032 4061 nensc
2061 4024 2240 4078 usque
2269 4007 2521 4078 pervenit
2546 4009 2839 4079 palatium.

1928 4095 2275 4149 Venerabilis
2316 4111 2444 4148 vero
2491 4095 2796 4165 Gregorius
2842 4106 2907 4151 ut
2958 4098 3217 4168 cognovit
3261 4101 3455 4171 populi

1855 4183 2288 4254 trepidationem
2304 4183 2425 4251 jam
2454 4183 2667 4238 dudum
2696 4185 2755 4237 in
2786 4201 2913 4239 arce
2943 4186 3006 4243 S.
3044 4187 3244 4258 Angeli
3281 4204 3341 4242 se
3366 4188 3455 4243 lo-

1856 4277 2096 4338 caverat,
2122 4272 2193 4325 ad
2212 4273 2372 4342 cujus
2392 4270 2737 4327 obsidionem
2782 4290 2880 4329 rex
2929 4292 3123 4331 omnes
3169 4277 3452 4333 Romanos

1854 4362 2110 4415 armavit.
2135 4359 2263 4430 Ipse
2293 4376 2424 4414 vero
2453 4360 2816 4417 dissimulans
2847 4363 3138 4419 fortissimi
3159 4365 3318 4421 ducis
3336 4367 3452 4421 Ro-

1853 4450 1999 4504 berti
2019 4450 2321 4503 adventum
2351 4449 2588 4517 nescire,
2620 4452 2924 4522 capitolina
2951 4454 3117 4509 domo
3137 4456 3447 4522 destructa,

166 4564 302 4618 pam
330 4545 613 4616 suscipere
644 4544 894 4615 perpessi
918 4549 1076 4611 sunt;
1113 4562 1240 4599 cum
1263 4547 1459 4600 eodem
1489 4563 1587 4600 rex
1617 4536 1831 4601 Lon-D
1849 4540 1920 4594 ad
1950 4540 2239 4594 ecclesiam
2287 4541 2344 4596 S.
2396 4539 2552 4594 Petri
2578 4557 2706 4595 cum
2735 4542 3005 4597 Guiberto
3031 4544 3281 4611 veniens,
3316 4544 3452 4598 civi-

164 4634 495 4707 gobardiam
523 4633 728 4687 infecto
760 4634 986 4701 negotio
1016 4633 1200 4688 rediit.

238 4720 511 4791 Sequenti
541 4736 669 4772 vero
704 4719 889 4772 hieme
918 4719 1127 4772 ducens
1173 4735 1361 4772 secum
1413 4719 1766 4789 pestiferum,

164 4810 378 4864 iterum
397 4808 728 4863 Romaniam
759 4807 1008 4876 intravit,
1039 4812 1096 4860 ct
1124 4807 1469 4878 depopulans
1499 4809 1685 4875 urbes,
1710 4816 1768 4863 et

168 4906 357 4954 castra
386 4903 639 4952 evertens
691 4897 763 4949 ad
788 4896 1051 4950 ultimum
1079 4913 1182 4967 per
1205 4913 1370 4950 omne
1400 4898 1764 4968 quadragesi-

167 4988 318 5043 male
335 4993 558 5058 tempus
577 4987 817 5041 Romam
849 4984 1085 5051 obsedit,
1121 4989 1179 5038 et
1205 4990 1332 5056 post
1362 4987 1569 5056 pascha
1617 5002 1771 5041 exer-

168 5077 284 5131 citu
315 5091 416 5147 per
452 5075 704 5129 civitates
735 5080 790 5128 et
814 5074 997 5128 vicina
1021 5080 1207 5128 castra
1245 5075 1494 5146 undique
1525 5076 1764 5130 circum-

170 5166 313 5232 fuso,
348 5164 638 5219 dimittens
667 5164 816 5234 apud
835 5163 1082 5223 Tiberim
1108 5164 1458 5232 Guibertum,
1482 5165 1601 5235 ipse
1622 5166 1773 5220 Lon-

170 5253 499 5325 gobardiam
527 5252 817 5306 remeavit.

241 5342 548 5398 Guibertus
588 5357 720 5395 vero
748 5345 814 5394 ut
838 5340 1087 5394 Alcimus
1137 5342 1240 5411 (ita
1269 5342 1602 5409 membran.)
1634 5344 1772 5396 satis

173 5433 375 5504 agebat
403 5448 504 5503 pro
529 5431 841 5485 sacerdotio
870 5448 991 5499 suo,
1027 5447 1159 5485 nam
1189 5449 1289 5503 per
1317 5449 1482 5486 omne
1512 5432 1772 5487 festivum

172 5528 396 5593 tempus
424 5536 660 5591 magnas
696 5519 1139 5589 depradationes
1187 5525 1245 5573 et
1285 5521 1461 5574 varias
1491 5521 1771 5575 Romano-

171 5628 298 5666 rum
334 5611 540 5665 civium
564 5609 950 5663 truncationcs
984 5608 1241 5676 faciebat,
1306 5610 1506 5663 dehinc
1552 5615 1769 5679 segetes

178 5706 234 5755 et
263 5716 430 5771 agros
448 5699 683 5756 flamma
711 5698 1080 5771 depopulans,
1132 5698 1201 5753 de
1252 5699 1490 5771 penuria
1515 5699 1601 5755 vel
1623 5698 1771 5754 fame

1851 4634 2027 4683 tatem
2066 4632 2121 4685 S.
2153 4632 2327 4700 Petri,
2361 4651 2531 4705 quam
2582 4634 2694 4688 Leo
2741 4633 2817 4687 IV
2860 4649 3006 4704 papa
3055 4633 3444 4699 adificaverat,

1850 4717 2103 4772 funditus
2127 4720 2423 4789 destruxit,
2458 4722 2647 4792 sicque
2671 4722 2792 4775 vale
2814 4721 3022 4775 faciens
3053 4721 3319 4775 Romanis
3335 4738 3453 4777 una

1849 4822 1976 4859 cum
2031 4807 2301 4863 Guiberto
2338 4811 2603 4877 recessit;
2645 4811 2744 4864 sed
2781 4815 3088 4879 antequam
3132 4810 3204 4863 ad
3243 4810 3451 4864 Senam

1847 4896 2093 4950 venisset
2110 4897 2446 4952 fortissimus
2466 4899 2576 4953 dux
2592 4899 2950 4970 Ruodpertus
2968 4898 3206 4952 Romam
3225 4915 3451 4969 aggres-

1850 5001 1964 5053 sus,
1994 5002 2105 5040 non
2135 5003 2236 5057 per
2261 4986 2570 5042 triennium
2600 4992 2667 5041 ut
2694 4987 3008 5055 Heinricus,
3050 4985 3149 5041 sed
3188 4988 3447 5057 sequenti

1853 5072 1963 5142 die,
1989 5092 2102 5146 qua
2130 5076 2302 5143 venit,
2333 5077 2603 5147 perfidam
2631 5075 2914 5131 civitatem
2965 5076 3139 5131 armis
3189 5076 3360 5147 cepit,
3390 5081 3449 5131 et

1854 5179 2056 5233 papam
2078 5164 2147 5218 ab
2166 5164 2740 5231 obsidioneliberavit,
2773 5168 2830 5217 et
2843 5164 2961 5218 fere
2990 5180 3186 5218 omnes
3212 5163 3453 5219 civitatis

1852 5252 2116 5309 Romana
2130 5255 2385 5325 regiones
2403 5254 2578 5309 victor
2590 5254 2738 5309 ferro
2759 5254 3158 5324 ﬂammamque
3176 5253 3443 5324 possedit.

1854 5340 2068 5397 Dehinc
2095 5345 2243 5415 apud
2269 5345 2649 5399 Lateranensc
2690 5342 2967 5415 palatium
2992 5342 3304 5414 permultos
3331 5342 3453 5397 dies

1854 5432 2063 5501 degens
2081 5434 2260 5487 multa
2282 5434 2458 5487 millia
2486 5434 2870 5487 Romanorum
2888 5431 3139 5486 vendidit
3151 5435 3216 5485 ut
3231 5431 3454 5487 Judaos

1856 5522 2130 5590 quosdam
2166 5538 2295 5574 vero
2327 5522 2573 5591 captivos
2598 5521 2757 5574 duxit
2786 5537 2963 5591 usque
3008 5519 3348 5588 Calabriam,
3396 5527 3455 5575 et

1852 5609 1953 5661 tali
1982 5626 2147 5679 pana
2172 5609 2503 5679 dignierant
2520 5610 2768 5676 multari,
2815 5609 2909 5680 qui
2932 5608 3003 5663 ad
3025 5608 3453 5664 similitudinem

1851 5695 2177 5754 Judaorum
2207 5704 2494 5770 pastorem
2511 5715 2675 5754 suum
2687 5698 3062 5757 tradiderunt.
3085 5698 3232 5764 Quid
3249 5698 3450 5771 plura?
