3964 6354
501 359 608 436 δίη
1515 364 1900 436 BONIZONIS
1938 367 2367 434 PLACENTINI
2405 365 2732 432 EPISGOPI
3657 362 3769 432 852

502 485 862 556 Venerabilis
874 503 1019 572 papa
1032 504 1147 550 una
1157 505 1282 553 cum
1303 489 1585 552 Ruoberto
1598 491 1893 550 Salernum
1914 510 2091 564 usque
2113 495 2165 558 Α
2181 492 2589 558 Brixianorium
2601 489 2812 550 civibus
2823 487 3090 552 Romanis
3100 488 3419 552 nolentibus
3430 487 3583 550 solus
3603 487 3769 558 Ηυεο

505 575 780 662 pervenit,
801 575 988 662 ibique
1007 594 1108 660 per
1127 577 1339 650 aliquot
1361 579 1477 644 dies
1498 579 1706 652 degens
1726 582 2092 642 saluberrima
2175 584 2507 638 Guibertum
2528 598 2730 652 papam
2747 579 2931 650 potuit
2955 579 3201 650 eligere?
3227 578 3392 641 Falsa
3422 583 3557 641 sunt
3575 582 3770 634 autem

499 651 720 734 inculte
767 652 989 751 populis
1007 651 1412 742 impendebat;
1467 651 1568 734 sed
1602 687 1716 730 non
1758 672 1924 744 longo
1970 679 2096 742 post

499 757 755 834 tempore
773 754 1102 824 inﬁrmitate
1121 759 1368 840 corporis
1377 766 1666 840 correptus
1682 761 1938 831 spiritum
1954 763 2094 824 melo

465 913 468 916 _
497 844 782 920 reddidit;
809 846 880 910 ad
899 848 1063 915 cujus
1075 847 1392 926 sepulcrum
1422 848 1573 910 Deus
1594 851 1773 908 multa
1794 850 1974 906 millia
1993 849 2094 903 mi-

500 931 694 1000 racula
725 948 901 1002 usque
929 933 1094 999 hodie
1115 942 1400 1016 operatur,
1419 954 1544 992 vere
1565 943 1762 1014 terque
1787 945 2095 1016 quaterque

499 1019 698 1106 beatus
711 1021 806 1102 qui
817 1021 1025 1089 meruit
1045 1039 1148 1100 pro
1168 1024 1396 1080 nomine
1412 1024 1449 1086 ,Ι
1455 1043 1552 1080 esu
1568 1027 1935 1086 contumelias
1956 1026 2092 1104 pati.

501 1107 571 1194 Et
599 1107 693 1174 1.1.1.8
723 1109 946 1194 Quidem
989 1128 1115 1175 cum
1146 1112 1311 1172 Petro
1357 1114 1443 1186 [in
1469 1116 1584 1176 cod,
1621 1131 1746 1174 cum
1775 1115 1866 1184 P.]
1896 1120 2097 1184 regnat

499 1189 560 1264 in
584 1189 922 1265 ecclestibus,
956 1199 1048 1266 llic
1074 1217 1204 1258 vero
1233 1201 1498 1264 omnibus
1526 1202 1750 1262 odiOSUS
1797 1220 1832 1258 a
1871 1204 2095 1262 nemine

499 1277 828 1360 Yl-veniillm.
873 1287 1126 1368 quamvis
1154 1305 1188 1341 a
1217 1290 1551 1371 quibusdam
1580 1291 1764 1362 gratia
1793 1291 1938 1361 regis
1950 1292 2096 1352 dica-

499 1379 613 1446 ἕρμ’,
647 1377 984 1460 apostolicus
1013 1378 1273 1443 habetur.
1328 1379 1539 1440 Tamen
1571 1384 1722 1456 sunt,
1769 1380 1864 1450 qui
1912 1372 2097 1449 gratia

497 1464 651 1533 regis
680 1465 935 1548 quaedam
974 1467 1305 1540 contingunt
1336 1467 1807 1534 machinamenta,
1846 1470 2096 1528 volentes

498 1551 795 1618 dominum
826 1555 1160 1624 Gregorium
1183 1555 1475 1622 infamare,
1499 1557 1596 1612 sed
1649 1573 1762 1622 non
1813 1551 2086 1616 valentes.

502 1641 649 1722 Sunt
669 1635 838 1709 enim,
869 1634 966 1722 qui
997 1643 1191 1704 dicunt
1221 1660 1348 1706 eum
1376 1661 1485 1708 non
1509 1645 1641 1722 jure
1670 1644 1840 1700 fuisse
1871 1650 2099 1725 aposto-

2176 674 2291 734 hagc
2313 679 2368 726 et
2386 671 2831 751 puerorumludo
2848 669 3076 726 similia.
3109 668 3373 742 Quamvis
3390 666 3770 728 venerabilem

2179 763 2511 832 Gregorium
2553 761 2608 815 in
2633 759 2985 816 ordinatione
3009 775 3115 812 sua
3139 774 3470 821 consensum
3497 756 3649 826 regis
3674 756 3772 816 ha-

2178 851 2362 908 buisse
2379 849 2763 906 nullidubium
2785 853 2889 902 est.
2912 849 3060 908 Nam
3084 847 3455 908 Vercellensis
3476 835 3772 925 episcopus

2175 939 2444 1010 Gregorio
2478 956 2511 992 a
2539 956 2669 1008 rege
2696 938 2901 994 missus
2927 935 3320 1010 ejusinterfuit
3335 934 3770 996 consecrationi.

2177 1030 2336 1104 Quod
2373 1028 2654 1098 sialiquid
2687 1027 2951 1087 adversus
3006 1042 3136 1084 eum
3200 1023 3419 1100 habuit,
3466 1022 3657 1080 decuit
3713 1021 3772 1082 in

2178 1117 2483 1187 primordio
2512 1117 2736 1180 dixisse,
2768 1120 3071 1184 antequam
3090 1115 3305 1184 legatos
3327 1114 3448 1188 ejus
3465 1111 3774 1165 honorifice

2178 1205 2528 1276 suscepisset,
2550 1204 2876 1284 priusquam
2919 1197 2992 1261 ab
3023 1203 3101 1260 eis
3130 1199 3537 1255 absolutionem
3557 1217 3776 1254 excom-

2178 1293 2574 1358 inunicationis
2614 1292 2830 1363 publice
2884 1291 2992 1362 (53)
3041 1291 3396 1366 suscepisset,
3465 1295 3776 1360 antequam

2179 1383 2588 1444 Herimannum
2619 1380 3125 1442 Pabenbariensem
3157 1377 3479 1451 episcopum
3512 1378 3567 1431 ei
3597 1373 3775 1452 depo-

2179 1471 2424 1532 nendum
2445 1471 2633 1524 Romae
2657 1470 2918 1536 misisset,
2939 1469 3266 1540 priusquam
3282 1469 3520 1529 alterum
3555 1465 3611 1526 in
3654 1467 3776 1536 ejus

2180 1561 2308 1618 sede
2357 1576 2423 1612 ex
2466 1565 2741 1632 praecepto
2776 1559 2898 1634 ejus
2919 1558 3216 1630 posuisset.
3243 1557 3402 1622 Quod
3421 1555 3468 1610 si
3489 1543 3693 1617 dixerit
3715 1568 3778 1615 se

2172 1649 2432 1718 juvenem
2457 1665 2684 1710 suorum
2719 1635 3012 1720 deceptum
3044 1646 3214 1704 fuisse
3254 1645 3464 1699 astutia
3507 1639 3778 1706 consilia-

504 1720 673 1814 licam
721 1720 951 1814 proptel'
993 1732 1251 1802 quaedam
1305 1720 1528 1790 decreta
1585 1733 1798 1790 Nicolai
1833 1720 2094 1804 junioris,
2180 1736 2413 1801 riorum,
2445 1737 2577 1808 quid
2593 1736 2661 1789 de
2695 1723 2929 1799 Lemaro
2956 1735 3240 1788 Bremensi
3261 1725 3674 1806 archiepiscopo
3695 1731 3778 1796 di-

504 1811 1084 1900 guibusiana‘themate
1116 1820 1476 1878 interdictum
1494 1821 1698 1884 ferunt.
1735 1829 1798 1880 ut
1821 1839 1986 1878 nemo
2007 1815 2156 1875 as-B
2179 1842 2384 1889 cemus,
2411 1825 2529 1884 viro
2551 1825 2963 1898 sapientissimo
3003 1830 3059 1881 et
3088 1824 3337 1876 omnium
3369 1823 3578 1886 artium
3632 1821 3780 1898 peri-

503 1905 692 1993 pil‘al‘e
748 1908 954 1972 audeat
1003 1910 1073 1965 ad
1123 1910 1512 1992 pontiﬁcatum
1547 1911 1860 1972 Romanum
1895 1909 2000 1968 nisi
2033 1926 2098 1963 ex
2179 1913 2434 1976 tissime?
2464 1907 2661 1974 Nonne
2690 1920 2987 1986 postquam
3019 1912 3088 1970 ab
3119 1913 3366 1984 ejusdem
3393 1930 3548 1990 papae
3574 1912 3780 1983 legatis

503 2007 778 2078 consensu
803 1996 951 2068 regis
965 1998 1198 2076 ejusque
1240 1998 1362 2063 ﬁlii,
1407 1997 1552 2078 quod
1587 1998 1947 2056 falsissimum
1977 2015 2098 2052 esse
2181 2003 2360 2058 ofﬁcio
2391 2020 2697 2076 suspensus
2725 2010 2827 2067 est,
2853 2002 3051 2059 tandiu
3080 2002 3391 2060 sacerdotio
3416 2018 3475 2054 se
3501 1997 3779 2063 abstinuit

503 2077 762 2170 {ambiit}
802 2085 982 2152 modis
1039 2077 1432 2151 declarabitur,
1464 2088 1716 2158 quamvis
1744 2093 1800 2142 et
1828 2089 1875 2145 si
1906 2104 2095 2150 verum
2185 2092 2484 2163 quandiua
2516 2092 2759 2150 Saxonia
2789 2093 3023 2146 Romam
3068 2091 3298 2157 veniret,
3335 2091 3543 2152 ducens
3584 2107 3781 2152 secum

503 2180 672 2250 esset,
704 2181 894 2240 tamen
920 2175 1130 2236 nullius
1160 2176 1432 2242 momenti
1460 2186 1626 2241 esset,
1672 2177 1816 2240 Nam
1837 2178 1943 2234 etsi
1976 2178 2104 2232 licet
2185 2173 2336 2237 illius
2366 2181 2522 2250 regni
2554 2181 2912 2251 philosophos
2953 2179 3277 2238 Giticlinum
3309 2171 3700 2240 Coloniensem
3725 2182 3782 2240 et

504 2261 775 2332 Romanis
804 2264 1157 2344 pontiﬁcibus
1186 2265 1428 2335 rigorem
1460 2282 1736 2324 canonum
1784 2273 2101 2338 temperare
2187 2271 2556 2326 Guczolonem
2603 2270 2982 2339 praepositum,
3019 2268 3112 2346 qui
3158 2274 3354 2338 postea
3384 2262 3783 2342 Maguntinam

504 2369 607 2434 pro
625 2354 956 2416 necessitate
979 2360 1320 2438 temporum,
1352 2359 1540 2418 tamen
1570 2372 1682 2416 non
1712 2355 1841 2420 licet
1872 2356 2100 2416 omnino
2188 2357 2422 2412 vastavit
2452 2357 2773 2422 Ecclesiam,
2798 2362 2854 2410 et
2883 2356 3237 2410 Mainardum
3270 2350 3781 2425 Pabebargensem',

505 2442 815 2509 destruere.
841 2441 983 2516 Quid
1017 2436 1165 2502 enim
1197 2443 1349 2508 aliud
1379 2448 1526 2502 esset
1557 2445 1663 2510 nisi
1687 2446 1915 2499 omnino
1948 2445 2106 2501 Chri-
2189 2451 2244 2499 et
2275 2463 2401 2498 cum
2433 2445 2518 2498 his
2544 2462 2700 2522 papae
2727 2443 2959 2516 pedibus
2989 2437 3282 2498 advolutus
3311 2450 3427 2497 tam
3453 2436 3786 2518 lacrymabi-

504 2534 1486 2604 stianamlegemdestruere,decreta
1501 2540 1820 2598 sanctorum
1836 2536 2111 2596 Romano-
2193 2535 2320 2596 liter
2345 2534 2562 2587 veniam
2586 2534 2764 2605 petiit,
2795 2534 2968 2592 donec
2996 2533 3334 2604 impetravit,
3351 2538 3404 2590 et
3431 2523 3675 2593 officium
3699 2549 3786 2595 sa-

507 2639 636 2688 rum
656 2611 1001 2693 pontiﬁcum,
1027 2623 1120 2703 qui
1142 2623 1414 2697 sanguine
1435 2639 1536 2682 suo
1567 2623 1868 2686 Ecclesiam
1899 2623 2103 2682 funda-
2186 2623 2464 2684 cerdotale
2520 2623 2745 2692 recepit.
2805 2622 3060 2676 Dicerem
3109 2622 3354 2692 quidem,
3408 2620 3454 2682 si
3485 2638 3631 2692 papa
3671 2638 3788 2682 non

510 2727 660 2790 vere,
719 2701 1052 2784 infringere,»
1078 2719 1131 2776 et
1160 2716 1516 2776 sacrosancta.
1563 2717 1804 2781 quatuor
1843 2711 2103 2780 concilia,
2187 2718 2327 2777 erat,
2358 2728 2458 2774 cur
2480 2709 2630 2783 apud
2653 2711 2956 2772 Canusium
2984 2709 3054 2770 ab
3082 2727 3146 2764 eo
3195 2701 3788 2770 excommunicationis

510 2817 635 2876 quae
664 2799 734 2864 ab
754 2799 1072 2864 hominibus
1097 2799 1249 2863 velut
1279 2799 1575 2878 Evangelia
1605 2805 1737 2862 sunt
1767 2801 2102 2866 veneranda,
2188 2793 2595 2864 absolutionem
2627 2799 2890 2870 suscepit,
2923 2793 3030 2858 nisi
3063 2805 3270 2868 essent,
3305 2798 3398 2870 qui
3429 2799 3682 2854 dicerent
3697 2806 3790 2860 ex-

485 2890 671 2958 ~irrita
691 2890 890 2956 facere.
910 2886 1019 2954 Sed
1038 2888 1196 2943 bona;
1218 2887 1500 2954 memoria:
1522 2889 1791 2946 domuum
1815 2888 2106 2951 Nicolaum
2189 2895 2393 2953 tortam
2415 2889 2819 2952 confessionem
2849 2906 2962 2944 non
3010 2905 3130 2948 esse
3161 2888 3585 2950 confessionem.
3623 2887 3788 2953 Quod

511 2978 582 3048 ab
611 2980 715 3042 hac
743 2978 1043 3046 liberemus
1091 2976 1324 3043 infamia
1353 2979 1408 3032 et
1445 2975 1683 3038 testibus
1712 2975 1927 3036 idoneis
1977 2993 2106 3039 eum
2188 2979 2285 3056 qui
2315 2978 2527 3044 dicunt,
2588 2979 2734 3036 male
2766 2978 2991 3038 decreta
3041 2977 3190 3038 beati
3249 2977 3548 3038 Alexandri
3601 2976 3788 3050 quinti

511 3068 648 3134 talia
678 3084 790 3132 non
819 3067 1057 3132 dictasse
1085 3066 1552 3131 demonstremus.
1587 3065 1789 3126 Veniat
1808 3064 2106 3121 Guibertus
2137 3071 2310 3146 "post
2341 3065 2567 3120 beatum
2591 3068 2818 3126 Petrum
2850 3067 3088 3124 Romani
3130 3056 3406 3146 pontiﬁcis
3437 3065 3785 3135 intelligunt,

511 3130 674 3230 testis
699 3130 955 3223 idoneus
984 3174 1017 3222 a
1049 3172 1158 3234 quo
1179 3130 1371 3218 Caesar
1398 3153 1746 3222 imperialem
1773 3155 1987 3227 accepit
2014 3172 2107 3212 co-
2133 3130 2301 3219 Cnon
2314 3158 2462 3210 enim
2484 3155 2653 3216 aliam
2680 3157 2873 3213 dicunt
2893 3173 3012 3214 esse
3039 3130 3316 3212 extbrtam
3347 3130 3783 3217 confessionem,

513 3264 735 3313 ranam,
767 3253 824 3304 et
842 3247 983 3312 falso
1009 3244 1223 3312 locutos
1245 3261 1339 3306 eos
1371 3243 1605 3306 evincat.
1641 3244 1699 3304 Si
1739 3243 1887 3304 enim
1915 3260 2109 3306 verum

518 3341 605 3404 ρβι
622 3335 931 3402 secundum
959 3334 1181 3398 decreta
1231 3329 1464 3404 Nicolai,
1513 3337 1576 3393 ut
1619 3349 1730 3392 non
1773 3333 2110 3412 apostolicus

519 3425 815 3488 habeatur,
849 3422 940 3501 qui
955 3439 1064 3484 non
1094 3439 1159 3484 ex
1178 3438 1451 3486 consensu
1479 3421 1625 3490 regis
1649 3421 1961 3484 Romanum
1991 3438 2111 3476 esse

521 3515 762 3582 electum
792 3512 1114 3589 pontificem
1133 3513 1231 3576 (ita
1250 3511 1385 3586 cod.)
1410 3516 1467 3576 et
1499 3510 1879 3576 Alexandrum
1900 3511 2113 3580 absque

523 3607 648 3678 ejus
667 3603 952 3672 voluntate
983 3601 1249 3666 Romanae
1304 3599 1422 3666 sedi
1452 3599 1909 3668 inthronizatum,
1942 3606 2119 3662 restat

523 3693 786 3762 eumdem
825 3707 938 3752 non
985 3688 1351 3768 apostolicum
1408 3688 1507 3748 sed
1555 3689 2113 3754 excommunicatum.

525 3783 687 3855 quod
715 3782 762 3842 si
793 3778 1309 3846 excommunicatus
1340 3781 1396 3830 et
1415 3775 1484 3836 ab
1519 3775 1761 3840 Ecclesia
1788 3777 1889 3836 Dei
1918 3795 2117 3855 seque-

2191 3245 2298 3308 nisi
2331 3243 2553 3315 quando
2582 3245 2666 3304 vel
2693 3237 2982 3318 suppliciis
3012 3245 3096 3300 vel
3129 3243 3296 3304 minis
3340 3241 3637 3304 veritatem
3691 3260 3790 3304 co-

2189 3334 2344 3410 gitur
2373 3351 2597 3406 negare,
2631 3335 2715 3386 vel
2739 3333 2797 3394 in
2820 3325 3194 3392 idololatriam
3217 3349 3465 3403 peccare,
3491 3331 3789 3386 veritatem

2198 3423 2433 3502 proferri
2478 3423 2563 3482 vel
2605 3422 2839 3484 invitum
2869 3423 2974 3500 (ita
3004 3419 3163 3492 cod.)
3200 3421 3316 3478 Hoc
3345 3437 3568 3502 reorum
3593 3426 3699 3485 est,
3735 3425 3796 3480 et

2202 3512 2314 3566 haec
2337 3529 2446 3566 non
2479 3517 2564 3570 est
2599 3517 2816 3572 extorta
2839 3510 3111 3570 confessio
3168 3511 3265 3568 sed
3314 3509 3503 3571 invita.
3553 3508 3794 3572 Quando

2199 3602 2324 3672 quis
2350 3601 2565 3672 cogitur
2617 3601 2732 3656 haec
2787 3600 3037 3670 proﬁteri
3066 3599 3299 3662 veritate
3326 3597 3617 3672 prodente,
3643 3599 3795 3676 quod

2199 3705 2370 3770 parva
2394 3696 2579 3748 mente
2601 3706 2806 3759 negare
2835 3687 3258 3748 deliberaverat.

2276 3779 2418 3834 Sunt
2446 3785 2502 3832 et
2531 3779 2643 3835 alii.
2669 3779 2765 3857 qui
2799 3778 2993 3834 dicunt
3037 3776 3412 3832 venerabilem
3460 3768 3797 3848 Gregorium

524 3877 754 3942 stratus,
780 3874 836 3926 et
869 3869 914 3929 si
935 3866 1446 3932 excommunicatus
1499 3865 1768 3926 Guiberto
1814 3867 1946 3944 quid
1986 3884 2121 3928 con-
2203 3883 2406 3947 papam
2437 3868 2691 3938 legaliter
2717 3868 2906 3947 fuisse,
2929 3867 3026 3922 sed
3049 3873 3245 3922 contra
3269 3884 3327 3922 se
3361 3867 3542 3944 ipsum
3576 3872 3799 3920 senten-

526 3961 677 4026 tulit,
708 3959 841 4012 dum
866 3974 993 4010 eum
1016 3955 1255 4020 sacravit
1274 3955 1611 4032 episcopum,
1640 3954 2117 4021 Benedictionem,
2205 3957 2339 4019 tiam
2375 3956 2753 4016 damnationis
2806 3956 3064 4020 dictasse,
3120 3973 3253 4014 nam
3291 3955 3348 4010 in
3379 3955 3624 4014 secunda
3656 3956 3799 4018 feria

527 4065 697 4125 quam
726 4063 839 4116 non
866 4044 1082 4118 habuit,
1128 4044 1261 4107 dare
1307 4059 1420 4104 non
1464 4044 1665 4113 potuit,
1722 4061 1853 4120 ergo
1888 4046 2121 4109 maledi-
2203 4053 2330 4118 post
2358 4046 2571 4108 Pascha
2596 4045 2745 4127 apud
2771 4051 3026 4106 sanctum
3056 4044 3308 4112 Petrum,
3332 4061 3458 4098 cum
3482 4061 3672 4114 regem
3700 4053 3799 4106 ex-

530 4138 794 4216 ptionem,
827 4151 996 4212 quam
1026 4132 1286 4196 habebat,
1323 4131 1569 4196 donavit.
1632 4133 1812 4204 Igitur
1851 4133 1898 4198 si
1952 4136 2124 4200 male-
2204 4127 2688 4199 communicassct,
2734 4134 2936 4206 adjecit
2961 4152 2972 4194 ;
2999 4133 3272 4190 Omnibus
3296 4131 3447 4187 vobis
3473 4127 3795 4216 noturn

531 4205 733 4296 dictus,
769 4205 1045 4294 quomodo
1076 4222 1262 4300 papa?
1318 4222 1424 4276 Sed
1450 4223 1553 4286 hoc
1581 4221 1784 4287 falsum
1815 4227 1902 4286 est
1933 4241 1944 4276 :
1985 4221 2122 4282 Gui-
2207 4216 2352 4306 quod
2384 4227 2431 4282 si
2445 4243 2620 4298 usque
2644 4227 2710 4279 ad
2734 4205 3092 4284 festivitatem
3116 4225 3170 4280 S.
3192 4215 3362 4306 Petri,
3390 4205 3800 4287 Henricus-Em

531 4315 728 4382 pertus
783 4312 930 4379 enim
965 4313 1094 4387 jure
1150 4310 1520 4388 episcopalem
1549 4312 1762 4382 accepit
1791 4311 2126 4374 benedictio-
2207 4303 2523 4394 resipuerit,
2545 4321 2798 4372 mortuus
2815 4315 2920 4374 erit
2935 4319 3034 4367 aut
3063 4303 3386 4384 depositus;
3423 4308 3573 4382 quod
3619 4311 3665 4364 si
3695 4305 3800 4364 hoc

535 4421 664 4471 nam
695 4413 752 4470 et
774 4402 1090 4468 Alexander
1118 4417 1280 4477 papa,
1314 4400 1412 4469 qui
1433 4408 1628 4464 contra
1655 4402 2002 4462 voluntatem
2034 4420 2124 4460 re-
2144 4473 2184 4480 _
2208 4420 2320 4458 non
2349 4404 2535 4472 fuerit,
2570 4404 2706 4460 mihi
2737 4403 2886 4462 credi
2919 4402 3159 4480 amplius
3207 4417 3318 4454 non
3353 4406 3597 4472 oportet.
3638 4401 3801 4472 Quod

534 4494 624 4566 gis
672 4493 988 4561 Romanum
1019 4473 1254 4567 adeptus
1285 4495 1369 4552 est
1395 4490 1782 4564 pontiﬁcatum
1811 4496 1954 4550 teste
1986 4491 2123 4554 Gui-
2144 4473 2192 4543 D
2210 4493 2436 4552 verbum
2464 4493 2608 4548 male
2630 4493 3001 4562 intelligentes
3016 4473 3185 4544 avide
3207 4506 3462 4570 rapuere,
3487 4496 3544 4542 et
3569 4487 3801 4560 quidam

537 4581 698 4650 berto
719 4579 1054 4654 apostolicus
1071 4579 1326 4647 legaliter
1342 4578 1634 4642 ordinatus
1647 4579 1916 4652 estQqu
1932 4581 2126 4637 itidem
2209 4581 2515 4634 secundum
2541 4597 2702 4634 suam
2733 4581 3076 4642 voluntatem
3092 4579 3161 4632 ad
3182 4579 3386 4638 malam
3401 4584 3617 4648 partem
3639 4576 3806 4631 decll-

540 4671 611 4740 de
631 4671 848 4732 Caesare
865 4668 1218 4734 sentiendum
1241 4673 1344 4733 est;
1370 4667 1416 4728 si
1438 4667 1587 4730 enim
1616 4659 1720 4720 hoc
1749 4685 1939 4732 verum
1959 4676 2124 4735 esset,
2212 4684 2432 4730 navere.
2466 4669 2574 4724 Sed
2608 4669 2712 4724 hoc
2739 4685 2851 4732 non
2880 4668 2988 4722 fuit
3041 4668 3098 4722 in
3143 4667 3506 4738 semetipsum
3563 4666 3804 4728 dictasse

539 4759 819 4834 quonion
847 4758 1013 4824 homo
1044 4756 1234 4833 magni
1285 4755 1502 4818 consilii
1553 4761 1609 4814 et
1665 4757 1886 4820 solertis
1921 4758 2129 4833 ingenii
2214 4759 2550 4820 sententiam
2579 4779 2588 4811 :
2614 4758 2763 4818 aliud
2785 4758 2935 4819 enim
2957 4761 3041 4810 est
3069 4756 3286 4821 dicere;
3328 4756 3466 4810 mihi
3502 4756 3653 4816 credi
3691 4775 3806 4816 non

537 4865 696 4932 papae
712 4846 1032 4915 Alexandro
1052 4847 1256 4932 peritot
1275 4859 1450 4900 annos
1471 4843 1715 4908 dedisset
1735 4845 2129 4911 obedientiam,

541 4931 904 5010 et’quomodo
958 4950 991 5000 ξι
1038 4931 1307 4998 Guiberto
1338 4933 1457 5000 ejus
1489 4932 1744 5014 episeopo
1783 4935 2132 5012 imperialem

539 5024 876 5101 suscepisset
895 5022 1204 5085 coronam?
1253 5021 1496 5088 Accedat
1538 5025 1740 5088 tertius
1769 5025 1930 5078 testis
1969 5026 2131 5096 Hugo

537 5113 810 5182 candidus
851 5110 1148 5176 cardinalis
1189 5110 1476 5170 Romanus
1527 5117 1584 5178 et
1629 5112 1829 5190 probet
1880 5130 1973 5170 eos
2012 5131 2132 5167 esse

537 5200 882 5276 incitos(52l.
910 5199 1201 5276 Quomodo
1231 5200 1380 5264 enim
1421 5201 1480 5262 in
1518 5201 1638 5272 ipso
1693 5201 1782 5255 die
1831 5203 2130 5273 sepulturae

536 5291 754 5366 praefati
773 5306 933 5366 papa
965 5289 1295 5366 Gregorium
1328 5290 1605 5360 elegisset.
1640 5290 1697 5343 Si
1727 5291 1875 5351 enim
1906 5291 2132 5350 decreta

540 5396 676 5440 vera
690 5384 982 5450 sunt,ergo
995 5379 1504 5440 excommunicatus
1526 5385 1610 5436 est
1641 5398 1652 5432 :
1686 5379 1833 5450 quod
1855 5379 1899 5432 si
1922 5396 2132 5434 excom-

540 5469 860 5534 municatus
888 5473 944 5532 et
961 5468 1184 5531 infamis
1202 5469 1278 5540 :ﬁsi
1302 5485 1430 5522 vero
1445 5468 1972 5538 infamis,quomodo
1985 5470 2133 5543 apud

613 5605 722 5681 (532)
745 5603 837 5681 ita
863 5605 983 5662 cod.
1009 5610 1068 5662 in
1089 5626 1198 5681 qua
1226 5623 1356 5661 voce
1386 5609 1564 5663 fateor
1584 5626 1673 5663 me
1697 5610 1931 5663 haerere.

540 5687 551 5749 ξ
614 5672 723 5748 (53)
743 5672 864 5736 νη
901 5672 1124 5747 publici
1167 5681 1229 5735 in
1277 5681 1534 5750 margine
1585 5681 1799 5741 inserto
1840 5681 1999 5750 signa
2061 5683 2132 5737 ab

2214 4851 2522 4922 oportet,et
2546 4846 2716 4910 aliud,
2733 4845 2942 4922 judicio
2964 4844 3353 4916 deponendum
3379 4863 3388 4896 :
3413 4847 3810 4904 necsententia

2214 4936 2323 4990 dici
2352 4937 2683 5006 potest,quze
2700 4940 2829 4994 ante
2850 4935 3174 4994 ventilatam
3205 4933 3568 5003 quaestionem
3588 4935 3808 5005 profer-

2214 5029 2322 5084 tur.
2350 5025 2459 5078 Sed
2489 5041 2590 5080 nec
2616 5024 2788 5080 ullam
2820 5022 3128 5096 possidebit
3152 5022 3474 5076 ﬁrmitatem
3501 5023 3808 5092 sententia,

2216 5130 2339 5190 quae
2369 5113 2487 5168 sine
2542 5099 2984 5176 consideratione
3015 5111 3430 5182 pronuntiatur,
3463 5117 3520 5164 et
3552 5112 3811 5190 quamvis

2214 5205 2501 5276 popularis
2521 5205 2804 5258 rusticitas
2828 5203 2990 5256 aliter
3009 5203 3569 5272 intellexissetquam
3591 5202 3808 5268 debuit,

2215 5298 2404 5350 tamen
2426 5295 2624 5347 omnis.
2655 5294 2747 5362 qui
2780 5309 2980 5347 sanum
3030 5293 3196 5366 sapit,
3257 5308 3384 5346 eum
3430 5309 3562 5346 vera
3603 5293 3812 5348 dixisse

2215 5399 2325 5438 non
2354 5382 2592 5436 dubitat.
2620 5384 2764 5438 Nam
2786 5399 2912 5436 cum
2933 5383 2989 5436 in
3017 5383 3136 5450 lege
3155 5381 3425 5454 scriptum
3452 5381 3560 5436 sit:
3597 5381 3654 5436 Si
3687 5383 3813 5452 quis

2216 5472 2274 5526 in
2322 5471 2547 5528 nomine
2594 5472 2817 5527 Domini
2847 5457 3284 5544 prophetaverit,
3336 5476 3392 5526 et
3419 5486 3532 5524 non
3562 5472 3816 5526 evenerit

2213 5613 2411 5738 Eiidem
2436 5628 2606 5668 manu
2635 5614 2856 5669 videtur
2883 5614 3144 5684 ascripta,
3168 5612 3265 5667 sed
3281 5613 3600 5668 atramento
3618 5619 3813 5669 tamen

2273 5697 2449 5738 veroo.

2273 5697 2431 5739 VOPIG
2441 5729 2449 5738 .
