3964 6354
204 340 316 397 853

1289 331 1511 400 LIBER
1545 344 1641 401 AD
1678 342 1983 401 AMICUM.
2022 370 2096 388 -ι-
2128 342 2263 400 LIB.
2307 340 2403 401 1x.

3366 332 3471 395 854

205 461 358 539 quod
380 462 722 538 praedixerit,
756 464 1036 538 lapidibus
1080 469 1369 539 obruatur,
1413 473 1545 544 quia
1592 472 1991 534 nomenAnisi
2022 475 2151 545 quia
2183 471 2490 528 secundum
2522 471 2791 527 Phocium
2819 475 2875 526 et
2903 436 3228 526 Dioscorum
3257 444 3471 541 ponens

200 554 430 611 Domini
451 555 675 610 irritum
699 556 833 612 fecit
863 559 1046 629 (Deut.
1105 574 1268 625 xvm,
1317 560 1431 627 22).
1484 560 1630 625 Quid
1696 568 1798 627 est,

203 640 358 715 quod
377 646 548 699 Jonas
569 645 637 700 de
646 644 1007 703 subversione
1026 649 1224 704 Ninive
1245 648 1656 721 prophetizans,
1675 665 1802 705 cum

199 729 406 788 Ninive
435 747 547 787 non
577 735 652 788 sit
680 732 963 803 subversa,
1002 750 1105 792 nec
1151 744 1409 793 mortuus
1449 739 1657 809 legitur
1700 752 1803 792 nec

200 820 562 894 reprobatus.
587 835 701 878 non
746 824 897 895 quod
949 822 1209 897 specialis
1258 826 1335 881 ibi
1390 830 1476 881 est
1518 822 1801 881 intellecta

88 978 91 979 ν
199 907 510 966 subversio.
545 908 656 967 Sed
686 913 819 985 quia
847 909 1056 968 dictum
1078 919 1167 969 est
1193 930 1205 968 :
1242 933 1267 966 «
1297 911 1467 969 Verte
1497 915 1718 985 impios,
1744 920 1803 969 et

199 1014 319 1054 non
344 1006 513 1055 erunt
531 1000 709 1068 (Prov.
736 1014 831 1067 xu,
863 996 941 1073 7),
973 1020 1001 1056 η
1034 1003 1112 1057 sic
1134 1002 1476 1074 protoplasto
1508 1002 1803 1058 Dominica

198 1100 340 1143 voce
364 1086 576 1143 dictum
603 1092 719 1144 est:
752 1104 779 1142 α
805 1086 869 1146 In
897 1106 1228 1163 quacunque
1247 1091 1336 1146 die
1357 1090 1797 1159 manducaveris,

201 1184 389 1232 morte
416 1178 671 1233 morieris
703 1179 850 1246 (Gen.
879 1194 940 1244 11,
994 1176 1107 1250 17),
1162 1199 1187 1234 »
1229 1196 1355 1235 cum
1394 1186 1522 1253 post
1565 1181 1799 1234 vetitum

199 1270 434 1335 gustum
460 1272 775 1337 nongentos
801 1273 857 1321 et
885 1285 950 1322 eo
980 1268 1224 1338 amplius
1247 1284 1425 1323 annos
1440 1269 1639 1323 vixisse
1652 1285 1800 1323 com-

199 1353 495 1424 probatur,
524 1356 632 1409 nisi
697 1354 845 1427 quod
902 1357 952 1411 ei
998 1363 1238 1411 mortem
1276 1354 1678 1411 interminatus
1717 1363 1802 1411 est

198 1444 481 1512 ptenalem
508 1459 625 1499 non
654 1442 989 1511 naturalem,
1023 1458 1133 1516 qua
1162 1444 1353 1499 anima
1378 1460 1522 1499 nexu
1552 1444 1799 1516 corporis

199 1530 496 1586 liberatur.
527 1534 667 1587 Tres
714 1534 862 1587 enim
916 1539 1126 1588 mortes
1173 1533 1463 1604 Scriptura
1522 1531 1798 1588 referente

198 1618 520 1687 didicimus,
542 1637 715 1675 unam
743 1621 1113 1694 spiritualem,
1147 1637 1259 1692 qua
1284 1622 1473 1675 anima
1501 1618 1647 1675 vitiis
1680 1638 1800 1675 mo-

195 1707 350 1762 ritur
376 1711 436 1762 et
460 1707 698 1764 Domino
723 1708 874 1774 vivit,
907 1707 976 1764 de
1003 1726 1114 1780 qua
1140 1708 1411 1780 scriptum
1441 1712 1528 1763 est
1553 1725 1565 1762 ε
1597 1729 1620 1760 ι
1639 1709 1799 1767 Beati

1883 562 1941 616 in
1975 561 2174 616 caelum
2205 577 2267 615 os
2290 576 2454 616 suum
2484 563 2604 616 sine
2628 561 2837 632 judicio
2866 557 3162 632 temptavit
3185 553 3392 630 pellere
3438 569 3472 605 a

1884 651 2014 704 sede
2041 650 2329 704 dominum
2380 666 2587 722 papam
2638 652 2872 704 senioris
2922 649 3100 705 Romae
3156 648 3265 716 (ita
3308 642 3469 787 cocti.

1884 738 2140 787 Secunda
2166 754 2297 787 vero
2353 737 2851 787 excommunicalio
2875 741 3170 787 nronterea
3197 730 3346 787 facta
3366 746 3424 786 es
3453 768 3469 787 ς

1883 738 2140 793 Secunda
2166 754 2297 793 vero
2353 737 2851 793 excommunicalio
2875 741 3170 813 propterea
3197 730 3346 789 facta
3366 730 3469 795 est,

1883 834 1947 882 ut
1970 845 2098 882 cum
2129 825 2301 883 semel
2330 832 2384 882 et
2422 826 2507 883 bis
2559 836 2615 882 et
2677 833 2767 881 ter
2818 824 3139 881 admonitus
3194 820 3394 875 fuisset
3438 834 3474 872 a

1882 917 2107 972 domino
2137 932 2298 990 papa,
2328 921 2393 971 ut
2410 930 2522 971 non
2550 920 2847 989 pugnaret,
2881 921 2937 969 et
2964 914 3151 968 locum
3202 909 3366 965 daret
3410 906 3473 961 in

1882 1020 1984 1061 suo
2013 1020 2186 1077 regno
2214 1005 2530 1060 celebrandi
2559 1004 2854 1060 concilium
2894 1008 2951 1057 et
2995 1001 3291 1065 rennisset,
3340 994 3473 1055 imi-

1879 1100 2033 1149 tatus
2047 1092 2377 1165 magistrum
2393 1093 2657 1148 Gentium
2678 1094 2999 1166 promptum
3024 1107 3083 1145 se
3099 1089 3379 1145 dicentem
3400 1084 3474 1138 ad

1883 1198 2105 1237 omnem
2151 1182 2526 1236 ulciscendam
2595 1181 3058 1248 inobedientiam,
3105 1168 3471 1231 rebellionem

1880 1266 2106 1342 superbi
2147 1268 2249 1324 ﬁlii
2289 1264 2821 1329 excommunicando
2869 1278 3221 1343 compescere
3258 1260 3474 1323 curavit

1880 1376 1995 1413 non
2021 1356 2212 1413 volens
2240 1374 2370 1413 eum
2410 1358 2765 1424 mortiﬁcare,
2820 1356 2916 1419 sed
2967 1355 3037 1410 ad
3080 1347 3470 1426 paenitentiam

1880 1462 2098 1502 vocare.

1952 1532 2060 1591 Sed
2089 1550 2214 1590 cum
2241 1536 2500 1607 superius
2524 1554 2558 1590 a
2581 1546 2673 1597 me
2722 1530 3087 1605 quaesivisses,
3128 1527 3304 1585 amice
3345 1524 3473 1582 dul-

1880 1622 2121 1687 cissime,
2145 1624 2193 1677 si
2222 1622 2353 1677 licet
2380 1620 2700 1678 Christiano
2725 1621 2896 1676 armis
2924 1634 3026 1693 pro
3073 1618 3309 1677 veritate
3360 1630 3478 1673 cer-

1879 1716 2020 1775 tare,
2053 1708 2345 1766 historiam
2363 1710 2610 1782 petebas,
2655 1725 2823 1781 quam
2854 1724 3004 1764 nunc
3032 1705 3309 1772 contexui,
3343 1702 3476 1763 licet

194 1794 432 1863 mortui,
466 1796 561 1869 qui
585 1799 644 1852 in
664 1798 902 1853 Domino
932 1798 1254 1853 moriuntur
1273 1800 1451 1867 (Apoc.
1486 1812 1602 1862 xw,
1640 1796 1745 1865 13).
1770 1818 1795 1850 ››
1821 1787 2073 1855 Bmultis
2098 1799 2469 1866 notissimam,
2500 1804 2692 1853 tamen
2730 1799 2971 1870 posteris
3013 1797 3365 1873 profuturam
3412 1800 3479 1848 ut

196 1886 454 1940 Alteram
476 1888 815 1954 naturalem,
853 1905 964 1959 qua
990 1889 1181 1942 anima
1205 1903 1352 1942 nexu
1385 1886 1632 1959 corporis
1657 1886 1797 1940 libe-

197 1978 378 2027 ratur.
414 1974 661 2028 Tertiam
688 1992 818 2030 vero
851 1977 1233 2047 paenalem,de
1265 1990 1377 2046 qua
1398 1976 1667 2046 scriptum
1690 1980 1791 2030 est:

199 2074 230 2112 α
278 2060 504 2128 Anima,
559 2074 682 2133 quae
723 2063 1052 2134 peccaverit,
1093 2065 1217 2135 ipsa
1255 2064 1530 2118 morietur
1575 2063 1789 2134 (Eserh.

197 2162 350 2213 xviii,
382 2149 458 2215 4).
498 2173 520 2199 ι
555 2151 677 2215 Qua
692 2152 871 2206 morte
902 2157 1188 2206 mortuum
1228 2150 1484 2222 eum,qui
1499 2149 1647 2222 apud
1672 2150 1796 2205 Bri-

198 2239 518 2293 xianorium
544 2254 756 2311 pronus
792 2241 1046 2295 adoravit
1092 2240 1349 2301 bestiam,
1383 2240 1523 2294 nulli
1563 2240 1794 2294 dubium

199 2332 307 2381 est.
341 2327 451 2384 Sed
483 2328 677 2382 dicunt
702 2344 766 2382 eo
789 2328 879 2383 die
917 2345 1044 2383 eum
1068 2346 1103 2382 a
1134 2344 1308 2399 regno
1342 2329 1656 2399 depositum
1686 2344 1796 2382 non

194 2415 393 2479 fuisse,
426 2432 539 2470 non
567 2417 944 2487 intelligentes
968 2423 1067 2470 aut
1104 2417 1496 2487 disjunctivam
1523 2431 1644 2469 esse
1666 2431 1800 2468 con-

193 2504 568 2575 junctionem,
587 2518 699 2559 non
713 2504 1125 2571 afflrmativam,
1149 2505 1401 2574 quamvis
1423 2505 1526 2558 etsi
1545 2520 1655 2557 non
1671 2506 1803 2557 ante

196 2593 480 2647 humanos
499 2594 707 2659 oculos,
740 2596 931 2648 tamen
954 2595 1141 2647 forsan
1168 2598 1299 2647 ante
1353 2592 1567 2645 divinos
1612 2590 1802 2644 oculos

195 2681 490 2753 depositus
503 2688 605 2736 est.
630 2682 767 2746 Quis
784 2683 934 2736 enim
947 2683 1174 2736 Saulem
1195 2685 1364 2751 neget
1380 2687 1507 2752 post
1526 2679 1803 2734 Samuelis

196 2771 372 2825 verba
397 2771 634 2824 dicentis
656 2771 725 2825 ad
738 2786 866 2825 eum
891 2792 943 2829 ει
970 2772 1202 2825 Scindet
1218 2770 1368 2824 Deus
1387 2784 1626 2839 regnum
1638 2774 1801 2822 tuum

197 2859 369 2915 hodie
388 2874 423 2913 a
451 2864 527 2925 te,
562 2864 619 2913 et
646 2859 801 2914 dabit
830 2859 1049 2914 meliori
1074 2861 1132 2913 te
1156 2859 1213 2927 (1
1238 2860 1360 2927 Reg.
1393 2866 1483 2923 xv,
1509 2857 1616 2928 28).
1662 2874 1688 2909 ν)
1741 2865 1798 2913 et

1880 1905 2200 1960 cognoscas.
2234 1887 2367 1960 quia
2411 1889 2459 1942 si
2510 1887 2669 1942 licuit
2718 1898 2964 1958 unquam
3016 1885 3333 1945 Christiano
3374 1897 3475 1956 pro

1879 1977 2066 2049 aliqua
2096 1993 2156 2031 re
2175 1977 2434 2033 militare.
2450 1974 2580 2030 licet
2598 1979 2795 2030 contra
2823 1973 3201 2033 Guibertistas
3215 1973 3474 2032 omnibus

1878 2067 2059 2121 modis
2074 2066 2304 2121 bellare.
2329 2064 2386 2120 Si
2409 2064 2557 2119 enim
2578 2063 2775 2119 beatus
2786 2060 3089 2134 Gregorius
3109 2061 3473 2137 pugnandum

1879 2161 2073 2210 contra
2102 2152 2491 2227 Symoniacam
2525 2158 2582 2207 et
2610 2153 3037 2224 Neophytorum
3082 2149 3324 2206 haeresin
3372 2164 3474 2225 pro

1878 2242 2046 2299 ofﬁcii
2074 2243 2160 2297 sui
2190 2240 2635 2296 consideratione
2673 2241 2932 2295 omnibus
2960 2239 3245 2314 pmecepit,
3262 2243 3472 2313 quanto

1879 2333 2059 2402 magis
2074 2337 2267 2385 contra
2288 2327 2452 2393 hanc,
2468 2344 2589 2401 quae
2611 2334 2791 2383 mater
2805 2328 3153 2389 estomnium
3174 2323 3473 2381 haeresium

1880 2420 2242 2492 pugnandum
2268 2436 2405 2483 esse,
2434 2416 2635 2473 nullibi
2664 2412 2894 2472 dubium
2928 2422 3030 2483 est,
3065 2432 3168 2470 nec
3196 2414 3404 2475 milites
3440 2431 3476 2467 a

1885 2524 2057 2580 regno
2080 2510 2179 2563 Dei
2209 2506 2419 2562 alienos
2448 2525 2569 2561 esse
2591 2504 2988 2577 judicabimus,
3035 2520 3173 2576 quos
3221 2501 3476 2574 Baptista

1883 2597 2107 2653 Domini
2129 2614 2242 2651 non
2271 2598 2451 2651 solum
2502 2592 2794 2650 abhorruit
2854 2592 2983 2664 (54),
3033 2592 3131 2648 sed
3186 2593 3373 2671 potius
3413 2597 3479 2645 ut

1883 2685 2191 2741 militarent
2233 2682 2480 2740 contenti
2508 2686 2624 2739 suis
2646 2683 2939 2755 stipendiis
2960 2681 3223 2757 praecepit
3245 2682 3473 2751 (Luam.

1890 2771 1994 2845 id).
2026 2774 2300 2829 Dominus
2321 2789 2449 2828 vero
2476 2780 2667 2827 noster
2688 2772 2716 2826 J
2722 2786 2850 2826 esus
2875 2771 3131 2826 Christus
3145 2782 3331 2824 nonne
3350 2783 3479 2825 cen-

1878 2863 2120 2919 turionis
2151 2866 2317 2917 ﬁdem
2352 2862 2676 2933 anteposuit
2702 2861 2834 2914 ﬁliis
2874 2858 3049 2914 Israel
3084 2859 3109 2911 Ἰ
3131 2856 3240 2912 Sed
3268 2862 3325 2912 et
3350 2857 3474 2931 ejus

109 2975 115 2979 -
194 2954 329 3020 post
375 2949 566 3001 datam
611 2949 930 3002 unctionem
971 2947 1245 3002 diabolico
1309 2948 1511 3019 spiritu
1569 2947 1797 3018 plenum
1879 2954 2161 3007 servulum
2183 2965 2380 3005 curare
2409 2964 2520 3004 non
2536 2949 2869 3020 dedignatus
2900 2952 3001 3002 est.
3022 2944 3473 3016 Postgloriosam

191 3052 378 3109 usque
417 3037 487 3090 ad
518 3037 880 3091 durissimum
910 3037 1118 3091 Gelboe
1135 3038 1387 3107 pretium
1409 3037 1478 3090 ad
1492 3036 1794 3107 perniciem
1824 3099 1860 3111 ﬂ
1879 3055 2009 3095 vero
2031 3042 2153 3111 ejus
2185 3040 2251 3094 ad
2281 3040 2446 3093 ccelos
2482 3038 2887 3103 ascensionem,
2905 3035 3165 3107 primitiae
3193 3035 3472 3107 gentium,

193 3099 361 3181 suam
383 3130 515 3179 ante
530 3126 805 3179 humanos
818 3127 1005 3180 oculos
1024 3099 1360 3195 regnasseo
1374 3099 1582 3196 quanto
1600 3126 1799 3179 melius
1816 3099 1863 3159 Ο
1883 3133 1977 3203 qui
2008 3099 2365 3184 crediderunt
2392 3142 2457 3181 ex
2511 3125 2782 3180 militibus
2822 3099 3000 3190 fuere,
3041 3129 3099 3178 et
3133 3099 3226 3177 in.
3246 3099 3474 3181 tantum

195 3218 367 3279 esset,
398 3214 448 3267 si
475 3230 541 3267 eo
558 3213 668 3275 die,
693 3228 847 3283 quoa
869 3212 1105 3267 Domino
1125 3213 1455 3284 reprobatus
1477 3214 1632 3283 regia
1654 3218 1801 3267 esset
1883 3236 2075 3275 eorum
2108 3221 2476 3290 eleemosynae
2506 3217 2563 3269 et
2590 3216 2871 3271 orationes
2911 3217 3151 3287 acceptae
3189 3213 3366 3279 fuere,
3408 3214 3475 3287 tit

193 3306 479 3375 potestate
505 3303 773 3373 privatus,
810 3317 977 3372 quam
1008 3308 1134 3373 post
1154 3302 1414 3373 cupidine
1448 3302 1603 3372 regni
1630 3303 1797 3355 inﬂa-
1881 3308 2107 3364 Simone
2128 3307 2293 3361 Petro
2321 3303 2381 3359 in
2403 3305 2629 3359 domum
2646 3300 3147 3366 Corneliiintrante
3166 3304 3469 3377 antequam

194 3396 319 3446 tum
352 3407 454 3463 per
473 3391 660 3445 Doech
682 3390 978 3445 Idumeum
1004 3392 1352 3445 sacerdotem
1373 3391 1597 3445 Domini
1627 3391 1797 3444 inter-
1880 3396 1930 3451 ei
1957 3400 2012 3451 et
2029 3397 2264 3468 quicum
2283 3408 2347 3449 eo
2368 3401 2548 3461 erant,
2573 3390 2862 3448 manusim
2869 3395 3121 3462 poneret,
3136 3395 3193 3444 et
3205 3386 3474 3461 baptismi

194 3482 410 3545 ﬁceret,
441 3484 501 3533 et
555 3480 835 3549 octoginta
895 3480 1044 3534 viros
1102 3480 1287 3550 Ephot
1332 3480 1608 3533 accinctos
1644 3480 1793 3533 lineo

190 3565 457 3637 jussisset
482 3582 720 3634 necare;
753 3574 811 3621 et
838 3568 884 3621 si
907 3569 1102 3622 eodem
1133 3568 1243 3634 die,
1273 3573 1336 3621 ut
1361 3568 1619 3638 superius
1657 3568 1791 3633 dixi,

193 3660 351 3711 esset
378 3657 706 3727 repudiatus
744 3673 857 3709 non
905 3656 1189 3710 diabolum
1237 3657 1297 3710 in
1348 3657 1609 3710 Samuele
1666 3657 1797 3710 ado-

194 3750 401 3809 rasset,
458 3756 564 3798 nec
614 3745 737 3814 ejus
789 3742 957 3797 verba
997 3745 1249 3799 audisset
1294 3744 1567 3799 dicentis:
1603 3744 1687 3797 Tu
1740 3749 1796 3797 et

193 3832 297 3886 ﬁlii
324 3833 410 3887 tui
441 3846 566 3887 cras
591 3847 810 3886 mecum
839 3833 996 3887 eritis
1013 3836 1069 3900 (Ι
1094 3836 1214 3901 Reg.
1273 3846 1456 3895 xxvm,
1505 3831 1615 3900 19).
1650 3831 1795 3895 Quid

194 3923 382 3993 plura.
440 3922 588 3975 Satis
644 3921 856 3991 liquido
909 3926 1069 3992 patet
1120 3938 1248 3975 eum
1301 3928 1587 3975 mortuum
1626 3920 1796 3974 fuisse

195 4025 255 4075 et
278 4016 598 4091 depositum
624 4032 691 4073 eo
730 4014 843 4086 die,
875 4034 985 4089 quo
1023 4017 1357 4073 Guibertum
1404 4032 1613 4090 pronus
1669 4019 1798 4072 ado-

193 4109 361 4163 ravit.

267 4197 415 4251 Item
444 4200 579 4249 sunt
604 4196 853 4266 quidam,
887 4195 982 4266 qui
1010 4193 1205 4249 dicunt
1240 4195 1613 4250 venerabilem
1663 4196 1798 4249 Greo

191 4286 419 4357 gorium
447 4285 903 4338 vereRomanum
919 4284 1091 4337 fuisse
1115 4285 1457 4354 pontiﬁcem,
1480 4285 1579 4338 sed
1600 4299 1795 4354 regem

189 4375 410 4445 absque
437 4374 656 4427 ratione
689 4373 1197 4426 excommunicasse
1224 4373 1533 4426 secundum
1569 4373 1797 4427 decreta

1877 3500 2025 3556 aqua
2043 3500 2094 3538 m
2103 3486 2342 3539 undaret
2366 3483 2543 3537 sancti
2564 3480 2810 3554 Spiritus
2820 3494 3115 3552 suscepere
3135 3480 3475 3535 charismata

1879 3576 2010 3641 (Act.
2038 3590 2092 3639 x,
2118 3570 2228 3641 44).
2264 3571 2334 3626 Et
2360 3587 2488 3625 cum
2519 3570 2632 3624 sint
2660 3569 2915 3640 quaedam
2967 3568 3167 3635 oﬂicia,
3220 3566 3291 3625 ad
3348 3585 3473 3642 quae

1876 3662 2061 3715 redire
2090 3666 2215 3732 post
2243 3658 2520 3732 baptisma
2542 3656 2663 3729 (55)
2720 3657 2823 3713 sub
2884 3656 3189 3728 gentilibus
3236 3656 3469 3719 ducibus

1875 3749 2205 3803 militavere.
2231 3750 2436 3813 Quare,
2466 3748 2513 3801 si
2537 3744 2696 3801 licuit
2726 3763 2826 3818 pro
2879 3751 3104 3799 terreno
3154 3761 3305 3817 rege,
3358 3761 3472 3799 non

1877 3836 2065 3892 licebit
2092 3852 2193 3909 pro
2223 3832 2479 3891 caelesti?
2517 3836 2576 3890 Si
2628 3835 2787 3889 licuit
2834 3848 2935 3906 pro
2988 3832 3293 3905 republica,
3356 3849 3471 3888 non

1876 3922 2062 3981 licebit
2092 3943 2193 3998 pro
2215 3923 2475 3997 justitia?
2515 3924 2574 3978 Si
2602 3925 2760 3978 licuit
2786 3929 2981 3978 contra
3008 3921 3298 3991 barbaros,
3356 3937 3471 3976 non

1877 4012 2067 4069 licebit
2092 4021 2286 4070 contra
2302 4014 2590 4069 haereticos
2609 4012 2635 4066 ?
2663 4012 2862 4066 Nonne
2900 4012 2959 4065 S.
3008 4008 3278 4081 Hilarius,
3306 4011 3372 4064 ut
3410 4007 3470 4063 in

1876 4100 2114 4158 historia
2169 4100 2396 4174 legitur,
2452 4100 2797 4156 Francorum
2859 4096 3198 4154 Clodoveum
3278 4103 3469 4173 regem

1877 4196 2073 4246 contra
2102 4191 2392 4247 haereticos
2434 4189 2671 4244 Arianos
2701 4186 2980 4243 armavit?
3008 4186 3119 4242 Sed
3157 4191 3215 4241 et
3268 4182 3471 4241 beatus

1875 4284 2225 4354 Augustinus
2246 4282 2483 4351 insignis
2506 4281 2700 4335 doctor
2728 4278 3074 4334 Bonifacium
3095 4278 3374 4343 hortatur,
3405 4281 3471 4333 ut

1876 4371 2365 4425 Circumcelliones
2410 4373 2469 4422 et
2523 4368 2849 4422 Donatistae
2894 4366 3265 4438 suspenderet
3296 4371 3471 4437 atque

192 4463 396 4518 Felicis
428 4479 582 4532 papae
611 4467 668 4515 et
719 4462 1004 4532 martyris,
1064 4461 1122 4514 in
1174 4461 1376 4531 quibus
1429 4462 1508 4514 sic
1557 4462 1789 4532 legitur:
1811 4450 1857 4506 D
1870 4466 2325 4530 persequeretur,
2354 4458 2517 4530 eique
2538 4458 2617 4517 sic
2644 4456 2837 4517 scribit
2858 4456 3005 4518 inter
3024 4460 3260 4509 cetera:
3304 4463 3321 4508 3

192 4554 376 4608 Nemo
407 4552 524 4605 suis
552 4550 719 4609 rebus
743 4549 1082 4620 exspoliutus
1108 4555 1207 4603 aut
1248 4567 1285 4603 a
1314 4546 1445 4604 sede
1474 4551 1668 4620 pulsus
1698 4562 1796 4621 po-

193 4646 308 4695 test
330 4638 802 4693 excommunicari
834 4639 915 4690 vel
950 4639 1191 4707 judicari
1239 4639 1570 4709 priusquam
1605 4639 1794 4693 omnia

192 4729 246 4783 ei
298 4728 778 4797 redintegrentur,
821 4730 926 4779 etc.
994 4726 1104 4779 Sed
1162 4728 1415 4796 quamvis
1472 4727 1577 4780 hoc
1649 4728 1794 4798 capi-

190 4818 378 4873 tulum
402 4815 721 4887 specialiter
766 4815 838 4868 ad
865 4815 1152 4885 episcOpos
1192 4816 1473 4885 pertinere
1514 4816 1790 4881 videatur,

1945 4547 2231 4603 Bonifaeio
2284 4544 2580 4617 spectabili
2634 4546 2773 4610 vim,
2842 4547 2906 4619 Α,
2950 4543 3252 4598 Salutem!
3303 4542 3473 4599 Gravi

1875 4636 1944 4690 de
1973 4653 2166 4706 pugna
2186 4634 2791 4706 conquereris,dubites
2806 4634 2955 4698 nolo,
2971 4632 3109 4686 utile
3130 4630 3232 4685 tibi
3248 4630 3473 4701 tuisque

1875 4724 2019 4779 dabo
2036 4724 2348 4778 consilium.
2382 4724 2583 4794 Arripe
2612 4722 2871 4777 manibus
2899 4736 3076 4785 arma,
3103 4721 3284 4774 oratio
3305 4736 3471 4774 aures

1875 4815 2060 4885 pulset
2074 4814 2337 4869 auctoris.
2362 4814 2511 4877 Quia
2531 4813 2755 4883 quando
2774 4816 3077 4883 pugnatur,
3094 4809 3244 4863 Deus
3261 4807 3475 4879 apertis

189 4912 389 4960 tamen
415 4901 831 4958 evidentissime
858 4900 1339 4957 demonstrabitur
1362 4902 1504 4957 nihil
1541 4901 1623 4958 eis
1668 4919 1792 4974 pro-
1872 4902 2052 4956 oculis
2077 4901 2363 4972 prospicit,
2392 4907 2451 4955 et
2477 4907 2718 4975 partem,
2756 4915 2924 4972 quam
2958 4897 3173 4972 aspicit,
3226 4896 3466 4970 justam,

193 4993 377 5057 desse,
411 5007 521 5064 quo
543 4992 728 5046 minus
751 4991 1080 5046 ostendatur
1106 5008 1298 5063 regem
1330 4993 1481 5063 juste
1504 4988 1676 5046 fuisse
1705 5008 1793 5047 ex-
1873 4990 1956 5044 illi
1984 4988 2157 5045 donat
2185 4988 2432 5062 palmam
2457 4995 2513 5043 et
2538 4990 2853 5048 victoriam.
2888 4985 3021 5046 Noli
3042 4985 3361 5045 existimare
3409 4983 3472 5045 in

192 5063 693 5137 communicatum.
726 5077 784 5135 Si
809 5078 957 5134 enim
1014 5077 1084 5134 de
1128 5097 1303 5151 regno
1360 5081 1552 5152 aliqua
1597 5081 1797 5136 fuisset
1877 5079 2049 5132 armis
2072 5072 2283 5133 bellicis
2312 5093 2421 5132 non
2455 5093 2615 5147 posse
2658 5078 2774 5133 Deo
2820 5077 3058 5147 placere.
3103 5070 3174 5131 In
3225 5071 3315 5133 his
3362 5063 3476 5131 fuit

192 5169 576 5225 controversia
644 5174 971 5223 utrumnam
1029 5170 1183 5238 juste
1235 5170 1323 5223 vel
1373 5169 1582 5239 injuste
1634 5170 1795 5239 regni
1874 5172 2103 5223 sanctus
2133 5166 2326 5230 David,
2350 5166 2442 5219 cui
2462 5165 2739 5219 Dominus
2756 5168 2981 5217 tantum
3008 5160 3293 5233 perhibuit
3318 5159 3477 5215 testi-

192 5264 417 5313 teneret
434 5256 833 5328 gubernacula,
854 5258 991 5311 cedo
1010 5274 1023 5325 ;
1042 5254 1269 5312 deberet
1283 5258 1439 5329 prius
1456 5275 1556 5311 suo
1578 5259 1798 5312 restitui
1878 5257 2132 5311 monium
2166 5276 2177 5311 :
2217 5272 2243 5307 tt
2272 5257 2353 5310 De
2376 5254 2559 5310 fructu
2586 5252 2796 5308 ventris
2820 5256 2863 5305 t.
2890 5266 2945 5325 p.
2991 5262 3039 5303 s.
3095 5263 3143 5303 s.
3185 5252 3230 5303 t.
3287 5248 3463 5320 (Paul.

192 5349 319 5403 loco
336 5360 509 5419 quam
537 5346 1003 5401 excommunicari
1062 5352 1120 5400 et
1167 5344 1430 5418 judicari.
1486 5345 1596 5401 Sed
1653 5348 1801 5402 inter
1883 5356 2076 5413 CXXXI,
2118 5345 2227 5414 il),
2268 5365 2290 5397 »
2324 5346 2390 5401 1n
2419 5345 2507 5400 his
2535 5342 2641 5400 fuit
2667 5347 2724 5397 et
2765 5337 3037 5404 centurio,
3060 5334 3129 5395 de
3181 5352 3294 5409 quo
3338 5334 3478 5395 dicit

194 5453 403 5511 papam
434 5440 492 5490 et
507 5451 699 5505 regem
724 5452 840 5490 non
870 5434 1098 5489 aliunde
1122 5442 1246 5491 orta
1272 5447 1358 5490 est
1401 5436 1796 5502 controversia,
1882 5434 2155 5490 Dominus
2184 5453 2199 5487 :
2237 5454 2261 5486 ι
2294 5436 2476 5490 Amen
2502 5432 2629 5487 dico
2656 5430 2834 5496 vobis,
2862 5445 2976 5485 non
3019 5427 3210 5487 inveni
3254 5432 3475 5487 tam

1955 5576 2060 5645 (55)
2088 5576 2451 5634 haerendum
2466 5576 2619 5632 haud
2645 5573 2816 5631 dubie
2834 5588 2949 5628 non
2967 5573 3149 5638 uouit.
3168 5569 3473 5631 enim

264 5575 378 5646 (54)
404 5572 602 5632 Potius
628 5576 933 5647 legendum
962 5593 1076 5633 non
1103 5577 1423 5644 abhorruit,
1476 5575 1800 5648 requirente

1878 5664 1995 5705 non
2016 5647 2243 5705 habent.

194 5660 389 5704 8811811.
