3964 6372
508 310 613 370 855

1512 322 1898 378 BONIZONIS
1938 319 2375 376 PLACENTINI
2416 314 2741 375 EPISCOPI

3664 306 3772 363 856

509 438 679 493 ﬁdem
708 438 768 495 in
799 439 973 496 Israel
998 444 1214 511 (Matth.
1250 459 1365 513 vm,
1413 446 1526 518 40).
1562 470 1584 497 ι
1639 449 1703 502 In
1743 448 1828 502 his
1879 447 1987 502 fuit
2040 447 2503 507 etAsanctorum
2532 445 2764 499 Patrum
2784 441 3139 507 documenta,
3170 437 3443 492 advertite
3467 437 3525 489 et
3552 449 3657 506 pro
3691 449 3777 488 ve-

500 526 804 597 ,Cornelius
831 531 992 600 cujus
1041 532 1405 605 eleemosynae
1456 535 1611 590 fuere
1659 542 1895 608 acceptae
1950 536 2097 607 apud
2182 529 3433 604 ritatepugnantiumexempla:Hermogenem
3448 523 3778 595 praefectum

511 616 689 670 Deum
709 616 853 685 (Act.
885 635 937 685 x,
966 619 1071 689 14).
1099 621 1238 686 Quid
1261 623 1443 679 dicam
1464 623 1736 680 ‘lHostem
1756 630 2098 696 pugnantem
2182 622 2418 677 Paulum
2449 618 3067 690 Constantinopolitano
3104 615 3360 687 episc0po
3397 613 3513 667 zelo
3550 611 3780 666 Arianae

510 705 814 760 necessitas
844 708 1085 778 perimat
1108 726 1221 765 non
1249 713 1524 768 voluntas.
1558 714 1713 770 Idem
1751 714 1821 767 de
1845 727 2103 767 sermone
2183 712 2461 765 haereseos
2509 707 2952 780 persecutionem
2984 705 3320 760 inferentem
3363 702 3607 775 legimus
3644 715 3776 754 cum

515 792 741 848 Domini
764 793 955 851 habito
984 797 1043 852 in
1071 805 1261 857 monte
1287 817 1412 856 cum
1443 802 1510 856 de
1548 801 1991 857 beatitudinibus
2017 802 2101 856 lo-

515 887 786 953 queretur
810 889 869 938 et
891 886 1132 942 venisset
1154 888 1224 943 ad
1262 908 1284 940 ι
1318 889 1466 944 beati
1513 891 1609 961 qui
1659 890 2100 963 persecutionem

516 969 808 1040 patiuntur
829 979 1059 1045 propter
1070 976 1348 1046 justitiam
1378 978 1596 1050 (Matth.
1632 996 1683 1046 v,
1728 979 1833 1046 10),
1868 998 1894 1031 )›
1924 995 2107 1050 aequa-

516 1056 647 1112 liter
672 1058 812 1113 dixit
838 1060 1031 1117 beatos
1060 1080 1202 1132 esse,
1232 1066 1326 1136 qui
1370 1067 1816 1137 persecutionem
1857 1066 2108 1121 inferunt

516 1152 749 1216 propter
756 1149 1058 1217 justitiam.
1089 1169 1154 1206 ac
1178 1153 1225 1207 si
1241 1155 1791 1225 quipersecutionem
1814 1155 2109 1227 patiuntur

516 1242 747 1305 propter
766 1237 1066 1306 justitiam.
1086 1241 1446 1297 Hieronimus
1464 1245 1663 1299 veroin
1683 1245 1949 1300 Tractatu
1968 1245 2109 1297 Pen-

515 1324 724 1379 tateuci
746 1325 826 1380 sic
849 1328 1124 1394 meminit,
1160 1330 1349 1385 dicens
1375 1350 1387 1385 :
1421 1332 1478 1387 Si
1508 1332 1743 1388 Hebraeo
1770 1337 2109 1404 praeceptum

519 1416 605 1466 est
623 1414 771 1483 patri
792 1420 846 1469 et
876 1418 1043 1471 matri
1077 1423 1135 1472 et
1160 1420 1339 1482 uxori,
1372 1437 1494 1491 quae
1522 1421 1730 1475 dormit
1759 1422 1819 1475 in
1840 1421 1966 1476 sinu
2007 1437 2108 1475 suo

518 1515 632 1555 non
659 1518 912 1575 parcere,
979 1506 1027 1559 si
1071 1524 1131 1561 se
1169 1508 1409 1562 voluerit
1456 1526 1491 1564 a
1546 1510 1781 1565 veritate
1831 1514 2106 1573 avertere,

486 1662 489 1665 Ἴ
519 1595 733 1659 quanto
752 1592 932 1663 magis
958 1593 1078 1661 tibi,
1111 1611 1144 1649 o
1176 1596 1511 1663 Christiane,
1550 1598 1809 1652 haeretico
1835 1597 2109 1652 scindenti

2185 799 2338 854 omni
2367 799 2533 853 domo
2555 814 2660 852 sua
2695 797 2768 851 ab
2797 793 3119 850 orthodoxis
3138 794 3269 864 igne
3297 795 3631 857 crematum,
3674 804 3783 844 nec

2184 889 2289 943 hoc
2310 886 2814 959 vituperatum,sed
2827 885 2896 939 ab
2917 882 3177 938 omnibus
3218 881 3424 936 scimus
3444 896 3567 934 esse
3584 879 3784 933 lauda-

2184 982 2329 1030 tum.
2386 976 2532 1040 Quid
2569 991 2701 1028 vero
2750 974 2819 1028 de
2874 970 3275 1028 Alexandrinis
3327 970 3529 1024 dicam.
3576 969 3781 1022 Nonne

2187 1071 2417 1137 propter
2444 1065 2623 1119 varias
2646 1080 2864 1136 pugnas
2894 1067 2951 1117 et
2996 1061 3216 1116 diversa
3268 1056 3595 1122 certamina,
3656 1073 3783 1127 quae

2187 1160 2383 1208 contra
2408 1154 2646 1208 Arianos
2667 1150 3060 1210 exercuere,in
3091 1154 3209 1203 toto
3228 1146 3785 1202 mundolaudantur?

2188 1246 2391 1298 Annon
2418 1242 2862 1297 Mediolanenses
2890 1257 2924 1293 a
2964 1237 3252 1293 catholicis
3288 1236 3566 1306 condigna
3599 1233 3788 1304 gloria

2190 1332 2558 1398 extolluntur,
2592 1330 2688 1401 qui
2715 1329 3048 1386 orthodoxos
3074 1327 3362 1398 episcopos
3398 1324 3455 1378 in
3487 1323 3786 1377 ecclesiam

2190 1421 2470 1491 fugientes
2507 1420 2577 1473 de
2613 1435 2787 1473 manu
2830 1416 3146 1473 Constantii
3191 1412 3538 1469 liberavere?
3581 1412 3787 1466 Nonne

2191 1509 2432 1581 Cyrillus
2458 1509 2749 1580 episc0pus
2762 1506 3194 1571 Alexandrinus,
3211 1504 3372 1573 cujus
3386 1502 3509 1556 laus
3528 1500 3587 1554 in
3608 1500 3789 1571 Ephe-

2190 1598 2314 1652 sino
2342 1596 2575 1651 concilio
2587 1602 2690 1663 est,
2717 1595 3022 1650 Amonium
3033 1593 3389 1657 monachum,
3408 1590 3505 1661 qui
3523 1587 3788 1644 Orestem

518 1678 744 1735 Domini
768 1682 797 1735 J
801 1697 899 1736 esu
915 1688 1124 1737 vestem
1151 1701 1262 1740 non
1280 1701 1401 1740 esse
1423 1686 1764 1756 parcendum
1785 1702 2107 1757 cognoscas.
2131 1754 2165 1757 _
2191 1686 2513 1757 praefectum
2542 1702 2673 1740 saxo
2712 1684 2988 1756 percussit
3014 1683 3130 1736 zelo
3156 1681 3258 1735 Dei
3277 1681 3499 1745 ductus,
3528 1676 3791 1749 quamvis

520 1767 678 1824 Idem
706 1769 777 1823 ad
805 1771 1077 1826 rusticum
1104 1773 1552 1829 Narbonensem:
1587 1791 1699 1829 non
1735 1780 1820 1830 est
1849 1776 2110 1847 impietas
2130 1754 2309 1829 Bnon
2336 1775 2643 1829 secundum
2672 1754 2975 1845 perfectam
3022 1770 3335 1835 scientiam,
3370 1768 3485 1839 'qui
3512 1766 3582 1821 ab
3603 1765 3790 1820 ofﬁcio

519 1872 623 1927 pro
651 1857 767 1912 Deo
795 1859 1114 1916 crudelitas.
1167 1862 1440 1918 Prazfatus
1468 1868 1695 1918 sanctus
1752 1862 2113 1919 Hieronimus

522 1944 582 2013 in
602 1947 866 2002 Tractatu
895 1947 1156 2005 Jeremiaa
1199 1951 1272 2005 ad
1324 1951 1628 2007 Eusebium
1678 1953 2113 2007 Cremonensem

520 2033 603 2089 sic
632 2034 826 2095 scribit
852 2035 1002 2091 inter
1035 2044 1268 2093 caetera:
1300 2041 1623 2095 Homicidas
1652 2046 1710 2096 et
1738 2042 2021 2095 adulteros
2059 2046 2116 2096 et

520 2138 648 2177 reos
680 2124 877 2180 mortis
905 2127 1167 2181 scelestos
1186 2128 1422 2199 perdere
1452 2146 1564 2184 non
1602 2134 1689 2184 est
1725 2130 2110 2196 homicidium,

522 2212 622 2267 sed
646 2214 839 2297 legum
870 2213 1204 2271 observatio.
1241 2217 1589 2272 Venerabilis
1622 2235 1751 2273 vero
1789 2219 2117 2273 Ambrosius

520 2317 748 2371 gemma
765 2304 1117 2358 sacerdotum
1146 2304 1204 2359 in
1235 2306 1476 2376 quadam
1508 2323 1609 2362 sua
1624 2308 1861 2379 epistola
1876 2325 1935 2362 se
1947 2308 2118 2362 armis

523 2390 858 2460 populorum
892 2392 1242 2447 defensatum
1271 2411 1306 2448 a
1332 2393 1955 2466 Justinaaimperatricis
1967 2396 2118 2451 rabie

524 2477 819 2548 gloriatur.
840 2480 1239 2537 Sanctissimus
1248 2500 1378 2537 vero
1389 2484 1693 2554 Gregorius
1709 2486 1865 2540 sidus
1883 2502 2118 2540 aureum

526 2581 563 2619 a
598 2566 861 2629 Mauritio
917 2569 1258 2640 imperatore
1309 2572 1583 2642 arguitur,
1643 2590 1709 2628 eo
1769 2575 1917 2645 quod
1967 2574 2116 2628 mili-

526 2659 615 2710 tes
642 2654 906 2712 Romana:
957 2657 1113 2712 urbis
1157 2676 1348 2714 muros
1389 2666 1614 2716 tuentes
1659 2663 1817 2733 larga
1862 2663 2115 2718 ciborum

527 2747 585 2798 et
610 2760 899 2799 armorum
926 2746 1353 2803 honoriﬁcentia
1379 2750 1674 2822 plusquam
1688 2752 1757 2805 ab
1778 2752 2116 2822 imperatore

496 2906 497 2909 η
525 2832 675 2887 soliti
701 2839 863 2887 erant
882 2834 1153 2907 accipere,
1195 2837 1571 2908 impendebat.
1603 2840 1750 2904 Quid
1790 2857 1916 2895 vero
1940 2840 2113 2895 veloci

529 2921 799 2991 magistro
827 2923 1072 2978 militum
1104 2926 1330 2991 scribat,
1355 2927 1682 2983 audiamus:
1707 2946 1810 2983 nec
1836 2929 1973 2984 utile
2000 2928 2118 3001 (56)

526 3010 708 3065 visum
739 3015 843 3077 est,
869 3017 934 3067 ut
951 3013 1225 3084 aliquanti
1253 3015 1387 3079 illuc
1407 3017 1612 3071 milites
1639 3018 2117 3080 transmittantur,

2195 1865 2446 1935 ejusdem
2480 1861 2778 1931 Orestislob
2806 1862 2913 1915 hoc
2936 1860 3120 1914 fuerat
3143 1858 3444 1930 lapidatus,
3472 1856 3625 1911 inter
3643 1870 3794 1910 mar-

2195 1957 2349 2024 tyres
2379 1950 2707 2007 collocavit?

2266 2040 2573 2094 Veniamus
2599 2054 2748 2093 nunc
2776 2037 2848 2091 ad
2875 2040 3070 2091 nostra
3091 2040 3366 2106 tempora,
3393 2038 3451 2088 et
3474 2033 3788 2098 videamus,

2198 2128 2331 2201 quid
2347 2128 2725 2200 pugnantibus
2737 2132 2930 2181 contra
2942 2126 3363 2182 Northmannos
3374 2122 3478 2178 sub
3488 2139 3638 2194 papa
3648 2123 3792 2176 Leo-

2198 2234 2270 2272 ne
2283 2218 2652 2288 Omnipotens
2673 2215 2911 2271 contulit
2933 2234 2945 2268 :
2965 2215 3144 2286 gloria
3159 2214 3308 2269 enim
3332 2219 3385 2268 et
3405 2213 3619 2267 honore
3628 2226 3793 2265 coro-

2200 2307 2355 2360 navit
2375 2322 2470 2360 eos
2486 2307 2663 2374 (Hebr.
2686 2320 2749 2373 Il,
2770 2303 2841 2365 7),
2864 2308 2922 2358 et
2940 2303 3115 2374 signis
3133 2307 3191 2357 et
3217 2301 3487 2373 prodigiis
3508 2299 3616 2354 sibi
3639 2315 3796 2353 com-

2201 2396 2476 2467 placuisse
2496 2393 2893 2465 comprobavit.
2937 2392 3082 2457 Quid
3133 2408 3265 2446 vero
3312 2391 3381 2446 de
3428 2388 3795 2444 Herlinbaldo

2200 2484 2318 2538 viro
2346 2484 2608 2554 religioso
2634 2488 2689 2537 et
2744 2483 3009 2537 Decentio
3052 2482 3306 2536 Romano
3362 2477 3622 2550 praefecto
3676 2476 3797 2530 viro

2200 2566 2678 2627 Christianissimo
2698 2572 2959 2636 dixerim,
2977 2571 3047 2625 ad
3063 2586 3301 2642 quorum
3329 2567 3590 2638 sepulcra
3616 2566 3800 2620 multa

2198 2663 2622 2717 miraculaDeus
2639 2660 2931 2732 Operatur?
2946 2660 3125 2730 Igitur
3138 2663 3388 2731 pugnent
3403 2654 3798 2727 gloriosissimi

2198 2752 2299 2805 Dei
2319 2751 2527 2805 milites
2551 2766 2653 2821 pro
2668 2751 2919 2814 veritate,
2935 2752 3151 2802 certent
3166 2764 3266 2818 pro
3281 2745 3521 2816 justitia,
3547 2747 3803 2815 pugnent

2193 2855 2324 2895 vero
2339 2839 2529 2895 animo
2542 2837 2808 2893 adversus
2819 2835 3075 2899 haeresim
3089 2835 3447 2890 extollentem
3458 2850 3517 2887 se
3531 2832 3802 2887 adversus

2199 2944 2387 2995 omne,
2420 2929 2568 2999 quod
2594 2928 2816 2989 dicitur,
2844 2932 2901 2980 et
2929 2926 3077 2997 quod
3109 2926 3407 2996 colitur(ll
3434 2925 3608 2977 Thess.
3631 2938 3697 2990 II,
3720 2924 3798 2993 ἆ).

2202 3018 2559 3074 AEmulentur
2584 3016 2643 3070 in
2669 3016 2879 3071 bonum
2901 3014 3421 3070 excellentissimam
3448 3013 3800 3067 comitissam

530 3114 671 3170 quos
698 3099 880 3170 gloria
900 3105 1001 3157 tua
1019 3102 1321 3158 admonere
1351 3109 1408 3158 et
1425 3105 1659 3170 hortari,
1693 3111 1757 3160 ut
1783 3107 1965 3177 parati
1990 3106 2120 3171 sint,
2140 3102 2187 3166 Ο
2207 3106 2534 3160 Mathildam
2561 3105 2733 3159 ﬁliam
2765 3103 3218 3173 beatiPetri,quae
3241 3101 3385 3155 virili
3407 3100 3596 3155 animo
3615 3099 3803 3154 omni—

528 3187 603 3241 ad
630 3186 879 3242 laborem
916 3190 1158 3257 studeat,
1192 3197 1249 3246 et
1276 3193 1566 3247 occasione
1595 3193 1822 3248 inventa
1844 3211 1971 3248 cum
2000 3195 2123 3264 glo-

529 3274 854 3330 riosissimis
872 3277 1005 3332 ﬁliis
1022 3281 1230 3334 nostris
1259 3281 1466 3335 Marcio
1494 3287 1552 3335 et
1577 3283 1783 3337 Vitalio
1803 3284 2054 3354 loquere,
2071 3290 2128 3339 et

534 3379 883 3435 quaecunque
906 3365 1061 3421 vobis
1095 3368 1353 3438 adjutore
1380 3370 1497 3424 Deo
1523 3385 1626 3441 pro
1657 3370 1900 3425 utilitate
1939 3372 2127 3443 reipu-

531 3450 691 3506 blicae
715 3454 1033 3519 statuerint,
1067 3460 1124 3510 et
1155 3448 1416 3511 si'adhuc
1440 3458 1510 3511 ad
1542 3459 1890 3513 Ravennates
1940 3467 2127 3530 partes

534 3539 844 3610 Aiulphum
886 3544 1254 3612 cognoveritis
1280 3561 1591 3611 excurrere,
1627 3564 1723 3601 vos
1750 3564 1784 3601 a
1808 3548 1973 3602 dorso
2004 3551 2126 3620 ejus

536 3627 684 3682 sicut
709 3627 883 3683 fortes
908 3630 1056 3684 viros
1080 3632 1362 3699 condecet,
1385 3633 1656 3689 laborate.
1675 3636 1815 3690 Item
1849 3637 2057 3692 Marcio
2075 3644 2131 3693 et

537 3715 745 3775 Vitalio
774 3717 925 3772 inter
941 3727 1178 3774 caetera:
1218 3720 1457 3776 Gloriosi
1510 3723 1611 3776 ﬁlii
1649 3730 1828 3779 estote
1880 3726 2126 3792 solliciti,

537 3804 673 3874 quia
701 3810 973 3876 quantum
985 3808 1250 3879 comperi,
1276 3810 1453 3865 hostis
1481 3812 1767 3867 collectam
1790 3812 1961 3868 habet
1990 3815 2132 3869 mul-

535 3890 857 3959 titudinem,
882 3900 939 3949 et
953 3894 1012 3948 in
1032 3896 1205 3949 armis
1215 3897 1421 3953 dicitur
1439 3900 1705 3956 residere.
1721 3901 1778 3956 Si
1798 3902 1888 3956 hic
1902 3919 2129 3957 cursum

535 3980 653 4039 Deo
675 3982 780 4036 sibi
808 3983 955 4038 irato
975 3984 1201 4039 mittere
1232 3987 1485 4053 voluerit,
1508 4006 1604 4043 vos
1635 3990 1932 4057 locaillius,
1958 4007 2133 4062 quan-

509 4075 658 4157 ‘tum
686 4074 838 4129 Deus
864 4075 1164 4146 adjuverit,
1183 4078 1517 4149 depraedate.
1536 4081 1691 4135 Idem
1711 4082 1772 4136 in
1792 4082 2124 4138 moralibus:

534 4158 832 4218 Crudelem
869 4166 1184 4221 interﬁcere
1222 4184 1335 4222 non
1386 4174 1474 4223 est
1527 4170 1847 4225 crudelitas.
1880 4171 2196 4233 AudistisD

2204 3194 2308 3250 bus
2337 3195 2636 3249 mundanis
2673 3193 2839 3247 rebus
2877 3190 3251 3263 posthabithis
3298 3190 3442 3243 mori
3486 3194 3687 3258 parata
3718 3194 3806 3243 est

2208 3285 2395 3356 potius
2415 3299 2583 3354 quam
2600 3283 2782 3353 legem
2804 3282 2903 3336 Dei
2924 3281 3314 3351 infringere,et
3331 3283 3524 3332 contra
3539 3277 3801 3331 haeresim

2208 3389 2332 3442 quae
2361 3388 2511 3426 nunc
2530 3371 2685 3425 saevit
2712 3371 2770 3424 in
2797 3370 3060 3435 Ecclesia,
3093 3373 3261 3441 prout
3311 3368 3453 3421 vires
3491 3370 3807 3437 suppetunt

2209 3461 2469 3516 omnibus
2486 3459 2666 3514 modis
2695 3460 3026 3530 impugnare
3043 3459 3100 3511 in
3118 3456 3476 3526 manu,cujus
3493 3454 3798 3520 credimus,

2211 3550 2343 3621 quia
2368 3549 2626 3603 tradetur
2645 3549 2835 3603 Sisara
2854 3553 2911 3602 et
2933 3547 3077 3601 sicut
3104 3546 3141 3600 J
3142 3545 3273 3600 abin
3296 3546 3353 3599 in
3368 3548 3620 3599 torrente
3636 3543 3808 3599 Cison

2210 3639 2567 3709 dispergetur
2586 3638 2755 3706 (Psal.
2790 3649 2997 3705 Lxxxn,
3026 3633 3235 3701 10,11),
3255 3633 3389 3704 quia
3412 3632 3810 3686 exterminavit

2211 3727 2431 3781 vineam
2460 3724 2706 3791 Domini,
2737 3730 2795 3780 et
2840 3724 3159 3795 depascitur
3208 3738 3334 3776 eam
3389 3726 3453 3775 ut
3502 3720 3809 3790 singularis

2209 3815 2381 3886 (Psal.
2414 3828 2597 3880 LXXIX,
2615 3812 2724 3880 14),
2748 3813 2926 3867 factus
2947 3818 3010 3867 ut
3036 3817 3251 3867 stercus
3267 3815 3453 3865 terrae.
3477 3810 3594 3865 Nos
3615 3814 3807 3863 autem

2211 3902 2521 3957 secundum
2546 3901 2711 3956 ofﬁcii
2741 3902 2918 3956 nostri
2938 3907 3192 3956 tenorem
3222 3916 3464 3965 oremus,
3485 3903 3552 3953 ut
3580 3898 3809 3953 incensa

2211 3991 2329 4062 igni
2359 3996 2417 4045 et
2443 3991 2650 4045 suﬁ'osa
2677 3992 2785 4060 (ita
2814 3991 2949 4061 cod.)
2983 3990 3053 4044 ab
3081 3989 3466 4061 increpatione
3487 3988 3675 4044 vultus
3716 3987 3801 4042 tui

2213 4080 2482 4134 citissime
2510 4084 2703 4151 pereat
2732 4080 2906 4150 (ibid.,
2939 4079 3048 4136 17).

2878 4169 3016 4238 Expl
3023 4170 3136 4223 icit.

612 4264 716 4335 (56)
747 4270 868 4324 Imo
897 4287 995 4325 nec
1021 4275 1231 4328 inutile
1268 4275 1567 4345 legendum
1622 4276 1831 4347 potius.
1888 4278 1999 4333 Sed
2051 4279 2134 4335 ita
2165 4278 2357 4345 codex,
2386 4277 2513 4348 plus
2540 4278 2677 4330 satis
2699 4275 3019 4331 mendosus.

957 4514 1079 4605 ΙΝ
1153 4514 1836 4611 OPUSCULUM
1910 4517 2635 4629 SUBSEQUENS
2711 4514 3380 4611 ADMONITIO.

1659 4668 1995 4739 (MURATORI,
2033 4671 2223 4738 Antiq.
2256 4671 2408 4738 Ital.,
2438 4671 2536 4738 IIl,
2571 4668 2713 4736 599.)

608 4817 1053 4901 ξΙιιῙαεορωιξυιί
1080 4822 1371 4901 auctorest
1391 4819 2094 4901 pgnizoprimaSutrinus,
2121 4822 2697 4901 tum,teste_l3ertholt_i_o
2720 4820 3127 4901 Constantiense
3147 4818 3424 4901 historico,
3452 4819 3811 4901 [fta-centium:

533 4890 828 4971 episcopus,
863 4890 962 4957 qui
980 4903 1144 4971 anno.
1158 4889 1364 4971 Christi
1391 4885 1545 4971 1089,
1576 4885 1723 4971 Quod
1750 4894 1908 4971 virili
1928 4885 2119 4971 animo
2144 4893 2509 4971 schismaticis
2534 4892 3150 4971 hostibusque-Ecclesia
3180 4891 3432 4971 Romana
3443 4890 3813 4971 obsisteretmb

532 4961 670 5026 ipsis
698 4958 1069 5042 obtruncatus.
1088 4961 1330 5042 glorioso
1354 4962 1653 5042 certamine
1676 4967 1903 5042 mortem
1932 4964 2137 5042 iubiit.‘
2155 4963 2299 5015 Eum
2314 4966 2465 5016 inter
2490 4965 2779 5042 scriptores
2799 4964 3311 5042 ecclesiasticosjam
3331 4960 3430 5042 diu
3452 4962 3657 5042 retulit
3668 4963 3814 5015 Ano-

532 5043 739 5113 nymus
766 5028 1094 5113 Mellicensis
1121 5045 1157 5083 a
1185 5032 1489 5113 clariss.“I-’.
1523 5032 1678 5113 Pesio
1701 5033 1903 5113 editus.
1934 5033 2073 5113 Tum
2100 5035 2245 5113 (“tceo
2274 5039 2501 5113 egerunt
2525 5028 2958 5113 llghellizistonio
2984 5030 3499 5113 primo_lt'a.l..'S_a‘er.
3531 5032 3596 5113 in
3615 5029 3811 5113 Sut'rif

508 5102 955 5182 nisaepiscopis,‘
973 5104 1023 5152 et
1053 5100 1282 5182 tom.'l_1,
1312 5102 1377 5153 in
1398 5103 1757 5182 elucentinis,
1788 5108 1835 5155 et
1872 5108 2055 5182 postea
2093 5106 2298 5182 Petrus
2314 5105 2629 5182 Lambecius
2658 5106 2721 5156 in
2743 5103 3110 5182 geminentur:
3233 5101 3486 5182 Biblioth.
3522 5101 3724 5155 Cmsar.
3757 5107 3809 5155 et

505 5169 1368 5253 αςυίιιίθρηῖυῆοαυθβηῂίῖςρογ.
1411 5173 1647 5253 litterar.
1680 5169 1755 5253 ac
1794 5169 2115 5253 nuperrime
2144 5178 2395 5253 omnium
2424 5176 2703 5253 fusissinw
2733 5174 3041 5253 Gasignirus
3068 5171 3804 5253 Oudinusjn'Commentar.

530 5241 605 5311 De
628 5241 939 5308 scriptorib.
972 5243 1361 5294 ecclesiasticis.
1406 5244 1597 5296 Latent
1642 5246 1758 5310 ejus
1801 5259 1962 5311 opera
2010 5246 2159 5295 inter
2193 5247 2407 5297 scrinia
2453 5245 2700 5298 Czsareae
2738 5245 3158 5297 Vindobonensis
3207 5242 3532 5294 bibliotheca
3560 5258 3575 5291 :
3608 5243 3707 5294 hoc
3731 5248 3807 5296 est

532 5310 842 5391 Sintagrn‘a
878 5311 1228 5365 decretorum
1260 5328 1289 5365 e
1320 5329 1478 5391 sacra
1508 5310 2085 5391 Script_u_ra,conciliis
2114 5320 2169 5367 et
2198 5314 2457 5368 Patribus
2488 5315 2846 5391 collectorum
2872 5332 2885 5381 ;
2910 5312 3356 5391 atque_Ep_itome
3372 5311 3632 5391 Historiae
3663 5329 3805 5391 pou:

510 5381 1160 5464 'tiﬁcumdtom'anorum
1195 5401 1207 5435 :
1245 5387 1404 5464 cujus
1429 5381 1692 5464 postremi
1708 5386 1857 5464 libri
1877 5400 2001 5464 cuhm
2027 5400 2118 5450 ego
2138 5401 2477 5453 summopere
2505 5387 2703 5438 avidus
2731 5387 2907 5451 forem
2936 5386 3201 5464 intellexi
3221 5383 3442 5435 tandem
3472 5382 3620 5434 nihil
3643 5381 3806 5436 aliud

514 5453 651 5523 ~il_lic
679 5452 925 5505 exhiberi
950 5457 1067 5507 nisi
1085 5470 1298 5507 merum
1334 5452 1545 5507 brevem
1576 5457 1887 5520 catalogum
1915 5455 2293 5508 Romanorum
2312 5452 2849 5523 pontiﬁcumqualcs
2884 5457 3084 5507 multos
3108 5454 3387 5517 habemus,
3406 5457 3803 5521 proptereaque

530 5521 600 5572 ab
627 5536 685 5572 eo
716 5524 867 5575 ultra
888 5525 1027 5576 mihi
1055 5527 1405 5592 prerurando
1434 5526 1700 5577 abstinui.
1732 5526 1863 5577 Alia
1894 5540 2102 5591 quoque
2131 5527 2198 5577 ab
2226 5543 2283 5579 eo
2312 5521 2618 5593 bonscripta
2648 5521 2907 5593 opuscula
2926 5527 3151 5592 periisse
3181 5524 3507 5584 creduntur,
3527 5525 3804 5590 dequibus

529 5593 912 5673 consulendus
938 5609 1117 5673 nuper
1144 5601 1481 5673 memoratus
1514 5595 1901 5673 Olld-i—Tlltti..Ad
1925 5598 2324 5673 prasensquod
2348 5600 2544 5649 attinet
2572 5597 3014 5673 M_abill_onius_in
3043 5595 3307 5673 Ιιὶηεξνιηςζ
3327 5595 3500 5673 Italic.
3512 5634 3528 5673 τ
3556 5609 3683 5673 pag.
3709 5595 3796 5673 13,

528 5659 638 5713 hac
655 5662 781 5727 jam
799 5659 1109 5731 scripserat,
1134 5667 1196 5719 de
1224 5668 1592 5721 Ambrosiana
1612 5659 2011 5719 Mediolanensi
2034 5659 2354 5721 bibliotheca
2381 5682 2548 5735 agens
2572 5685 2588 5721 :
2608 5666 2674 5721 In
2697 5665 2805 5721 alio
2847 5664 3036 5720 codice
3075 5668 3255 5720 exstat
3266 5659 3569 5719 Bonizonis
3583 5664 3801 5719 Sutrini
