3964 6368
158 352 267 410 857
1346 349 1563 404 LIBER
1598 348 1693 403 DE
1733 346 2263 404 SACRAMENTIS.
3325 316 3435 407 ess

156 476 405 548 episcopi
441 475 584 530 liber
608 475 678 548 de
701 474 1166 548 sacramentis_ad
1193 474 1547 548 Gualterium
1572 473 1877 548 L_eonensis
1905 472 2241 548 monasterii
2256 472 2537 548 abbatem,
2559 489 2668 548 quo
2691 473 2751 528 in
2776 473 2924 548 libro
2950 478 3147 548 auctor
3172 476 3429 532 meminit

157 544 395 603 alterius
426 546 676 618 opusculi
704 546 792 600 sui
821 551 1018 600 contra
1043 545 1298 616 Ugonem
1336 544 1775 618 Schismaticum.
1817 545 1923 600 Sed
1957 550 2005 598 et
2052 550 2180 599 ante
2212 545 2606 618 Mabiltonium
2638 546 2839 618 Petrus
2866 546 3051 603 Maria
3082 547 3340 615 Gampius
3369 551 3434 601 in

158 620 412 673 Historia
440 613 636 672 Eccles.
671 620 998 671 Placentina
1023 613 1345 670 ad'annum
1372 614 1513 671 1044
1538 621 1588 668 et
1617 613 1768 674 1087.
1799 618 1971 684 plura
1988 618 2181 668 attulit
2209 617 2273 668 de
2296 618 2563 669 Bonizone
2589 616 2949 682 przlaudato,
2981 622 3146 684 atque
3168 613 3316 670 inter
3342 632 3437 671 ca;-

159 695 281 743 tera
309 692 531 743 monuit
565 704 618 742 se
645 690 821 744 Romae
847 689 1043 741 vidisse
1071 689 1232 741 illius
1263 689 1470 740 librum
1516 686 1597 740 De
1643 686 2032 740 ecclesiasticis
2052 686 2437 740 sacramentis.
2466 687 2651 753 Igitur
2672 690 3000 754 opusculum
3028 688 3201 748 istud,
3236 688 3380 755 quod
3409 705 3437 741 e

155 776 259 814 ms.
294 760 471 815 codice
502 760 875 813 Ambrosianas
904 758 1225 811 bibliotheca
1253 759 1388 811 olim
1416 772 1506 824 ego
1537 758 1720 819 hausi,
1750 758 1824 811 ad
1852 757 2202 812 Gualterium
2228 757 2535 812 Leonensis
2564 756 2890 811 monasterii
2920 773 3034 811 non
3062 758 3432 821 abbatem,sed

157 829 429 902 priorem,
462 832 757 899 scriptum,
789 830 879 883 hic
906 829 1163 882 additum
1192 830 1329 881 volo.

657 1046 1109 1231 INCIPIT
1206 1046 1765 1266 LIBIILLIIS
1862 1050 2015 1231 Illi
2136 1045 2955 1231 SIIIIIIAIIIINTIS

1002 1319 1090 1425 A
1165 1312 1941 1429 BONIZONE
2015 1314 2579 1429 EDITUS

339 1493 448 1554 AD
491 1490 999 1557 GUALTERIUM
1058 1494 1490 1558 LEONENSIS
1532 1494 1882 1559 CCENOBII
1924 1496 2367 1559 MONACHUM
2412 1497 2511 1559 ET
2553 1494 2908 1558 PlthREM
2949 1495 3257 1556 MISSUS.

234 1680 447 1735 Sancta
499 1685 557 1734 et
594 1680 927 1737 universalis
960 1688 1144 1738 mater
1184 1680 1449 1746 Ecclesia,
1495 1680 1593 1734 uni
1648 1680 1833 1741 viroA
1852 1680 2019 1734 corde
2043 1681 2166 1751 ipso
2185 1698 2364 1754 usque
2390 1684 2480 1738 die
2509 1685 2580 1740 ad
2602 1684 2715 1740 tria
2743 1681 2921 1737 millia
2948 1683 3007 1736 in
3028 1680 3255 1736 nomine
3269 1677 3448 1734 Patris

164 1768 472 1837 conjuncta
495 1768 877 1841 Christo,quia
905 1787 1017 1826 non
1041 1771 1292 1826 ambulat
1321 1770 1380 1823 in
1408 1768 1627 1834 umbra,
1660 1767 1761 1824 sed
1848 1774 1905 1823 et
1931 1769 2059 1823 Filii
2085 1776 2143 1825 et
2190 1773 2433 1845 Spiritus
2462 1775 2641 1829 sancti
2678 1772 3001 1844 baptizavit.
3036 1771 3391 1840 Quapropter
3417 1782 3452 1820 a

163 1856 269 1911 Dei
295 1857 485 1927 gratia
512 1863 663 1912 certa
682 1859 803 1929 jam
831 1860 1041 1915 fruitur
1082 1877 1163 1927 re,
1192 1860 1375 1913 multa
1416 1874 1530 1912 non
1567 1856 1765 1927 recipit
1853 1858 2127 1914 Romanis
2146 1862 2504 1931 pontiﬁcibus
2523 1862 2817 1916 definitum
2833 1867 2918 1915 est
2938 1860 3173 1926 ut,sicut
3190 1854 3450 1920 inﬁrmis,

165 1944 740 2000 sacramenta.Habet
757 1952 948 2002 tamen
963 1949 1280 2019 pauca,duo
1301 1947 1371 2001 ab
1386 1947 1506 2018 ipso
1528 1945 1765 2000 Domino
1850 1952 1905 2001 et
1929 1954 2112 2003 morte
2161 1950 2629 2020 periclitantibus,
2663 1955 2720 2005 et
2757 1949 3043 2004 obsidione
3077 1946 3293 2018 positis,
3319 1948 3376 1997 et
3393 1942 3453 1997 in

162 2033 399 2100 tradita,
426 2034 681 2105 quazdam
712 2052 844 2090 vero
875 2036 944 2091 ab
990 2037 1259 2109 apostolis
1298 2036 1575 2091 instituta.
1624 2036 1769 2089 Pree-
1850 2037 2146 2107 naufragio
2203 2044 2262 2091 et
2308 2038 2367 2092 in
2413 2040 2627 2093 cazteris
2668 2038 2950 2110 periculis,
2991 2052 3063 2089 ne
3096 2034 3217 2088 sine
3268 2030 3455 2102 gratia

166 2127 395 2193 ceptum
417 2121 567 2175 enim
588 2121 929 2194 baptizandi,
952 2129 1009 2178 et
1030 2125 1272 2194 qualiter
1288 2124 1770 2195 baptizandis,quo
1851 2125 2119 2197 baptismi
2150 2132 2401 2197 pereant,
2427 2128 2580 2181 omni
2600 2132 2853 2197 tempore
2867 2122 3308 2179 subveniendum
3332 2138 3344 2187 ;
3371 2117 3451 2173 sic

167 2210 228 2264 in
284 2226 489 2264 novum
538 2211 849 2265 renascitur
875 2211 1177 2275 hominem,
1224 2218 1282 2266 et
1324 2212 1445 2265 sine
1470 2229 1598 2283 quo,
1628 2217 1773 2266 teste
1858 2214 2010 2268 sanis
2042 2220 2098 2269 et
2147 2215 2521 2270 incolumibus
2576 2216 2635 2269 in
2687 2220 2880 2269 sancto
2927 2218 3150 2268 tantum
3206 2206 3451 2264 Sabbato

167 2298 443 2367 Veritate,
474 2314 641 2352 nemo
690 2298 925 2353 intrabit
953 2299 1014 2353 in
1051 2315 1289 2370 regnum
1335 2300 1621 2366 caelorum,
1652 2298 1772 2353 dari
1856 2304 2100 2369 Pascbaa,
2137 2309 2194 2357 et
2221 2304 2463 2359 Sabbato
2488 2306 2842 2359 Pentecostes
2869 2300 3307 2357 subveniendum
3342 2300 3449 2351 est.

167 2387 375 2443 debeat
405 2387 732 2459 baptismus,
776 2394 902 2459 post
945 2388 1425 2442 resurrectionem
1444 2387 1712 2458 apostolis
1740 2404 1775 2441 a
1857 2392 2135 2447 Przeterea
2190 2393 2236 2446 si
2274 2395 2499 2463 quando
2542 2395 2629 2448 vel
2667 2393 3057 2447 haereticorum
3088 2388 3332 2452 vesania,
3364 2384 3453 2439 vel

170 2475 416 2530 Domino
438 2475 782 2529 traditumin
799 2476 1096 2546 Evangelio
1115 2476 1421 2530 secundum
1446 2475 1775 2529 Matthzeum
1858 2482 2160 2534 stultorum
2192 2468 2546 2535 sacerdotum
2573 2481 2910 2552 ignorantia,
2950 2496 3064 2534 una
3093 2495 3160 2533 ex
3185 2475 3365 2531 tribus
3393 2473 3452 2528 in

171 2564 420 2634 legimus
444 2564 503 2618 in
538 2565 687 2618 hunc
713 2566 944 2619 modum
979 2587 991 2620 :
1026 2567 1121 2627 Ite,
1157 2567 1330 2618 docete
1359 2580 1544 2618 οηιηεε
1572 2568 1769 2631 gentes,
1858 2570 2137 2640 baptismo
2167 2570 2704 2624 fuoritinnominata
2724 2586 2981 2641 persona,
3001 2585 3111 2623 non
3142 2566 3249 2621 erit
3268 2570 3451 2619 ratum

170 2654 517 2722 baptizantes
538 2670 621 2707 eos
646 2657 710 2708 in
741 2656 965 2707 nomine
983 2655 1183 2720 Patris,
1212 2659 1260 2707 et
1280 2654 1430 2718 Filii,
1467 2658 1515 2706 et
1533 2653 1735 2721 Spiriti

1890 2659 2158 2730 laptisma,
2190 2675 2292 2712 nec
2320 2658 2428 2711 dici
2471 2659 2680 2729 poterit
2722 2659 3010 2722 iteratum,
3057 2655 3204 2727 quod
3235 2655 3455 2709 constat

169 2741 376 2797 Sancti
408 2742 628 2808 (Matth.
683 2755 876 2808 xxvnl,
903 2740 985 2811 19)
1020 2760 1032 2795 :
1080 2748 1146 2796 ut
1194 2741 1448 2796 doctrina
1483 2740 1779 2795 antecedat
1859 2764 1973 2801 non
2002 2752 2153 2801 recte
2173 2746 2399 2800 factum.
2434 2747 2594 2810 Quod
2623 2746 2793 2800 etiam
2824 2747 2882 2800 in
2910 2744 3140 2800 Actibus
3168 2740 3453 2813 apostolo-

168 2829 478 2901 baptisma,
508 2830 721 2885 scilicet
747 2834 813 2885 ut
850 2835 982 2885 ante
1010 2831 1277 2886 doceatur
1303 2830 1529 2885 credere
1559 2829 1654 2901 qui
1675 2828 1778 2883 ba-
1861 2852 1986 2890 rum
2018 2835 2212 2889 fecisse
2238 2835 2480 2904 legimus
2507 2835 2745 2889 Paulum
2769 2835 2839 2888 de
2880 2834 2969 2888 his
2997 2833 3094 2904 qui
3120 2830 3456 2901 baptismate

174 2919 479 2991 ptizandus
501 2924 606 2987 est,
628 2935 797 2990 quam
815 2919 1160 2990 baptizetur;
1189 2920 1321 2991 quia
1342 2919 1487 2974 sicut
1503 2919 1640 2973 ﬁdes
1660 2919 1781 2973 sine
1796 2970 1841 2995 Ὁ
1860 2924 2125 2995 baptizati
2147 2929 2309 2978 erant
2333 2923 2733 2977 Joannis.Nam
2752 2923 2883 2993 quia
2905 2922 3177 2993 Spiritum
3198 2922 3456 2973 sanctum

174 3008 449 3079 operibus
466 3014 691 3062 mortua
715 3011 947 3074 esti/ac-
978 3023 1039 3074 Π,
1064 3007 1177 3079 17),
1205 3011 1286 3062 ita
1311 3013 1367 3063 8t
1394 3025 1582 3080 Opem:
1605 3007 1652 3061 Si
1668 3023 1781 3061 ηοῐι
1797 3007 1843 3029 ³³
1863 3013 2134 3077 nondum,
2171 3013 2219 3065 si
2249 3018 2413 3078 esset,
2438 3016 2832 3082 cognoverant,
2859 3013 3063 3065 iterum
3081 3008 3455 3080 baptizantur,

174 3101 318 3151 sunt
359 3113 426 3151 ex
466 3096 595 3163 ﬁde,
641 3096 783 3151 nihil
824 3101 1081 3167 Ρΐοειιηῐ·
1123 3096 1282 3160 QUOd
1309 3097 1367 3149 in
1397 3095 1640 3167 Pan'lllis
1663 3094 1782 3165 qui-
1865 3103 1979 3156 imo
2003 3118 2134 3155 vero
2155 3118 2348 3154 verum
2379 3099 2692 3171 suscipiunt
2714 3099 3265 3169 baptisma.0portet
3282 3093 3451 3159 enim,

176 3186 312 3241 dem
341 3201 459 3240 non
497 3185 841 3253 observatur,
874 3185 1006 3256 quia
1034 3201 1135 3257 per
1180 3185 1347 3239 fidem
1378 3189 1697 3256 parentum,
1726 3188 1784 3238 et
1863 3197 1929 3247 ut
1953 3190 2049 3262 qui
2080 3190 2181 3244 ﬁlii
2207 3189 2414 3244 debent
2443 3206 2565 3244 esse
2603 3189 2938 3260 adaptionis,
2983 3204 3048 3242 eo
3093 3187 3462 3240 renascantur

177 3290 381 3329 eorum
413 3291 448 3328 a
477 3275 679 3346 quibus
711 3275 1094 3346 suscipiuntur
1132 3275 1188 3329 in
1229 3292 1386 3330 sacro
1424 3274 1779 3346 baptismate,
1866 3278 2100 3350 Spiritu,
2155 3295 2263 3349 quo
2312 3279 2635 3333 Dominicus
2671 3279 2840 3332 homo
2878 3279 2939 3332 in
2989 3274 3247 3346 virginali
3295 3279 3458 3328 utero

181 3362 394 3417 salvari
421 3362 745 3417 creduntur.
777 3363 865 3416 Ita
890 3368 1083 3416 tamen
1111 3368 1176 3416 ut
1204 3379 1331 3416 cum
1357 3362 1427 3415 ad
1456 3362 1786 3431 intelligibi-
1866 3372 2166 3438 conceptus
2192 3374 2295 3422 cst.
2314 3367 2511 3421 Gratia
2540 3367 2687 3421 enim
2716 3367 2817 3421 Dei
2840 3365 3206 3420 renascimur.
3233 3363 3305 3417 Et
3332 3360 3464 3432 quia

175 3450 293 3505 lem
352 3455 578 3504 aetatem
628 3451 1003 3521 pervenerint,
1051 3466 1163 3504 non
1211 3451 1388 3504 solum
1454 3451 1781 3516 doceantur,
1868 3472 1982 3509 una
2013 3461 2100 3509 est
2137 3454 2323 3509 Patris
2354 3461 2428 3510 .et
2467 3454 2595 3508 Filii
2654 3460 2709 3508 et
2746 3454 2990 3525 Spiritus
3035 3453 3217 3507 sancti
3261 3449 3458 3514 deitas,

181 3539 319 3609 quid
344 3538 406 3593 in
451 3539 617 3593 corde
659 3538 902 3593 debeant
943 3540 1188 3606 credere,
1226 3539 1324 3592 sed
1369 3538 1537 3592 etiam
1565 3539 1698 3609 quid
1723 3539 1783 3593 in
1866 3559 1981 3598 una
2002 3543 2281 3609 voluntas,
2311 3559 2425 3597 una
2452 3543 2647 3615 procul
2697 3542 2865 3597 dubio
2909 3548 2996 3596 est
3040 3540 3311 3613 operatio.
3335 3538 3466 3592 Haec

183 3643 354 3697 opere
371 3626 687 3680 observare.
710 3627 780 3680 Et
798 3627 1069 3681 licetante
1089 3627 1437 3681 Dominicam
1458 3626 1782 3681 Passionem
1869 3633 1939 3686 de
1968 3637 2320 3685 sacramento
2357 3631 2620 3702 baptismi
2650 3647 2801 3685 nunc
2838 3631 3087 3685 breviter
3130 3645 3222 3682 me
3260 3626 3465 3681 dixisse

185 3715 399 3770 Chn'sti
426 3716 679 3785 legamus
726 3713 1036 3786 baptizasse
1068 3715 1389 3786 discipulos.
1429 3718 1622 3768 tamen
1652 3714 1785 3784 quia
1869 3720 2136 3775 sufﬁciat.
2169 3722 2333 3775 Nunc
2358 3737 2489 3775 vero
2516 3720 2587 3774 ad
2619 3720 2970 3775 eucharistiae
2999 3724 3353 3772 transeamus
3379 3731 3465 3771 sa-

182 3805 437 3859 nondum
463 3810 586 3858 erat
610 3804 932 3858 immolatus
959 3806 1174 3874 Agnus,
1208 3805 1304 3875 qui
1329 3809 1558 3858 venerat
1584 3803 1783 3857 tollere
1865 3814 2239 3863 cramentum.

184 3899 416 3965 peccata
442 3893 656 3960 mundi,
688 3893 1012 3963 hujusmodi
1058 3892 1490 3964 suscipientibus
1536 3892 1784 3963 paradisi
2105 3898 2198 3951 DE
2235 3898 2610 3953 SAORAMEN
2616 3898 2698 3952 T0
2738 3895 3225 3953 EUCHARISTI/E.

183 3998 299 4037 non
328 3981 617 4036 reserabat
636 3981 953 4049 introitum,
987 3986 1044 4035 et
1070 3998 1184 4035 non
1216 3985 1476 4052 poterant
1497 3980 1553 4034 in
1580 3996 1785 4034 novum
1937 3986 2148 4041 Ultimo
2187 3986 2361 4057 phase
2389 4003 2513 4040 cum
2544 3986 2811 4056 apostolis
2840 4002 2873 4039 τι
2900 3983 3136 4039 Domino
3164 3980 3463 4046 celebrato,

184 4086 485 4141 resurgere
514 4070 1239 4142 hominem,quiconsepulti
1256 4086 1369 4124 non
1385 4075 1547 4124 erant
1564 4069 1785 4124 Christo
1868 4074 1937 4129 de
1968 4091 2078 4145 quo
2109 4075 2416 4129 secundum
2446 4075 2654 4129 Lucam
2682 4073 2855 4127 habes
2876 4072 3179 4128 Dominum
3201 4070 3408 4124 dixisse
3448 4086 3460 4121 :

185 4175 290 4230 per
333 4158 675 4229 baptismum
711 4158 770 4212 in
803 4164 1046 4212 mortem
1072 4160 1246 4227 (Rom.
1287 4174 1360 4224 γι,
1402 4156 1476 4221 ll).
1510 4158 1788 4211 Caeterum
1869 4165 2149 4219 Desiderio
2177 4166 2484 4217 desideravi
2532 4164 2630 4217 hoc
2675 4164 2879 4216 Pascha
2916 4161 3254 4215 manducare
3287 4160 3465 4212 vobis-

189 4248 324 4302 licet
343 4246 550 4301 talibus
578 4247 738 4317 regni
762 4247 1003 4301 caelestis
1032 4262 1131 4317 per
1160 4246 1481 4316 hujusmodi
1507 4245 1785 4316 baptisma
1803 4281 1848 4341 Ο
1867 4268 2013 4314 cum,
2046 4257 2348 4320 antequam
2364 4254 2576 4320 patiar.
2607 4253 2735 4305 Dico
2761 4253 2911 4305 enim
2942 4250 3086 4303 vobis
3123 4251 3256 4318 quia
3283 4264 3347 4301 ea:
3371 4247 3467 4300 hoc

184 4349 302 4388 non
355 4334 716 4405 aperiebatur
750 4337 950 4405 janua,
1002 4351 1116 4389 non
1158 4339 1349 4389 tamen
1398 4333 1627 4388 omnino
1665 4333 1981 4393 erat'non
2040 4341 2383 4393 manducabo
2430 4340 2596 4405 illud,
2636 4340 2802 4392 donec
2855 4340 3158 4408 impleatur
3192 4339 3256 4391 in
3299 4350 3466 4402 regno

184 4437 654 4493 supervacaneus.
702 4423 945 4477 Tantum
977 4422 1126 4475 enim
1158 4422 1423 4492 proderat
1461 4421 1557 4475 ille
1602 4420 1788 4491 bapti-
1869 4430 1985 4482 Dei.
2050 4428 2136 4490 Et,
2207 4433 2418 4496 accepto
2484 4431 2670 4494 calice,
2728 4430 2941 4496 gratias
2998 4428 3104 4493 egit
3149 4431 3197 4479 et
3248 4427 3390 4478 dixit
3449 4442 3464 4477 :

186 4527 369 4575 smus.
391 4516 664 4581 quantum
712 4510 1053 4565 θκοΐείεωιιε
1083 4515 1141 4564 et
1166 4510 1525 4564 catecmzatiO
1554 4514 1790 4581 prosunt
1868 4519 2107 4585 Accipite
2174 4522 2223 4570 et
2280 4518 2510 4571 dividite
2574 4520 2722 4571 inter
2769 4533 2876 4570 ros.
2937 4517 3067 4571 Dico
3114 4518 3264 4569 enim
3320 4514 3467 4567 vobis

190 4598 561 4671 baptizandis.
612 4599 730 4653 Nec
760 4614 1101 4669 quemquam
1142 4603 1365 4653 moveat
1410 4598 1559 4669 quod
1604 4597 1788 4669 bapti-
1870 4606 2013 4674 quod
2088 4621 2200 4658 non
2277 4606 2457 4658 bibam
2532 4605 2597 4659 de
2668 4607 3017 4673 generatione
3088 4607 3237 4669 vitis,
3302 4603 3470 4656 donec

187 4704 347 4743 smus
364 4688 493 4741 talis
512 4687 722 4742 dieitur
741 4686 948 4741 Christi
968 4687 1028 4741 in
1049 4687 1367 4757 Evangelia
1394 4687 1538 4740 Nam
1555 4691 1612 4740 Et
1627 4686 1785 4750 ﬁdes.
1872 4711 2107 4761 regnum
2146 4696 2244 4748 Dei
2284 4698 2470 4749 veniat
2501 4697 2645 4761 (Luc.
2688 4708 2823 4760 XXII,
2873 4694 2982 4762 15).
3031 4692 3255 4747 Abolito
3295 4691 3469 4761 igitur

188 4792 304 4848 qua
344 4775 676 4830 imbuuntur
716 4775 1120 4840 cateChumenii
1159 4780 1216 4829 et
1244 4775 1450 4828 diCitUI‘
1475 4773 1701 4838 Christi.
1735 4779 1791 4827 et
1872 4783 2076 4838 veteris
2102 4783 2242 4853 legis
2269 4790 2645 4853 sacramento,
2677 4783 2991 4853 spretisque
3021 4780 3338 4835 carnalibus
3364 4780 3465 4833 Ju-

188 4868 296 4920 est.
352 4862 484 4917 Sine
529 4863 888 4934 perceptione
921 4868 1114 4916 tamen
1160 4862 1423 4933 baptismi
1452 4878 1565 4915 non
1612 4862 1792 4915 salvat
1872 4872 2043 4925 daicaa
2069 4871 2248 4941 plebis
2289 4870 2648 4935 caerimoniis,
2676 4887 2799 4941 quae
2830 4876 2986 4924 vetus
3014 4869 3239 4924 nomine
3277 4868 3335 4921 in
3362 4867 3468 4921 hoc

186 4952 640 5009 catechumenos.
665 4952 959 5006 Enimvero
987 4952 1119 5005 licet
1142 4957 1273 5023 post
1298 4950 1786 5015 resurrectionem,
1870 4959 1990 5013 ιοοο
2032 4958 2378 5029 designatur,
2412 4958 2669 5027 protinus
2708 4959 2851 5011 Νονί
2889 4955 3234 5011 Testamenti
3280 4970 3468 5009 sacra-

188 5051 248 5101 et
274 5050 616 5118 praeceptum
643 5044 961 5116 baptizandi
991 5050 1050 5099 et
1075 5044 1304 5099 modum
1326 5044 1606 5116 apostolos
1629 5044 1788 5114 lega-
1870 5053 2145 5113 mentum,
2177 5052 2235 5102 et
2293 5046 2465 5100 ritum
2527 5044 2865 5112 celebrandi,
2914 5045 3189 5116 accipiens
3239 5059 3463 5116 panem,

186 5151 318 5189 mus
347 5151 382 5189 a
409 5134 649 5188 Domino
678 5133 1008 5204 suscepisse,
1048 5149 1161 5186 non
1188 5137 1380 5187 tamen
1426 5132 1663 5202 legimus
1693 5149 1787 5187 eos
1869 5135 2282 5191 commendavit
2342 5134 2628 5205 apostolis.
2678 5133 2869 5187 dicens
2923 5152 2934 5186 :
2990 5135 3096 5187 Hoc
3152 5139 3225 5187 est
3271 5148 3467 5200 corpus

185 5223 521 5295 baptizasse,
545 5223 655 5277 nisi
694 5229 825 5293 post
859 5222 1158 5275 adventum
1201 5222 1379 5275 sancti
1411 5221 1650 5291 Spiritus
1675 5221 1787 5275 Pa-
1868 5243 2054 5280 meum
2084 5228 2227 5296 quod
2251 5242 2354 5295 pro
2382 5226 2527 5278 vobis
2560 5225 2828 5277 tradetur.
2867 5224 2975 5276 Hoc
3003 5224 3167 5288 facile
3196 5223 3258 5274 in
3286 5237 3466 5274 meam

185 5311 406 5367 racleti.
433 5312 500 5366 In
521 5311 612 5365 die
632 5311 782 5365 enim
808 5316 1000 5365 sancto
1021 5311 1377 5364 Pentecostes
1405 5326 1532 5363 cum
1549 5311 1788 5378 apostoli
1870 5312 2744 5369 commemorationem.Similiter
2763 5317 2810 5364 et
2826 5314 3359 5378 calicem,postquam
3375 5325 3468 5363 ctr-

187 5399 402 5471 linguis
439 5400 808 5470 loquerentur
850 5398 1103 5453 omnium
1134 5399 1408 5468 gentium,
1445 5398 1651 5453 Judaeis
1694 5416 1789 5454 eos
1871 5406 2049 5468 navit,
2085 5406 2269 5457 dicens
2302 5420 2318 5455 :
2349 5403 2449 5455 Hic
2477 5405 2551 5453 est
2584 5403 2731 5453 ralia:
2748 5416 2952 5453 novum
2989 5403 3373 5451 testamentum
3404 5400 3466 5450 in

186 5494 377 5544 musto
403 5488 596 5558 plenos
626 5505 745 5543 esse
775 5487 1240 5557 concrepantibus
1256 5489 1391 5552 (Act.
1413 5502 1470 5551 ιι,
1503 5487 1789 5554 4),Ρθιι·ιιε
1871 5495 2143 5559 sanguine
2180 5492 2420 5558 meo,qui
2443 5505 2546 5558 pro
2586 5490 2731 5541 vobis
2763 5490 3035 5556 fundetur
3065 5487 3281 5553 (Matth.
3315 5499 3462 5550 xxv1,

186 5577 402 5633 Johelis
421 5576 716 5647 prophetia
726 5577 867 5629 falsa
878 5575 1087 5647 profari
1101 5577 1343 5645 perfidos
1362 5575 1784 5641 demonstravit,
1869 5579 1956 5649 26)
1971 5580 2197 5633 .Verum
2220 5584 2346 5650 post
2364 5577 2711 5631 Dominicam
2745 5575 3212 5630 resurrectionem
3244 5574 3466 5628 Christo

189 5674 250 5725 et
311 5667 576 5724 Davidico
611 5667 935 5723 testimonio
990 5666 1375 5736 evangelizans
1430 5666 1541 5720 illis
1593 5667 1786 5721 Jesum
1867 5684 1995 5722 cum
2023 5668 2291 5739 apostolis
2320 5666 2522 5737 saepius
2553 5665 2929 5720 manducante
2950 5669 3007 5719 et
3021 5663 3245 5718 bibente
3276 5668 3334 5718 et
3350 5662 3467 5718 col-

191 5757 397 5815 mortis
441 5756 642 5815 solutis
689 5755 975 5813 doloribus
1038 5755 1366 5825 surrexisse,
1425 5760 1786 5827 compunctos
1867 5757 2150 5827 loquente,
2184 5771 2296 5811 non
2325 5753 2617 5826 oportebat
2645 5754 2933 5826 apostolis,
2966 5754 3175 5825 gaudio
3206 5768 3462 5814 resurre-
