3964 6368
513 353 625 414 859

1527 363 1913 419 BONIZONIS
1950 361 2387 422 PLACENTINI
2424 364 2755 422 EPISCOPI

3696 360 3812 419 860

516 482 721 536 ctionis
768 483 1011 554 repletos
1052 489 1464 538 sacramentum
1496 485 1555 539 in
1581 487 2110 540 commemoratione
2127 489 2176 546 Α
2195 491 2435 542 remedia
2457 488 3020 555 conferantur,utque
3051 483 3452 537 catechumeuis
3475 484 3546 537 ad
3576 500 3811 551 regene—

519 565 822 626 Dominicze
865 572 1148 625 Passionis
1179 573 1477 628 celebrare.
1531 575 1672 637 Quid
1731 575 1879 628 enim
1950 576 2116 644 piscis

523 677 682 714 assus
712 665 838 728 post
878 661 1338 716 resurrectionem
1388 680 1422 716 ει
1473 664 1692 718 Christo
1724 664 2112 728 manducatus,

520 751 581 802 et
621 747 909 819 discipulis
952 749 1212 811 traditus,
1245 750 1354 802 nisi
1386 750 1667 803 Christum
1707 767 1934 820 passum
1963 752 2115 805 desi-

522 835 757 902 gnabat?
777 836 915 888 Cum
938 837 1131 889 eodem
1160 853 1358 906 panem
1393 843 1448 889 et
1467 839 1672 907 piscem
1697 840 2114 908 suprapositum

525 923 720 992 prunis
749 923 1009 990 edebant,
1051 930 1111 977 et
1147 926 1331 994 ipsum
1361 927 1621 979 eumdem
1669 927 1728 979 in
1765 934 2115 981 sacramento

526 1012 687 1080 panis
737 1019 792 1065 et
833 1013 1000 1081 piscis
1029 1018 1085 1067 et
1122 1013 1231 1066 favi
1281 1015 1464 1068 mellis
1501 1016 1954 1069 manducabant?
1989 1018 2118 1069 Post

525 1099 823 1152 adventum
853 1117 980 1153 vero
1017 1100 1075 1155 in
1111 1099 1412 1172 discipulos
1449 1103 1626 1156 sancti
1675 1103 1915 1173 Spiritus
1945 1105 2117 1158 Para-

525 1188 651 1241 cleti
681 1205 806 1241 eum
834 1189 1041 1242 invidia
1060 1191 1440 1243 multitudinis
1469 1192 1816 1245 credentium
1850 1197 1996 1245 esset
2025 1209 2121 1245 cor

523 1292 697 1328 unum
731 1282 787 1328 et
813 1276 1003 1329 anima
1034 1293 1148 1330 una
1181 1281 1313 1342 (Act.
1369 1293 1445 1342 IV,
1481 1278 1586 1343 32).
1623 1279 1688 1334 In
1718 1280 1945 1334 Actibus
1984 1297 2121 1350 apo-

526 1365 793 1417 stolorum
813 1365 1074 1433 legimus,
1100 1367 1382 1434 apostolos
1407 1367 1639 1435 fregisse
1663 1379 1836 1436 panes
1865 1368 1918 1420 in
1939 1369 2121 1421 domi-n

524 1452 626 1505 bus
640 1458 696 1505 et
714 1453 860 1505 circa
880 1454 1074 1506 domos
1105 1454 1164 1506 in
1198 1456 1789 1508 commemorationem
1821 1458 2121 1511 Dominicze

525 1541 827 1600 Passionis,
892 1547 948 1593 et
993 1543 1228 1610 populos
1271 1543 1616 1595 credentium
1664 1546 2120 1599 communicasse.

527 1630 643 1683 Nec
664 1630 976 1700 multopere
1009 1630 1280 1682 curabant
1311 1636 1499 1684 utrum
1533 1633 1692 1702 panis
1718 1640 1865 1687 esset
1894 1652 2123 1705 azymus

525 1716 610 1769 vel
636 1717 1022 1771 fermentatus.
1052 1717 1252 1771 Postea
1282 1736 1428 1784 vero,
1463 1720 1780 1774 Christiana
1809 1723 2120 1793 pullulante

2197 580 2434 629 rationis
2463 579 2811 628 sacramenta
2837 574 3114 639 perductis
3147 574 3364 625 caelestis
3402 575 3812 626 misericordia;

2196 667 2329 716 aula
2359 668 2655 716 reseretur.
2697 663 2822 715 Haec
2863 661 2932 714 ab
2970 659 3236 732 apostolis
3278 659 3359 711 ita
3398 660 3700 724 celebrata,
3748 664 3812 713 et

2199 751 2456 804 Ecclesiis
2494 751 2722 816 tradita,
2757 755 2812 803 et
2843 749 2990 802 beati
3028 746 3185 802 Pauli
3215 749 3452 818 apostoli
3493 748 3811 801 traditione

2198 839 2550 902 instruimur,
2584 845 2640 892 et
2666 838 2816 892 beati
2842 838 3126 891 leestini
3154 837 3390 890 Romani
3413 837 3692 906 pontificis
3722 835 3810 890 ita

2199 929 2498 980 edocemur
2545 927 2800 996 epistola.
2857 927 3127 995 Superest
3182 941 3332 977 nunc
3388 925 3632 994 qualiter
3681 922 3811 978 haec

2198 1021 2403 1068 nostra:
2441 1029 2565 1084 qum
2601 1014 2661 1068 in
2709 1013 3041 1066 occidentali
3080 1013 3266 1066 missae
3314 1012 3669 1065 celebrantur
3698 1012 3810 1064 cli-

2200 1109 2370 1169 mate,
2422 1101 2704 1156 institutio
2754 1097 3023 1156 celebrari
3069 1101 3290 1164 debeat,
3324 1107 3379 1153 et
3408 1118 3439 1153 a
3470 1100 3673 1170 quibus
3705 1116 3813 1154 au-

2201 1189 2446 1243 ctoribus
2469 1192 2771 1259 sumpserit
2797 1190 3108 1248 exordium,
3143 1207 3232 1242 me
3263 1189 3523 1242 scribere.
3557 1191 3640 1243 Tu
3670 1206 3810 1242 vero

2203 1296 2302 1350 pro
2339 1280 2501 1333 nobis
2541 1295 2704 1333 orare
2743 1294 2855 1332 non
2895 1279 3140 1343 ditieras,
3195 1285 3258 1330 ut
3296 1278 3565 1330 Dominus
3614 1277 3811 1346 gratia

2203 1383 2324 1433 sua,
2356 1368 2595 1420 carbone
2622 1367 2690 1419 de
2718 1363 2882 1418 alteri
2903 1365 3110 1434 forcipe
3132 1365 3371 1429 sublato,
3389 1383 3514 1418 mea
3535 1365 3809 1434 dignetur

2203 1473 2443 1527 purgare
2471 1455 2639 1508 labia.
2666 1455 2801 1518 Quis
2831 1454 2980 1507 enim
3003 1469 3104 1523 ego
3125 1465 3274 1522 sum,
3293 1454 3387 1522 qui
3409 1459 3568 1507 tanta
3589 1455 3810 1523 possim

2205 1545 2500 1598 enucleare
2530 1543 2838 1614 mysteria?
2885 1543 2992 1596 Sed
3040 1548 3097 1595 et
3139 1543 3195 1594 in
3242 1543 3415 1612 spinis
3459 1543 3680 1595 locutus
3720 1547 3813 1594 est

2205 1634 2475 1687 Dominus
2531 1633 2599 1686 Et
2628 1633 2864 1695 utinam,
2899 1648 2930 1684 ο
2968 1631 3114 1690 bone
3155 1631 3308 1697 Jesu,
3341 1647 3496 1685 meos
3524 1647 3640 1685 non
3669 1631 3813 1684 hor-

2207 1739 2389 1774 rescas
2407 1738 2619 1791 vepres,
2657 1721 2752 1791 qui
2785 1720 2932 1773 tollis
2963 1725 3190 1790 peccata
3220 1719 3442 1773 mundi!

528 1803 820 1871 religione,
855 1799 1141 1875 discipulis
1181 1806 1238 1859 in
1273 1806 1405 1860 orbe
1450 1814 1728 1863 terrarum
1757 1812 2041 1881 dispersis,
2068 1804 2184 1864 etB
2273 1811 2408 1862 Post
2446 1809 2593 1862 beati
2641 1809 2795 1862 Petri
2825 1809 3206 1879 apostolorum
3238 1807 3504 1880 principis
3526 1807 3809 1876 inclytum

529 1891 769 1945 maxime
799 1910 922 1946 cum
965 1893 1076 1947 Vas
1103 1895 1405 1962 electionis,
1439 1899 1738 1966 praedicata
1767 1901 2037 1953 Damasco
2068 1907 2125 1954 et

528 1977 753 2047 Arabia,
794 1981 1066 2052 incipiens
1094 1982 1163 2035 ab
1205 1981 1605 2056 Hierosolymis
1637 2005 1813 2058 usque
1843 1990 1909 2042 ad
1939 1990 2122 2058 Illyri-

528 2085 675 2134 cum,
709 2074 764 2122 et
791 2071 1039 2140 usquein
1072 2073 1368 2143 Hispanias
1401 2081 1456 2126 et
1478 2075 1534 2127 in
1557 2077 1765 2129 insulas
1796 2078 2124 2147 interiacen-

527 2160 612 2211 tes
641 2158 973 2213 seminasset
1011 2161 1387 2230 Evangelium,
1441 2171 1730 2233 coeperunt
1775 2167 2030 2221 Ecelesize
2068 2167 2123 2219 in

525 2263 640 2299 una
662 2245 890 2300 Sabbati
920 2248 988 2301 ad
1021 2248 1360 2303 audiendum
1391 2252 1617 2306 verbum
1641 2253 1739 2306 Dei
1764 2255 1977 2319 inloco,
2015 2272 2124 2326 quo

528 2340 809 2405 poterant,
862 2337 1154 2391 convenire
1207 2354 1217 2386 :
1263 2344 1317 2393 et
1359 2348 1482 2410 post
1522 2343 1962 2410 praedicationes,
2014 2345 2126 2397 imo

529 2442 659 2477 vero
689 2427 1032 2489 collationes,
1085 2444 1228 2497 pane
1279 2435 1335 2481 et
1381 2431 1710 2502 simpliciter
1743 2438 1962 2487 tantum
2007 2436 2128 2488 vino

529 2512 585 2565 in
621 2529 829 2575 mensa,
859 2514 971 2565 sive
1003 2515 1208 2584 lignea,
1242 2520 1356 2569 sive
1384 2536 1445 2570 ex
1475 2519 1753 2588 lapidibus
1784 2529 2124 2584 constructa,

533 2615 703 2669 super
737 2599 1019 2669 imposito,
1055 2600 1529 2656 obsecrationibus
1563 2612 1618 2658 et
1659 2608 2004 2662 orationibus
2031 2628 2129 2663 nec

533 2696 646 2739 non
667 2694 720 2740 et
742 2689 1230 2759 postulationibus,
1262 2709 1428 2761 quam
1460 2709 1636 2763 usque
1663 2695 1827 2750 hodie
1849 2698 1906 2749 in
1939 2703 2130 2751 sancto

537 2767 842 2830 Parasceve
873 2778 1116 2832 Ecclesia
1138 2780 1414 2844 decantat,
1451 2799 1484 2834 a
1513 2785 1800 2837 sacerdote
1834 2803 2000 2856 super
2031 2805 2130 2840 eu-

535 2863 808 2917 charistia
852 2866 956 2918 rite
996 2865 1309 2932 relebratis,
1351 2865 1642 2924 Dominica
1685 2874 1936 2927 oratione.
1977 2875 2130 2929 lenta

533 2970 685 3018 voce,
719 2961 778 3007 ut
808 2972 839 3007 a
861 2956 1352 3011 circumstantibus
1378 2959 1469 3012 vix
1497 2962 1674 3030 possit
1697 2963 1898 3030 audiri,
1927 2965 2130 3017 decan-

537 3047 675 3105 tata,
701 3045 1007 3115 populusin
1028 3049 1558 3102 commemoratione
1586 3053 1886 3106 Dominicz-e
1919 3053 2132 3105 Passio-

2207 1899 2536 1969 martyrium
2596 1899 2744 1968 quod
2801 1914 2911 1951 uno
2967 1898 3276 1966 eodemque
3324 1897 3414 1950 die
3463 1913 3593 1950 cum
3640 1895 3810 1948 beato

2207 1987 2380 2040 Paulo
2408 1988 2632 2041 doctore
2661 1987 2914 2055 gentium
2965 1987 3068 2040 sub
3107 1987 3330 2040 Nerone
3370 1986 3598 2039 Caesare
3628 1983 3811 2038 susci-

2207 2077 2386 2146 piens,
2431 2077 2734 2146 gloriosam
2787 2075 3096 2129 Romanam
3137 2074 3266 2128 fecit
3309 2074 3630 2137 Ecclesium.
3679 2074 3810 2128 Cle-

2211 2181 2366 2218 mens
2396 2165 2625 2218 natione
2646 2165 2932 2218 Romanus
2961 2165 3270 2218 Romanum
3303 2163 3549 2232 suscepit
3577 2161 3810 2232 pontifi-

2207 2259 2414 2306 catum.
2473 2253 2725 2316 Qualiter
2771 2269 2897 2305 vero
2938 2252 3152 2321 primus
3197 2252 3272 2305 sit
3328 2268 3426 2321 per
3474 2251 3808 2304 electionem

2206 2342 2380 2404 Petri,
2437 2347 2494 2394 et
2548 2341 2750 2394 tertius
2806 2340 2865 2393 in
2916 2342 3115 2410 gradu,
3165 2341 3212 2392 si
3250 2340 3374 2409 quis
3412 2355 3624 2408 gnarus
3686 2353 3809 2392 esse

2215 2430 2467 2491 voluerit,
2504 2431 2655 2499 legat
2703 2432 2928 2482 Librum
2987 2446 3154 2498 quem
3217 2428 3417 2497 scripsi
3463 2431 3522 2480 in
3575 2429 3809 2494 Ugouem

2210 2519 2643 2580 scleismaticum,
2692 2523 2749 2570 et
2777 2518 2864 2570 ibi.
2885 2518 3131 2571 inveniet
3162 2517 3230 2570 ad
3276 2518 3499 2586 plenum
3533 2515 3812 2568 dilucida-

2212 2611 2330 2658 tum
2341 2645 2351 2656 .
2362 2605 2464 2658 Hic
2480 2623 2610 2658 vero
2625 2606 2835 2676 Spiritu
2847 2606 2947 2658 Dei
2964 2606 3180 2675 plenus,
3191 2605 3412 2658 intuens
3425 2620 3494 2657 ne
3505 2604 3806 2669 solemnes,

2214 2711 2353 2763 quas
2382 2695 2639 2765 superius
2687 2694 2946 2752 diximus,
2995 2695 3276 2747 orationes
3325 2693 3528 2762 saepius
3576 2691 3810 2746 auribus

2213 2784 2546 2854 papulorum
2578 2784 2821 2836 recitatae
2847 2783 3275 2844 vilescerent,et,
3299 2782 3446 2851 quod
3467 2782 3594 2852 plus
3612 2787 3721 2846 est,
3741 2797 3811 2834 ne

2211 2872 2352 2925 forte
2373 2872 2442 2925 ab
2472 2872 2708 2925 ethnicis
2739 2872 3022 2924 memoria:
3040 2871 3442 2935 commendatae
3472 2870 3530 2924 in
3552 2870 3812 2940 compitis

2214 2960 2350 3012 etin
2385 2960 2604 3029 plateis,
2647 2960 2704 3012 in
2753 2959 2988 3012 theatris
3035 2965 3091 3012 et
3139 2960 3198 3012 in
3237 2959 3485 3012 delubris
3529 2958 3811 3012 idolorum

2213 3049 2605 3114 recitarentur,
2641 3048 2710 3100 ob
2740 3048 3108 3101 reverentiam
3140 3048 3520 3118 apostolorum
3555 3064 3670 3101 uno
3699 3047 3808 3111 die,

535 3131 620 3183 nis
660 3133 965 3184 secundum
995 3135 1341 3189 Dominicam
1370 3139 1727 3192 traditionem
1758 3142 2121 3194 communica-
2148 3153 2191 3210 Ο
2213 3137 2269 3189 in
2291 3144 2484 3190 sancto
2515 3137 2724 3192 scilicet
2759 3139 3076 3201 Parasceve,
3119 3137 3425 3191 secundum
3456 3137 3811 3206 praeteritum

536 3219 651 3284 bat,
686 3227 742 3274 et
781 3221 885 3274 hoc
915 3221 971 3274 in
1002 3223 1281 3296 plerisque
1323 3225 1578 3279 Ecclesiis
1609 3247 1641 3281 a
1667 3230 1893 3298 jejunis.
1929 3230 1994 3284 In
2025 3231 2126 3283 ali-
2213 3243 2422 3279 morem
2455 3227 2718 3296 prmeepit
2738 3226 3158 3295 celebrari.lpse
3191 3243 3321 3280 vero
3350 3241 3625 3278 canonem
3657 3225 3813 3278 insti-

541 3307 743 3376 quibus
773 3325 901 3361 vero
931 3309 986 3361 in
1021 3313 1331 3381 exemplum
1366 3314 1668 3368 Dominica)
1699 3334 1867 3371 coemo
1901 3318 2069 3370 ﬁebat
2096 3334 2131 3370 a
2211 3315 2336 3374 tuit,
2367 3314 2460 3384 qui
2493 3333 2590 3385 per
2615 3331 2826 3368 annum
2857 3321 3036 3367 totum
3057 3331 3225 3384 super
3240 3313 3647 3368 eucharistiam
3679 3314 3816 3367 reci—

540 3396 790 3448 cuanatis.
828 3395 982 3458 Quod
1015 3399 1181 3450 etiam
1214 3417 1390 3472 usque
1408 3401 1476 3453 ad
1496 3401 1641 3455 beati
1667 3406 1960 3474 Augustini
1992 3415 2130 3458 tem—
2212 3410 2430 3456 taretur
2479 3409 2707 3470 secrete,
2744 3409 2805 3455 ut
2840 3403 2934 3472 qui
2977 3410 3132 3456 tanto
3163 3403 3450 3467 secretius,
3509 3407 3669 3454 tanto
3706 3403 3815 3455 avi-

540 3500 677 3555 pora
707 3485 960 3549 durasse,
985 3486 1104 3555 ipso
1131 3487 1433 3542 docentein
1465 3491 1717 3559 epistola,
1743 3511 1908 3564 quam
1941 3495 2134 3548 scribit

541 3570 611 3625 ad
640 3572 978 3627 Januarium
1009 3577 1328 3645 episcopum
1358 3578 1424 3630 de
1451 3597 1607 3634 (fCPlla
1637 3583 1878 3643 Domini,
1910 3584 1988 3636 ita
2013 3601 2132 3637 esse

539 3662 916 3730 cognovimus.
947 3665 1151 3717 Beatus
1182 3683 1309 3718 vero
1330 3667 1535 3720 Paulus
1556 3672 2136 3741 apostolus,magister

539 3752 816 3819 gentium.
859 3752 991 3804 dum
1031 3753 1384 3808 Timotheum
1430 3757 1498 3809 ad
1538 3759 1786 3826 regimen
1830 3761 2135 3814 instrueret

542 3839 876 3910 episcopale,
916 3841 1066 3895 inter
1111 3849 1310 3896 cetera
1343 3845 1420 3898 sic
1449 3846 1530 3898 ait
1569 3865 1579 3899 :
1626 3850 1844 3901 Obsecro
1879 3853 2132 3916 primum

541 3930 666 3994 ﬁeri
684 3931 2134 4003 obsecratimies,orationes,postulationesyrutiaruin-

541 4020 778 4070 actiones
802 4035 904 4087 pro
937 4023 1170 4086 regibus,
1205 4027 1250 4074 et
1281 4023 1365 4074 liis
1403 4027 1502 4090 qui
1553 4028 1610 4076 in
1635 4028 1972 4078 sublimitate
2004 4032 2134 4080 sunt

537 4110 722 4174 positi,
759 4113 820 4160 ut
850 4111 1088 4176 quietam
1110 4113 1280 4163 vitam
1311 4128 1543 4178 agamus
1575 4114 1619 4180 (Ι
1652 4115 1793 4170 Tim.
1829 4129 1889 4176 Il,
1919 4115 1993 4174 Ἰ).
2030 4122 2130 4168 etc.

543 4193 611 4247 Et
642 4193 789 4247 hunc
830 4196 1001 4250 ritum
1051 4206 1532 4253 sacramentorum
1581 4201 1649 4253 ab
1689 4203 1955 4272 apostolis
1990 4205 2134 4256 cele-

541 4281 786 4349 bratum,
821 4291 877 4336 et
925 4285 1182 4338 Ecclesiis
1225 4287 1516 4350 traditum,
1571 4289 1765 4343 beatus
1805 4291 2136 4345 Caelestinus

543 4370 830 4424 Romanus
861 4373 1150 4443 epiSCOpus
1172 4375 1227 4427 in
1259 4375 1520 4429 decretali
1548 4379 1901 4448 suaepistola
1930 4381 2136 4433 Africa-

545 4459 631 4512 nis
663 4461 936 4530 episcopis
966 4463 1154 4529 missa,
1188 4477 1310 4516 enm
1343 4465 1411 4518 de
1452 4467 1637 4534 gratia
1675 4468 1772 4520 Dei
1803 4467 2132 4538 disputaret,

541 4545 694 4601 inter
712 4555 909 4602 czetera
924 4551 1000 4603 sic
1017 4553 1098 4605 ait
1117 4575 1125 4603 :
1156 4555 1581 4606 ()bsecrationem
1609 4572 1814 4623 quoque
1836 4574 1967 4609 sure,
1989 4560 2134 4610 dota'

549 4641 564 4690 ι
573 4641 687 4691 ium
702 4644 1171 4693 sacramentorum
1196 4658 1238 4693 r4
1255 4644 1338 4708 rip
1347 4646 1454 4694 iam
1467 4661 1543 4700 us,
1555 4661 1670 4710 quae
1681 4645 1746 4695 ab
1759 4649 2011 4711 apostolis
2027 4653 2139 4697 tra-

543 4721 750 4789 dita,in
783 4730 886 4780 toto
917 4731 1141 4789 mundo,
1168 4735 1327 4798 atque
1362 4733 1420 4783 in
1443 4734 1598 4782 omni
1611 4733 1787 4783 cat/tot
1797 4735 1878 4784 ira
1907 4734 2140 4784 Ecclesia

2153 4417 2200 4473 D

2215 3493 2340 3544 dius
2389 3499 2659 3562 tantoque
2703 3493 3048 3545 reverentius
3089 3509 3123 3544 a
3159 3492 3363 3560 populo
3402 3491 3804 3560 susciperetur.

2215 3579 2323 3633 Hic
2349 3581 2496 3633 idem
2539 3582 2595 3632 in
2625 3580 2926 3633 Dominicis
2954 3579 3150 3632 diebus
3180 3580 3237 3632 in
3269 3580 3408 3642 loco,
3453 3579 3550 3648 qui
3575 3579 3815 3632 inveniri

2217 3675 2453 3740 poterat,
2496 3675 2808 3738 oppoxtuno
2861 3669 3126 3738 populum
3175 3668 3422 3722 instituit
3460 3668 3813 3722 credentium

2215 3758 2521 3822 convocari,
2583 3758 2824 3827 dataque
2856 3758 3105 3821 collecta,
3159 3773 3326 3826 quam
3371 3756 3814 3810 obsecrationem

2217 3847 2352 3900 dicit
2381 3846 2576 3900 beatus
2605 3846 2973 3915 Augustinus,
2999 3847 3251 3914 lectoque
3274 3861 3307 3896 a
3333 3845 3538 3914 populo
3569 3844 3813 3914 Evange-

2215 3936 2310 4000 lio,
2372 3941 2498 4005 post
2553 3935 3003 4004 praedicationem
3063 3934 3274 4002 imponi
3331 3950 3502 4003 super
3556 3950 3814 3987 mensam

2217 4040 2442 4094 panem,
2517 4028 2573 4076 et
2637 4023 2967 4081 simpliciter
3019 4027 3241 4075 tantum
3282 4023 3471 4075 vinum
3527 4022 3810 4091 praecepit.

2219 4111 2706 4166 Obsecrationibus
2747 4127 2968 4180 quoque
3017 4117 3228 4164 secrete
3273 4126 3441 4180 super
3473 4109 3811 4164 oblationem

2217 4200 2528 4254 decantatis
2579 4216 2613 4251 a
2658 4199 2948 4252 sacerdote
2989 4199 3222 4251 salutari
3267 4199 3534 4268 populum
3564 4198 3625 4250 in
3668 4199 3814 4252 hunc

2220 4290 2449 4342 modum
2481 4305 2492 4342 :
2518 4291 2786 4342 Dominus
2816 4290 3086 4340 vobiscum
3114 4305 3127 4346 ;
3162 4304 3270 4356 quo
3302 4287 3676 4356 respondente
3709 4286 3809 4338 :El

2219 4394 2341 4430 cum
2372 4380 2576 4444 spiritu
2611 4376 2948 4440 tuo,iterum
2968 4376 3034 4430 ad
3045 4374 3257 4428 moneri
3281 4379 3344 4426 ut
3365 4391 3590 4428 sursum
3613 4373 3815 4426 habeat

2220 4482 2333 4528 cor,
2367 4471 2430 4518 ut
2460 4483 2580 4535 quae
2610 4481 2833 4518 sursum
2877 4469 3026 4529 sunt,
3060 4463 3282 4532 cogitet,
3332 4479 3442 4516 non
3481 4479 3605 4532 quae
3647 4478 3817 4531 super

2220 4559 2427 4606 terram
2487 4553 2748 4606 instituit.
2785 4552 2904 4614 Quo
2957 4551 3328 4620 respondente
3384 4568 3442 4602 se
3494 4548 3701 4602 habere
3744 4548 3814 4601 ad

2222 4643 2542 4706 Dominum,
2577 4642 2645 4694 ad
2682 4641 2927 4709 agendas
2954 4641 3068 4692 Deo
3103 4639 3315 4708 gratias
3345 4638 3604 4692 eumdem
3638 4637 3815 4707 proti-
3895 4705 3898 4709 _

2223 4748 2327 4785 nus
2355 4730 2551 4784 invitet
2574 4731 2860 4800 populum.
2894 4728 3014 4792 Quo
3044 4727 3415 4798 respondente
3441 4746 3452 4779 :
3487 4728 3734 4791 Dignum
3764 4731 3812 4777 et

543 4815 909 4883 uniformiter
938 4819 1263 4883 celebratur,
1280 4825 1337 4869 ut
1365 4821 1526 4886 legem
1550 4821 1808 4872 credendi
1828 4827 2034 4873 statuat
2059 4825 2142 4873 tua:
2215 4823 2432 4887 justum
2461 4836 2601 4885 esse,
2632 4819 2745 4871 Deo
2770 4817 2984 4885 gratias
3022 4833 3207 4884 agere,
3258 4816 3406 4869 illico
3464 4815 3543 4866 sic
3583 4814 3817 4884 incipiat

542 4906 1058 4974 supplicandi.Cum
1080 4910 1228 4960 enim
1246 4912 1567 4959 sam-tarum
1581 4911 1822 4975 idebimn.
1844 4913 2138 4962 sacerdotes

543 4995 811 5046 mandata
833 4996 1045 5046 sibimet
1076 4999 1338 5060 legatione
1363 4996 1857 5065 funganturﬁpud
1886 5000 2138 5051 divinam

543 5083 892 5135 clementiam.
919 5085 1156 5136 humani
1172 5086 1388 5150 generis
1425 5090 1599 5151 agimt
1616 5091 1916 5148 causam,et
1937 5091 2043 5138 tota
2062 5103 2140 5138 se-

545 5190 671 5226 cum
694 5171 930 5226 Ecclesia
949 5189 1162 5238 congem
1175 5175 1367 5224 ist-cute
1385 5177 1666 5240 postulant
1690 5179 1736 5225 et
1749 5179 2066 5240 precantur,
2081 5180 2136 5225 ut

545 5262 862 5328 infidelibus
884 5262 1119 5313 donetur
1143 5263 1290 5327 ﬁdes,
1319 5267 1376 5314 ut
1410 5264 1708 5315 idolotalrar
1737 5265 1804 5314 ab
1840 5265 2135 5329 impietatis

545 5367 655 5402 sua?
678 5349 981 5402 liberentur
1010 5350 1310 5415 erroribus,
1340 5356 1399 5402 ut
1420 5353 1619 5403 Judseis
1649 5353 1828 5403 ablato
1861 5352 2038 5402 cordis
2060 5367 2138 5402 ve-

548 5440 756 5490 lamine
792 5439 888 5491 tur
913 5441 1161 5491 veritatis
1192 5445 1478 5508 appareat.
1508 5445 1567 5491 ut
1599 5439 1841 5490 lueretici
1863 5439 2135 5492 catholicae

546 5526 676 5592 ﬁdei
701 5530 1032 5594 perceptione
1062 5531 1401 5597 resipiscam,
1420 5533 1479 5580 ut
1509 5528 1846 5579 schismatici
1869 5530 2134 5594 spiritum

547 5614 800 5666 rediviva
828 5617 1116 5670 charitatis
1147 5620 1444 5684 accipiant,
1495 5621 1558 5668 ut
1600 5618 1767 5684 lapsis
1804 5618 2134 5684 pwnitentie

2223 4909 2412 4961 dicens
2442 4927 2452 4960 :
2503 4909 2618 4959 Vere
2648 4908 2882 4972 dignum
2908 4911 2955 4958 et
2965 4909 3189 4972 justum.
3216 4911 3309 4965 est,
3345 4921 3557 4972 (equum
3587 4909 3635 4956 et
3659 4907 3816 4956 salu—

2225 5002 2359 5062 tare,
2395 5013 2488 5048 nos
2516 4997 2616 5048 tibi
2635 5010 2845 5062 semper
2865 5000 2914 5047 et
2947 4996 3144 5062 ubique
3168 4995 3382 5060 gratias
3402 4993 3815 5059 agerc,Domme

2221 5089 2403 5137 sancte
2433 5087 2592 5137 Pater
2617 5087 2954 5149 omnipotens
2987 5089 3183 5135 (sterne
3206 5084 3365 5142 Deus,
3396 5097 3492 5149 per
3532 5081 3812 5134 Christian

2219 5175 2782 5227 Dominumnostrum
2807 5189 2821 5222 :
2848 5187 2942 5240 per
2969 5187 3128 5239 quem
3156 5174 3494 5238 maiestatem
3517 5175 3671 5224 tuam
3693 5172 3816 5222 tau-

2219 5265 2354 5316 daut
2385 5265 2587 5327 angeli,
2621 5263 2860 5314 adorant
2891 5256 3566 5316 dominationes.tremunt
3581 5263 3816 5325 potesta-

2221 5357 2322 5412 trs;
2355 5354 2487 5411 cati,
2534 5353 2893 5417 cwlorumque
2932 5351 3181 5411 uirtutes,
3231 5364 3294 5401 ac
3343 5349 3494 5400 beata
3535 5347 3815 5414 serapliim

2217 5443 2361 5493 socia
2391 5442 2754 5492 exsultatione
2768 5437 3306 5489 concelebranLCum
3320 5437 3518 5502 quibus
3539 5440 3585 5487 et
3603 5439 3814 5486 nostras

2217 5545 2360 5581 voces
2387 5535 2446 5581 ut
2475 5529 2707 5580 admitti
2723 5528 2921 5594 jubeas
2949 5527 3324 5592 deprecamm‘,
3352 5525 3589 5591 supplici
3608 5525 3813 5590 confes-

2215 5620 2365 5671 sione
2394 5617 2647 5669 dicentes.
2682 5615 2935 5684 Cumque
2963 5611 3034 5666 ab
3063 5613 3217 5665 omni
3246 5610 3519 5665 Ecclesia:
3558 5610 3814 5678 Sanctus,
