3964 6380
168 366 278 433 861

1373 371 1588 430 LIBER
1623 371 1717 427 DE
1752 370 2282 429 SACRAMENTIS.

3351 370 3460 430 862

164 500 428 558 san-ctus.
449 500 690 558 sanctus,
714 498 988 555 Dominus
1005 498 1146 551 Deus
1167 493 1418 550 Sabaoth.
1461 497 1619 551 Pleni
1645 500 1772 548 sunt
1791 496 1842 556 Α
1862 497 2153 558 Damasus,
2190 501 2248 548 et
2262 495 2514 562 Siricius,
2545 499 2605 552 et
2633 495 2982 560 Anastasius,
3013 495 3153 551 nihil
3187 497 3456 553 addentes

167 585 297 644 casti
326 588 376 642 et
406 589 557 640 terra
585 588 770 652 gloria
801 590 926 648 tua;
963 585 1184 642 Osanna
1206 587 1270 638 in
1300 586 1534 638 excelsis.
1563 584 1782 640 Benedi-

167 677 427 741 ρωποι]αὲ
446 675 590 730 venit
613 676 676 728 in
697 676 918 730 stamine
940 675 1183 741 Domini,
1212 675 1433 729 Osanna
1449 675 1513 724 in
1533 675 1774 728 excelsis.

169 762 352 822 fuerit
395 761 778 830 decantamm,
813 761 962 820 illico
1015 777 1304 827 canonem,
1367 777 1534 833 quem
1581 760 1779 814 beatus

168 850 533 920 Augustinus
567 850 884 909 orationem
931 855 1107 919 vocat,
1153 867 1326 921 super
1378 848 1776 905 eucharistiam

169 943 393 997 secrete
410 938 631 996 recitari
651 938 896 996 instituit
917 938 980 996 in
1009 939 1159 994 hunc
1181 938 1405 993 modum
1431 955 1443 990 :
1481 938 1548 993 Te
1578 941 1772 1003 igitur,

167 1030 595 1088 clementissime
628 1030 780 1088 Deus,
803 1032 906 1082 etc.
929 1028 1038 1094 (57')
1059 1029 1216 1084 Hanc
1241 1030 1420 1094 igitur
1449 1029 1776 1082 oblationem,

171 1117 462 1176 servitutis
488 1123 700 1184 nostrae,
729 1118 822 1170 sed
852 1122 903 1173 et
949 1121 1156 1173 cuncta
1193 1117 1432 1185 farnilz’w
1461 1121 1583 1176 tuae,
1638 1132 1776 1184 qua-

168 1221 391 1268 sumus,
427 1209 486 1256 ut
509 1205 761 1271 placatus
776 1205 1014 1272 accipias
1028 1218 1127 1270 per
1143 1204 1427 1260 Christum
1451 1205 1769 1258 Dominum.

171 1292 355 1357 Quam
379 1292 715 1348 oblationem
751 1295 834 1349 tu,
865 1292 1020 1357 Deus,
1047 1293 1110 1346 in
1133 1292 1408 1350 omnibus,
1439 1305 1768 1360 quassum-us,

173 1380 534 1444 bezwdictam,
571 1381 894 1451 ascriptam,
931 1382 1139 1436 ratam,
1176 1379 1592 1436 rationabilem.
1634 1393 1776 1432 acce-

167 1469 544 1536 ptabilemque
567 1469 747 1536 facere
787 1469 1053 1532 digneris,
1089 1467 1318 1519 utnobis
1349 1481 1541 1532 corpus
1573 1470 1618 1518 et
1649 1483 1774 1519 sau-

172 1558 301 1624 guis
319 1558 422 1626 ﬁat
443 1557 793 1612 dilectissimi
818 1557 897 1608 Fil
904 1558 948 1607 ii
961 1557 1046 1609 lui
1058 1555 1284 1610 Domini
1295 1556 1472 1608 nostri
1479 1556 1564 1608 Jes
1573 1570 1605 1605 ιι
1621 1554 1775 1608 Chri-

167 1648 260 1704 sti.
283 1643 468 1711 Super
485 1660 605 1715 quae
628 1645 872 1713 propitio
891 1660 956 1698 ac
975 1658 1164 1697 sereno
1191 1644 1372 1705 vultu,
1403 1648 1506 1696 etc.
1526 1639 1630 1710 (58)
1671 1643 1773 1696 Per

1861 584 1920 638 in
1949 583 2246 638 missarum
2275 583 2478 648 oﬂicio,
2509 585 2710 640 missas
2751 585 3056 640 secundum
3098 584 3272 640 ritum
3299 591 3457 641 ante-

1862 672 2076 727 riornm
2104 689 2336 728 suorum
2368 673 2735 728 celebravere.
2753 673 3112 728 Innocentius
3132 689 3284 736 vero,
3309 673 3457 731 Anar-

1861 760 2017 817 stasii
2046 777 2348 828 successor,
2367 762 2528 816 ﬁnita
2554 762 2844 817 Dominica
2855 762 3128 823 oratione.
3146 767 3454 835 antequam

1861 848 2135 918 particula
2164 850 2324 920 panis
2350 857 2655 923 poneretur
2704 851 2763 904 in
2804 851 2993 918 calice,
3029 866 3221 925 pacem
3250 852 3457 923 populo

1861 939 1972 992 alta
2003 954 2132 992 voce
2175 939 2520 1006 annuntiari,
2571 948 2625 995 et
2654 939 2803 995 inter
2839 940 3141 996 missarum
3183 941 3458 996 solemnia

1861 1027 1980 1080 dari
2002 1026 2480 1100 instituit,populo
2489 1029 2610 1100 jam
2630 1034 2760 1084 ante
2779 1028 3130 1084 Dominicam
3142 1030 3455 1088 orationem

1856 1115 1928 1170 ab
1962 1115 2220 1185 episeopo
2260 1116 2344 1168 vel
2393 1132 2426 1168 a
2474 1116 2762 1170 sacerdote
2810 1115 3119 1170 benedicto.
3175 1117 3294 1180 Quo
3338 1119 3453 1174 ritu

1857 1203 2105 1259 Zosimus
2133 1211 2191 1258 et
2221 1203 2571 1274 Caelestinus,
2606 1204 2793 1258 Sixtus
2829 1209 2890 1258 et
2930 1204 3149 1258 Primus
3179 1206 3288 1261 Leo
3317 1207 3451 1262 mis-

1856 1309 1946 1346 sas
1961 1291 2634 1347 eclebraverunt.Primus
2654 1309 2783 1346 vero
2808 1292 3107 1355 Leo,ﬁnito
3129 1294 3448 1366 Evangelia,

1855 1379 2170 1450 symbolum
2201 1379 2272 1432 ab
2295 1381 2446 1433 omni
2487 1381 2692 1454 populo
2721 1381 2968 1435 instituit
2998 1382 3442 1439 decantandum.
3490 1380 3496 1387 ’

1860 1467 2107 1521 Hilarius
2131 1485 2279 1530 vero,
2303 1469 2504 1530 Leonis
2526 1486 2833 1536 successor,
2855 1474 2913 1523 et
2934 1470 3273 1540 Simplicius,
3298 1469 3452 1527 Felix

1857 1561 1914 1611 et
1943 1556 2218 1617 Gelasius,
2254 1557 2351 1629 qui
2387 1557 2617 1611 Librum
2667 1558 3027 1613 collectarum
3079 1559 3230 1624 fecit,
3283 1575 3451 1629 quem

1856 1650 2051 1716 postea
2108 1645 2305 1700 beatus
2345 1646 2648 1714 Gregorius
2707 1647 2969 1716 correxit,
3021 1647 3352 1702 Anastasius
3399 1651 3456 1703 et

169 1748 339 1804 quem
368 1733 478 1788 haec
500 1734 709 1792 omnia,
739 1733 987 1794 Domine,
1029 1746 1237 1798 semper
1267 1731 1404 1784 bona
1434 1746 1600 1791 creas,
1643 1747 1775 1784 san-
1795 1803 1814 1804 ί
1857 1732 2227 1798 Simmachus,
2252 1733 2510 1788 Ormisda
2539 1740 2594 1787 et
2624 1735 2885 1800 Joannes,
2911 1727 3080 1800 Felix,
3113 1734 3452 1798 Bonifacius,

166 1803 401 1888 cli/icas,
457 1822 719 1888 uiuiﬁcus,
753 1820 1042 1884 benedicis,
1076 1823 1124 1871 et
1171 1823 1395 1887 praestas
1434 1819 1587 1872 nobis
1611 1836 1624 1879 ;
1680 1803 1840 1886 perB
1859 1820 2131 1890 Agabitus
2156 1828 2212 1879 et
2241 1821 2525 1887 Silverius,
2549 1817 2788 1892 Vigilius
2812 1829 2868 1875 et
2901 1823 3181 1892 Pelagius,
3211 1825 3454 1879 Joannes

170 1913 380 1978 ipsum,
411 1913 460 1963 et
493 1925 618 1962 cum
644 1911 756 1976 ipso
779 1912 827 1961 et
857 1909 920 1960 in
954 1909 1087 1976 ipso,
1121 1911 1231 1963 ctc.
1272 1904 1377 1961 His
1397 1905 1476 1960 ita
1496 1905 1772 1977 perlectis,

173 1997 478 2056 Dominica
508 2003 721 2054 secrete
750 1996 912 2052 ﬁnita
934 1995 1454 2059 oratione,invitato
1485 1995 1687 2066 populo
1706 1994 1777 2048 ad

172 2085 644 2148 benedictionem.
673 2084 917 2142 instituit
941 2100 1113 2153 supra
1138 2084 1410 2154 populum
1452 2083 1575 2137 dari
1607 2083 1776 2138 bene-

171 2175 467 2244 dictiones,
509 2190 646 2246 quas
681 2174 878 2229 beatus
907 2172 1258 2242 Augustinus
1295 2172 1546 2226 nominet
1575 2172 1777 2224 Postu-

170 2264 450 2332 lationes;
493 2269 549 2318 et
580 2262 856 2336 particula
893 2260 1054 2331 panis
1095 2260 1248 2314 intus
1293 2261 1475 2333 posita
1513 2260 1570 2313 in
1608 2259 1780 2312 calice

171 2351 682 2418 communicabant,
739 2350 834 2424 qui
883 2348 1158 2405 volebant.
1207 2350 1276 2404 Et
1321 2349 1397 2402 sic
1448 2349 1607 2402 ﬁnita
1656 2354 1780 2403 erat

174 2441 348 2498 missa
359 2485 374 2501 .

243 2530 366 2587 Hoc
403 2529 568 2584 modo
599 2529 916 2591 Anacletus,
959 2527 1050 2600 qui
1098 2525 1370 2581 Clementi
1411 2526 1680 2580 successit
1719 2527 1776 2578 in

175 2618 586 2688 pontiﬁcatum,
619 2623 675 2672 et
705 2617 990 2672 Evaristus
1024 2616 1276 2670 Anacleti
1307 2631 1610 2678 successor,
1644 2615 1774 2669 mis-

173 2691 263 2764 sas
310 2705 683 2763 celebravere.
738 2705 944 2761 Beatus
991 2721 1124 2758 vero
1170 2705 1489 2759 Alexander
1534 2704 1773 2759 Evaristi

175 2811 464 2851 successor
507 2793 839 2850 memoriam
882 2792 1158 2868 passionis
1213 2793 1419 2847 Christi
1465 2784 1680 2846 addidit
1714 2791 1773 2844 in

173 2899 389 2941 canone
415 2882 486 2938 ab
517 2899 582 2936 eo
613 2883 752 2946 loco,
793 2881 887 2936 ubi
911 2882 990 2936 sic
1021 2881 1245 2953 incipit:
1279 2883 1387 2949 Qui
1393 2883 1577 2949 pridie
1603 2898 1773 2949 quam

170 2976 479 3042 pateretur,
508 2987 686 3041 usque
706 2970 777 3024 ad
813 2985 824 3020 :
854 2971 1038 3040 Supra
1067 2986 1185 3038 qua
1208 2972 1450 3037 propitio
1494 2986 1557 3022 ac
1585 2984 1772 3022 sereno

178 3065 359 3117 vultu.
403 3058 662 3115 Instituit
692 3065 964 3132 praeterea
996 3064 1060 3112 ut
1090 3059 1250 3131 panis
1292 3063 1514 3112 tantum
1547 3073 1772 3128 azymus

1861 1916 1918 1963 et
1955 1904 2308 1977 Benedictus,
2342 1917 2398 1965 et
2443 1913 2723 1982 Pelagius,
2757 1911 2905 1965 beati
2940 1906 3199 1981 Gregorii
3237 1914 3455 1982 praede-

1860 2015 2066 2065 cessor,
2114 2000 2313 2052 missas
2356 2000 2666 2052 secundum
2711 1999 3072 2052 traditionem
3109 2000 3451 2056 anteriorem

1861 2103 2088 2140 suorum
2140 2088 2280 2141 nihil
2329 2088 2598 2142 addentes
2639 2087 3014 2145 celebravere.
3072 2089 3277 2142 Beatus
3323 2105 3452 2141 vero

1862 2175 2166 2244 Gregorius
2214 2176 2427 2248 primus
2457 2176 2513 2230 in
2554 2176 2808 2228 Romana
2843 2170 3084 2229 Ecclesia
3116 2176 3362 2230 instituit
3387 2181 3452 2230 ut

1861 2265 2185 2334 antiphona,
2235 2281 2356 2336 quae
2384 2269 2612 2317 vocatur
2638 2266 2925 2328 lniroiius,
2975 2265 3045 2317 ad
3091 2265 3451 2319 mulcendum

1860 2345 2208 2406 audientium
2240 2352 2458 2405 animos
2492 2353 2905 2417 decantaretur,
2939 2360 2994 2406 et
3035 2353 3138 2405 hoc
3167 2370 3200 2407 a
3233 2346 3446 2406 Medio-

1859 2441 2075 2494 lanensi
2096 2439 2291 2493 habuit
2318 2441 2559 2494 Ecclesia
2599 2440 2812 2494 Deinde
2834 2441 3000 2508 Kyric
3018 2444 3215 2493 eleison
3245 2457 3275 2493 a
3303 2441 3450 2494 clero

1861 2530 2049 2585 novies
2088 2529 2392 2590 decantari,
2439 2534 2495 2581 et
2541 2536 2667 2598 post
2705 2532 3039 2595 ,ι1λ.)ο.ςιυί·ίιιηι,
3084 2527 3358 2583 Graduale
3398 2535 3455 2582 et

1855 2619 2120 2679 Alleluia,
2144 2625 2369 2690 excepto
2389 2634 2425 2669 a
2452 2617 2879 2688 Septuagesima
2905 2633 3080 2687 usque
3101 2610 3168 2669 ad
3191 2617 3402 2672 Pascha
3438 2636 3450 2670 :

1857 2707 1915 2760 in
1945 2725 2054 2778 quo
2092 2713 2346 2777 tempore
2379 2711 2594 2758 tractus
2625 2705 2839 2758 cantari
2889 2705 3197 2760 constituit.
3254 2707 3450 2761 Lecto-

1858 2813 1966 2866 que
2002 2789 2304 2864 Evangelio
2351 2792 2482 2846 dum
2516 2792 2822 2846 oblationes
2871 2791 3198 2847 offeruntur.
3237 2795 3454 2861 O/ferlo-

1858 2889 1913 2938 ri
1920 2881 2325 2942 um,decantari
2339 2880 2844 2936 instituit.Addidit
2853 2887 3125 2951 prmterea
3141 2881 3199 2934 in
3218 2898 3449 2936 canone:

1855 2975 2306 3040 Diesquermslros
2329 2973 2498 3022 intua
2519 2986 2653 3037 pace
2675 2971 2950 3036 disponas,
2968 2975 3129 3038 atque
3159 2972 3226 3022 ab
3247 2977 3450 3025 aeterna

1855 3063 2215 3114 damnatione
2247 3076 2341 3110 nos
2371 3061 2594 3124 eripias,
2619 3062 2664 3108 et
2697 3060 2758 3109 in
2789 3059 3080 3109 electorum
3111 3063 3336 3110 tuorum
3353 3062 3453 3127 ju-

179 3149 479 3205 oilerretUr
515 3166 526 3201 :
557 3164 686 3203 nam
729 3154 859 3202 ante
900 3147 1288 3203 indifferenter
1317 3153 1372 3199 et
1401 3147 1769 3200 fermentatus
1787 3154 1832 3215 (ξ,
1854 3153 1970 3203 beas
1985 3165 2139 3215 grege
2155 3146 3156 3212 numerari,per()hristumllominum
3177 3153 3447 3207 nostrum,

179 3244 235 3294 et
264 3253 498 3306 azymus
528 3235 882 3292 offerebatur.
925 3235 1195 3305 Praecepit
1223 3235 1393 3290 etiam
1424 3240 1487 3288 ut
1517 3235 1572 3288 in
1598 3234 1770 3288 sacri-

179 3325 304 3381 ﬁcio
335 3341 487 3396 aqua
516 3324 643 3381 vino
674 3325 1020 3382 misceretur.
1071 3324 1138 3378 Et
1168 3324 1271 3378 hoc
1299 3329 1520 3378 tantum
1558 3323 1614 3376 in
1645 3324 1774 3379 mis-

183 3430 371 3468 sarum
414 3413 700 3468 solemniis
734 3412 1072 3486 supradicto,
1121 3429 1220 3481 per
1248 3413 1436 3465 omnia
1468 3412 1613 3466 beati
1647 3413 1773 3465 Cle-

182 3501 671 3558 mentisiostituta
693 3506 1108 3570 secutus.quem
1133 3501 1320 3555 Sixtus
1346 3502 1466 3571 ejus
1492 3517 1777 3574 succcsspr

181 3607 282 3666 per
311 3589 506 3644 omnia
531 3589 786 3646 imitatus
809 3589 1288 3658 est.Telesphorus
1325 3606 1453 3642 vero
1483 3590 1622 3644 Sixti
1649 3605 1774 3642 suc-

184 3695 371 3734 cessor
401 3679 675 3750 hymnum
711 3678 1024 3748 angelicum
1064 3677 1123 3730 in
1153 3678 1450 3731 missarum
1489 3677 1776 3731 solemniis

181 3767 401 3823 addidit
454 3767 886 3822 decantandum.
940 3764 1098 3830 Quod
1157 3767 1326 3821 etiam
1381 3767 1772 3839 Telesphorus,

182 3856 422 3926 Higinus
474 3863 529 3912 et
563 3856 716 3921 Pius,
757 3855 1017 3926 Agnitius
1059 3861 1114 3908 et
1163 3857 1341 3922 Soter,
1384 3857 1677 3910 Leuterius
1723 3863 1777 3910 et

181 3937 394 4010 Victor,
425 3937 753 4014 Zephirinus
783 3949 835 3996 et
869 3944 1135 4010 Calixtus,
1172 3943 1431 3997 Urbanus
1473 3949 1529 3998 et
1557 3943 1778 3998 Pontia-

182 4048 304 4098 nus,
365 4033 608 4087 Anterus
646 4037 701 4085 et
762 4021 1060 4096 Fabianus,
1106 4032 1396 4086 Cornelius
1451 4038 1506 4085 et
1556 4030 1774 4097 Lucius,

184 4117 503 4190 Stephanus
530 4126 586 4174 et
612 4115 913 4193 Dionysius
951 4120 1092 4174 nihil
1135 4120 1403 4174 addentes
1442 4122 1500 4174 in
1542 4138 1772 4185 canone,

186 4226 381 4284 azyma
409 4210 726 4273 offerentes,
770 4217 826 4262 et
854 4227 1056 4280 aquam
1088 4211 1145 4264 in
1194 4210 1464 4263 sacriﬁcio
1505 4211 1628 4264 vino
1670 4211 1779 4263 mi-

187 4305 407 4356 scentes
437 4299 743 4352 secundum
771 4299 1090 4353 institutum
1123 4297 1422 4354 Alexandri
1443 4317 1621 4369 papae,
1654 4300 1783 4352 mis-

1854 3229 2084 3292 Addidit
2129 3235 2342 3288 etiam:
2403 3237 2686 3301 Prmceptis
2731 3234 3075 3286 salutaribus
3126 3239 3346 3297 moniti,
3403 3241 3453 3289 et

1857 3329 2049 3379 divina
2088 3325 2437 3378 institutione
2465 3325 2718 3392 formati,
2745 3323 3010 3375 audemus
3041 3323 3217 3376 dicere
3251 3343 3264 3376 :
3289 3326 3453 3378 Pater

1859 3421 2058 3468 noslcr.
2115 3419 2216 3466 etc.
2283 3411 2349 3464 Et
2405 3410 2696 3464 constituit
2746 3415 2807 3462 ut
2853 3411 2957 3463 hoc
2996 3428 3120 3464 cum
3160 3403 3455 3466 Dominica

1860 3487 2112 3556 oratione
2152 3518 2320 3572 super
2351 3499 2744 3553 eucharistiam
2782 3499 2897 3551 alta
2934 3517 3065 3552 voce
3095 3517 3128 3552 a
3167 3497 3455 3554 sacerdote

1860 3592 2272 3654 decantaretur,
2331 3591 2389 3640 ut
2438 3604 2677 3658 sequens
2708 3587 2906 3650 oratio,
2940 3604 3062 3656 quae
3105 3586 3182 3639 sic
3213 3583 3407 3658 incipit
3439 3601 3450 3636 :

1863 3680 2052 3732 Libera
2084 3694 2180 3729 nos
2212 3678 2461 3738 Domine,
2498 3679 2567 3728 ab
2609 3677 2866 3730 omnibus
2917 3679 3081 3727 malis
3113 3692 3128 3726 :
3163 3692 3285 3746 quae
3325 3678 3456 3727 ante

1861 3783 1989 3829 eum
2021 3765 2134 3818 alta
2178 3781 2307 3817 voce
2355 3764 2779 3825 decantabatur,
2816 3769 3025 3816 secrete
3055 3762 3353 3818 diceretur.
3389 3764 3459 3816 Et

1860 3861 1987 3926 post
2006 3845 2334 3907 fractionem
2366 3853 2719 3906 eucharistite
2751 3862 3044 3924 postquam
3073 3851 3454 3914 communica-

1861 3943 2042 3996 verint
2061 3941 2445 4015 antiphonam,
2477 3959 2645 4011 quam
2667 3947 2826 3993 vocat
2847 3942 3452 4003 Post-commquioncm,

1859 4032 2145 4089 decantari
2176 4034 2437 4087 instituit.
2455 4034 2523 4085 Et
2545 4039 2670 4104 post
2698 4037 3012 4102 susceptam
3036 4030 3452 4097 eucharistiam,

1858 4125 2171 4194 gratiarum
2231 4122 2543 4175 actionibus
2583 4122 2696 4175 Deo
2749 4120 2970 4186 oblatis,
3029 4117 3460 4190 postulationes,

1865 4226 1986 4280 quae
2018 4227 2051 4262 a
2070 4209 2233 4261 beato
2257 4208 2540 4260 Clemente
2566 4222 2741 4274 usque
2775 4205 2842 4256 ad
2882 4220 2981 4258 sua
3007 4210 3262 4274 tempora
3289 4217 3462 4276 supra

1864 4298 2131 4368 populum
2151 4295 2446 4361 dabantur,
2463 4300 2764 4367 antequam
2785 4311 2891 4366 pax
2913 4293 3137 4348 Domini
3155 4293 3455 4360 diceretur,

185 4405 274 4444 sas
330 4387 699 4440 celebravere.
752 4381 903 4440 Felix
955 4405 1100 4452 vero,
1152 4388 1403 4460 Dionysii
1464 4405 1764 4452 successor,
1786 4429 1838 4488 Β
1857 4387 2029 4440 finitis
2093 4387 2739 4450 Post-commsuuiouibus,
2796 4401 2966 4454 supra
3015 4383 3285 4454 populum
3339 4384 3462 4437 dari

186 4477 196 4487 ι
283 4476 338 4488 .-.
396 4475 427 4488 ι.
522 4482 528 4488 .
723 4476 732 4486 ι
973 4482 979 4488 .
1086 4487 1089 4488 ,
1275 4477 1306 4488 ,ι
1510 4484 1516 4488 .
1566 4478 1576 4488 ι
1864 4475 1874 4484 ι
1959 4474 2011 4488 .·.
2065 4475 2098 4488 ο.
2137 4476 2183 4488 ιν
2381 4478 2388 4488 ι
2561 4473 2614 4488 ,οι
2894 4473 2908 4488 1
2958 4478 2965 4488 ι
3015 4472 3085 4488 ιιι
3232 4467 3266 4488 1·
3311 4471 3344 4488 ιι

184 4475 438 4532 instituit
475 4482 540 4529 ut
585 4476 814 4532 nomina
842 4482 1174 4547 martyrum,
1228 4477 1311 4529 uti
1365 4478 1765 4547 apostolorum,

183 4564 560 4618 recitarentur
605 4564 663 4616 in
707 4581 936 4619 canone.
976 4559 1205 4618 Addidit
1253 4565 1420 4617 etiam
1471 4565 1528 4616 in
1569 4582 1781 4618 canone

185 4651 254 4706 ab
288 4667 354 4704 eo
386 4649 528 4721 loco,
560 4651 654 4704 ubi
683 4651 761 4706 sic
802 4645 996 4723 incipit
1036 4671 1046 4704 :
1105 4649 1268 4707 Nobis
1297 4670 1506 4723 quoque
1533 4660 1778 4724 peccato-

181 4737 360 4808 ribus,
397 4756 574 4812 usque
607 4758 618 4792 :
651 4743 752 4794 Per
782 4758 944 4809 quem
975 4742 1098 4798 hac.
1132 4743 1382 4805 Domine,
1407 4759 1615 4809 semper
1644 4741 1781 4795 bona

183 4844 354 4882 creas.
392 4826 662 4899 Praecepit
693 4831 862 4885 etiam
893 4833 956 4883 ut
986 4847 1156 4900 supra
1183 4829 1439 4901 sepulcra
1470 4837 1782 4904 martyrum

183 4924 238 4970 et
255 4932 429 4989 super
462 4913 745 4987 Reliquias
777 4917 958 4970 missae
989 4913 1368 4971 cantarentur.
1403 4920 1561 4983 Quod
1585 4919 1782 4973 beatus

182 5003 533 5076 Augustinus
562 5005 621 5058 in
651 5010 893 5060 tractatu
924 5023 1090 5078 super
1117 5001 1395 5060 Joannem
1427 5007 1618 5061 laudet
1641 5008 1783 5062 bene

183 5089 414 5158 factum,
474 5099 538 5146 ut
593 5093 865 5148 memoria
891 5093 1165 5163 passionis
1193 5101 1504 5166 martyrum
1534 5096 1782 5166 passioni

185 5177 397 5236 Christi
426 5180 745 5236 misceatur.
778 5183 911 5236 Post
951 5183 1098 5237 hunc
1138 5183 1356 5239 Marcus
1396 5191 1451 5237 et
1481 5177 1781 5257 Eutychia-

186 5289 310 5335 nus,
347 5271 541 5337 Gaius,
576 5278 632 5324 et
655 5267 1028 5339 Marcellinus,
1071 5279 1126 5326 et
1156 5271 1452 5342 Eusebius,
1487 5275 1784 5329 Melciades

187 5367 241 5413 et
272 5358 556 5425 Silvestcr,
593 5355 817 5413 Marcus
861 5366 917 5412 et
961 5361 1162 5426 Julius,
1209 5359 1461 5416 Liberius
1509 5371 1562 5416 et
1611 5363 1781 5430 Felix,

251 5479 361 5548 (:37)
402 5481 667 5552 Sequitur
696 5500 875 5537 canon
911 5485 1309 5553 apostolorum.
1346 5485 1451 5540 Ubi
1486 5489 1548 5541 ﬁt
1578 5489 1786 5542 mentio

186 5565 362 5631 usque
565 5559 824 5631 sanctum
872 5555 1212 5613 Thaddzeum
1267 5557 1554 5625 inclusive,
1605 5575 1787 5631 neque

189 5619 429 5678 aliorum
457 5619 522 5677 ﬁt
548 5626 779 5680 mentio.

1863 4474 2183 4528 instituit.N
2189 4491 2278 4526 am
2301 4478 2468 4526 antea
2482 4473 2692 4544 potitus
2718 4473 3051 4527 sacerdotali
3072 4467 3458 4526 benedictione

1862 4563 2102 4634 pOpulus
2143 4562 2302 4632 quasi
2334 4579 2562 4616 securus
2592 4561 2798 4626 abibat,
2836 4569 2891 4615 et
2918 4561 2986 4614 ad
3019 4561 3334 4631 gratiarum
3379 4578 3468 4614 ac-

1863 4651 2042 4704 tiones
2072 4652 2185 4704 Deo
2217 4650 2528 4704 reddendas
2565 4669 2676 4704 non
2721 4651 3017 4705 intererat.
3066 4650 3296 4722 Sergius
3326 4666 3456 4703 vero

1866 4739 2151 4793 Romanus
2181 4739 2596 4810 cpiscopus,qui
2623 4758 2656 4793 a
2684 4739 2848 4793 beato
2880 4739 3222 4809 Hieronymo
3255 4736 3361 4805 (59)
3384 4738 3461 4790 vi-

1862 4827 2111 4900 gesimus
2140 4827 2264 4892 fuit,
2296 4830 2488 4894 Agnus
2540 4830 2638 4881 Dei
2681 4828 2927 4882 instituit
2967 4827 3114 4880 inter
3160 4827 3460 4880 missarum

1865 4915 2154 4977 solemnia,
2189 4916 2331 4971 sicut
2359 4917 2524 4969 hodie
2550 4919 2630 4982 ﬁt,
2656 4916 2960 4971 decantari.

2341 5003 2408 5058 De
2438 5008 2548 5058 sale
2581 5009 2628 5058 et
2657 5009 2772 5073 ejus
2794 5009 3015 5059 virtute.

1934 5095 2169 5148 Veniam
2198 5110 2344 5147 nunc
2375 5094 2446 5146 ad
2474 5099 2825 5148 sacramenta
2852 5088 2921 5147 ab
2952 5095 3218 5166 apostolis
3241 5087 3465 5150 institu-

1865 5189 1938 5238 ta.
1968 5183 2036 5238 Et
2055 5183 2295 5254 primum
2331 5183 2398 5236 dc
2423 5187 2774 5236 sacramento
2805 5184 2956 5250 salis,
2998 5184 3112 5238 Deo
3135 5185 3456 5256 adjuvanta,

1867 5273 2051 5328 dicere
2103 5273 2386 5344 incipiam.
2435 5271 2496 5325 In
2539 5271 2728 5325 Veteri
2776 5272 3134 5327 Testamento
3164 5291 3328 5327 omne
3375 5290 3460 5327 sa-

1870 5351 2143 5417 criﬁcium
2191 5362 2306 5414 sale
2362 5359 2781 5432 aspergebatur.
2837 5361 2929 5414 Sal
2977 5361 3124 5415 enim
3173 5362 3459 5417 discretio-

1938 5488 2049 5557 (581
2085 5489 2277 5556 Neque
2305 5487 2511 5540 adsunt
2540 5486 2974 5540 consecrationis
3004 5487 3189 5541 verba.

1940 5558 2054 5629 (5)9)
2080 5559 2403 5629 Legendum
2432 5560 2704 5625 Gregorio.
