3964 6406
516 389 641 464 ’863
1547 412 1931 471 BONIZONIS
1970 412 2410 470 PLACENTINI
2448 412 2773 469 EPISCOPI
3697 402 3765 459 86

537 546 687 598 nem,
707 548 831 603 qua
848 534 1119 602 magistra
1150 538 1235 587 est
1264 533 1553 601 virtutum,
1569 535 1867 606 signiﬁcat,
1885 538 2004 591 sine
2018 553 2129 608 qua
2144 540 2193 597 A
2214 554 2326 591 non
2354 539 2569 590 obviam
2602 536 3017 590 traditionibus.
3042 533 3109 588 In
3130 533 3426 587 Antiochia
3454 548 3588 586 vero
3611 530 3682 584 ad
3698 530 3807 583 evi-

536 623 595 672 et
623 636 745 690 qua
772 621 994 675 videtur
1026 623 1223 690 virtus,
1257 627 1343 676 est
1369 623 1585 677 vitium.
1620 626 1748 678 Sale
1787 627 1935 679 enim
1990 627 2136 681 fetor
2216 625 2447 679 tandam
2474 624 2713 678 ironiam
2742 625 3083 690 Judaorum,
3115 639 3321 677 nomen
3359 621 3810 676 Christianorum

537 707 805 764 morbida
842 710 1024 764 carnis
1052 710 1325 775 aboletur,
1348 716 1405 765 et
1425 711 1635 766 viscera
1664 713 1779 767 sale
1809 714 2034 768 condita
2073 714 2133 768 in
2216 714 2477 786 primitus
2492 718 2746 767 exortum
2768 717 2870 767 est.
2895 713 2965 767 Et
2990 713 3097 766 hoc
3129 714 3478 766 sacramento
3501 709 3572 763 ab
3594 714 3812 780 aposto-

539 796 777 851 multam
801 803 1099 853 servantur
1121 804 1361 853 atatem.
1394 801 1458 854 In
1489 799 1786 871 Evangelio
1811 802 2002 868 habes,
2027 802 2133 856 Do-
2215 800 2301 866 lis,
2331 806 2633 871 antequam
2662 800 3062 866 dividerentur,
3098 799 3357 853 instituto
3395 797 3717 869 baptizatis,
3759 802 3814 851 et

542 884 756 939 minum
807 886 1011 941 dixisse
1059 888 1324 957 apostolis
1361 906 1373 942 :
1425 890 1621 942 Habete
1672 893 1842 943 salem
1872 894 1938 944 in
1985 892 2131 944 vobis
2214 889 2274 942 in
2296 889 2518 943 Christo
2549 889 2760 943 renatis
2790 905 2891 959 per
2912 888 3198 960 apostolos
3229 892 3287 941 et
3306 903 3502 941 eorum
3526 902 3811 941 successo-

541 973 732 1041 (Marc.
761 987 842 1039 Ix,
876 972 986 1045 49).
1021 975 1091 1029 Et
1116 975 1174 1028 in
1204 976 1313 1029 alio
1344 976 1464 1030 loco
1495 977 1566 1030 ad
1595 978 1821 1031 eosdem
1850 979 2132 1049 apostolos
2216 993 2304 1030 res
2333 978 2644 1048 episcopos,
2677 982 2735 1032 ut
2764 982 3011 1032 tutorem
3041 976 3316 1030 haberent
3334 976 3692 1030 Paracletum
3717 991 3815 1045 per

536 1059 743 1114 dixisse
778 1080 790 1114 :
832 1063 921 1116 Vos
950 1066 1075 1117 estis
1101 1068 1188 1118 sat
1222 1070 1383 1119 terra
1408 1066 1622 1132 (Matth.
1658 1083 1709 1131 ν,
1741 1064 1852 1137 13).
1873 1067 1981 1121 Sed
2012 1066 2134 1120 uni-
2217 1082 2417 1120 manus
2445 1065 2884 1137 impositionem,
2904 1071 2962 1120 et
2981 1082 3082 1136 per
3102 1064 3418 1119 chrismalis
3444 1063 3553 1118 olei
3581 1063 3813 1133 insigni-

537 1147 791 1203 t‘ormiter
820 1150 879 1204 in
926 1152 1185 1206 universa
1214 1153 1507 1207 deﬁnitum
1560 1159 1647 1207 est
1688 1154 1951 1213 Ecclesia.
1994 1155 2136 1210 Cum
2217 1155 2430 1209 tionem
2456 1155 2625 1225 capit
2663 1154 2906 1226 Spiritus
2946 1155 3123 1208 sancti
3169 1154 3381 1208 orando
3429 1153 3630 1208 donari
3678 1153 3814 1207 cha-

540 1237 663 1308 quis
695 1238 766 1292 ad
787 1240 1245 1295 catcchizandum
1277 1242 1589 1305 accesserit,
1624 1243 1766 1314 petit
1797 1244 2136 1299 exsufﬂatio-
2216 1245 2416 1300 risma.
2455 1244 2599 1308 Quia
2633 1260 2759 1298 vero
2807 1245 2992 1299 oleum
3040 1245 3405 1300 infirmorum
3435 1243 3505 1296 ab
3543 1242 3814 1314 apostolis

540 1341 671 1380 nem
701 1328 1027 1396 sacerdotis,
1064 1346 1175 1400 qua
1209 1331 1439 1402 spiritus
1459 1331 1781 1386 immundus
1802 1333 2129 1403 expellitur;
2217 1332 2793 1388 institutumtestatur
2812 1333 3050 1389 Iacobus
3071 1332 3355 1403 apostolus
3374 1332 3565 1385 dicens
3590 1350 3601 1384 :
3640 1334 3813 1399 Inﬁr-

540 1415 622 1468 sal
653 1432 752 1487 per
780 1432 984 1472 manus
1025 1419 1263 1490 accipiat
1288 1420 1615 1490 sacerdotis,
1652 1420 1871 1475 dicente
1900 1422 2127 1475 eodem:
2218 1427 2412 1477 matur
2430 1426 2553 1492 quis
2582 1425 2644 1475 in
2657 1424 2801 1476 vobis
2822 1428 2845 1475 Ρ
2863 1424 3091 1475 inducat
3106 1422 3447 1490 presbyteros
3467 1422 3732 1481 Ecclesia,
3751 1427 3815 1474 ut

538 1501 734 1571 Accipe
777 1508 862 1558 sat
905 1509 1206 1573 sapientiae,
1259 1509 1403 1574 quod
1424 1510 1677 1575 proﬁciet
1728 1510 1829 1561 tibi
1870 1511 1934 1562 in
1960 1512 2136 1563 vitam
2217 1516 2373 1565 orent
2402 1527 2565 1579 super
2593 1528 2737 1573 eum,
2762 1515 3027 1579 ungentes
3046 1526 3172 1563 eum
3202 1513 3313 1564 oleo
3342 1512 3697 1577 sanctiﬁcata.
3749 1511 3815 1564 Et

542 1595 810 1646 aeternam
834 1612 850 1646 :
876 1609 990 1647 non
1019 1595 1167 1665 quod
1196 1595 1312 1648 vita
1356 1599 1567 1649 aterna
1612 1596 1853 1650 donetur
1879 1597 2138 1651 catechu-
2218 1604 2398 1655 oratio
2419 1602 2547 1667 ﬁdei
2566 1601 2799 1655 salvabit
2815 1602 3142 1667 inﬁrmum;
3166 1604 3215 1652 et
3235 1602 3286 1652 si
3312 1602 3373 1652 in
3387 1602 3624 1667 peccatis
3635 1601 3811 1666 fuerit

541 1689 742 1755 menis,
778 1691 877 1744 sed
927 1692 1059 1762 quia
1104 1692 1189 1745 sal
1233 1698 1647 1746 sacramentum
1689 1698 1774 1747 est
1811 1694 1961 1759 ﬁdei,
2013 1711 2137 1765 quae
2219 1692 2578 1743 remittemur
2606 1692 2656 1742 ei
2682 1693 2815 1761 (Jac.
2839 1706 2890 1755 v,
2914 1688 3027 1759 14).
3059 1689 3175 1741 Hoc
3199 1688 3352 1742 omni
3380 1695 3635 1758 tempore
3662 1687 3816 1742 inter

540 1792 644 1847 per
673 1778 1029 1834 dilectionem
1050 1786 1337 1852 Operatur,
1361 1787 1417 1837 et
1440 1781 1751 1852 baptizatos
1779 1783 2034 1853 perducit
2065 1784 2199 1870 adB
2218 1778 2519 1833 missarum
2548 1776 3220 1849 solemniaapresbyteris
3247 1777 3306 1831 in
3336 1794 3401 1831 eo
3430 1778 3570 1843 loco,
3605 1777 3702 1831 ubi
3734 1778 3816 1831 sic

540 1866 712 1920 vitam
735 1873 1020 1925 atemam.
1043 1872 1104 1926 In
1130 1872 1410 1943 plerisque
1431 1872 1831 1926 veroEcclesiis
1846 1874 1928 1927 sal
1961 1866 2191 1927 semel"
2216 1867 2423 1937 legitur
2452 1884 2462 1919 :
2488 1870 2594 1922 Per
2637 1884 2796 1934 quem
2845 1867 2954 1921 hzc
2982 1870 3172 1921 omnia
3205 1869 3343 1921 bona
3380 1882 3552 1931 creas,
3594 1866 3815 1921 solebat

541 1953 712 2008 datur
749 1959 1202 2026 catechumenis;
1236 1959 1297 2013 in
1336 1959 1669 2030 quibusdam
1712 1976 1843 2015 vero
1872 1962 2132 2016 omnibus
2214 1956 2549 2011 consecrari.
2586 1957 2746 2010 Nunc
2791 1972 2920 2009 vero
2956 1972 2991 2009 a
3028 1955 3163 2010 solis
3192 1955 3467 2026 episcopis
3512 1955 3572 2008 in
3612 1956 3814 2009 eodem

536 2043 841 2100 scrutiniis.

824 2136 896 2188 De
920 2139 1273 2205 triplicioleo,
1311 2143 1359 2191 et
1380 2141 1494 2206 ejus
1524 2139 1847 2191 virtutibus.

612 2224 1038 2279 Transeundum
1056 2242 1204 2280 nunc
1219 2231 1306 2279 est
1325 2226 1394 2280 ad
1415 2226 1521 2280 olei
1540 2227 2128 2297 sacramentum,quod

538 2311 753 2365 tritarie
778 2311 1062 2367 dividitur.
1114 2315 1212 2368 Est
1253 2316 1403 2368 enim
1442 2316 1627 2369 oleum
1672 2316 1990 2382 chrismale,
2040 2332 2131 2370 cu-

2214 2045 2333 2099 loco
2384 2046 2568 2099 missa
2610 2046 2666 2099 in
2711 2046 2884 2099 Cana
2930 2044 3154 2099 Domini
3193 2050 3571 2099 consecratur.
3607 2044 3811 2101 Oleum

2214 2150 2345 2188 vero
2399 2134 2694 2188 cbrismale
2732 2134 2996 2188 odoriferi
3037 2134 3271 2188 balsami
3315 2134 3515 2204 recipit
3546 2135 3815 2188 commix-

2214 2225 2472 2278 stionem.
2509 2223 2707 2278 Oleum
2760 2223 2910 2277 enim
2946 2222 3339 2277 misericordia
3380 2228 3436 2276 et
3470 2223 3727 2277 veritatis
3756 2231 3815 2277 et

2210 2312 2441 2367 luminis
2471 2314 2550 2366 sic
2602 2312 2830 2366 odorem
2861 2329 3026 2367 suum
3065 2313 3231 2383 longe
3266 2313 3491 2383 lateque
3518 2311 3692 2365 habet
3732 2312 3811 2365 di-

534 2400 629 2469 jus
680 2401 1099 2471 consignatione
1128 2403 1467 2474 septiformis
1516 2404 1702 2474 gratia
1746 2405 1923 2459 sancti
1964 2404 2132 2458 datur
2212 2415 2499 2469 spergere,
2519 2405 2583 2454 ut
2612 2417 2675 2454 ex
2702 2401 2863 2454 bonis
2892 2400 3153 2472 Operibus
3183 2417 3215 2454 a
3234 2399 3552 2454 videntibus
3582 2400 3813 2454 honori-

540 2488 800 2558 Spiritus.
836 2490 933 2545 Est
978 2496 1036 2544 et
1064 2493 1250 2546 oleum
1289 2492 1681 2559 exorcizatum,
1715 2510 1824 2563 quo
1844 2499 2137 2562 unguntur
2217 2489 2416 2541 ﬁcetur
2462 2489 2629 2543 Pater
2655 2495 2864 2556 noster,
2893 2490 2988 2560 qui
3016 2490 3073 2543 in
3110 2489 3261 2543 coelis
3304 2494 3408 2555 est,
3457 2493 3515 2542 et
3557 2489 3655 2559 qui
3696 2506 3812 2544 non

539 2578 924 2631 catechumeni
950 2580 1021 2633 ad
1039 2580 1400 2650 effugandum
1422 2581 1731 2635 inimicum.
1750 2582 1846 2635 Est
1871 2588 1927 2634 et
1944 2583 2130 2636 oleum
2215 2576 2573 2630 consentiunt
2600 2577 2841 2641 veritati,
2873 2595 2985 2631 non
3029 2577 3272 2631 habeant
3309 2577 3458 2631 unde
3504 2578 3812 2631 detrahant

540 2664 895 2721 inﬁrmorum
924 2668 996 2721 ad
1038 2670 1338 2723 sanitatem
1367 2670 1613 2740 corporis
1657 2676 1714 2723 et
1744 2670 1947 2723 animae
1994 2688 2132 2742 pm-
2215 2664 2490 2735 religioni.
2510 2667 2715 2720 Beatus
2737 2682 2864 2720 vero
2876 2667 3181 2721 Anacletus
3199 2666 3500 2721 Clementis
3520 2682 3814 2720 successor

537 2759 819 2825 paratum.
878 2756 1059 2811 Habet
1104 2758 1274 2811 etiam
1323 2759 1509 2812 oleum
1552 2760 1656 2813 hoc
1706 2759 2017 2830 proprium,
2070 2765 2135 2813 ut
2213 2752 2273 2807 in
2304 2754 2538 2824 epistola
2570 2771 2673 2810 sua
2700 2756 2976 2810 Dccretali
3024 2756 3158 2809 dicit
3204 2755 3581 2826 :Episcopum
3619 2757 3812 2810 minus

540 2842 781 2897 mixtum
811 2845 935 2899 aliis
977 2846 1287 2918 liquoribus
1336 2852 1661 2918 supernatet
1715 2848 1904 2903 omnia
1950 2848 2132 2919 liqua-
2214 2858 2431 2912 quama
2451 2843 2630 2897 tribus
2660 2860 2772 2897 non
2792 2860 2955 2914 posse
2984 2843 3401 2898 consecrari.Et
3420 2849 3525 2897 hoc
3551 2845 3810 2915 exemplo

538 2930 712 2998 mina,
756 2939 811 2987 et
852 2950 965 2989 non
1023 2936 1340 2990 misceatur.
1375 2937 1441 2990 Et
1478 2936 1758 3007 signiﬁcat
1809 2937 2127 3007 veritatem,
2210 2930 2400 2984 Jacobi
2429 2930 2929 3003 Hierosolymitani
2966 2932 3294 3004 comprobat
3322 2932 3586 3003 episcopi,
3639 2933 3737 3003 qui
3778 2950 3812 2987 a

538 3037 662 3093 qua
691 3038 912 3077 sursum
942 3025 1141 3091 tendit,
1157 3030 1213 3077 et
1241 3026 1310 3078 de
1338 3041 1562 3079 sursum
1591 3030 1695 3092 est,
1719 3030 1906 3079 etnon
1935 3027 2130 3080 misce-
2209 3019 2376 3072 Petro
2408 3025 2465 3073 et
2505 3021 2718 3074 Joanne
2747 3026 2803 3073 et
2830 3021 3033 3075 Jacobo
3064 3023 3356 3075 ordinatus
3385 3026 3491 3084 est,
3522 3028 3581 3076 et
3614 3022 3723 3075 hoc
3752 3023 3811 3076 in

535 3112 632 3162 tur
661 3111 974 3165 mendacio.
1008 3112 1285 3167 Praeterea
1306 3117 1362 3166 et
1385 3113 1457 3166 ad
1483 3113 1912 3167 illuminandum
1942 3114 2128 3184 liquor
2149 3174 2183 3184 η
2208 3108 2512 3163 Dominicis
2531 3110 2905 3163 diebus.Dicit
2932 3111 3101 3164 etiam
3133 3116 3301 3182 caput
3326 3111 3574 3181 episcopi
3602 3110 3835 3165 debere-

538 3203 625 3251 est
651 3198 904 3253 idoneus.
932 3201 1055 3254 Non
1086 3202 1234 3255 enim
1265 3207 1487 3255 tantum
1526 3218 1791 3256 accensus
1820 3203 2119 3270 illuminat,
2142 3174 2185 3239 θ
2208 3197 2511 3251 chrismate
2543 3199 2799 3269 perungi,
2846 3205 2911 3252 ut
2938 3199 3243 3270 principale
3272 3204 3550 3269 nostrum,
3584 3201 3684 3270 qui
3721 3206 3812 3254 est

536 3301 733 3339 verum
764 3289 931 3341 etiam
961 3289 1270 3343 tenebrosa
1290 3291 1469 3344 noctis
1486 3295 1738 3361 tempore
1755 3293 2035 3362 projectus
2065 3293 2124 3346 in

537 3374 680 3429 mari
704 3391 880 3446 aquas
901 3377 1199 3432 illuminat.
1238 3377 1415 3433 Habet
1449 3380 1633 3434 oleum
1664 3381 1832 3434 etiam
1859 3381 1963 3434 hoc
1993 3398 2126 3452 pro-

534 3463 723 3534 prium
756 3478 767 3511 :
802 3464 1103 3533 illuminat,
1135 3467 1332 3531 nutrit,
1383 3469 1616 3523 vulnera
1662 3476 1841 3535 curat,
1873 3476 2125 3525 tumores

537 3551 820 3621 deprimit,
868 3554 1049 3609 febres
1100 3556 1422 3626 exstinguit,
1452 3558 1665 3612 calores
1695 3559 1932 3630 repellit.
1966 3560 2123 3629 Legi-

536 3654 663 3694 mus
693 3641 859 3696 etiam
889 3644 958 3697 ad
982 3643 1101 3698 Noe
1131 3645 1363 3700 rediisse
1392 3646 1706 3700 columbam
1728 3648 1797 3701 ad
1812 3664 2117 3718 vesperam,

533 3744 758 3784 ramum
774 3731 931 3786 oliva
946 3738 1199 3803 portasse
1227 3735 1284 3788 in
1301 3751 1416 3797 ore,
1438 3753 1502 3789 ex
1526 3752 1635 3806 quo
1657 3737 1917 3806 cognovit
1930 3753 2124 3807 pacem

532 3818 811 3873 redditam
843 3837 964 3875 esse
986 3822 1044 3876 in
1070 3824 1237 3878 terris
1265 3824 1497 3878 humani
1518 3825 1741 3894 generis
1762 3830 2119 3896 propagator.

531 3906 814 3962 Intellexit
840 3910 990 3964 enim
1027 3912 1111 3964 vir
1149 3912 1361 3983 Spiritu
1378 3918 1568 3967 sancto
1591 3914 1789 3985 plenus
1810 3930 1844 3967 a
1872 3930 2125 3984 vespera-

530 4003 722 4052 sccnte
750 4000 961 4053 mundo
990 4016 1090 4071 per
1117 4018 1295 4068 avem,
1328 4018 1451 4072 qua
1474 4008 1627 4056 caret
1646 4003 1794 4068 felle,
1822 4020 1925 4074 per
1954 4019 2123 4073 quam

533 4083 777 4156 Spiritus
795 4095 1020 4143 sanctus
1036 4090 1385 4160 designatur,
1407 4108 1509 4161 per
1523 4091 1678 4145 oliva
1706 4098 2122 4146 sacramentum

528 4191 708 4245 genus
730 4177 1041 4232 humanum
1059 4180 1331 4249 sanguine
1362 4180 1571 4234 Christi
1606 4181 1719 4234 Deo
1746 4181 1900 4234 Patri
1930 4197 2122 4235 recon-

531 4262 861 4332 ciliandum;
914 4272 971 4320 et
1005 4267 1137 4321 licet
1163 4284 1273 4321 non
1321 4269 1521 4323 visibili
1563 4269 1660 4323 sed
1698 4269 1962 4322 invisibili
2008 4287 2121 4341 pra

532 4354 883 4408 consortibus
911 4355 1027 4408 suis
1057 4358 1180 4409 oleo
1225 4362 1426 4411 unctus
1455 4358 1529 4411 sit
1557 4357 1835 4426 Christus,
1867 4359 2123 4413 Christus

531 4443 723 4495 tamen
758 4444 956 4497 Unctus
1000 4444 1423 4516 interpretatur.
1469 4449 1519 4500 Λ
1557 4446 1778 4501 Christo
1819 4448 2122 4504 Christiani

532 4545 818 4594 vocamur,
834 4534 1072 4600 populus
1093 4538 1495 4601 acquisitionis,
1533 4553 1663 4602 gens
1692 4542 1882 4590 sancta
1904 4538 1958 4605 (Ι
1974 4540 2118 4592 Petr.

533 4614 695 4686 11,9),
724 4625 778 4673 et
809 4625 873 4695 ut
899 4621 956 4674 in
985 4622 1231 4693 Epistola
1262 4640 1365 4677 sua
1394 4623 1532 4678 dicit
1564 4625 1799 4695 Cephas,
1823 4629 2004 4692 regale
2032 4643 2122 4679 sa-

534 4708 838 4763 cerdotium
862 4710 1421 4783 (Ibid.).Antiquitus
1450 4713 1598 4766 enim
1635 4730 1795 4783 reges
1824 4720 2045 4767 tantum
2068 4721 2125 4769 et

534 4797 851 4852 sacerdotes
876 4804 932 4853 et
958 4801 1242 4871 propheta
1271 4802 1555 4855 chrismali
1596 4803 1950 4873 ungebantur
1979 4804 2121 4857 oleo.
2161 4835 2168 4846 -

533 4884 598 4939 In
628 4884 782 4940 Novo
828 4904 958 4941 vero
987 4887 1348 4943 Testamento
1387 4906 1582 4943 omnes
1630 4908 1730 4960 per
1782 4890 2126 4961 baptismum

529 4974 713 5028 renati
762 4975 885 5030 oleo
926 4977 1348 5032 sanctiﬁcantur
1403 4978 1685 5045 invisibili,
1736 4986 1793 5033 et
1833 4986 2126 5050 unguntur

530 5061 734 5117 visibili
768 5082 780 5118 :
808 5065 939 5119 licet
967 5065 1024 5118 in
1050 5066 1333 5136 primitiva
1370 5066 1631 5133 Ecclesia,
1668 5085 1789 5139 qua
1835 5070 1893 5122 in
1933 5069 2123 5123 Judea

529 5157 657 5223 post
697 5152 1055 5208 Dominicam
1114 5155 1512 5210 Ascensionem
1557 5158 1869 5228 pullulavit.
1930 5158 2124 5211 datum

526 5241 700 5296 fuisse
730 5258 841 5296 non
871 5242 1128 5313 legimus.
1164 5244 1440 5299 Caterum
1469 5245 1528 5300 in
1551 5246 1833 5316 primitiva
1861 5246 2123 5311 Ecclesia,

531 5347 653 5401 qua
709 5331 767 5385 in
809 5332 1004 5386 Judaa
1042 5333 1228 5403 coepit,
1283 5335 1573 5389 credentes
1620 5353 1733 5389 non
1776 5335 2125 5389 Christianos

528 5420 830 5488 nominari,
866 5418 961 5475 sed
995 5422 1334 5483 Nazarenos.
1374 5424 1431 5478 in
1462 5425 1692 5478 Actibus
1736 5424 2122 5494 apostolorum

529 5508 666 5561 satis
686 5515 879 5579 aperte
907 5512 1019 5565 Vas
1048 5513 1335 5567 electionis
1363 5514 1431 5567 ad
1459 5514 1698 5568 Felicem
1713 5513 2006 5585 prasidem
2023 5513 2121 5566 de-

529 5594 724 5661 clarat,
770 5596 958 5651 dicens
992 5616 1003 5651 :
1045 5602 1115 5653 De
1150 5605 1290 5653 serta
1328 5607 1512 5655 autem
1557 5604 2002 5663 Nazarenoruin,
2036 5619 2123 5655 su-

523 5696 636 5749 pra
660 5699 769 5751 qua
798 5701 1041 5750 accusor,
1087 5692 1165 5742 sic
1186 5691 1306 5742 'Deo
1334 5706 1451 5743 meo
1487 5692 1746 5759 deservio,
1787 5696 1849 5743 ut
1870 5694 2121 5759 paternis

2207 3301 2386 3353 mens,
2417 3288 2629 3357 Spiritu
2665 3292 2857 3341 sancto
2895 3288 3143 3342 delibuta
3174 3288 3479 3342 secundum
3512 3284 3615 3342 Dei
3663 3289 3811 3343 ima-

2206 3375 2395 3445 ginem
2425 3376 2575 3430 vivat
2606 3381 2663 3429 et
2688 3378 2873 3448 sapiat
2902 3382 2959 3431 et
2986 3377 3381 3443 conformetur,
3415 3383 3472 3431 et
3507 3383 3574 3431 ut
3602 3394 3810 3433 manus

2208 3464 2478 3533 ejusdem,
2533 3482 2633 3536 per
2658 3482 2796 3535 quas
2844 3483 3014 3536 Opera
3064 3467 3449 3536 designantur,
3496 3468 3809 3521 chrismate

2207 3558 2612 3623 perungantur,
2644 3560 2706 3607 ut
2736 3554 2915 3624 possit
2942 3555 3137 3608 audire
3160 3571 3194 3607 a
3224 3558 3621 3608 consecrante:
3658 3557 3809 3622 Qua-

2204 3657 2417 3709 cunque
2448 3644 2803 3707 benedixeris,
2823 3646 2935 3697 sint
2958 3644 3303 3707 benedicta,et
3319 3659 3654 3711 quaecunque
3684 3660 3811 3697 con-

2207 3736 2521 3799 secrareris,
2550 3736 2664 3787 sint
2706 3739 3037 3787 consecrata.
3073 3734 3201 3787 Hac
3240 3737 3373 3787 sunt
3418 3748 3644 3797 manus,
3680 3751 3807 3804 qua

2205 3820 2449 3873 chrisma
2474 3821 2794 3886 coniiciunt,
2819 3823 2978 3891 cujus
2999 3821 3261 3876 unctione
3288 3820 3358 3875 ad
3387 3821 3805 3877 invocationem

2207 3910 2450 3980 episcopi
2476 3910 2817 3981 septiformis
2840 3911 3026 3980 gratia
3072 3926 3242 3981 super
3267 3910 3579 3980 baptizatos
3624 3912 3805 3965 sancti

2207 3998 2449 4069 Spiritus
2465 4000 2788 4053 eliunditur.
2812 4001 2880 4054 Et
2902 4017 3027 4071 qua
3048 4001 3243 4054 eodem
3270 3999 3574 4053 chrismate
3596 4017 3802 4056 manus

2205 4094 2526 4157 perungant
2552 4089 2878 4154 sacerdotis,
2918 4090 3109 4160 eisque
3160 4093 3499 4160 potestatem
3546 4089 3806 4146 tribuant

2202 4175 2485 4247 baptizare
2510 4182 2566 4231 et
2586 4178 2909 4247 pradicare,
2934 4184 2988 4231 et
3005 4179 3203 4231 missas
3217 4184 3335 4231 tam
3355 4194 3456 4249 pro
3477 4178 3614 4232 vivis
3630 4196 3801 4250 quam

2203 4282 2304 4336 pro
2333 4266 2609 4320 defunctis
2642 4267 2959 4321 decantare.
2986 4267 3446 4321 Consecrationes
3467 4284 3597 4320 vero
3629 4270 3803 4324 eccle-

2206 4355 2417 4408 siarum
2446 4360 2502 4408 et
2529 4355 2794 4409 altarium
2811 4372 2843 4409 a
2859 4356 3023 4410 beato
3044 4356 3308 4410 Silvestre
3328 4356 3385 4409 in
3407 4356 3803 4412 ecclesiasticis

2204 4444 2453 4497 historiis
2478 4446 2784 4515 sumpsisse
2812 4446 3052 4516 legimus
3084 4442 3391 4500 exordium.
3438 4446 3586 4499 Nam
3633 4454 3806 4502 antea

2205 4534 2333 4587 licet
2362 4534 2610 4587 oratoria
2638 4540 2842 4598 essent,
2892 4535 2949 4588 in
2981 4534 3183 4605 quibus
3213 4534 3314 4587 Dei
3345 4534 3585 4604 populus
3605 4550 3805 4588 conve-

2205 4622 2415 4687 niebat,
2447 4640 2560 4676 non
2587 4627 2780 4676 tamen
2800 4622 3001 4676 altaria
3024 4624 3105 4676 vel
3138 4622 3416 4688 ecclesias,
3450 4639 3804 4693 paganorum

2206 4711 2465 4765 saeviente
2502 4712 2745 4779 procella
2772 4712 3055 4766 audebant
3083 4712 3301 4782 publice
3349 4712 3557 4765 habere
3603 4729 3806 4767 conse-

2207 4806 2409 4867 cratas,
2450 4801 2548 4853 sed
2580 4801 2637 4853 in
2673 4801 2883 4871 cryptis
2913 4808 2970 4855 et
2998 4800 3331 4854 cameteriis
3368 4806 3425 4854 et
3455 4800 3510 4853 in
3542 4800 3806 4854 domibus

2210 4891 2420 4943 occulte
2450 4890 2648 4943 missas
2660 4889 3359 4960 celebrabant.Postquam
3381 4906 3509 4943 vero
3531 4889 3806 4943 Constan-

2205 4979 2358 5032 tinus
2372 4978 2701 5032 Christiana
2721 4995 2780 5032 se
2811 4980 3046 5049 subjecit
3067 4978 3342 5048 religioni,
3374 4979 3432 5032 in
3459 4978 3671 5049 palatio
3704 4995 3806 5033 suo

2207 5067 2571 5120 Lateranensi
2598 5067 2888 5121 ecclesiam
2916 5067 2972 5121 in
3001 5068 3212 5121 honore
3244 5067 3549 5121 Salvatoris
3569 5067 3808 5121 adiﬁca-

2208 5156 2305 5220 vit,
2340 5162 2396 5209 et
2433 5161 2497 5209 ut
2524 5156 2710 5226 imago
2742 5157 3044 5210 Salvatoris
3069 5155 3288 5226 publice
3317 5155 3720 5226 depingeretur
3746 5156 3807 5208 in

2208 5244 2537 5315 parietibus,
2570 5250 2626 5298 et
2655 5244 2839 5314 imago
2859 5245 3008 5298 Jovis
3030 5262 3094 5297 ex
3124 5245 3238 5297 alto
3267 5244 3621 5314 dejiceretur,
3652 5250 3710 5297 et
3742 5249 3807 5297 ut

2209 5333 2420 5403 templa
2457 5333 2872 5397 clauderentur,
2916 5339 2971 5386 et
3013 5333 3258 5387 ecclesia
3302 5332 3521 5403 publice
3566 5332 3809 5386 adiﬁca-

2206 5427 2418 5487 rentur,
2438 5420 2700 5476 instituit.
2722 5421 2875 5490 Etzex
2900 5420 2997 5474 illo
3016 5427 3270 5492 tempore
3291 5427 3579 5491 caperunt
3596 5438 3804 5476 mensa

2205 5510 2467 5563 altarium
2487 5509 2721 5578 lapidea
2733 5510 3034 5562 chrismate
3047 5510 3281 5580 perungi
3296 5510 3352 5563 in
3373 5510 3800 5564 similitudinem

2204 5600 2405 5669 lapidis
2464 5598 2634 5662 illius,
2690 5614 2855 5667 quem
2910 5599 3086 5651 erexit
3126 5598 3295 5652 Jacob
3335 5599 3393 5652 in
3423 5598 3674 5664 titulum,
3708 5601 3803 5669 qui

2206 5691 2491 5744 Christum
2517 5688 2968 5758 designabat,qui
2985 5694 3060 5743 est
3094 5691 3232 5756 lapis
3260 5691 3555 5756 angularis
3580 5687 3797 5757 (Ephes.
