3964 6362
88 282 194 340 865

1044 279 1406 335 HISTORIE
1440 276 1875 337 PONTIFICLE
1909 280 2432 337 FRAGMENTUM.

3260 286 3367 345 866

90 413 153 473 Ir,
183 404 300 476 20),
324 408 427 474 qui
452 406 576 473 fecit
606 408 842 472 utraque
864 418 1045 457 unum
1074 405 1238 474 (Ibid,
1263 402 1366 465 14).
1396 405 1541 459 Sunt
1565 408 1878 475 prae-Atur
1900 410 2220 477 peccatores
2250 407 2419 460 matri
2464 406 2738 473 Ecclesiae,
2772 411 2830 461 et
2858 424 2968 478 qua
2997 409 3271 481 episcopis
3308 418 3365 467 et

89 501 251 549 terea
273 500 331 548 et
358 494 470 548 alia
490 492 1064 564 sacramenta,quibus
1087 485 1236 547 nunc
1246 495 1424 548 utitur
1448 494 1691 548 Ecclesia

90 584 395 639 Dominico
416 585 689 655 exemplo,
714 585 968 655 quamvis
1004 600 1117 639 non
1150 584 1359 637 tradito
1388 589 1685 654 praecepto,

87 678 155 728 ut
184 680 279 727 est
306 673 621 728 exsufflatio
638 673 698 727 in
714 673 1341 737 exorcismis,eil‘ectatio
1352 673 1413 726 in
1428 672 1689 726 catechu-

86 762 294 829 menis,
319 767 381 817 et
415 778 617 816 manus
664 762 968 832 impositio,
1007 778 1120 833 qua
1181 761 1475 832 baptizatis
1507 761 1691 815 consi-

85 850 321 920 gnando
350 855 579 907 sanctus
598 850 768 904 datur
792 850 1054 921 Spiritus,
1088 855 1146 905 et
1192 865 1304 921 qua
1326 849 1691 905 reconcilian-

1772 494 2153 547 sacerdotibus
2184 499 2241 548 et
2268 494 2451 547 levitis
2478 494 2655 548 virtus
2682 495 2930 549 traditur
2956 497 3278 553 ministerii.

1842 581 2077 653 Explicit
2128 583 2351 637 libellus
2390 583 2460 637 de
2505 584 2872 638 sacramentis
2896 601 2931 638 a
2959 584 3237 640 Bonizone
3260 589 3369 644 Su-

1769 671 1918 725 trino
1968 670 2225 742 episcopo
2288 671 2492 737 editus,
2546 672 2619 725 ad
2666 672 3022 727 Gualterium
3059 675 3367 729 Leonensis

1772 758 2009 815 ccenobii
2036 761 2376 815 monachum
2400 765 2458 814 et
2485 760 2733 831 priorem
2756 761 2982 817 missus.

241 1178 386 1286 IN
462 1175 1397 1288 FRAGMENTUM
1475 1175 2349 1306 SUBSEQUENS
2426 1177 3218 1289 ADMONITIO.

1242 1385 1415 1463 (MAI,
1449 1383 1666 1465 Spicil.
1696 1383 1871 1448 Rom.
1904 1385 2005 1462 VI,
2039 1384 2204 1462 273.)

158 1548 357 1601 Exstat
382 1548 444 1599 in
466 1546 704 1599 miscello
744 1546 999 1598 Vaticano
1019 1544 1196 1598 codice
1220 1547 1445 1612 epitome
1463 1545 1713 1613 quaedam
1744 1545 2007 1599 historica
2022 1547 2403 1600 Romanorum
2416 1547 2937 1614 pontiﬁcum,quam
2955 1548 3156 1602 Boniso
3176 1548 3365 1603 Sutri-

87 1634 195 1670 nus
224 1619 503 1685 episcopus
524 1616 865 1670 Collectionis
892 1632 1002 1668 suae
1030 1618 1303 1669 canonica?
1319 1617 1501 1669 adhuc
1531 1617 1750 1669 ineditze
1792 1618 1933 1669 libro
1980 1621 2177 1683 quarto
2214 1619 2529 1684 praposuit.
2563 1617 2643 1670 Ea
2671 1634 2801 1670 sane
2837 1619 3155 1672 brevissima
3183 1624 3279 1682 est,
3312 1623 3360 1671 ct

86 1689 313 1757 quidem
343 1702 513 1755 usque
537 1687 609 1738 ad
638 1686 911 1740 Sz‘ricium
943 1688 1178 1739 lacinias
1207 1689 1375 1739 etiam
1402 1703 1467 1740 ea:
1510 1687 2075 1740 Pseudo-Isidorianis
2119 1691 2366 1754 sumptas
2406 1689 2618 1755 passim
2647 1690 2949 1741 interserit.
2981 1689 3129 1743 Satis
3166 1692 3365 1756 igitur,

86 1760 231 1811 mihi
279 1760 354 1811 sit
409 1760 661 1826 epitomes
699 1759 866 1824 hujus
894 1762 1111 1824 partem
1157 1758 1537 1811 tantummodo
1563 1762 1681 1825 post
1710 1757 1982 1811 Siricium
2011 1758 2099 1810 hic
2123 1760 2392 1825 proferre.
2428 1759 2573 1824 Quin
2602 1759 2733 1810 adeo
2754 1775 2879 1811 cum
2902 1765 3126 1813 ventum
3165 1763 3272 1812 erit
3295 1759 3369 1813 ad

80 1831 409 1883 Adrianum
433 1831 706 1897 primum,
739 1830 1031 1882 Bonizonis
1058 1833 1264 1881 textum
1293 1829 1443 1881 haud
1461 1831 1588 1895 jam
1608 1845 1633 1880 ο
1661 1829 1915 1894 ρι’ίείιίσιο
1944 1829 2118 1880 codice
2148 1830 2435 1893 hauriam,
2471 1830 2562 1881 sed
2589 1831 2659 1881 ab
2688 1831 2913 1883 ineditis
2941 1832 3135 1884 Albini
3161 1831 3368 1883 schola—

78 1903 162 1952 ris
195 1901 569 1963 Collectaneis,
603 1903 700 1966 qui
730 1901 791 1952 in
814 1904 1092 1967 postrema
1120 1901 1295 1966 operis
1317 1904 1473 1966 parte
1494 1899 1749 1951 easeribit
1777 1914 1841 1951 ea:
1870 1900 2161 1951 Bonizonis
2186 1900 2324 1951 libro
2339 1901 2615 1965 incognito
2638 1899 2719 1952 De
2749 1900 2889 1953 VITA
2919 1901 3261 1956 Cumanam
3284 1916 3366 1953 re-

82 1974 373 2039 liquorum
398 1969 728 2039 pontiﬁcum
758 1971 1018 2023 notitiam
1048 1984 1215 2038 usque
1234 1970 1307 2021 ad
1339 1971 1623 2024 Urbanum
1652 1969 1721 2031 II,
1749 1971 1812 2022 in
1830 1985 1936 2036 quo
1966 1984 2149 2037 reapse
2168 1971 2370 2023 Boniso
2395 1971 2689 2024 desinebat.
2717 1972 2887 2024 Porro
2916 1976 2964 2024 ct
2988 1973 3247 2040 pradicto
3265 1971 3365 2025 Al-

82 2043 214 2095 bino
236 2043 358 2095 alia
389 2043 530 2096 alibi
546 2042 799 2095 editurus
827 2056 974 2094 sum.

641 2254 1199 2350 HISTORIA?)
1268 2252 1679 2350 PONTIF
1685 2253 1946 2349 lleE
2018 2254 2820 2350 FRAGMENTUM

1247 2435 1352 2501 EX
1395 2435 1791 2503 BONIZONE
1841 2433 2208 2503 SUTRINO.

162 2747 422 2802 Dicerem
456 2742 682 2815 quidem
714 2744 784 2798 de
824 2741 1144 2808 Anastasio,
1175 2745 1232 2795 et
1260 2738 1329 2794 de
1362 2736 1840 2798 InnocentioBut
1892 2739 2227 2794 schismatici
2274 2741 2515 2812 episcopi
2561 2756 2663 2811 per
2716 2741 3009 2796 saeculares
3062 2744 3368 2812 potestates

95 2837 190 2906 qui
222 2832 470 2889 Sabbato
491 2831 755 2903 praecepit
800 2829 1193 2901 jejunandum,
1226 2834 1282 2881 et
1316 2844 1511 2899 pacem
1542 2827 1693 2880 intra

92 2926 401 2978 missarum
432 2922 705 2976 solemnia
740 2919 882 2973 dari.
942 2919 1014 2972 Et
1064 2918 1133 2971 de
1190 2916 1409 2971 Zosimo
1466 2915 1692 2970 natione

95 3016 312 3080 Graeco,
346 3012 442 3083 qui
472 3027 695 3065 cereum
722 3009 781 3063 in
812 3007 1054 3063 Sabbato
1103 3010 1295 3060 sancto
1341 3005 1606 3075 praecepit
1633 3004 1692 3057 in

96 3102 362 3159 omnibus
384 3100 564 3156 titulis
593 3097 863 3153 benedici.
879 3098 948 3151 Et
968 3097 1037 3150 de
1053 3094 1354 3161 Bonifacio,
1380 3094 1475 3165 qui
1502 3109 1693 3147 mona-

97 3193 316 3248 chabus
345 3195 404 3245 et
428 3187 756 3243 diaconissis
786 3184 1077 3239 interdixit
1126 3200 1197 3237 ne
1226 3187 1420 3236 sancta
1445 3198 1580 3237 vasa
1606 3182 1692 3236 vel

95 3282 279 3353 pallas
312 3278 506 3334 altaris
533 3280 848 3347 tangerent.
876 3275 946 3328 Et
964 3274 1033 3327 de
1048 3271 1347 3327 Caelestino
1370 3270 1465 3341 qui
1492 3270 1693 3324 consti-

94 3371 209 3425 tuit
235 3374 304 3424 ut
330 3366 532 3438 psalmi
561 3364 739 3420 David
768 3378 819 3417 CI
854 3378 1090 3417 numero
1118 3360 1529 3431 antiphonatim
1558 3376 1692 3413 can-

93 3463 362 3514 tarentur
412 3460 543 3509 ante
592 3468 883 3517 canonem,
942 3466 1071 3504 nam
1139 3453 1304 3502 antea
1343 3447 1690 3518 evangelium

93 3554 326 3604 tantum
350 3551 409 3601 et
437 3544 684 3616 epistola
722 3540 1072 3613 legebantur.
1134 3539 1202 3592 Et
1255 3538 1324 3591 de
1375 3538 1551 3608 Xysto
1600 3537 1695 3607 qui

96 3637 395 3695 ecclesiam
423 3651 545 3705 quae
572 3631 777 3686 dicitur
796 3629 867 3683 ad
894 3629 1170 3698 Praesepe,
1200 3631 1255 3679 et
1274 3625 1440 3679 hodie
1467 3630 1698 3679 vocatur

96 3727 285 3797 Major
311 3724 577 3790 Ecclesia,
608 3721 666 3775 in
689 3724 879 3773 monte
903 3718 1056 3772 Livio
1080 3713 1187 3783 (00)
1204 3715 1514 3769 aediﬁcavit.
1538 3716 1607 3768 Et
1625 3714 1694 3767 de

95 3832 309 3887 magno
362 3814 562 3878 Leone,
590 3815 647 3864 et
670 3809 739 3862 de
765 3807 958 3861 Hilaro
986 3805 1212 3859 natione
1269 3803 1463 3870 Sardo,
1515 3807 1573 3857 et
1624 3803 1692 3856 de

96 3903 391 3976 Simplicio
418 3900 731 3965 Tiburtino,
792 3903 848 3951 et
902 3896 971 3949 de
1011 3895 1193 3950 Felice
1223 3893 1499 3964 episcopo.
1528 3893 1596 3946 Et
1623 3893 1692 3947 de

1774 2829 2294 2898 comprimerentur.
2324 2830 2390 2883 Et
2421 2830 2489 2883 de
2508 2829 2768 2884 Johanne
2796 2832 2916 2900 ejus
2952 2846 3287 2895 successore,
3310 2835 3370 2885 et

1775 2916 1844 2969 de
1873 2916 2194 2981 Benedicto,
2226 2921 2287 2986 et
2315 2917 2384 2971 de
2414 2917 2641 2986 Pelagio
2671 2918 3074 2988 praedecessore
3114 2916 3369 2987 Gregorii

1776 3005 1870 3078 qui
1890 3021 2085 3059 novem
2110 3005 2460 3076 praefationes
2498 3006 2728 3059 tradidit
2759 3006 3012 3060 Ecclesiae
3050 3011 3180 3059 ante
3204 3021 3367 3059 cano-

1773 3111 1903 3150 nem
1931 3094 2338 3162 decantandas;
2367 3094 2414 3148 si
2442 3096 2552 3148 mei
2589 3100 2737 3149 esset
2782 3095 3083 3167 praepositi,
3114 3093 3365 3149 seriatim

1772 3187 2054 3240 Romanos
2074 3182 2362 3253 pontiﬁces
2398 3182 2704 3238 insinuare.

1843 3274 1923 3328 De
1949 3272 2113 3325 beato
2145 3271 2415 3341 Gregorio
2441 3272 2718 3326 silendum
2743 3288 2858 3326 non
2885 3271 3146 3337 arbitror,
3190 3289 3223 3325 a
3252 3288 3363 3343 quo

1772 3359 1915 3413 liber
1959 3359 2448 3413 Sacramentorum
2485 3359 2668 3413 editus
2705 3364 2808 3421 est,
2842 3367 2899 3413 et
2926 3360 3364 3430 Antiphonarius

1771 3453 1888 3502 tam
1918 3446 2153 3501 diurnus
2198 3462 2369 3517 quam
2396 3452 2722 3511 nocturnus,
2757 3453 2813 3501 et
2837 3452 3114 3502 tractatus
3154 3449 3210 3503 in
3240 3450 3370 3505 Eze—

1777 3535 2035 3598 chielem,
2060 3540 2118 3589 et
2147 3533 2402 3588 Homiliaa
2431 3548 2486 3587 x1
2506 3535 2565 3588 in
2592 3534 2910 3604 Evangelia,
2947 3535 3080 3595 etin
3108 3534 3219 3589 Job
3250 3552 3368 3591 mo-

1776 3622 1969 3676 raliter
1999 3628 2056 3676 et
2084 3621 2382 3691 allegorice
2415 3626 2472 3675 et
2502 3622 2572 3675 ad
2602 3621 2896 3676 historiam
2922 3624 3252 3693 compendio
3278 3624 3366 3678 di-

1773 3717 2020 3781 gestans,
2068 3715 2125 3765 et
2173 3709 2534 3780 Dialogorum
2582 3709 2741 3773 liber,
2775 3714 2832 3763 et
2868 3711 3164 3780 pastoralis
3194 3710 3362 3779 Cura,

1773 3799 2023 3854 Johanni
2043 3799 2351 3853 Ravennati
2380 3798 2611 3863 directa,
2657 3803 2713 3851 et
2729 3798 3051 3867 Registrum
3072 3798 3143 3851 ad
3171 3814 3367 3868 regen-

1773 3889 1903 3943 dam
1935 3889 2237 3943 Ecclesiam
2269 3887 2405 3941 satis
2433 3887 2590 3942 utile.
2628 3885 2729 3939 l-Iic
2757 3886 3044 3940 constituit
3098 3891 3164 3940 ut
3208 3887 3366 3940 Anti-

95 3974 326 4050 Gelasio
354 3989 685 4046 scholastico
732 3987 957 4040 doctore
983 3984 1241 4048 miriﬁco,
1304 3982 1401 4052 qui
1443 3982 1690 4036 Gelasia-
1714 4008 1758 4071 α
1780 3979 1967 4050 phona
1987 3982 2311 4032 cantaretur
2329 3993 2450 4047 quze
2471 3979 2699 4028 vocatur
2720 3977 2989 4029 Inlroitus
3019 3974 3089 4028 ad
3122 3976 3367 4029 mulcen-

93 4102 236 4142 num
290 4081 538 4137 codicem
569 4076 896 4147 composuit,
955 4079 1013 4129 et
1067 4075 1306 4145 hymnos
1337 4079 1393 4126 et
1424 4077 1693 4126 tractatus

96 4175 248 4240 fecit,
281 4178 349 4228 ut
375 4171 573 4225 beatus
593 4166 940 4231 Ambrosius,
992 4169 1049 4217 et
1071 4161 1370 4217 declaravit
1398 4167 1532 4233 quot
1570 4161 1695 4215 libri

96 4263 274 4335 recipi
303 4260 547 4316 debeant
588 4257 648 4311 in
688 4253 950 4319 Ecclesia,
984 4252 1143 4323 quive
1169 4250 1469 4318 contemni,
1500 4256 1556 4305 et
1584 4267 1693 4322 quo

98 4361 361 4423 tempore
417 4345 794 4402 ordinationes
840 4341 1195 4396 sacerdotum
1249 4344 1695 4409 ceterorumque

98 4442 368 4498 ordinum
395 4435 517 4491 ﬁeri
538 4434 795 4489 debeant.
819 4432 888 4485 Et
907 4431 976 4484 de
1004 4428 1299 4483 Anastasio
1327 4429 1449 4498 ejus
1477 4444 1697 4481 succes-

97 4549 248 4597 sore,
290 4534 349 4583 et
377 4527 445 4581 de
469 4522 803 4596 Symmacho
835 4520 1011 4575 Sardo
1065 4519 1158 4589 qui
1200 4517 1488 4573 constituit
1515 4516 1695 4570 omni-

97 4622 205 4676 bus
261 4615 564 4673 Dominicis
617 4612 813 4667 diebus
873 4615 931 4664 et
984 4607 1250 4663 natalitiis
1314 4607 1694 4677 apostolorum

94 4713 382 4781 hymnum
445 4702 758 4774 angelicum
803 4697 1107 4753 decantari.
1166 4695 1242 4750 Et
1297 4694 1368 4748 de
1404 4693 1697 4748 Pormisda

90 4814 320 4869 magna:
339 4795 463 4849 vitae
492 4799 549 4848 et
567 4789 772 4856 meriti,
799 4794 857 4843 et
884 4788 953 4842 de
980 4788 1215 4854 Joanne,
1248 4785 1371 4855 ejus
1408 4799 1694 4837 successo-

88 4907 171 4955 re,
208 4894 269 4941 et
295 4886 366 4940 de
395 4882 596 4948 Felice,
647 4885 705 4935 et
741 4878 811 4933 de
852 4875 1129 4931 Bonifacio
1181 4874 1277 4945 qui
1326 4872 1691 4926 constitutum

86 4980 225 5034 fecit
252 4980 323 5031 ut
363 4988 475 5028 non
528 4971 690 5024 ﬁeret
736 4967 930 5022 electio
970 4964 1210 5019 Romani
1238 4961 1535 5033 pontiﬁcis,
1588 4958 1695 5013 nisi

85 5070 221 5138 post
247 5062 481 5118 tertium
504 5056 864 5130 depositionis
892 5056 1014 5125 ejus
1042 5054 1209 5107 diem.
1244 5052 1314 5105 Et
1343 5051 1413 5104 de
1458 5050 1691 5138 Joanne,

86 5135 220 5227 ejus
256 5166 595 5214 successore,
638 5153 695 5203 et
740 5147 808 5200 de
844 5143 1107 5215 Agapito,
1152 5147 1208 5196 et
1236 5141 1305 5194 de
1348 5137 1578 5194 Silverio
1602 5135 1698 5227 qui

87 5225 316 5316 primus
344 5245 472 5313 post
498 5238 648 5293 beati
678 5234 926 5292 Silvestri
949 5238 1225 5303 tempora,
1257 5229 1379 5283 sine
1418 5225 1695 5298 imperiali

91 5347 356 5393 assensu,
390 5329 705 5383 Gothorum
748 5339 920 5377 manu
950 5327 1036 5376 est
1065 5319 1355 5375 ordinatus
1382 5316 1692 5387 episcopus.

96 5425 167 5478 Et
197 5422 270 5476 de
293 5417 516 5490 Vigilio,
549 5421 607 5471 et
633 5416 702 5470 de
738 5411 966 5482 Pelagio
995 5409 1251 5481 episcopo
1303 5406 1398 5478 qui
1438 5402 1700 5477 praecepit

1781 4070 1916 4123 dum
1948 4067 2294 4121 audientium
2323 4065 2557 4131 animos,
2575 4063 2774 4118 deinde
2803 4066 2971 4133 Kyrie
2998 4067 3245 4119 eteisona
3264 4065 3369 4119 cle-

1774 4174 1837 4211 ro
1866 4155 2055 4209 novies
2085 4153 2389 4219 decantari,
2448 4158 2504 4206 et
2530 4156 2657 4223 post
2701 4152 2949 4222 amplum
3002 4152 3280 4207 Graduale
3307 4158 3366 4207 et

1774 4246 2038 4307 Alleluia,
2074 4246 2300 4311 excepto
2328 4240 2387 4293 in
2421 4240 2777 4310 septuaginta
2817 4238 3012 4293 diebus
3058 4239 3118 4293 in
3164 4239 3367 4311 quibus

1774 4338 1989 4388 tractus
2016 4330 2258 4385 instituit
2286 4329 2662 4382 decantandos
2687 4347 2699 4391 ;
2741 4332 2868 4399 post
2893 4327 3240 4397 evangelium
3272 4345 3367 4382 ve-

1777 4438 1860 4487 ro,
1893 4421 2027 4474 dum
2048 4417 2354 4472 oblationes
2394 4417 2724 4483 offeruntur,
2780 4415 3139 4470 Olfertorium
3170 4416 3371 4471 decan-

1776 4509 1904 4569 tari,
1934 4513 1992 4561 et
2019 4511 2145 4578 post
2172 4506 2466 4559 factionem
2499 4504 2849 4559 eucharistiaa
2876 4510 3175 4576 postquam
3212 4521 3369 4560 com-

1777 4596 2188 4652 municaverint
2209 4594 2680 4650 communionem.
2723 4593 2824 4648 Hic
2850 4593 2999 4647 idem
3046 4593 3264 4648 addidit
3309 4594 3369 4650 in

1776 4688 2002 4741 Canone
2038 4688 2260 4753 Diesque
2290 4690 2498 4737 nostros
2528 4686 2592 4737 in
2625 4689 2721 4736 tua
2746 4699 2878 4751 pace
2914 4682 3193 4749 disponas.
3211 4684 3280 4738 Et
3304 4691 3368 4740 ut

1777 4775 1953 4831 oratio
1980 4773 2269 4829 Dominica
2295 4789 2327 4826 a
2349 4772 2636 4826 sacerdote
2660 4787 2830 4841 super
2854 4770 3259 4824 Eucharistiam
3287 4769 3366 4821 al-

1775 4869 1832 4919 ta
1862 4862 2435 4923 voce_decantaretur.
2468 4858 2572 4913 Hic
2618 4858 2769 4912 idem
2811 4857 3057 4912 instituit
3083 4861 3150 4910 ut
3176 4872 3210 4909 a
3237 4872 3365 4926 sep-

1775 4951 2090 5023 tuagesima
2117 4966 2295 5019 usque
2319 4948 2377 5001 in
2406 4947 2619 5002 Pascha
2647 4962 2759 5000 non
2796 4950 3055 5000 cantetur
3098 4945 3360 5009 Alleluia,

1779 5048 1836 5097 et
1862 5047 1927 5096 ut
1955 5041 2014 5094 in
2042 5036 2361 5093 matutinali
2388 5036 2583 5107 synaxi
2612 5034 2810 5089 festiva
2831 5041 2954 5088 octo
2984 5038 3207 5087 tantum
3231 5048 3366 5087 can-

1778 5137 2038 5188 tarentur
2076 5127 2449 5201 responsoria,
2479 5132 2539 5180 et
2574 5129 2906 5196 sequeretur
2930 5123 3367 5178 Ambrosianum

1776 5226 1834 5276 et
1860 5221 1919 5274 in
1945 5219 2275 5291 quotidiana
2300 5216 2412 5270 duo
2440 5219 2682 5268 tantum.
2714 5213 2785 5267 Et
2807 5229 2838 5266 a
2868 5211 3195 5283 presbytero
3224 5211 3370 5265 dice-

1778 5316 1937 5366 retur
1967 5310 2194 5377 Deus,in
2212 5306 2561 5374 adiutorium
2582 5318 2785 5367 meum,
2811 5301 2907 5371 qui
2927 5306 3012 5354 est
3029 5300 3369 5355 centesimus

1780 5405 2008 5455 octavus
2032 5396 2284 5451 decimus
2308 5393 2576 5466 psalmus.
2617 5391 2797 5455 Quam
2826 5405 2957 5444 vero
2987 5388 3059 5443 sit
3087 5387 3367 5444 honestis-

174 5575 284 5649 (60)
318 5572 543 5632 Scilicet
571 5568 720 5643 apud
748 5566 917 5624 Liviae
943 5562 1243 5621 macellum
1270 5559 1331 5616 in
1358 5556 1673 5630 Exquilino,
1705 5558 1772 5610 ut
1800 5554 2043 5627 constat.
