3964 6400
566 299 673 366 86?
1555 293 1940 357 somzom‘s
1977 292 2416 356 PmcENTINI
2453 289 2780 354 Ericen?!
3722 287 3824 356 868

566 434 741 490 simus
768 437 825 486 et
855 437 1058 485 nostrae
1085 426 1250 483 saluti
1279 428 1335 482 in
1365 429 1617 481 oratione
1652 425 1945 494 utillimus,
1991 441 2157 500 quem
2177 429 2228 486 Α
2246 425 2398 491 tatis,
2433 425 2527 494 qui
2570 423 2834 495 priueepii
2878 423 2943 477 ut
2982 423 3082 476 ﬁlii
3129 425 3480 492 computruit)
3509 427 3567 476 et
3593 435 3826 478 comma:

567 525 703 577 dam
731 521 1072 575 monachum
1104 521 1328 571 sanctus
1358 517 1578 570 edocuit
1602 517 1855 586 angelus,
1885 516 1978 586 qui
2006 533 2063 568 se
2076 515 2156 568 d-i-
2236 519 2386 567 trum
2424 530 2536 566 non
2569 530 2630 567 se
2658 514 2977 582 jungerent.
3011 512 3085 567 Et
3113 512 3244 582 quia
3269 513 3438 565 (mem
3471 513 3589 581 jam
3619 517 3825 582 spectat

565 606 727 666 cebat
752 608 1031 679 quondam
1064 607 1348 660 Samsonis
1373 606 1524 658 illius
1552 605 1842 658 fortissimi
1872 605 2042 658 fuisse
2057 617 2156 658 cu-
2236 602 2521 672 paginula,
2565 603 2731 655 silere
2769 613 2881 654 non
2929 601 3106 654 debeo
3153 601 3225 678 de
3262 591 3512 654 Adriano
3556 601 3831 655 Zachariae

565 700 804 754 stodem.
829 705 881 749 et
913 702 1046 750 tunc
1077 695 1325 763 ejusdem
1356 695 1608 747 monachi
1637 694 1705 746 ad
1727 691 2034 746 custodiam
2065 693 2161 746 (ξεί
2236 707 2579 754 successore,
2614 697 2716 743 etc.

563 792 846 859 putatum.
880 785 985 847 Qui
1020 785 1167 837 inter
1204 783 1312 836 alia
1343 781 1519 835 multa
1541 782 1972 851 prmdicamenta
2001 782 2156 833 salu-r
2378 781 2579 831 Deinde
2609 795 2672 830 cm
2701 779 2910 838 Albini,
2945 783 3008 830 ut
3037 779 3304 842 disi-mus,
3330 779 3689 831 collectane'is.

564 877 656 941 tis,
691 876 794 927 hoc
823 875 991 925 etiam
1030 872 1099 925 de
1135 871 1414 924 industria
1442 871 1753 934 admonuit,
1783 876 1846 922 ut
1876 870 2151 938 psalmum
2237 867 2446 921 Bonizo
2464 866 2756 937 episcopus
2786 867 2844 919 in
2873 866 3018 918 libro
3057 879 3160 919 suo
3205 867 3287 920 De
3329 867 3444 919 vita
3489 859 3828 920 Christiana.

563 967 713 1018 hunc
739 960 1513 1033 specialitercommcndatum
1537 959 1775 1028 impigre
1795 959 2154 1026 frequentare
2309 957 2565 1009 Scribere
2595 956 2828 1026 dignum
2854 956 2985 1009 duxi
3015 955 3083 1007 de
3110 955 3375 1021 Adriano,
3398 956 3676 1008 Zachariae
3706 972 3832 1009 suc-

564 1071 667 1107 nos
696 1051 1005 1113 conveniat,
1056 1066 1220 1118 quem
1268 1047 1617 1100 cantabimus
1647 1048 1743 1099 ita.
1778 1049 1933 1108 Deus,
1968 1039 2030 1098 in
2059 1039 2154 1099 ad—
2237 1061 2474 1109 cessore,
2501 1045 2661 1112 cujus
2686 1051 2884 1114 rogatu
2911 1041 3142 1097 Carolus
3166 1061 3260 1096 rex
3275 1043 3506 1096 intravit
3525 1043 3583 1096 in
3614 1041 3831 1098 Italiam

550 1145 837 1210 jutorium
868 1156 1051 1192 meum
1079 1139 1319 1190 intende.
1351 1136 1452 1190 Hic
1488 1135 1636 1188 idem
1673 1135 1976 1203 Gregorius
2006 1134 2154 1194 Lita—
2236 1137 2296 1192 in
2319 1143 2610 1206 potentatu
2634 1153 2838 1206 magno
2867 1142 2923 1189 et
2949 1152 3116 1192 manu
3135 1135 3384 1199 robusta,
3408 1141 3465 1188 et
3482 1136 3835 1190 Desiderium

561 1232 710 1284 niam
743 1225 992 1282 instituit
1015 1221 1308 1295 Hajorem,
1339 1231 1392 1278 et
1421 1225 1712 1293 Anglicum
1735 1229 1962 1291 gentem
1991 1215 2126 1280 Cliti

2269 1239 2432 1294 egeni
2455 1221 2956 1294 Longobardorum
2985 1225 3158 1278 victor
3181 1226 3237 1276 et
3273 1241 3307 1278 a
3336 1219 3487 1283 Pado
3511 1223 3744 1293 fugavit,
3779 1232 3834 1279 et

562 1320 631 1372 sti
665 1317 918 1371 Ecclesiae
948 1315 1195 1378 sociavit,
1245 1320 1302 1366 et
1327 1314 1658 1381 angelorum
1695 1312 1940 1364 insertus
1970 1311 2153 1364 choris
2235 1313 2292 1366 in
2323 1313 2495 1382 Papia
2527 1313 2817 1365 obsessum.
2845 1312 3046 1365 tenuit.
3078 1313 3291 1366 Dehinc
3316 1313 3550 1366 Romam
3582 1313 3832 1377 veniens,

561 1408 698 1460 caelo
729 1404 983 1474 spiritum
1033 1402 1291 1465 reddidit,
1344 1407 1399 1453 et
1428 1402 1679 1470 sepultus
1725 1405 1810 1454 est
1837 1399 1895 1451 in
1923 1399 2157 1451 basilica
2236 1412 2270 1457 α
2294 1406 2485 1454 monte
2519 1402 2616 1471 qui
2645 1401 2850 1454 dicitur
2880 1401 3081 1453 Gaudii
3114 1417 3288 1471 usque
3338 1401 3410 1454 ad
3458 1402 3646 1454 Sancti
3678 1401 3836 1454 Petri

562 1494 750 1548 Sancti
781 1492 932 1545 Petri
960 1496 1089 1543 ante
1113 1490 1493 1542 secretarium.
2237 1491 2526 1544 ecclesiam
2560 1490 2728 1560 pedes
2750 1490 3086 1560 properavit.
3114 1490 3288 1552 Quem
3311 1489 3666 1542 beatissimus
3686 1506 3838 1559 papa

603 1575 608 1580 ’
635 1583 779 1646 Quid
807 1579 1040 1634 referam
1065 1569 1133 1632 de
1165 1579 1487 1641 Sabiniano,
1522 1579 1640 1648 ejus
1684 1591 2023 1636 successore.
2057 1567 2152 1644 qui
2234 1579 2292 1632 in
2317 1579 2596 1633 Gradibds
2624 1579 2812 1632 Sancti
2844 1573 2997 1632 Petri
3027 1580 3378 1650 praestolatus
3409 1579 3512 1640 est,
3542 1585 3597 1632 et
3613 1579 3842 1632 venien-

561 1671 865 1732 luminaria
885 1669 1102 1722 addidit
1121 1669 1175 1720 in
1193 1668 1424 1720 ecclesia
1443 1668 1595 1720 Beati
1613 1666 1755 1720 Petri
1780 1667 1802 1718 ί)
1825 1665 1892 1719 Et
1911 1664 1978 1717 de
1992 1663 2154 1717 Boni-
2235 1673 2349 1722 tem
2380 1685 2557 1738 usque
2587 1669 2656 1720 ad
2686 1669 3088 1722 confessionem
3121 1668 3302 1721 sancti
3334 1667 3488 1720 Petri
3516 1684 3640 1720 cum
3675 1669 3842 1738 hym~

558 1760 716 1825 facio,
746 1759 840 1828 qui
867 1775 900 1810 a
926 1759 1111 1810 Phoca
1129 1757 1346 1810 Caesare
1369 1755 1571 1807 meruit
1608 1754 1956 1823 privilegium
1999 1753 2147 1822 quod
2169 1759 2214 1816 Β
2233 1756 2321 1808 nis
2341 1762 2397 1808 et
2420 1756 2678 1809 laudibus
2735 1762 2792 1809 et
2836 1757 3066 1826 psalmis
3107 1756 3457 1819 clericorum,
3491 1761 3547 1808 et
3573 1756 3845 1809 laudibus

559 1849 826 1901 Romanae
867 1845 1122 1898 Ecclesiae
1180 1842 1799 1912 Constantinopolitana
1849 1839 2154 1909 subjicere—
2231 1844 2487 1912 judicum
2533 1845 2936 1909 Romanorum,
2966 1850 3029 1898 ut
3059 1861 3178 1897 mos
3208 1848 3311 1909 est,
3345 1844 3607 1897 decenter
3633 1844 3844 1914 perdu-

557 1937 693 2005 tur?
719 1934 794 1990 Et
823 1933 956 2005 quid
985 1934 1051 1986 de
1083 1933 1189 1986 alio
1213 1932 1511 1994 Bonii’acio,
1537 1930 1632 2001 qui
1654 1929 1894 1982 obtinuit
1916 1946 1949 1981 a
1971 1929 2153 1981 Phoca
2235 1933 2332 1985 xit.
2371 1932 2450 1990 At
2481 1933 2572 1986 ille
2602 1932 3021 2003 potentissimus
3052 1945 3146 1986 rex
3195 1933 3432 1988 oil‘eren’s
3475 1931 3636 1985 beato
3667 1932 3842 1986 Petro

559 2026 777 2079 Caesare
802 2024 923 2076 dari
956 2023 1210 2075 Ecclesiae
1230 2020 1327 2074 Dei
1349 2019 1918 2088 catholiczetemplum
1940 2017 2148 2079 Romae,
2236 2020 2414 2072 multa
2468 2020 2718 2084 donaria,
2754 2022 3198 2090 promittensque
3251 2022 3370 2090 ejus
3427 2020 3630 2074 vicario
3666 2018 3843 2074 ﬁdem

557 2112 704 2181 quod
730 2111 799 2164 ab
827 2110 1070 2179 antiquis
1099 2109 1388 2163 Pantheon
1411 2107 1719 2171 dicebatur,
1755 2112 1811 2158 et.
1830 2105 2011 2157 dictus
2032 2105 2149 2157 Cae-
2235 2113 2291 2160 et
2329 2107 2573 2160 debitam
2617 2109 3006 2174 reverentiam,
3036 2109 3363 2179 patriciatus
3390 2125 3423 2161 a
3454 2109 3726 2161 Romanis
3744 2124 3843 2161 su-

558 2217 651 2253 sar
679 2200 833 2252 dedit
856 2198 1149 2268 episcopo;
1181 2197 1274 2266 qui
1313 2198 1489 2264 legem
1539 2193 1721 2264 posuit
1770 2193 1826 2246 in
1885 2193 2147 2255 Ecclesia,
2233 2197 2499 2249 blimatus
2529 2197 2760 2257 honore,
2792 2197 3021 2267 Papiam
3056 2214 3332 2260 reversus,
3384 2197 3669 2250 civitatem
3705 2198 3838 2267 qui-

556 2287 660 2340 sub
687 2286 1144 2340 interminatione
1196 2283 1590 2354 separationis,
1645 2287 1711 2335 ut
1760 2282 1914 2334 nulla
1949 2281 2157 2339 murtei"
2233 2285 2360 2341 dem
2391 2286 2576 2356 carpit,
2621 2291 2681 2338 et
2706 2285 3062 2343 Desiderium
3088 2298 3274 2356 regmn
3309 2303 3438 2340 cum
3469 2286 3715 2354 conjuge
3747 2303 3837 2339 se-

555 2375 734 2428 ﬁlium
757 2391 920 2428 suum
956 2375 1024 2426 de
1046 2374 1196 2425 fonte
1211 2373 1533 2441 susciperet,
1564 2370 1823 2423 similiter
1851 2375 1906 2420 et
1935 2367 1990 2420 in
2018 2385 2148 2421 con-
2233 2389 2358 2426 cum
2393 2375 2545 2426 ultra
2573 2380 2791 2426 montes
2818 2375 2974 2426 duxit
3005 2393 3016 2439 ;
3061 2382 3116 2426 et
3146 2391 3210 2426 ex
3239 2374 3334 2426 illo
3366 2373 3473 2426 dici
3504 2373 3721 2426 meruit
3747 2391 3846 2427 rex

557 2463 986 2515 ﬁrmationibus.
1023 2463 1090 2514 Et
1114 2462 1181 2513 de
1207 2460 1374 2513 tertio
1410 2465 1536 2529 post
1564 2451 1900 2525 Gregorium
1930 2449 2150 2510 Benifa—
2232 2455 2575 2514 Francorum
2605 2466 2661 2513 et
2690 2453 3207 2531 Longobardorum,
3242 2477 3306 2514 ac
3329 2460 3608 2514 Patricius
3632 2461 3845 2516 Roma-

557 2552 662 2615 cio,
697 2557 753 2604 et
783 2551 851 2603 de
884 2550 1130 2602 Honorio
1153 2550 1270 2617 ejus
1305 2564 1641 2600 successore.
1668 2547 1735 2598 Et
1763 2545 1830 2597 de
1862 2545 2145 2610 Severino,
2232 2565 2453 2601 norum.
2484 2550 2552 2602 Et
2580 2549 2648 2601 de
2679 2550 2844 2602 tertio
2896 2551 3100 2612 Leone,
3135 2549 3229 2619 qui
3264 2549 3720 2603 Sermocinarius
3743 2567 3847 2620 ap-

555 2643 716 2708 cujus
745 2639 1090 2708 temporibus
1139 2638 1247 2690 fuit
1277 2635 1602 2689 Hcraclidus
1639 2632 2148 2687 Christianissimus
2232 2637 2470 2706 pellatus
2500 2643 2601 2690 est.
2631 2639 2700 2691 Et
2728 2639 2797 2691 de
2823 2639 3127 2708 Stephano,
3161 2641 3282 2707 ejus
3304 2655 3645 2692 successore.
3685 2641 3758 2693 Et
3778 2640 3848 2692 de

554 2729 883 2798 imperator,
919 2727 1014 2796 qui
1067 2727 1334 2780 exstincto
1383 2725 1627 2777 Chosroe
1659 2738 1877 2775 crucem
1930 2720 2148 2774 Domini
2233 2725 2488 2780 Paschali
2541 2726 2638 2796 qui
2677 2727 2869 2780 Romae
2915 2727 3202 2780 ecclesiam
3235 2727 3526 2782 aediﬁcavit
3573 2728 3638 2782 in
3670 2729 3850 2784 hono-

555 2817 1004 2886 Hierosolymam
1035 2814 1364 2884 reporta-vit.
1407 2814 1475 2866 Et
1502 2813 1570 2865 de
1599 2813 1830 2874 Joanne,
1866 2812 1988 2878 ejus
2032 2827 2150 2862 suc—
2232 2829 2352 2866 rem
2382 2812 2556 2866 beatae
2586 2815 2793 2879 Marini,
2825 2831 2949 2884 quae
2979 2816 3266 2868 Dominica
3292 2817 3644 2881 nominatur,
3671 2834 3849 2887 quam

551 2919 792 2970 cessere,
818 2912 876 2958 et
897 2904 967 2957 de
997 2903 1290 2957 Theodoro
1310 2901 1570 2972 pontiﬁce
1587 2900 1682 2969 qui
1709 2899 2148 2968 poenitentialem
2232 2907 2287 2953 et
2313 2902 2642 2955 marmoreis
2662 2903 2939 2973 lapidibus
2974 2904 3212 2956 vestivit.
3234 2905 3303 2957 Et
3327 2905 3397 2957 de
3429 2905 3714 2974 Eugenio,
3749 2895 3848 2976 qui

555 2995 763 3050 librum
791 2993 1106 3064 composuit
1135 2991 1263 3060 (61).
1299 2993 1368 3044 Et
1391 2989 1462 3044 de
1499 2996 1587 3042 ter
1630 2989 1956 3042 beatissimo
2006 3004 2150 3057 papa
2231 2991 2671 3059 puenitentialem
2701 2992 2933 3050 Librum
2983 2993 3320 3063 composuit,
3350 2998 3408 3046 et
3447 2993 3503 3048 in
3533 2994 3850 3048 Franciam

552 3083 800 3138 Martino
826 3087 1096 3151 martyre,
1139 3080 1236 3150 qui
1286 3080 1423 3132 dum
1473 3077 1777 3130 missarum
1813 3066 2202 3144 sollempniac
2225 3079 2558 3132 transmisit.
2604 3079 2678 3133 Et
2704 3081 2774 3134 de
2807 3081 3100 3136 Valentino
3133 3081 3230 3150 qui
3263 3080 3612 3140 Ludovicum
3656 3083 3847 3137 ﬁlium

551 3173 622 3225 ad
649 3173 825 3225 altare
859 3170 957 3223 Dei
992 3169 1282 3239 genitricis
1327 3167 1561 3236 virginis
1579 3165 1793 3228 Marini,
1826 3165 1972 3234 quod
2003 3164 2143 3217 dici-
2227 3167 2410 3220 Caroli
2440 3167 2836 3237 imperatorem
2870 3170 3230 3224 consecravit.
3258 3170 3326 3223 Et
3353 3170 3423 3223 de
3451 3171 3578 3240 ejus
3606 3188 3812 3226 succes

549 3266 645 3316 tur
675 3260 744 3312 ad
774 3259 1045 3327 Praesepe,
1069 3257 1397 3319 celebraret,
1424 3255 1612 3307 divina
1638 3253 1980 3322 benignitate
2011 3269 2140 3321 spa-
2224 3270 2348 3308 sore
2377 3255 2668 3325 Gregorio.
2703 3258 2776 3312 Et
2801 3257 2869 3310 de
2893 3259 3108 3327 Sergio,
3137 3259 3299 3328 cujus
3325 3259 3690 3329 temporibus
3709 3261 3845 3316 Sar-

547 3348 769 3402 tharius
800 3346 1043 3416 Olympii
1070 3345 1226 3398 ducis
1257 3345 1459 3398 missus
1501 3349 1564 3396 ut
1601 3359 1729 3396 eum
1777 3343 2140 3408 interficeret,
2223 3344 2408 3400 raceni
2439 3344 2804 3400 devastarunt
2844 3345 3088 3402 Italiam.

548 3449 847 3508 percussus
886 3434 1132 3487 caecitate
1162 3449 1288 3485 eum
1320 3432 1550 3486 omnino
1578 3431 1763 3484 videre
1791 3447 1902 3488 non
1933 3430 2135 3499 potuit.
2291 3431 2366 3484 Et
2397 3432 2465 3483 de
2486 3433 2594 3484 alio
2615 3434 2802 3486 Leone
2827 3433 2922 3503 qui
2943 3434 3204 3488 Carolum
3240 3434 3420 3488 ﬁlium
3441 3434 3728 3490 Ludovici
3758 3454 3848 3492 co-

547 3525 672 3579 Nisi
699 3523 835 3593 quia
861 3522 953 3576 isti
973 3527 1104 3576 sunt
1131 3520 1404 3580 Dominici
1427 3519 1614 3588 gregis
1645 3519 1869 3581 arietes,
1894 3534 2142 3574 romanae
2219 3519 2440 3576 ronavit
2474 3521 2895 3590 imperatorem,
2945 3523 3152 3592 quique
3180 3523 3351 3576 etiam
3381 3523 3694 3580 aediﬁcavit
3714 3527 3847 3580 civi-

548 3612 803 3668 Ecelesi‘ae
829 3612 1143 3671 Pontifices,
1170 3609 1266 3679 qui
1298 3608 1570 3677 sanguine
1600 3608 1825 3677 proprio
1855 3613 1912 3660 et
1938 3608 2137 3661 consti—
2218 3613 2390 3663 tatem
2407 3627 2530 3680 quae
2553 3609 2809 3666 Porticus
2831 3613 3173 3676 nominatur,
3195 3631 3369 3683 quam
3385 3615 3713 3671 Leoninam
3739 3635 3845 3672 suo

544 3701 860 3758 tutionibus
893 3699 1191 3754 Ecclesium
1222 3698 1323 3752 Dei
1353 3703 1768 3750 consecrarunt.
2218 3699 2442 3752 nomine
2472 3700 2790 3768 appellavit.
2824 3689 2931 3754 Hic
2961 3702 3092 3759 fecit
3119 3702 3424 3757 ciburrium
3441 3721 3624 3774 super
3654 3708 3846 3761 altare

613 3791 773 3854 Quod
804 3790 853 3842 si
871 3805 984 3841 non
1011 3787 1268 3840 timerem
1309 3792 1370 3840 ut
1398 3785 1686 3855 prolixitas
1725 3784 1998 3838 sermonis
2025 3785 2134 3838 mei
2217 3789 2393 3842 sancti
2414 3789 2568 3844 Petri-
2595 3795 2921 3858 argenteum
2949 3809 2960 3856 ;
2995 3797 3052 3847 et
3072 3796 3202 3846 ante
3231 3793 3407 3850 altare
3429 3793 3625 3863 ipsum
3661 3797 3840 3851 tabu-

544 3880 850 3950 legentium
885 3877 1070 3931 animo
1125 3875 1412 3928 fastidium
1471 3878 1786 3942 generaret.
1835 3872 2133 3926 scriberem
2215 3875 2326 3928 lam
2355 3893 2602 3939 auream,
2650 3884 2706 3931 et
2725 3879 2944 3947 tegulas
2965 3881 3324 3938 confessionis
3351 3888 3693 3949 argenteas.
3735 3878 3844 3938 Hic

543 3970 768 4041 quidem
813 3968 886 4020 ad
924 3967 1150 4036 plenum
1181 3964 1248 4016 de
1282 3963 1530 4032 Eugenio
1563 3962 1660 4031 qui
1694 3962 1858 4015 beato
1890 3960 2138 4017 Martiae
2212 3964 2362 4020 idem
2393 3965 2683 4018 aediﬁcavit
2699 3967 2987 4021 ecclesiam
3021 3969 3228 4035 Romae,
3263 3986 3384 4038 quae
3404 3969 3576 4024 hodie
3622 3973 3844 4026 dicitur

543 4058 829 4113 successit.
850 4057 919 4110 Et
939 4056 1007 4108 de
1029 4053 1312 4106 Vitaliano‘
1338 4052 1433 4121 qui
1471 4056 1718 4114 cantum,
1765 4066 1874 4119 quo
1895 4050 2132 4104 Romani
2216 4051 2418 4106 Sancta
2447 4053 2628 4106 Maria
2653 4055 2842 4120 Nova;
2872 4061 2929 4109 et
2953 4057 3243 4112 ecclesiam
3274 4057 3534 4121 Quatuor
3568 4061 3840 4119 Coronae

538 4153 796 4211 utuntur,
809 4143 1145 4214 composuit.
1174 4143 1242 4196 Et
1257 4140 1327 4193 de
1346 4139 1658 4206 Adeodato,
1679 4140 1836 4207 cujus
1860 4139 2131 4209 tempori-
2213 4145 2418 4196 torum.
2466 4141 2568 4194 Hic
2596 4141 2742 4195 idem
2770 4143 3040 4202 invidiose
3071 4162 3239 4216 super
3267 4146 3608 4216 quibusdam
3645 4151 3841 4203 crimi-

540 4235 645 4289 bus
669 4235 831 4288 stella
877 4230 1328 4301 splendidissima
1372 4228 1635 4298 apparuit
1664 4245 1766 4281 nec
1794 4232 1962 4283 antea
1991 4227 2124 4280 visa.
2212 4229 2374 4282 nibus
2426 4230 2702 4298 pulsatus,
2751 4233 3030 4302 synodum
3075 4235 3450 4304 congregavit,
3486 4241 3548 4289 et
3579 4255 3645 4291 se
3673 4240 3834 4308 jura.-

541 4324 610 4376 Et
660 4323 730 4375 de
780 4321 1092 4389 Agathone,
1149 4324 1205 4372 et
1233 4318 1300 4370 de
1331 4319 1440 4371 Leo
1471 4318 1616 4385 [ϐοά.
1662 4317 1941 4385 Folcone],
1973 4322 2032 4369 et
2059 4317 2127 4370 de
2210 4323 2397 4370 mento
2427 4318 2715 4375 innoxium
2771 4320 3194 4376 demonstravit.
3252 4323 3360 4382 Sed
3406 4325 3546 4393 quia
3607 4327 3835 4382 invidia

539 4409 860 4473 Benedicto,
879 4408 1022 4460 etde
1041 4408 1274 4469 Joanne,
1297 4407 1419 4474 ejus
1440 4420 1776 4467 successore,
1804 4404 1900 4473 qui
1923 4403 2124 4458 librum
2144 4419 2190 4475 Β
2208 4405 2351 4459 vinci
2399 4412 2598 4475 potest,
2663 4412 2851 4462 tamen
2885 4411 3169 4479 quiescere
3199 4428 3312 4468 non
3343 4417 3532 4481 potest
3568 4433 3582 4481 ;
3633 4417 3837 4486 paucis

539 4500 626 4553 De
663 4497 937 4565 dignitate
964 4495 1118 4565 pallii
1139 4493 1469 4562 composuit.
1505 4493 1573 4546 Et
1600 4493 1672 4546 de
1698 4493 1942 4556 Conone,
1979 4493 2127 4548 etde
2208 4500 2400 4563 postea
2431 4495 2666 4548 evolutis
2691 4495 2906 4562 diebus,
2939 4499 3197 4556 malevoli
3251 4500 3347 4570 qui
3385 4499 3677 4558 invidiose
3700 4521 3837 4558 eum

542 4582 1098 4655 Sergiopiniore(6‘1)
1124 4584 1218 4652 qui
1251 4581 1538 4637 basilicam
1570 4582 2002 4636 Laterauensem
2037 4598 2125 4634 re-
2209 4593 2626 4648 accusaverunt,
2683 4585 3016 4640 seditionem
3067 4588 3408 4643 concitantes
3455 4589 3518 4642 in
3589 4593 3838 4663 populo,

539 4673 780 4746 paravit,
809 4679 869 4726 et
884 4677 949 4726 ut
975 4673 1163 4736 Agnus
1208 4671 1306 4723 Dei
1346 4669 1497 4722 intra
1527 4669 1822 4723 missarum
1854 4671 2128 4724 solemnia
2207 4671 2547 4741 injuriantes—
2571 4688 2700 4726 eum
2741 4689 2774 4726 δ.
2798 4675 3009 4743 palatio
3037 4676 3096 4729 in
3124 4676 3308 4730 forum
3338 4678 3680 4735 Romanum
3713 4688 3839 4736 tra-

538 4765 933 4817 decantaretur
961 4757 1228 4823 instituit,
1271 4763 1328 4810 et
1382 4756 1670 4811 ecclesiam
1703 4775 1825 4827 quae
1863 4765 1947 4812 est
1975 4759 2132 4815 intra
2207 4762 2532 4828 duxerunt;
2576 4767 2632 4816 et
2657 4761 2732 4814 ibi
2779 4763 3059 4818 diabolico
3111 4765 3379 4826 instinctu
3437 4773 3495 4820 et
3555 4772 3840 4842 populari

537 4868 730 4906 muros
766 4849 922 4903 urbis
945 4849 1137 4905 Ruina;
1167 4845 1323 4902 Beati
1364 4846 1582 4903 Silverii
1609 4847 1856 4900 construi
1886 4847 2032 4911 fecit,
2070 4853 2127 4902 et
2207 4849 2441 4903 audacia
2494 4856 2860 4904 caecaverunt.
2923 4853 3083 4916 Quod
3126 4855 3360 4910 audiens
3415 4856 3676 4917 Carolus
3737 4877 3839 4914 rex

535 4943 715 4996 altam
743 4938 996 5008 eluSdOm
1015 4935 1262 4990 θοθδθείθε
1288 4934 1526 5004 Propriis
1537 4935 1800 4992 manibus
1828 4936 2120 4989 dedica-vit.
2204 4940 2438 4994 Romam
2468 4938 2694 4992 veniens
2721 4939 2929 4994 multos
2957 4941 3027 4994 de
3068 4943 3272 5013 populo
3301 4943 3639 5012 trucidavit,
3680 4949 3839 5020 ipsos

535 5032 610 5086 Et
629 5030 700 5083 de
726 5029 933 5099 (winter
955 5025 1176 5079 Joanne
1205 5029 1260 5076 et
1282 5028 1455 5087 sexto,
1489 5029 1545 5076 et
1565 5023 1635 5076 de
1664 5023 1926 5086 Sisinnio.
1971 5030 2027 5078 et
2053 5026 2123 5078 de
2203 5043 2332 5080 vero
2362 5031 2619 5080 auctores
2647 5026 2936 5082 seditionis
2968 5029 3117 5100 ligno
3150 5031 3458 5106 suspendit.
3494 5033 3642 5104 Ipse
3674 5021 3836 5100 vero,

533 5116 922 5178 Constantino,
978 5119 1035 5168 et
1079 5113 1149 5166 de
1187 5111 1432 5166 secundo
1461 5111 1751 5180 Gregorio.
1783 5118 1840 5164 et
1861 5113 1929 5166 de
1956 5113 2122 5166 tertio
2205 5115 2335 5168 licet
2361 5114 2612 5178 orbatus,
2644 5116 2892 5186 quandiu
2924 5118 3058 5172 vixit
3105 5105 3416 5174 Romanam
3465 5105 3841 5190 gubernavit

531 5207 824 5278 Gregorio,
856 5207 956 5275 qui!
979 5203 1050 5256 ad
1094 5203 1364 5256 feretrum
1397 5201 1766 5255 antecessoris
1795 5201 1882 5255 sui
1915 5203 2123 5256 electus
2206 5205 2532 5258 Ecclesium.
2563 5203 2631 5260 Et
2649 5204 2718 5256 de
2752 5204 3069 5272 Benedicto,
3104 5210 3222 5278 ejus
3255 5225 3613 5265 successore.
3651 5214 3727 5269 Et
3766 5215 3837 5268 de

530 5303 637 5352 est.
667 5297 738 5350 Et?
763 5295 833 5351 de
869 5291 1155 5356 lacuaria,
1187 5289 1302 5343 viro
1328 5305 1534 5358 magna
1567 5289 1752 5342 meriti
1805 5295 1861 5343 et
1913 5292 2120 5345 δεηθῇς
2203 5294 2433 5348 Nirolao
2463 5291 2560 5365 qui
2608 5291 3004 5365 Sophronium,
3036 5297 3422 5354 Placentinum
3473 5299 3835 5373 episcopum

600 5435 713 5510 (6i)
741 5436 940 5510 Re-COIe
971 5434 1122 5510 diem
1153 5423 1384 5510 921333-
1419 5447 1477 5483 η·
1515 5434 1568 5510 θ’.
1597 5430 1663 5510 Ei
1693 5431 1917 5510 qpidem
1951 5433 2120 5486 etiam
2201 5453 2350 5510 P3P?
2372 5437 2714 5498 afﬁrmatur.

530 5509 591 5582 in
614 5502 622 5506 ’
644 5502 754 5560 alio
789 5505 1053 5582 chronico
1083 5502 1390 5582 pontificali
1422 5502 1573 5582 apud
1595 5502 2091 5582 Cincium_came_ra

1285 5502 1390 5582 cali
1422 5502 1573 5582 apud
1595 5502 2120 5582 Cincium_camera-
2201 5502 2219 5506 “
2275 5502 2377 5580 (62)
2408 5511 2558 5567 Num
2588 5515 2798 5566 seniore
2823 5518 2846 5565 ?

531 5579 682 5633 rium
708 5577 830 5631 cod.
854 5581 964 5630 vat.
996 5592 1053 5646 p.
1083 5572 1208 5631 109.
1253 5572 1404 5627 idem
1453 5572 1658 5627 diserte
1706 5573 1776 5627 de
1829 5573 2119 5629 Theodoro
2283 5572 2302 5599 ’-
