3964 6378
131 287 232 344 869

1541 288 1979 343 DECRETALE.

3289 294 3398 352 8‘70

130 413 468 482 depositum,
501 415 572 467 ab
600 415 712 467 aiia
742 414 954 484 synodo
981 412 1376 468 reconciliavit.
1411 416 1467 466 et
1496 414 1589 483 qui
1612 429 1722 466 uno
1742 413 1991 482 Aipsum
2023 413 2409 467 Crescentium
2450 413 2544 468 diu
2585 414 2872 468 obsessum
2920 418 3067 487 cepit
3108 425 3164 472 et
3210 423 3392 491 capite

132 503 439 573 eodemque
463 510 714 573 tempore
732 504 871 556 duos
891 503 1258 572 imperatores
1281 502 1722 555 excommunica-

130 591 576 645 vit:0rientalem
603 592 850 662 quidem,
875 591 1099 644 nomine
1122 591 1468 646 Michaelem.
1494 597 1722 660 propter

129 678 331 748 Ignatii
358 681 690 750 patriarchae
717 681 982 748 injustam
1007 680 1433 749 depositionem;
1457 679 1720 731 Occiden-

129 769 295 821 talem
319 775 534 832 autem,
555 769 779 822 nomine
803 769 1386 838 Lotharium,propter
1403 768 1720 820 W’aldradae

130 857 340 926 pellicis
366 875 481 910 suae
509 857 846 910 societatem.

200 946 267 998 Et
315 946 386 998 de
429 946 674 998 secundo
722 944 968 998 Adriano
1014 944 1109 1014 qui
1149 943 1486 998 Ludovicum
1543 943 1720 999 filium

134 1035 314 1087 Caroli
331 1034 1038 1103 constituitimperatorem
1051 1073 1060 1082 .
1073 1033 1136 1086 Et
1153 1032 1224 1084 de
1240 1035 1432 1086 octavo
1447 1032 1720 1094 Johanne,

135 1121 224 1190 qui
246 1123 553 1174 altercatus
569 1127 653 1174 est
673 1138 798 1174 cum
821 1121 1174 1190 Angelberga
1195 1121 1389 1188 regina
1411 1120 1478 1172 de
1502 1119 1724 1172 civitate

133 1211 415 1274 Ravenna,
445 1211 538 1281 qui
570 1217 626 1264 et
653 1210 912 1264 Carolum
944 1211 1122 1263 ﬁlium
1157 1211 1277 1278 ejus
1309 1209 1587 1261 ordinavit
1615 1210 1721 1261 im-

132 1304 467 1369 peratorem.
517 1301 584 1352 Et
629 1299 696 1352 de
740 1299 1000 1362 Martino,
1037 1299 1155 1366 ejus
1198 1314 1533 1361 successore,
1568 1299 1723 1366 cujus

134 1389 478 1458 temporibus
500 1389 610 1441 duo
629 1387 858 1456 gloriosi
881 1387 1124 1457 episcopi
1142 1387 1296 1440 fuere
1320 1387 1377 1438 in
1400 1385 1722 1455 Longobar-

133 1474 243 1533 dia.
275 1492 423 1528 unus
445 1475 823 1539 Placentinus,
848 1475 1072 1532 nomine
1099 1477 1323 1538 Paulus,
1347 1489 1524 1543 nDpOS
1543 1475 1724 1543 impe-

134 1564 368 1628 ratricis,
409 1564 505 1632 qui
528 1564 909 1617 Placentinam
943 1563 1254 1626 ecclesiam,
1289 1579 1386 1630 per
1427 1561 1724 1631 Sophronii

131 1652 410 1720 ignaviam
461 1652 712 1706 funditus
751 1653 1112 1716 destructam,
1147 1668 1180 1703 a
1208 1651 1588 1703 fundamentis
1635 1667 1734 1702 rev

1802 501 2117 568 truncavit;
2149 503 2330 572 ipsum
2366 520 2492 556 vero
2535 503 2853 572 pontiﬁcem
2898 505 3071 558 oculis
3111 507 3388 576 orbatum,

1803 590 2128 658 ueterisque
2182 591 2449 643 membris
2505 591 2878 656 debilitatum,
2930 594 2999 645 ad
3052 595 3292 648 dedecus
3339 602 3396 650 et

1803 678 2165 745 ignominiam
2179 680 2537 732 sacerdotalis
2553 680 2764 733 ordinis
2786 697 2883 750 per
2903 683 3114 751 plateas
3135 684 3396 738 Leoninae

1803 767 2040 819 civitatis
2061 767 2401 820 circumduci
2424 768 2612 836 jussit.
2648 769 2754 822 Sed
2785 775 2914 822 ante
2942 786 3109 840 quam
3141 787 3248 824 xxx
3277 773 3397 827 dies

1805 856 2194 925 implerentur,
2246 855 2434 908 anima
2468 863 2521 909 et
2551 873 2783 926 corpore
2814 858 2933 927 ipse
2976 876 3068 911 rex
3101 861 3397 915 defunctus

1805 949 1906 995 est.

1876 1031 1948 1084 Et
1973 1031 2041 1083 de
2068 1029 2365 1085 Benedicto
2397 1027 2714 1086 Tmcuhno
2740 1033 2835 1101 qui
2866 1034 3192 1100 Henricum,
3221 1039 3396 1107 majo-

1806 1115 1880 1171 ris
1903 1117 2137 1171 Othonis
2155 1125 2436 1188 nepotem,
2457 1137 2641 1188 regem
2657 1121 3087 1175 Teutonicordm
3119 1125 3397 1179 ordinavit

1807 1208 2224 1276 imperatorem.
2282 1208 2348 1258 Et
2388 1207 2456 1259 de
2499 1209 2620 1276 ejus
2664 1208 2837 1260 fratre
2880 1211 3111 1274 Joanne,
3156 1214 3250 1281 qui
3283 1229 3396 1267 uno

1808 1297 2113 1364 eodemque
2135 1296 2226 1347 die
2248 1300 2305 1346 et
2323 1295 2496 1348 laicus
2531 1296 2635 1348 fuit
2672 1302 2728 1349 et
2757 1298 3021 1366 pontifex.
3041 1300 3119 1352 De
3141 1301 3228 1354 his
3260 1302 3396 1356 mihi

1807 1383 2083 1438 silendum
2106 1399 2227 1436 esse
2248 1398 2360 1434 non
2381 1382 2588 1436 credidi
2604 1428 2614 1437 .
2629 1384 2906 1437 Caeterum
2927 1385 2971 1436 si
2993 1387 3116 1457 quis
3136 1388 3204 1440 de
3223 1389 3400 1442 Theo-

1807 1471 2067 1542 phylacto
2096 1470 2432 1532 Tusculano,
2454 1471 2693 1539 qualiter
2730 1472 2932 1524 ,ἰαθηῃὶ
2954 1474 3226 1528 sacerdoti
3263 1492 3398 1530 ven—

1809 1561 2016 1613 diderit
2045 1567 2334 1630 papatum,
2380 1566 2436 1610 et
2466 1560 2746 1628 quomodo
2776 1577 2887 1612 uno
2928 1561 3232 1632 eodemque
3260 1570 3400 1618 tem-

1808 1666 1943 1719 pore
1973 1649 2422 1718 TbeOphylactus
2444 1653 2500 1700 et
2520 1647 2824 1715 Gregorius
2844 1655 2900 1701 et
2922 1650 3183 1703 Silvester
3194 1652 3400 1706 Roma-

131 1741 456 1806 :ediﬁcavit;
478 1742 622 1794 alter
643 1758 770 1793 vero
785 1740 1123 1802 Parmensis,
1150 1740 1373 1792 nomine
1389 1739 1719 1799 Gundolfus,
1745 1760 1789 1816 Β
1809 1755 1944 1790 num
1979 1754 2088 1789 non
2120 1736 2406 1804 regebant,
2441 1737 2538 1788 sed
2572 1737 2866 1789 vastabant
2894 1739 3281 1806 pontiﬁcatum
3307 1760 3319 1806 ;
3344 1747 3402 1794 et

130 1829 224 1898 qui
254 1829 578 1882 canonicam
602 1831 962 1882 Parmensem
989 1828 1295 1887 constituit,
1332 1833 1388 1879 et
1409 1827 1524 1895 ipse
1552 1842 1723 1895 nepos

129 1917 237 1970 fuit
264 1917 639 1986 imperatoris.
680 1919 747 1970 Et
777 1919 844 1970 de
877 1918 1124 1970 Adriano
1166 1916 1260 1985 qui
1293 1916 1343 1968 ei
1375 1915 1640 1968 successit
1667 1915 1722 1967 in

129 2006 480 2075 pontiﬁcatu.
506 2007 573 2058 Et
593 2006 660 2058 de
679 2007 980 2074 Stephano,
1006 2011 1060 2057 et
1081 2006 1147 2056 de
1171 2006 1452 2067 Formoso,
1484 2020 1720 2073 quorum

129 2095 481 2163 temporibus
509 2095 893 2163 Longobardis
935 2092 1333 2146 rebellantibus
1371 2091 1568 2144 Franci
1596 2108 1723 2160 per-

131 2182 396 2235 diderunt
427 2182 746 2251 imperium.
777 2183 847 2235 Et
866 2183 934 2234 de
955 2182 1193 2251 quodam
1228 2181 1530 2250 Stephano,
1565 2181 1725 2248 cujus

134 2270 482 2340 temporibus
512 2270 802 2324 Sarraceni
832 2276 1242 2339 occupaverunt
1272 2268 1536 2321 Siciliam.
1570 2269 1637 2320 Et
1657 2268 1725 2320 de

133 2359 350 2411 Joanne
377 2359 711 2423 Tusculano,
745 2360 904 2427 cujus
933 2357 1276 2426 temporibus
1316 2356 1550 2409 Romani
1572 2356 1723 2424 capi-

131 2448 271 2500 tanii
301 2447 630 2516 patriciatus
662 2447 766 2499 sibi
797 2447 1150 2515 tyrannidem
1183 2446 1620 2500 vindicaverunt.
1660 2445 1727 2496 Et

133 2536 201 2588 de
235 2536 478 2605 quodam
513 2535 798 2594 Silvestro,
830 2535 944 2587 viro
975 2535 1223 2587 omnium
1251 2534 1457 2586 artium
1504 2533 1727 2602 peritis-

137 2624 302 2689 simo,
339 2623 435 2693 qui
466 2622 728 2693 primitus
757 2622 929 2676 abbas
969 2621 1288 2689 Bobiensis,
1315 2626 1510 2690 postea
1545 2620 1727 2672 archi-

135 2711 432 2781 episcopus
462 2709 774 2771 Ravennas,
798 2717 924 2780 post
952 2728 1080 2763 vero
1116 2711 1402 2764 Romanus
1424 2726 1566 2778 papa
1597 2709 1730 2762 elle-

1807 1830 2047 1900 qualiter
2095 1827 2374 1879 Henricus
2413 1844 2527 1890 rex,
2580 1829 2824 1880 Conradi
2867 1829 3033 1892 ﬁlius,
3086 1831 3399 1885 Romanam

1809 1918 2112 1972 Ecclesium
2140 1934 2174 1968 a
2201 1915 2409 1970 talibus
2446 1916 2694 1984 pestibus
2729 1916 3000 1980 liberavit,
3037 1935 3246 1986 gnarus
3278 1937 3401 1973 esse

1807 2007 2059 2069 voluerit,
2102 2005 2252 2072 legat
2290 2004 2493 2056 librum
2526 2021 2689 2072 quem
2713 2005 2936 2066 dictavi,
2961 2006 3055 2074 qui
3076 2006 3402 2061 inscribitur

1806 2097 1888 2147 An
1917 2107 2152 2155 AMICUM,
2197 2099 2254 2145 et
2293 2092 2370 2143 ibi
2398 2092 2644 2144 inveniet
2685 2093 2799 2144 haec
2847 2092 3233 2147 ordinabiliter
3278 2113 3400 2150 esse

1775 2259 1778 2262 .
1807 2183 2026 2251 digesta
2060 2179 2189 2252 (63).
2224 2180 2473 2234 Inveniet
2505 2186 2696 2234 autem
2749 2181 2822 2232 ibi
2873 2187 2928 2233 et
2967 2183 3206 2250 qualiter
3254 2201 3402 2255 papa

1808 2272 2065 2324 Clemens
2096 2271 2301 2321 electus
2323 2269 2414 2331 sit,
2444 2269 2748 2338 qualiterve
2783 2270 3052 2323 Henricus
3092 2288 3187 2324 rex
3229 2272 3404 2342 impe-

1808 2364 1962 2412 rator
2000 2358 2308 2410 ordinatus.
2331 2357 2398 2408 Et
2425 2357 2493 2409 de
2516 2358 2756 2410 Damaso
2779 2359 2826 2425 ej
2838 2375 2899 2410 us
2921 2375 3235 2413 successore
3266 2367 3404 2430 quot

1809 2448 1866 2499 in
1888 2453 2097 2515 papatu
2127 2445 2354 2497 duxerit
2377 2445 2514 2496 dies.
2544 2445 2611 2497 Et
2644 2445 2712 2497 de
2734 2447 3004 2514 praeclaro
3030 2448 3233 2516 Leone,
3268 2449 3404 2519 quid

1813 2532 1868 2585 in
1900 2540 2101 2602 papatu
2151 2533 2344 2600 egerit,
2377 2533 2684 2602 qualiterve
2728 2535 2897 2586 vitam
2947 2535 3205 2589 ﬁniverit.
3240 2538 3305 2590 Et
3335 2538 3404 2591 de

1810 2622 2034 2676 Victore
2060 2622 2183 2690 ejus
2210 2637 2528 2674 successore
2562 2622 2697 2690 quid
2739 2623 2935 2690 egerit,
2968 2630 3070 2676 aut
3100 2625 3235 2693 quid
3282 2626 3404 2694 ejus

1811 2709 2155 2778 temporibus
2190 2725 2394 2761 novum
2432 2711 2696 2762 evenerit.
2733 2711 2800 2762 Et
2842 2711 2910 2762 de
2961 2712 3263 2781 Stephano,
3291 2713 3406 2767 Go-

137 2809 260 2854 ctus
290 2806 396 2853 est.
423 2801 492 2854 Et
519 2801 586 2852 de
626 2801 675 2852 X
705 2802 918 2852 Joanne
938 2800 1272 2862 Tusculano,
1301 2799 1472 2850 fratre
1504 2797 1731 2866 majoris
1814 2799 2038 2851 thifredi
2069 2798 2225 2849 ducis
2251 2814 2541 2865 germano,
2572 2803 2628 2850 et
2650 2798 2890 2866 qualiter
2915 2800 3033 2867 ejus
3054 2799 3404 2869 temporibus

135 2888 402 2953 Alberici,
436 2888 535 2958 qui
564 2888 829 2958 pugnavit
866 2904 991 2940 cum
1026 2887 1366 2950 Sarracenis,
1387 2893 1442 2939 et
1472 2886 1540 2938 ab
1571 2884 1734 2938 Italia
1814 2888 2052 2939 Patarea
2075 2886 2182 2952 {64;
2215 2885 2362 2955 apud
2386 2886 2760 2938 Mediolanum
2784 2895 2980 2940 exorta
2997 2894 3098 2940 est.
3124 2889 3192 2941 Et
3211 2889 3279 2941 de
3302 2890 3404 2942 Ni-

137 2978 329 3047 pulsos
356 2977 415 3029 in
447 2976 692 3030 Siciliam
729 2977 955 3046 fugavit.
992 2977 1093 3029 Hic
1125 2974 1418 3029 mdiﬁcavit
1447 2974 1796 3046 basilicamc
1817 2975 1974 3027 colao
2007 2991 2167 3044 papa,
2193 2979 2250 3026 et
2283 2973 2350 3025 de
2372 2973 2469 3025 lite
2503 2989 2672 3042 quam
2723 2974 2918 3028 habuit
2946 2992 3072 3028 cum
3104 2976 3410 3030 Benedicto

138 3065 196 3118 in
225 3065 439 3136 palatio
473 3065 856 3119 Lateranensi.
889 3065 958 3118 Et
992 3066 1060 3117 de
1110 3065 1378 3118 Silvestro
1414 3064 1730 3117 Tusculano
1813 3063 2084 3127 invasere,
2099 3068 2155 3115 et
2175 3062 2307 3131 quid
2331 3062 2584 3130 egeritin—
2606 3064 3332 3132 papatu.EtdeAlexandro
3348 3064 3405 3119 Π

137 3168 369 3221 genere.
390 3153 462 3207 Et
474 3154 544 3206 de
573 3154 813 3223 quodam
847 3153 1150 3206 Benedicto
1175 3168 1320 3223 papa
1339 3152 1610 3210 Romano,
1637 3151 1732 3220 qui

140 3258 262 3294 uno
289 3241 600 3311 eodemque
626 3242 722 3295 die
747 3247 803 3294 et
831 3242 1003 3295 laicus
1047 3241 1152 3294 fuit
1181 3246 1237 3294 et
1279 3239 1541 3310 pontifex.
1572 3239 1640 3291 Et
1665 3239 1732 3291 de

136 3331 358 3384 Joanne
370 3329 685 3384 Tusculano
705 3331 1032 3401 genere,qui
1058 3329 1337 3383 Othonem
1360 3345 1547 3397 regem
1572 3329 1736 3381 Saxo-

137 3436 277 3472 num
305 3419 1032 3488 coronavitimperaterem.
1054 3420 1124 3471 Et
1143 3419 1210 3471 de
1229 3417 1470 3487 quodam
1502 3417 1734 3470 Silverio

137 3508 458 3572 Tiburtino,
484 3508 579 3577 qni
603 3515 829 3561 mortuo
858 3507 1114 3560 Alberico
1146 3506 1480 3568 Tusculano,
1511 3505 1607 3573 qui
1636 3521 1737 3574 ρει-

138 3596 401 3649 triciatus
422 3596 527 3649 sibi
548 3613 750 3650 nomen
772 3596 1167 3657 vindicaverat,
1205 3612 1236 3648 a
1278 3594 1598 3648 Crescentio
1631 3594 1737 3644 No-

139 3691 430 3750 mentano,
466 3684 562 3754 qui
602 3685 870 3755 patricius
906 3684 1215 3743 dicebatur,
1258 3698 1403 3752 papa
1447 3681 1736 3734 ordinatus

139 3781 250 3838 est,
299 3774 514 3844 quique
559 3775 730 3827 etiam
773 3773 1081 3827 secundum
1132 3772 1414 3825 Othonem
1460 3769 1736 3823 ordinavit

137 3862 541 3932 imperatorem
563 3881 576 3929 ;
602 3869 795 3932 postea
825 3877 956 3913 vero
982 3877 1108 3912 cum
1144 3875 1349 3929 magno
1376 3859 1645 3911 dedecore
1667 3857 1736 3909 ab

141 3951 340 4004 eodem
362 3951 681 4004 Crescentio
705 3967 737 4002 a
761 3956 969 4020 papatu
992 3949 1253 4018 expulsus
1272 3953 1388 4014 est;
1415 3953 1470 3999 et
1508 3947 1734 4015 quidam

141 4041 388 4094 Joannes
413 4038 770 4092 Placentinus
807 4038 1114 4107 episcopus,
1151 4038 1377 4089 Graecus
1410 4051 1634 4103 genere,
1662 4035 1736 4087 lep

141 4129 374 4196 gatione
399 4128 624 4182 functus
651 4126 886 4182 Othonis
915 4126 1177 4195 junioris,
1200 4142 1232 4177 a
1253 4122 1738 4192 Constantinopoli

144 4217 389 4281 rediens,
431 4216 566 4268 dum
615 4216 851 4268 Romam
904 4231 1072 4267 causa
1118 4214 1388 4266 orationis
1436 4213 1669 4277 veniret,
1706 4227 1738 4263 a

1816 3168 1976 3221 papa,
2011 3157 2067 3203 et
2095 3151 2163 3203 de
2186 3151 2281 3203 lite
2303 3167 2469 3221 quam
2492 3150 2692 3204 habuit
2711 3167 2837 3204 cum
2862 3152 3068 3205 Cadolo
3092 3153 3405 3218 Parmensi,

1816 3247 1872 3294 et
1901 3241 1968 3292 de
1986 3241 2104 3309 ejus
2127 3239 2390 3304 victoriis,
2415 3245 2471 3292 et
2506 3240 2638 3310 quid
2674 3241 2853 3309 egerit
2893 3241 2951 3294 in
2990 3248 3218 3311 papatu,
3251 3249 3310 3296 et
3335 3244 3408 3298 de

1818 3331 1940 3397 ejus
1987 3331 2116 3382 ﬁne.
2171 3329 2238 3382 Et
2301 3329 2370 3382 de
2418 3330 2656 3399 septimo
2707 3330 2998 3399 Gregorio,
3050 3339 3108 3384 et
3161 3333 3232 3385 de
3288 3333 3408 3401 ejus

1818 3419 2086 3471 electione
2126 3423 2181 3470 et
2224 3418 2334 3471 vita
2363 3423 2418 3470 et
2448 3417 2720 3485 moribus,
2749 3425 2806 3471 et
2835 3420 3080 3488 qualiter
3106 3420 3165 3472 in
3196 3421 3410 3474 Nativi-

1818 3512 1935 3559 tate
1975 3506 2200 3559 Domini
2228 3506 2297 3558 ad
2329 3507 2507 3559 altare
2539 3512 2742 3560 sancta;
2774 3505 2962 3560 Maria:
2990 3524 3020 3560 a
3043 3507 3267 3562 Cinthio
3291 3510 3408 3564 viro

1819 3594 2030 3647 crudeli
2062 3600 2256 3664 captus
2282 3593 2371 3658 sit,
2398 3601 2453 3648 et
2480 3611 2544 3647 eo
2571 3595 2662 3647 die
2691 3595 2790 3648 Dei
2808 3595 2994 3664 gratia
3023 3597 3294 3651 liberatus
3313 3597 3407 3653 sit.

1822 3683 2000 3736 Etiam
2031 3683 2098 3736 de
2123 3700 2329 3752 guerra
2359 3700 2528 3753 quam
2575 3684 2844 3736 sustinuit
2872 3699 2998 3737 cum
3030 3686 3270 3738 Henrico
3303 3686 3412 3738 ima

1819 3779 2077 3840 peratore
2134 3777 2192 3823 et
2257 3772 2325 3824 de
2379 3771 2756 3824 controversia
2814 3789 2982 3840 quam
3029 3772 3225 3826 habuit
3282 3789 3411 3826 cum

1820 3860 2111 3919 Guiberto,
2146 3865 2202 3911 et
2231 3860 2299 3912 de
2329 3860 2592 3913 (erumnis
2615 3877 2753 3929 quas
2781 3860 3068 3925 sustinuit,
3094 3860 3237 3914 etde
3261 3861 3411 3914 obsi-

1819 3948 1982 4000 dione
2003 3948 2241 4000 civitatis
2265 3955 2320 4001 et
2340 3965 2460 4012 sua,
2479 3948 2719 4018 qualiter
2744 3965 2780 3999 a
2808 3947 3048 4001 Roberto
3073 3950 3413 4002 Northman-

1819 4051 2020 4089 norum
2049 4036 2188 4088 duce
2237 4036 2314 4088 sit
2346 4036 2637 4098 liberatus,
2689 4040 2747 4088 et
2796 4036 3039 4105 qualiter
3087 4035 3248 4089 beato
3301 4038 3412 4090 ﬁne

1820 4125 2110 4194 quieverit,
2134 4123 2486 4194 apertissime
2514 4124 2848 4177 declaratur.
2884 4123 3093 4178 Urbani
3121 4141 3247 4178 vero
3271 4139 3414 4195 pon-

1820 4213 1984 4266 tificis
2041 4219 2184 4276 acta,
2236 4218 2291 4264 et
2352 4212 2419 4264 de
2486 4213 2604 4281 ejus
2674 4213 2920 4279 victoria,
2981 4214 3027 4266 si
3085 4215 3209 4285 quis
3271 4214 3416 4267 scire

145 4305 378 4374 praefato
406 4303 729 4357 Crescentio
749 4309 804 4356 et
824 4319 857 4355 a
876 4302 1144 4355 Romanis
1166 4302 1403 4371 capitur,
1423 4305 1666 4361 tenetur,
1684 4304 1802 4395 etD
1823 4299 2082 4361 voluerit,
2115 4301 2264 4370 legat
2307 4300 2510 4354 librum
2560 4317 2728 4370 quem
2779 4301 2975 4372 scripsi
3019 4304 3104 4355 AD
3137 4303 3418 4357 HUGONEI

147 4393 274 4447 licet
288 4393 522 4452 invitus,
545 4409 688 4464 papa
706 4397 898 4445 tamen
911 4391 1101 4444 infelix
1118 4390 1408 4444 ordinatur
1428 4389 1736 4443 Romanus.

148 4482 306 4544 Quod
337 4481 573 4535 audiens
598 4497 694 4534 rex
728 4483 914 4532 mente
953 4480 1212 4543 ellrenus,
1247 4479 1482 4532 Romam
1513 4477 1739 4530 veniens

219 4624 331 4688 (63)
358 4624 643 4676 Hactenus
690 4626 777 4675 est
819 4621 968 4690 apud
1015 4620 1282 4674 Albinum
1330 4619 1643 4672 scholarem
1673 4633 1740 4672 ex

151 4693 473 4758 Bonizone;
526 4694 741 4763 reliqua
798 4691 932 4745 item
990 4698 1124 4746 sunt
1168 4691 1496 4763 Bonizonis,
1531 4691 1629 4763 sed
1676 4707 1742 4742 ex

386 4760 742 4818 Collectio'nis
798 4763 1079 4816 canonica
1129 4779 1229 4816 seu
1283 4761 1504 4816 Decreti
1553 4760 1623 4814 ab
1675 4777 1740 4814 eo

152 4842 343 4975 sat-bi:
371 4907 457 4960 De
501 4906 756 4970 Patarea,
807 4904 865 4958 id
919 4910 1006 4960 est
1060 4903 1260 4960 haeresi
1311 4903 1742 4966 Patarenorum,

1823 4402 2240 4452 SCHISMATICUM,
2269 4393 2325 4440 et
2355 4387 2434 4440 ibi
2459 4388 2707 4440 inveniet
2735 4388 2805 4442 ad
2843 4389 3074 4458 plenum
3113 4390 3420 4444 dilucidam

1821 4493 1946 4546 quae
1958 4475 2212 4529 voluerit.

1823 4617 2216 4691 lilediolanieo
2244 4622 2500 4691 tempore
2530 4623 2740 4691 exorta,
2779 4619 3002 4689 legatur
3033 4621 3238 4690 Pagius
3267 4618 3423 4691 apud

1824 4690 2027 4761 Baron.
2078 4688 2148 4761 a_d
2199 4704 2298 4761 an._
2323 4686 2492 4761 [19538,
2544 4706 2602 4761 Ii.
2653 4689 2706 4742 3.
2742 4686 2957 4744 Rursus
3000 4686 3154 4744 ideni-
3196 4686 3419 4761 legatur

1823 4759 2030 4827 Pagius
2058 4759 2128 4810 ad
2159 4774 2248 4810 an.
2277 4756 2438 4824 1044,
2474 4775 2529 4811 n.
2567 4758 2682 4825 7-9,
2715 4761 2810 4812 ubi
2849 4762 3188 4815 Bonizonem
3224 4756 3311 4816 tEr
3348 4763 3418 4816 de

1824 4829 2178 4904 pontiﬁcibus
2219 4831 2709 4904 Rom._scripsisse
2752 4832 3003 4904 adnotat,
3041 4834 3324 4904 refertque
3352 4848 3418 4887 ex

1825 4900 2122 4954 Lambecio
2151 4908 2370 4970 partem
2397 4901 2542 4954 hanc
2571 4908 2913 4971 postremam
2949 4900 3268 4960 Bonizonis.

150 5054 3424 5080 ΝΜ

601 5186 1664 5354 BONIZONIS
1798 5183 2968 5349 DECRETALE

165 5459 321 5524 (Vide
342 5457 782 5529 Balleriniorum
813 5456 1266 5529 disqu-isitiqnem
1291 5456 1361 5509 de
1381 5453 1641 5529 antiquis
1659 5453 2164 5529 collectionibuset
2185 5451 2572 5529 collectoribus
2599 5468 2898 5519 canonum,
2930 5469 3066 5529 pars
3086 5467 3163 5521 Iv,
3197 5469 3333 5529 cap;
3353 5455 3427 5529 1‘5“

262 5527 601 5602 Patrologize
628 5537 772 5586 tom.
795 5524 937 5595 LVI;
966 5528 1072 5582 col.
1105 5525 1234 5588 338.
1259 5550 1333 5570 --
1363 5527 1446 5584 Cf.
1476 5543 1600 5597 quae
1627 5525 1687 5583 in
1713 5524 2131 5594 Prolegomenis
2157 5525 2232 5579 ad
2260 5524 2626 5590 Bonizonem,
2649 5541 2836 5596 supra,
2870 5525 3244 5596 pmfsursest

263 5601 417 5672 lius.)
