3964 6366
485 385 593 443 879
1519 378 1913 436 GUILLELMI
1948 380 2254 439 ABBATIS
2294 385 2352 440 S.
2391 386 2730 444 ARNULFI.
3657 395 3765 452 880

485 510 724 567 ulterius
751 507 1258 562 commacularetur
1294 508 1568 574 aspectus.
1600 505 1725 558 Non
1776 509 1862 558 est
1890 503 2081 576 itaque
2106 508 2157 568 A
2175 509 2490 578 prosiliens,
2523 529 2624 566 nec
2655 529 2745 566 me
2772 517 2985 568 terrere
3027 514 3215 573 minis.
3250 531 3353 570 nec
3400 516 3762 588 subplantare

487 602 700 656 levitati
727 596 1184 652 etinconstantiaa
1209 595 1617 665 deputandum,
1639 595 1786 664 quod
1804 594 2088 648 abbatiam
2171 598 2412 662 insidiis,
2445 601 2698 654 nesciens
2726 602 2898 656 miser
2919 602 3022 656 sub
3049 603 3200 657 illius
3231 622 3319 658 me
3341 607 3540 674 capitis
3562 608 3765 662 umbra

487 697 642 745 tuam
673 687 1130 756 consortiumque
1172 691 1332 738 tuum
1373 683 1726 753 aufugerim;
1759 684 1928 754 idque
1950 684 2088 737 mihi
2169 686 2594 757 infatigabiliter
2621 691 2926 748 decertare.
2960 708 2994 745 a
3040 709 3150 762 quo
3197 696 3510 750 conculcari
3541 698 3763 752 leonem

487 777 772 849 perfacile,
801 775 1055 846 quisquis
1075 780 1130 827 te
1161 773 1431 842 agnoscit,
1466 772 1722 841 ignoscit.

1022 859 1378 915 EPISTOLA
1409 860 1502 914 ιν.

948 967 1020 1005 AD
1054 963 1319 1010 QUEMDAM
1349 966 1616 1003 ABBATBM.

692 1044 948 1112 Ejusdem
977 1042 1302 1108 argumenti
1327 1055 1392 1092 ac
1414 1041 1533 1092 dua
1561 1041 1884 1106 superiores.

558 1130 1018 1188 Desiderabiliter
1032 1126 1334 1182 venerabili
1365 1132 1422 1181 et
1450 1127 1844 1181 venerabiliter
1863 1127 2080 1182 deside-

487 1222 653 1278 rabili
681 1223 886 1276 domno
916 1217 1161 1290 etipatri
1190 1217 1284 1283 H.,
1318 1216 1409 1270 W.
1445 1221 1725 1287 peccator,
1749 1216 2080 1282 orationem,

488 1313 774 1370 servitium
785 1354 796 1365 .

559 1402 762 1472 Accepi
789 1401 1006 1454 litteras
1026 1402 1173 1462 tuas,
1205 1396 1426 1450 litteras
1474 1412 1628 1466 purae
1663 1392 2080 1460 benevolentiae,

487 1493 706 1547 litteras
727 1486 1089 1544 sincerissimi
1113 1485 1321 1539 amoris
1352 1485 1479 1554 igne
1509 1485 1812 1550 ferventes,
1843 1489 1899 1537 et
1944 1484 2081 1537 inti-

487 1600 594 1637 mae
615 1577 928 1634 dilectionis
958 1575 1222 1630 ineffabili
1257 1574 1551 1643 splendore
1602 1572 1868 1626 lucentes.
1903 1573 1966 1626 In
1997 1572 2082 1625 his

488 1675 680 1724 autem
709 1667 912 1721 litteris
940 1667 1052 1720 tuis
1081 1663 1370 1718 asserebas
1399 1669 1456 1716 te
1485 1679 1595 1716 non
1621 1661 2084 1715 mediocriterad-

489 1754 704 1818 mirari,
737 1769 827 1806 me
855 1751 935 1806 sic
963 1751 1098 1811 falli,
1133 1749 1211 1803 sic
1233 1747 1412 1818 decipi
1461 1747 1728 1818 potuisse,
1760 1753 1820 1799 ut
1848 1747 1906 1800 in
1931 1752 2083 1800 terra

2169 781 2225 827 et
2247 775 2544 830 draconem
2568 778 2702 832 tuba
2727 780 3052 850 prophetica
3083 790 3451 852 praeconatur.
3492 785 3567 840 Ut
3589 787 3766 856 igitur

2167 879 2278 916 non
2301 865 2382 918 illi
2407 866 2694 922 virulentae
2709 868 2942 934 insidiae,
2964 869 3043 924 sic
3062 887 3164 924 nec
3185 873 3322 925 mihi
3353 874 3465 928 Deo
3496 877 3761 947 prOpitio,

2165 953 2368 1021 quibus
2385 970 2479 1008 eas
2491 957 2845 1025 repellerem,
2865 957 2979 1011 doli
3001 965 3059 1012 et
3084 961 3306 1015 astutiae
3328 961 3574 1018 defuere.
3607 965 3770 1019 Licet

2165 1057 2298 1111 ergo
2319 1043 2469 1097 illius
2489 1061 2578 1098 me
2588 1046 2725 1115 jugo
2749 1045 3086 1117 subjecerim
3103 1048 3570 1120 imprudenterad
3589 1053 3768 1108 modi-

2167 1146 2314 1196 cum,
2345 1136 2536 1186 tamen
2565 1134 2798 1188 toleravi
2827 1136 3128 1206 patienter,
3161 1140 3315 1194 evasi
3336 1142 3639 1212 sapienter.

2238 1218 2450 1273 Verum
2481 1238 2593 1274 non
2624 1221 2856 1278 minimo
2888 1227 3100 1296 pudore
3127 1229 3455 1297 confundor,
3496 1249 3585 1286 me
3634 1234 3762 1304 plus

2165 1308 2468 1363 credidisse
2497 1310 2682 1366 verbis
2701 1313 2917 1378 alienis,
2951 1333 3118 1386 quam
3147 1319 3322 1373 oculis
3352 1321 3520 1375 meis:
3548 1327 3604 1376 et
3631 1340 3763 1378 cum

2167 1394 2225 1449 in
2257 1397 2353 1450 illo
2378 1398 2516 1452 mihi
2542 1400 2716 1454 totius
2768 1403 3135 1474 malignitatis
3164 1405 3369 1462 indicia
3395 1417 3757 1480 apparerent,

2167 1501 2255 1538 me
2268 1503 2392 1539 cum
2417 1487 2510 1540 illo
2533 1490 2616 1542 vel
2633 1489 2736 1543 sub
2767 1491 2862 1544 illo
2889 1495 3236 1550 consensisse
3258 1505 3462 1567 puncto
3492 1501 3762 1571 temporis

2166 1574 2457 1630 immorari
2491 1579 2888 1634 miserabiliter
2903 1582 3190 1637 erubesco.
3224 1585 3387 1640 Certe
3415 1587 3667 1641 videbam
3698 1591 3759 1644 in
3847 1648 3859 1659 ,

2167 1663 2262 1716 illo
2284 1665 2550 1719 cervicem
2584 1667 2946 1724 inflexibilem
2973 1677 3030 1725 et
3053 1679 3321 1740 erectam,
3344 1676 3532 1729 oculos
3562 1677 3758 1746 plenos

2165 1751 2327 1806 furiis
2364 1755 2472 1808 huc
2500 1755 2743 1827 illucque
2764 1765 3076 1830 currentes,
3114 1779 3278 1816 nares
3307 1765 3586 1834 spirantes
3624 1783 3757 1820 con-

487 1847 850 1906 Francorum,
884 1840 1043 1911 quasi
1074 1840 1132 1892 in
1177 1839 1300 1891 lacu
1349 1837 1593 1890 leonum.
1627 1853 1718 1888 me
1746 1852 1946 1905 passus
1976 1836 2079 1890 sim
2100 1847 2463 1916 Btemptum,
2515 1863 2832 1901 sermonem
2864 1849 3079 1903 varium
3137 1851 3354 1922 sibique
3404 1853 3756 1922 dissimilem,

486 1939 606 1988 tam
637 1939 851 1986 temere
878 1931 1147 2000 facileque
1176 1927 1462 1982 contrudi:
1498 1925 1808 1996 praesertim
1835 1942 1962 1979 cum
1993 1942 2082 1979 me

487 2023 557 2077 ab
570 2024 675 2076 hoc
697 2020 1106 2076 letalifacinore
1136 2017 1284 2071 illius
1314 2015 1721 2070 cruentissimae
1754 2014 1942 2068 bestia;
1972 2014 2083 2067 im-

486 2112 730 2167 manitas
787 2126 1046 2165 revocare
1095 2105 1370 2165 debuerit.
1425 2103 1648 2158 etiamsi
1695 2109 1898 2156 caetera
1943 2103 2081 2157 satis

489 2202 926 2273 quietatutaque
960 2199 1159 2252 forent.
1178 2197 1382 2249 Fateor
1410 2193 1490 2246 ita
1517 2209 1658 2256 esse,
1694 2191 1908 2261 tibique
1932 2208 2086 2244 vera-

484 2292 624 2346 citer
654 2305 836 2344 meam
865 2287 1242 2342 temeritatem
1263 2298 1559 2351 meamque
1577 2281 1874 2334 stultitiam
1900 2279 2085 2349 objur-

482 2383 660 2456 ganti,
682 2382 814 2453 quid
829 2379 1222 2441 excusationis,
1248 2376 1381 2447 quid
1403 2374 1743 2428 defensionis
1754 2373 2074 2438 obtendam,

484 2489 575 2527 me
602 2489 712 2526 non
736 2469 944 2524 habere
988 2469 1275 2521 conﬁteor.
1306 2465 1515 2518 Verum
1557 2463 1725 2516 debes
1755 2462 2076 2516 meminisse

482 2559 832 2616 inﬁrmitatis
860 2559 1142 2620 humanae,
1164 2555 1579 2624 neminemque,
1595 2553 1729 2606 dum
1756 2552 1811 2605 in
1835 2553 1938 2606 hoc
1958 2569 2077 2606 cor-

476 2668 611 2722 pore
639 2649 839 2703 mortis
866 2645 1177 2706 vivitur,ita
1197 2645 1316 2698 fore
1347 2643 1673 2714 perfectum,
1706 2648 1769 2695 ut
1798 2659 1907 2695 non
1939 2642 2072 2695 sub-

475 2742 664 2812 jaceat
690 2735 1084 2793 mutabilitatis
1113 2735 1345 2788 incerto.
1381 2732 1524 2796 Quid
1556 2731 1704 2784 enim
1751 2731 1957 2784 mirum
1985 2748 2074 2785 me

479 2829 677 2885 alienis
695 2828 927 2883 cessisse
945 2824 1210 2888 consiliis,
1236 2828 1293 2877 et
1321 2839 1356 2876 a
1382 2820 1706 2874 stabilitatis
1731 2821 1969 2890 propriae
1986 2821 2076 2873 fir-

478 2919 675 2974 mitate
698 2917 986 2990 paululum
1013 2913 1442 2976 titubasse,cum
1469 2916 1526 2964 et
1550 2909 2072 2980 David,prudentis-

479 3009 656 3064 simus
687 3007 1111 3078 prophetarum.
1131 3001 1274 3056 servi
1295 3001 1353 3054 in
1375 2999 1668 3054 dominum
1694 2997 2074 3068 Miphiboseth

480 3095 820 3152 accusationi
847 3094 998 3148 falsae
1030 3090 1332 3146 crediderit
1355 3108 1368 3156 ;
1415 3094 1474 3142 et
1500 3087 1678 3142 Josias
1708 3104 1802 3142 rex
1827 3088 1923 3141 ille
1949 3104 2073 3142 san-

479 3186 782 3250 ctissimus,
814 3184 1100 3252 unicaaque
1136 3180 1364 3250 pietatis
1394 3178 1452 3231 in
1482 3177 1919 3248 Dominum,pro
1941 3169 2134 3248 regeC

477 3274 840 3344 Assyriorum
891 3272 950 3324 in
1006 3269 1230 3323 Nechao
1261 3283 1452 3338 regem
1478 3267 1700 3337 Egypti
1729 3283 2074 3337 consurgens

480 3363 707 3435 Domini
729 3359 1286 3433 provocaveritiram;
1310 3373 1432 3427 quae
1452 3361 1660 3421 tamen,
1709 3373 1780 3410 ne
1808 3357 1952 3410 tanti
1973 3357 2074 3410 viri

485 3451 751 3507 meritum
772 3449 1069 3520 deperiret,
1105 3446 1432 3502 transitoria
1469 3462 1634 3516 paena
1664 3453 1954 3517 morteque
1989 3463 2077 3500 se-

483 3541 616 3594 data
645 3545 730 3594 est
755 3537 1072 3608 temporali.
1107 3537 1231 3589 No‘n
1255 3540 1341 3588 est
1367 3533 1540 3604 igitur
1578 3535 1991 3598 admirandum,
2033 3534 2079 3588 si

483 3636 540 3684 et
562 3646 663 3684 nos
692 3629 786 3699 qui
818 3626 1152 3681 involvimur
1179 3622 1427 3678 tenebris
1466 3629 1840 3693 peccatorum,
1891 3624 1948 3676 in
1998 3623 2080 3677 lu-

481 3719 635 3773 brico
668 3719 868 3772 itinere
899 3715 1159 3780 labimur,
1187 3720 1244 3768 et
1271 3714 1329 3768 in
1357 3713 1566 3768 nostris
1598 3712 1848 3766 consiliis
1877 3713 2079 3783 caliga-

483 3825 610 3863 mus
639 3827 651 3862 :
678 3824 803 3862 cum
836 3806 976 3860 tales
993 3804 1248 3874 tantique
1277 3803 1378 3856 viri
1428 3801 1762 3871 ignorantiae
1793 3803 2079 3872 potuerint

482 3896 674 3951 nubilo
694 3895 1002 3958 obscurari,
1033 3893 1093 3946 in
1123 3909 1360 3963 quorum
1391 3889 1505 3943 vita
1543 3895 1601 3943 et
1628 3889 2078 3945 moribuslumen

478 3984 712 4054 justitiaa
741 3989 798 4036 et
816 3982 948 4036 solis
969 3981 1140 4035 etiam
1161 3978 1386 4032 claritas
1423 3977 1754 4048 refulgebat.

556 4075 626 4127 Et
653 4089 756 4142 ego
785 4071 1012 4142 quidem
1043 4070 1286 4141 quadam
1311 4068 1536 4122 virtutis
1560 4066 1804 4139 imagine
1829 4086 1951 4122 sum
1987 4070 2080 4123 de-

484 4168 699 4232 ceptus,
732 4167 790 4215 et
816 4166 881 4215 ut
903 4161 1054 4214 illius
1082 4159 1212 4212 ferae
1229 4159 1484 4230 pessimae
1513 4158 1861 4228 monstrique
1901 4159 2080 4213 horri-

483 4250 613 4304 bilis
632 4249 842 4304 szevitia
870 4249 1056 4302 minus
1076 4252 1546 4319 prospectaretur,
1561 4254 1966 4318 prospectaque
1982 4264 2074 4302 ca-

484 4345 729 4405 veretur,
761 4337 980 4392 miseris
1005 4337 1292 4394 monachis
1324 4342 1382 4391 et
1397 4334 1604 4389 afflicto
1634 4337 1754 4389 loco
1775 4353 1946 4390 causa
1973 4336 2080 4391 fuit

485 4428 725 4482 intentio
755 4427 1099 4482 consulendi.
1133 4425 1511 4480 Pollicebatur
1539 4425 1688 4478 enim
1714 4424 1809 4478 ille
1848 4443 1985 4496 aper
2008 4426 2077 4479 de

485 4515 624 4568 silva
641 4513 868 4578 crebris,
892 4516 1245 4586 multumque
1278 4513 1625 4568 terribilibus
1649 4515 2075 4583 juramentis,se

482 4605 702 4657 vineam
728 4603 952 4657 Domini
972 4620 1260 4674 nunquam
1288 4602 1526 4656 ulterius
1553 4603 1940 4673 dopasturum,
1973 4620 2076 4657 nec

487 4693 556 4746 de
570 4710 636 4746 ea
665 4692 970 4763 quidquam
987 4693 1328 4757 ablaturum,
1363 4691 1470 4745 nisi
1490 4692 1634 4762 quod
1653 4693 1704 4746 ei
1719 4705 1916 4746 manus
1937 4709 2073 4747 meae

484 4787 795 4853 spontanea
824 4783 1045 4852 largitio
1075 4781 1420 4835 contulisset.
1442 4780 1686 4847 Credidi,
1707 4781 1902 4848 fateor,
1950 4800 2074 4853 pro-

483 4870 842 4924 missionibus
864 4873 1004 4940 ejus,
1024 4887 1135 4924 non
1165 4869 1302 4923 levis
1331 4869 1516 4924 meriti
1548 4870 1858 4924 minimaeve
1881 4888 2073 4925 remu-

481 4961 792 5014 nerationis
807 4959 1088 5013 arbitrans
1107 4959 1243 5020 fore,
1265 4958 1312 5011 si
1341 4975 1441 5029 per
1467 4976 1556 5012 me
1573 4966 1763 5030 posset
1778 4961 1927 5014 illius
1957 4969 2076 5015 tru-

481 5049 728 5103 culentia
743 5048 1065 5119 temperari.
1085 5049 1158 5101 At
1171 5047 1262 5100 ille
1283 5048 1679 5119 rapacissimus
1694 5050 1860 5120 lupus
1872 5050 2074 5103 callide

479 5137 820 5191 blandiendo
849 5143 908 5191 et
933 5137 1070 5190 falsa
1109 5137 1437 5207 pollicendo.
1474 5139 1702 5192 omnino
1735 5139 2075 5193 moliebatur

479 5226 776 5281 abbatiolze
801 5230 1028 5290 nostrae,
1059 5242 1181 5296 quae
1210 5243 1312 5296 pro
1341 5228 1569 5281 modulo
1614 5245 1715 5282 suo
1756 5228 1893 5282 satis
1921 5227 2073 5282 ordi-

478 5322 615 5370 nata
639 5316 887 5386 satisque
906 5315 1215 5386 composita
1235 5315 1549 5386 videbatur,
1564 5317 1792 5370 dentem
1814 5317 2068 5387 inﬁgere;

409 5402 418 5410 ”
478 5410 538 5458 et
563 5421 685 5475 quae
715 5405 1037 5476 pestilentia
1060 5421 1164 5459 sua
1191 5405 1544 5475 protriverat,
1596 5406 1654 5460 in
1693 5406 1921 5461 malitia;
1959 5423 2073 5462 suae

478 5496 730 5546 ventrem
762 5510 984 5565 quoquo
1022 5494 1188 5548 modo
1217 5494 1402 5548 aliena
1421 5495 1895 5559 consciscere.Qui
1923 5503 2071 5566 post-

477 5595 648 5650 quam
672 5596 731 5634 se
759 5581 898 5635 vidit
916 5582 1128 5637 frustra
1147 5583 1251 5636 niti
1274 5589 1539 5654 artesque
1569 5583 1842 5655 suas'fsibi
1871 5601 2069 5655 parum

474 5666 795 5738 procedere,
816 5669 874 5724 in
902 5676 1155 5741 apertam
1169 5670 1449 5728 insaniam
1476 5673 1815 5746 solitumque
1825 5673 2070 5731 furorem

2166 1929 2322 1982 nulla
2341 1931 2741 2000 consequentia
2758 1933 3024 2004 nullaque
3045 1936 3263 1990 ratione
3283 1941 3765 2005 constantem,hu-

2163 2032 2347 2071 meros
2352 2019 2666 2088 jactabiles.
2690 2021 3180 2091 pedesinstabiles,
3213 2026 3494 2080 incessum
3505 2027 3763 2099 inaequa-

2144 2096 2297 2172 Ilem,
2335 2107 2788 2179 incompositum,
2805 2111 3152 2179 indecorum,
3172 2130 3371 2168 manus
3389 2117 3762 2187 rapaces,vio-

2165 2198 2366 2262 lentas,
2399 2204 2688 2269 promptas
2715 2200 2786 2253 ad
2825 2201 3030 2256 caedem
3070 2209 3128 2256 et
3165 2204 3238 2257 ad
3278 2203 3542 2273 injuriam
3568 2206 3761 2276 proxi-

2163 2287 2568 2340 morum.Cum
2621 2287 2794 2356 igitur
2842 2290 2958 2344 haec
3013 2291 3073 2344 in
3102 2291 3197 2345 illo
3226 2299 3513 2348 venenatae
3552 2294 3761 2349 mentis

2162 2373 2325 2445 signa
2353 2377 2750 2446 perspexerim.
2769 2378 2978 2433 ultimas
3015 2380 3246 2434 omnino
3264 2381 3504 2436 miseria;
3534 2383 3642 2436 fuit
3676 2385 3762 2438 sic

2160 2479 2249 2516 me
2279 2463 2528 2534 potuisse
2554 2463 2918 2535 mihimetipsi
2948 2465 3252 2532 absentari,
3289 2473 3355 2522 ut
3381 2485 3631 2539 unquam
3665 2487 3763 2525 me

2158 2568 2357 2622 passus
2384 2552 2491 2605 sim
2521 2553 2642 2621 ejus
2669 2554 2754 2606 vel
2779 2554 3034 2608 convictu
3065 2557 3147 2610 vel
3165 2556 3444 2626 colloquio
3459 2558 3756 2612 maculari.

2159 2642 2332 2711 Spero
2362 2649 2550 2695 autem
2575 2643 2694 2711 jam
2716 2659 2806 2696 me
2844 2643 2913 2696 de
2933 2649 3133 2698 caetero
3159 2646 3762 2719 prospectiorem,pur-

2156 2731 2452 2800 gatiorem,
2480 2731 2904 2803 cautioremque
2933 2734 3269 2802 futurum;si
3299 2741 3491 2790 tamen
3520 2742 3584 2790 tu
3614 2738 3758 2791 mihi

2157 2820 2436 2891 opitulari.
2462 2837 2574 2874 non
2640 2821 2875 2887 abnuas,
2934 2823 3304 2895 precibusque
3346 2825 3756 2896 potentissimis

2156 2927 2342 2980 agere,
2377 2916 2436 2965 ut
2456 2911 2572 2965 haec
2603 2911 2758 2975 mihi,
2779 2929 2901 2982 quae
2922 2928 2990 2966 ex
3017 2913 3260 2983 quadam
3278 2914 3482 2967 mentis
3501 2914 3756 2969 ovilitate

2155 3004 2442 3055 contracta
2468 3007 2572 3068 est,
2597 3001 2878 3072 prolapsio
2905 3003 3248 3057 remittatur.
3274 3002 3423 3058 Vale.

2713 3089 3068 3146 EPISTOLA
3096 3091 3148 3144 V
3163 3137 3174 3148 .

2581 3197 2655 3233 AD
2685 3195 2989 3234 MONACHUM
3019 3197 3308 3240 QUEMDAM.

2261 3269 2434 3321 Illum
2461 3270 2535 3322 ad
2562 3284 2742 3322 unum
2769 3271 2943 3322 Deum
2973 3271 3332 3336 querendum
3363 3270 3641 3325 hortatur.

2229 3356 2601 3410 Dilectissimo
2629 3357 2790 3410 fratri
2812 3359 2900 3424 A.,
2932 3357 3030 3414 W.
3071 3364 3348 3428 peccator,
3374 3359 3586 3414 intimae
3609 3359 3758 3414 dile-

2161 3442 2361 3496 ctionis
2391 3445 2672 3500 allectum.

2233 3533 2441 3587 Omnes
2469 3535 2694 3605 quidem
2723 3535 2982 3590 homines
3020 3535 3117 3606 qui
3141 3553 3311 3591 sacrae
3350 3537 3481 3592 ﬁdei
3510 3543 3567 3591 et
3599 3538 3762 3608 agni-

2159 3623 2330 3676 tionis
2368 3624 2567 3679 divinae
2610 3641 2845 3678 munere
2874 3626 3211 3694 gloriantur,
3251 3627 3410 3680 decet
3466 3632 3662 3680 sancte
3701 3633 3763 3680 et

2161 3712 2516 3767 laudabiliter
2544 3714 2860 3768 conversari
2923 3715 3105 3785 Hujus
3127 3720 3316 3769 tamen
3347 3716 3762 3786 negotiimajus

2162 3803 2249 3856 his
2278 3803 2494 3873 pondus
2543 3803 2835 3870 incumbit,
2891 3803 2987 3873 qui
3049 3804 3425 3858 excellentiori
3469 3805 3760 3876 proposito

2163 3909 2294 3946 suas
2323 3891 2540 3946 animas
2570 3892 2883 3946 voluntarie
2913 3891 3298 3963 subjugantes,
3326 3893 3612 3964 animique
3640 3893 3761 3946 fer-

2160 3997 2292 4034 vore
2334 3980 2578 4034 mirabili
2609 3981 2863 4034 omnium
2911 3987 3316 4052 praeceptorum
3353 3980 3645 4035 cacumina
3665 3996 3762 4034 su-

2161 4071 2458 4141 pergressi,
2483 4070 2542 4123 in
2573 4070 2781 4124 Christi
2803 4087 3036 4142 corpore
3057 4072 3216 4142 quasi
3238 4071 3493 4142 quaedam
3519 4069 3763 4124 clarissi-

2162 4176 2255 4212 ma
2280 4160 2494 4213 lumina
2522 4160 2784 4214 emicant.
2818 4160 2958 4214 Cum
2989 4161 3140 4215 enim
3167 4159 3430 4231 conjugia
3451 4157 3761 4230 apostolico

2163 4263 2258 4301 ore
2286 4248 2603 4310 laudentur,
2623 4254 2680 4302 et
2699 4264 2765 4302 ex
2794 4247 3152 4304 facultatibus
3173 4249 3288 4304 suis
3310 4253 3530 4320 partem
3550 4263 3763 4318 paupe-

2161 4335 2317 4389 ribus
2329 4343 2642 4407 erogantes,
2657 4337 2819 4390 sedes
2832 4336 3147 4404 beatorum,
3173 4353 3515 4408 camposque
3539 4335 3760 4406 Elysios

2161 4431 2597 4496 consequantur,
2631 4425 2724 4480 isti
2771 4431 2962 4480 tamen
3003 4427 3130 4481 vitae
3178 4425 3527 4497 perfectioris
3562 4440 3761 4478 amore

2161 4515 2348 4568 omnia
2377 4514 2617 4568 visibilia
2645 4520 3085 4581 contemnentes,
3117 4515 3297 4586 ipsam
3340 4515 3526 4570 subito
3555 4529 3760 4566 mona-

2157 4601 2283 4655 dem
2297 4603 2547 4674 arripere
2577 4603 2916 4669 maluerunt,
2936 4621 3105 4674 quam
3133 4621 3198 4658 ex
3231 4603 3320 4657 his
3349 4601 3760 4674 temporalibus

2154 4694 2365 4761 gradus
2394 4693 2633 4753 efﬁcere.
2654 4692 2856 4763 quibus
2889 4693 2958 4746 ad
2978 4693 3132 4746 illam
3155 4692 3568 4746 conscenditur.
3604 4691 3757 4744 Sane

2157 4782 2304 4850 quod
2335 4783 2525 4836 omnia
2554 4782 2871 4836 referantur
2898 4783 2968 4836 ad
2998 4781 3317 4846 monadem,
3344 4787 3400 4835 et
3426 4781 3558 4852 quia
3585 4796 3763 4850 super

2156 4871 2434 4935 universa,
2456 4888 2578 4942 quaa
2595 4888 2694 4942 per
2709 4872 2888 4941 ipsam
2909 4870 3054 4925 facta
3067 4877 3217 4937 sunt,
3241 4876 3433 4925 teneat
3472 4868 3761 4939 principa-

2156 4966 2297 5026 tum,
2333 4961 2624 5032 Scriptura
2652 4961 2746 5014 illa
2765 4960 2904 5014 satis
2935 4961 3223 5014 evidenter
3239 4959 3506 5022 ostendit,
3531 4975 3654 5029 quae
3682 4957 3758 5012 de

2157 5050 2432 5120 sapientia
2453 5051 2706 5120 loquens,
2731 5051 2868 5105 Cum
2897 5067 3036 5114 una,
3067 5050 3271 5122 inquit,
3306 5053 3397 5112 sit,
3446 5051 3636 5103 omnia
3660 5063 3762 5116 po-

2159 5145 2269 5193 test.
2281 5140 2349 5193 Et
2362 5156 2534 5193 unam
2552 5156 2611 5194 se
2624 5140 2908 5194 aDomino
2921 5144 3112 5211 petere
3133 5139 3432 5193 Psalmista
3458 5142 3706 5192 testatur
3742 5155 3755 5190 :

2156 5233 2213 5282 et
2238 5245 2370 5282 arca
2399 5245 2522 5300 qum
2543 5245 2578 5282 a
2606 5230 2724 5283 Noe
2751 5234 3075 5284 constructa
3093 5233 3198 5293 est,
3221 5228 3317 5282 ubi
3352 5243 3630 5282 mensurae
3655 5242 3761 5281 caa-

2155 5319 2288 5373 litus
2314 5319 2540 5384 dantur,
2560 5317 2620 5372 in
2643 5317 3001 5373 inferioribus
3027 5322 3410 5372 trecentorum
3434 5315 3758 5371 cubitorum

2157 5408 2584 5478 longitudinem,
2599 5413 2656 5462 et
2681 5407 3092 5480 quinquaginta
3107 5407 3465 5462 latitudinem
3486 5404 3757 5461 habuisse

2155 5497 2491 5553 describitur
2513 5516 2526 5551 :
2559 5514 2683 5568 qum
2703 5503 2896 5553 tamen
2915 5498 2986 5553 ad
3011 5497 3216 5552 altiora
3229 5511 3576 5567 consurgens
3598 5496 3758 5566 cogi-

2153 5593 2247 5642 tur
2273 5587 2331 5641 in
2360 5593 2683 5658 angustum,
2713 5587 2795 5642 ita
2813 5593 2880 5642 ut
2907 5585 3204 5645 summitas
3233 5586 3355 5657 ejus
3383 5585 3445 5642 in
3465 5585 3635 5642 unius
3661 5600 3760 5640 cu-

2152 5677 2255 5732 biti
2287 5677 2533 5748 spatium
2558 5677 2922 5739 terminetur.
