3964 6364
181 365 287 429 881

1631 392 2018 454 EPISTOLlE.

3349 399 3460 462 882

257 505 434 599 Vides
458 526 594 583 ergo
621 515 903 585 quomodo
929 518 1190 576 universa
1212 522 1544 594 redigantur
1565 525 1636 580 ad
1668 542 1783 581 mo-
1799 520 1946 580 Asic
1972 522 2337 593 impatientia
2365 526 2517 580 virus
2539 528 2983 599 longanimitatis
3015 529 3267 584 antidoto
3305 532 3454 581 tem-

179 595 389 652 nadem
413 619 427 654 :
450 618 618 672 quam
637 605 732 675 qui
757 605 816 660 in
838 611 1098 678 praesenti
1126 615 1372 680 potuerit
1391 614 1660 680 obtinere,
1663 617 1783 686 jam

180 686 428 754 profecto
480 690 619 746 illud
668 694 728 748 in
779 696 884 750 hac
921 700 1266 755 mortalitate
1294 703 1676 774 consequitur.
1711 705 1780 758 ad

178 775 332 848 quod
364 777 424 832 in
451 778 554 834 illa
576 785 988 841 resurrectione
1012 790 1299 844 communi
1318 792 1500 845 omnis
1522 797 1781 847 creatura

175 867 476 923 rationalis
486 877 684 927 sancta
706 878 763 927 et
779 875 990 930 munda
1003 877 1264 932 devenire
1291 881 1776 948 contendit.Tunc,

177 962 238 1011 ut
270 957 474 1015 divina
523 960 728 1017 littera
751 964 1106 1034 pollicentur,
1149 967 1258 1021 erit
1306 969 1458 1022 Deus
1496 971 1688 1025 omnia
1722 971 1781 1025 in

177 1046 462 1112 omnibus,
494 1065 625 1103 cum
647 1051 947 1108 tradiderit
973 1055 1147 1110 Filius
1182 1073 1421 1126 regnum
1453 1057 1563 1112 Deo
1594 1065 1650 1113 et
1680 1060 1782 1113 Pa-

175 1135 271 1201 tri,
304 1135 365 1190 id
411 1142 498 1192 est
541 1155 668 1194 cum
700 1141 914 1207 ﬁdeles,
961 1144 1021 1197 in
1061 1143 1264 1214 quibus
1294 1162 1444 1200 nunc
1467 1154 1666 1218 regnat
1686 1148 1780 1202 ille

175 1238 280 1293 per
298 1224 490 1293 ﬁdem,
535 1226 607 1281 ad
647 1231 1178 1302 contemplationem
1212 1234 1311 1287 Dei
1339 1239 1396 1288 et
1420 1235 1603 1288 Patris
1629 1243 1782 1308 cpta-

175 1309 368 1367 biliter
393 1313 740 1387 feliciterque
763 1319 1108 1389 perduxerit.
1139 1322 1285 1376 Huic
1309 1324 1780 1380 excellentissima

175 1400 379 1456 visioni
416 1403 642 1475 Moyses
668 1405 763 1461 ille
789 1408 1096 1478 legislator,
1127 1416 1182 1464 et
1197 1411 1622 1467 ardentissimus
1647 1414 1780 1468 divi-

175 1491 376 1545 nitatis
405 1499 646 1561 amator,
679 1495 921 1552 liberum
950 1499 1211 1569 cupiebat
1239 1500 1504 1556 adhibere
1542 1519 1777 1574 conspe-

175 1585 355 1645 ctum,
387 1584 612 1652 quando
661 1601 790 1639 cum
835 1587 1075 1641 Domino
1120 1588 1376 1658 loquens,
1408 1595 1473 1644 ut
1501 1596 1558 1645 et
1580 1599 1782 1646 semet-

174 1668 365 1739 ipsum
395 1671 727 1742 dignaretur
772 1676 1088 1742 ostendere,
1132 1677 1487 1733 devotissime
1513 1681 1780 1750 precaba-

173 1765 292 1813 tur.
325 1760 574 1816 Noverat
600 1763 750 1817 enim
782 1765 867 1818 vir
885 1765 980 1819 ille
1018 1765 1290 1820 mirabilis
1311 1784 1589 1822 summam
1612 1769 1782 1824 beati-

1864 627 2082 681 perare,
2117 619 2180 667 ut
2201 620 2258 667 et
2287 615 2854 685 patientermalorum
2875 619 3295 690 improbitatem
3310 616 3459 669 fera-

1863 715 2009 760 mus,
2045 715 2148 754 nec
2189 717 2441 773 unquam
2473 705 2646 761 bonos
2675 714 2906 780 propter
2933 709 3204 781 pessimos
3225 707 3460 760 desera-

1863 803 2006 842 mus.

1935 877 2040 931 Hic
2066 883 2129 932 tu
2151 895 2240 933 me
2267 881 2501 936 forsitan
2534 899 2864 954 argues,cur
2890 886 3009 957 ipse
3039 884 3194 940 Beati
3220 882 3464 953 Remigii

1865 963 2146 1021 abbatiam
2175 972 2290 1021 tam
2314 969 2424 1024 cito
2455 971 2728 1044 facileque
2750 973 3073 1045 reliquerim
3095 993 3107 1041 ;
3131 989 3255 1027 cum
3279 972 3337 1026 in
3361 971 3460 1024 illo

1863 1055 2096 1124 collegio
2146 1056 2390 1112 dubitari
2433 1075 2546 1115 non
2594 1063 2773 1133 possit
2803 1063 3074 1134 quosdam
3102 1062 3250 1115 viros
3281 1061 3460 1114 hone—

1863 1143 2140 1198 stissimos
2160 1145 2417 1214 inveniri,
2441 1165 2508 1202 ex
2527 1166 2764 1220 quorum
2786 1150 3310 1205 benevolentissima
3332 1149 3462 1202 cha-

1863 1231 2032 1286 ritate
2061 1234 2232 1288 ceteri
2261 1236 2579 1292 debuerunt
2608 1240 2925 1295 tolerabiles
2948 1239 3209 1311 judicari.
3231 1239 3456 1304 Fateor,

1862 1321 2070 1390 partim
2114 1323 2271 1392 justa
2298 1325 2415 1379 hac
2435 1331 2532 1380 tua
2557 1327 2872 1398 objurgatio
2900 1330 3202 1392 videretur,
3227 1328 3336 1381 nisi
3363 1327 3458 1380 ille

1863 1410 2131 1480 pestilens
2162 1417 2395 1468 truncus
2437 1416 2696 1480 ﬁculnus,
2730 1419 2932 1472 inutile
2975 1419 3211 1488 lignum,
3243 1422 3458 1470 terram

1860 1497 2018 1552 illam
2032 1500 2428 1557 miserabiliter
2439 1507 2892 1576 occupasset,sub
2909 1508 3066 1576 cujus
3084 1505 3287 1560 umbra
3304 1503 3462 1558 nulla

1865 1587 2092 1657 quidem
2122 1590 2270 1645 bona
2299 1599 2535 1663 possunt
2571 1595 2790 1649 semina
2816 1597 3039 1662 exoriri,
3067 1595 3165 1650 sed
3193 1600 3251 1648 et
3274 1594 3321 1648 si
3350 1609 3463 1665 qua

1865 1683 2057 1731 exorta
2083 1679 2329 1747 fuerant,
2373 1689 2696 1738 enecantur.
2741 1686 2829 1739 Ita
2866 1685 3016 1738 enim
3062 1685 3163 1738 illa
3193 1688 3466 1737 venenata

1865 1771 1922 1818 et
1950 1768 2307 1823 amarissima
2348 1771 2516 1825 arbor
2541 1772 2842 1827 tenebrosa
2869 1779 2954 1827 est
2981 1777 3038 1827 et
3064 1773 3367 1839 condensa,
3400 1777 3467 1826 ut

173 1848 432 1902 tudinem
468 1851 588 1904 fore
631 1868 822 1907 rerum
860 1855 1112 1908 omnium
1142 1856 1476 1927 principium
1505 1860 1778 1926 contueri,
1805 1837 2197 1927 Bquocunque
2237 1857 2467 1913 brachia
2507 1866 2762 1916 tortuosa
2809 1862 3238 1932 mortiferosque
3274 1877 3464 1914 ramos

173 1942 232 1989 et
282 1937 437 1991 illam
485 1941 785 1995 monadem
833 1942 1037 1997 mentis
1081 1945 1395 2015 complecti,
1435 1962 1468 1999 a
1505 1963 1616 2017 qua
1652 1949 1780 2002 uni-

170 2041 335 2080 versa
387 2033 622 2083 sumunt
683 2030 979 2101 originem,
1014 2037 1070 2086 et
1100 2033 1158 2086 in
1191 2050 1303 2104 qua
1333 2034 1543 2090 habent
1589 2038 1780 2092 omnia

173 2115 344 2169 ﬁnem
355 2157 368 2172 .

246 2205 436 2261 Claret
462 2207 638 2278 igitur
656 2215 878 2279 quanta
903 2210 1128 2266 virtutis
1157 2218 1490 2285 quantaque
1510 2221 1776 2286 prastan-

173 2293 268 2349 tia
296 2295 389 2360 sit,
425 2297 580 2350 omni
607 2299 859 2354 saculari
888 2315 986 2370 spe
1015 2301 1323 2373 mundique
1344 2303 1610 2358 felicitate
1639 2306 1776 2375 reje—

174 2389 287 2449 cta,
321 2383 458 2438 illud
499 2386 729 2441 unicum
775 2387 987 2442 bonum
1033 2396 1318 2461 appetere,
1360 2392 1431 2445 ad
1456 2393 1603 2462 quod
1632 2395 1777 2448 tanti

171 2472 281 2526 viri
306 2474 629 2544 suspirabat
658 2477 917 2532 intentio.
965 2479 1125 2533 Unde
1164 2485 1221 2533 et
1250 2480 1310 2533 in
1352 2483 1778 2551 regeneratione

174 2577 303 2616 cum
335 2563 548 2618 sederit
576 2564 755 2620 Filius
784 2567 1032 2622 hominis
1061 2567 1120 2621 in
1149 2568 1281 2622 sede
1301 2570 1613 2640 majestatis
1640 2588 1775 2638 sua,

166 2651 300 2720 jure
325 2667 362 2704 a
384 2652 620 2706 Domino
641 2652 1001 2724 judiciariam
1027 2656 1300 2727 accipient
1317 2660 1777 2729 potestatem,qui

174 2745 295 2807 eius
334 2744 650 2800 dilectionis
694 2747 905 2802 intuitu
945 2749 1134 2802 omnia
1163 2749 1532 2819 reliquerint:
1559 2753 1694 2822 quia
1721 2759 1779 2806 et

173 2832 232 2885 id
253 2850 566 2903 congruere
586 2837 854 2907 aequitati,
890 2838 1208 2910 quicunque
1255 2855 1454 2892 sanum
1485 2841 1652 2910 sapit,
1686 2841 1776 2895 in-

169 2921 394 2992 telligit,
429 2929 495 2977 ut
526 2925 621 2994 qui
658 2926 718 2979 in
756 2927 1206 2996 peregrinatione
1234 2929 1506 2982 veraciter
1534 2929 1775 2984 humiles

170 3010 511 3076 exstiterint,
532 3013 647 3068 sint
674 3014 732 3068 in
764 3016 946 3086 patria
972 3016 1222 3086 gloriosi.

241 3098 398 3152 Inter
419 3100 804 3170 hujuscemodi
834 3121 968 3174 ergo
998 3105 1200 3158 heroas
1228 3105 1416 3159 sedem
1444 3111 1498 3160 te
1524 3107 1776 3161 eminen-

1863 1945 2197 2010 extenderit,
2230 1947 2448 2001 nullum
2475 1949 2589 2003 illic
2609 1951 2691 2004 sol
2715 1950 2951 2020 justitia
2981 1951 3287 2020 lumenque
3314 1949 3462 2002 veri-

1861 2034 1996 2088 tatis
2020 2033 2228 2088 habere
2259 2037 2436 2106 possit
2465 2054 2770 2092 accessum.
2799 2040 2933 2093 Tale
2953 2039 3129 2109 igitur
3146 2042 3462 2092 monstrum

1861 2128 1919 2176 et
1945 2122 2336 2192 hujuscemodi
2365 2126 2651 2196 aufugisse
2674 2132 3139 2199 portentum,non
3166 2127 3466 2198 impatien-

1855 2211 1949 2264 tia
1986 2217 2043 2265 et
2084 2213 2473 2269 inconstantia
2500 2215 2654 2283 vitio,
2688 2217 2786 2271 sed
2815 2233 3048 2272 summa
3075 2216 3269 2271 virtuti
3297 2232 3456 2270 sum-

1857 2316 2076 2372 maeque
2105 2306 2191 2355 est
2213 2303 2526 2373 prudentia
2555 2306 2960 2376 deputandum.

2421 2393 2771 2449 EPISTOLA
2797 2395 2900 2453 VI.

2482 2500 2555 2537 AD
2587 2499 2814 2538 EUMDEM
2824 2525 2834 2536 .

1966 2571 2006 2622 Α
2031 2572 2311 2638 proposito
2345 2573 2558 2638 fervore
2585 2572 2864 2642 deﬁcienti
2891 2575 3110 2642 exponit
3142 2587 3355 2626 arcana

2480 2662 2702 2728 judicia
2725 2663 2839 2715 Dei.

1931 2747 2114 2800 Fratri
2153 2748 2242 2812 A.,
2277 2749 2371 2801 W.
2407 2754 2684 2819 peccator,
2725 2749 2842 2802 sole
2890 2750 3102 2816 vestiri,
3155 2754 3212 2803 et
3266 2751 3460 2804 lunam

1861 2835 2068 2890 habere
2095 2835 2198 2889 sub
2226 2837 2480 2907 pedibus.

1929 2923 2208 2986 Quoniam
2241 2925 2496 2995 quisquis
2522 2941 2666 2979 vera
2686 2925 3001 2980 dilectionis
3025 2925 3352 2981 stimulatur
3380 2927 3462 2981 af-

1855 3013 2023 3078 fectu,
2076 3028 2187 3066 non
2218 3013 2404 3068 minus
2439 3015 2822 3084 proximorum
2853 3030 3020 3084 quam
3045 3014 3162 3068 suis
3191 3015 3464 3085 provecti-

1855 3101 1958 3155 bus
1998 3102 2326 3165 collatatur,
2359 3103 2862 3172 congratulatorias
2891 3102 2993 3156 tibi
3031 3103 3247 3157 litteras
3277 3119 3460 3174 nuper

169 3186 451 3242 tissimam
479 3189 818 3261 adepturum
852 3199 1006 3246 certa
1035 3209 1126 3246 me
1156 3195 1305 3263 cogit
1330 3195 1475 3249 ratio
1503 3197 1722 3266 opinari
1757 3190 2226 3252 :Ctransmisisse
2256 3207 2345 3244 me
2376 3191 2626 3257 memini,
2664 3207 2898 3262 sperans
2929 3196 3041 3245 tua
3069 3192 3454 3246 conversionis

167 3275 312 3345 quia
339 3282 405 3330 ut
429 3278 500 3332 ad
525 3283 745 3341 tantam
771 3280 1150 3335 humilitatem
1174 3283 1674 3347 descenderes,non
1691 3290 1766 3349 te,

167 3371 236 3418 ut
266 3366 563 3437 quosdam,
591 3370 905 3424 recordatio
931 3377 1307 3443 peccatorum,
1339 3373 1437 3426 sed
1479 3374 1771 3428 laudabili-

167 3458 258 3506 ter
284 3461 412 3508 acta
431 3457 546 3510 vita
565 3459 822 3528 superior
842 3461 1148 3531 patriaque
1162 3462 1406 3515 caelestis
1427 3462 1767 3518 desiderium

164 3539 441 3596 invitavit.
485 3543 720 3616 Semper
755 3545 931 3617 igitur
957 3547 1033 3601 sis
1062 3548 1518 3620 circumspectus,
1547 3567 1770 3622 semper

163 3629 242 3683 sis
270 3631 830 3705 providus,omnique
851 3637 1035 3690 studio
1051 3642 1282 3708 totaque
1310 3639 1621 3693 intentione
1651 3657 1770 3694 cor-

163 3720 251 3772 dis
271 3721 511 3791 enitere,
533 3728 598 3776 ut
623 3723 693 3777 de
721 3723 882 3778 bonis
903 3742 1127 3797 semper
1143 3727 1214 3780 ad
1237 3728 1447 3799 optima
1474 3735 1768 3782 transeun-

163 3809 259 3876 do,
294 3810 467 3864 ﬁnem
493 3810 664 3866 facias
689 3815 1025 3869 concordare
1055 3817 1356 3887 principio;
1391 3833 1493 3871 nec
1524 3818 1638 3871 ulla
1663 3819 1766 3872 ho-

161 3895 263 3949 stis
286 3897 508 3968 antiqui
531 3899 910 3956 fraudulentia
933 3903 1188 3970 violetur,
1223 3905 1372 3975 quod
1420 3905 1490 3958 ab
1538 3905 1768 3976 integri-

163 3988 282 4038 tate
311 3986 557 4057 sumpsit
581 3988 889 4045 exordium.
914 3991 1040 4044 Non
1061 3991 1321 4057 aliorum,
1349 4009 1554 4063 quaso,
1570 3998 1766 4063 torpor

166 4080 330 4129 tuum
359 4074 531 4129 faciat
558 4082 749 4148 tepere
775 4078 1069 4145 fervorem,
1093 4097 1196 4134 nec
1212 4098 1405 4135 eorum
1436 4083 1689 4151 exempla
1708 4087 1765 4136 te

163 4165 633 4235 negligentiorem
674 4168 936 4232 efﬁciant,
986 4170 1081 4239 qui
1146 4171 1504 4240 praetendunt
1568 4171 1763 4226 habitu

162 4255 311 4324 quod
357 4255 610 4310 moribus
656 4257 1056 4328 insequuntur.
1115 4259 1276 4312 Multi
1333 4263 1540 4313 etenim
1597 4261 1758 4321 tales,

163 4343 315 4412 quod
349 4351 408 4397 te
449 4344 625 4399 latere
668 4362 779 4399 non
830 4347 1094 4406 arbitror.
1142 4347 1246 4400 sub
1286 4347 1536 4416 angelico
1567 4348 1763 4402 habitu

161 4428 519 4499 delitescunt,
554 4450 792 4503 quorum
825 4435 905 4488 sic
932 4436 1139 4490 misera
1163 4441 1248 4489 est
1271 4436 1616 4489 conversatio
1641 4442 1766 4490 tan-

1854 3278 2128 3350 principio
2175 3279 2348 3334 totius
2396 3279 2521 3334 vita
2568 3286 2822 3334 tenorem
2870 3281 3153 3351 ﬁnemque
3183 3281 3456 3352 propositi

1854 3384 2277 3438 responsurum.
2312 3370 2404 3434 At,
2438 3373 2503 3422 ut
2531 3369 2669 3422 mihi
2702 3369 2942 3422 relatum
2973 3375 3080 3430 est.
3105 3369 3271 3439 longe
3291 3370 3456 3424 aliter

1852 3473 1912 3510 se
1937 3473 2028 3510 res
2056 3457 2241 3512 habet.
2277 3462 2446 3527 teque
2467 3457 2745 3512 malorum
2767 3457 3130 3528 improbitate
3149 3458 3449 3524 devictum,

1851 3545 2137 3616 patientia
2163 3547 2420 3617 clypeum
2452 3547 2749 3616 projecisse
2776 3566 2788 3600 :
2811 3563 2923 3617 quo
2954 3547 3002 3600 si
3030 3547 3196 3600 vellet
3212 3552 3315 3600 tua
3345 3548 3456 3603 fra-

1850 3634 2088 3688 ternitas
2132 3635 2487 3698 communiri,
2520 3652 2648 3690 cum
2694 3651 2760 3688 ex
2788 3635 3162 3706 quorumdam
3188 3636 3455 3691 meliora-

1850 3721 2024 3787 tione,
2056 3729 2177 3776 tum
2213 3741 2277 3777 ex
2297 3725 2599 3778 tolerantia
2615 3723 2984 3794 pessimorum
3016 3739 3129 3776 non
3151 3723 3449 3779 minimum

1848 3810 1951 3863 tibi
1978 3812 2195 3865 lucrum
2217 3813 2440 3866 virtutis
2465 3818 2827 3867 accresceret.

1918 3900 2124 3969 Agitur
2161 3901 2310 3954 enim
2352 3902 2516 3955 modo
2560 3899 3157 3969 ineﬁ‘abiliordineque
3181 3895 3444 3961 mirabili,

1847 3993 1911 4041 ut
1955 4005 2180 4059 semper
2231 3991 2536 4044 electorum
2569 3989 2800 4043 utilitati
2847 3988 3212 4059 reproborum
3241 3985 3450 4040 serviat

1849 4078 2029 4132 omnis
2068 4079 2396 4150 improbitas
2423 4098 2435 4144 ;
2471 4095 2647 4148 eoque
2677 4078 2871 4148 purius
2898 4079 3015 4131 veri
3048 4076 3311 4132 Israelita
3339 4092 3447 4129 ca-

1850 4166 1973 4220 lesti
2004 4166 2300 4237 divinoque
2326 4167 2540 4221 lumine
2568 4165 2946 4236 perfruantur,
2974 4183 3084 4237 quo
3114 4164 3446 4237 profundius

1847 4256 1964 4309 suis
1993 4255 2238 4309 tenebris
2253 4272 2479 4326 suaque
2497 4255 2720 4324 caligini
2739 4254 2985 4324 IEgyptii
3010 4254 3444 4325 immerguntur.

1848 4345 2086 4398 Mentior
2114 4345 2158 4397 si
2187 4361 2298 4397 non
2327 4345 2406 4398 ita
2435 4361 2594 4397 sacra
2614 4350 2962 4398 contestatur
2982 4344 3364 4415 historia,qua
3387 4343 3446 4398 in

1847 4433 1945 4486 illa
1971 4433 2328 4503 percussione
2350 4433 2698 4504 Memphitica
2715 4433 2862 4503 apud
2879 4433 3172 4504 [Egyptios
3191 4431 3446 4504 palpabi-

161 4525 330 4591 taque
387 4522 514 4576 vita
553 4524 904 4593 perversitas,
958 4531 1022 4579 ut
1068 4525 1228 4579 bonis
1275 4525 1444 4579 etiam
1479 4526 1760 4582 mentibus
1780 4509 1827 4566 Ῑ)
1845 4522 1927 4574 les
1948 4521 2226 4586 tenebras,
2245 4523 2390 4592 apud
2416 4523 2632 4593 plebem
2657 4540 2784 4576 vero
2805 4523 3052 4576 ﬁdelium
3076 4521 3445 4576 clarissimam

160 4611 497 4681 plerumque
540 4613 684 4666 sacri
711 4614 981 4685 propositi
1021 4615 1427 4685 panitudinem
1475 4614 1756 4684 ingerant,

160 4699 399 4770 vitaque
418 4701 712 4756 deterioris
730 4709 990 4757 contactu
1011 4710 1216 4758 sancta
1244 4703 1594 4774 calestisque
1617 4704 1760 4756 mili-

159 4787 248 4842 tia
297 4804 413 4842 non
466 4788 727 4844 desinant
772 4791 1067 4845 obscurare
1118 4792 1398 4846 nitorem:
1431 4791 1527 4861 qui
1569 4807 1669 4862 per
1699 4807 1760 4844 se

159 4877 387 4946 quidem
412 4894 634 4949 semper
662 4880 979 4950 praclarus,
1012 4896 1232 4951 semper
1267 4880 1506 4946 lucidus,
1537 4897 1762 4951 semper

162 4966 424 5036 egregius
449 4972 552 5021 est.
1734 5026 1746 5035 ,

226 5058 302 5111 At
332 5056 475 5110 bene
503 5056 800 5111 fundatum
821 5057 1073 5113 animum
1087 5075 1176 5113 res
1191 5075 1302 5112 non
1320 5059 1429 5112 ista
1445 5058 1755 5129 perturbat,

159 5161 259 5200 nec
288 5161 419 5199 eum
441 5161 476 5198 a
497 5162 719 5199 summo
748 5162 940 5200 amore
965 5147 1288 5218 disjungere
1317 5146 1619 5216 cujuslibet
1635 5164 1757 5200 ma-

160 5233 291 5288 litia
331 5234 486 5288 valet
508 5234 857 5304 improbitas.
894 5234 1011 5289 Scit
1039 5235 1188 5288 enim
1219 5235 1279 5288 in
1304 5235 1597 5289 Dominica
1627 5251 1762 5288 area

157 5341 332 5395 grana
360 5325 512 5379 inter
532 5323 724 5394 paleas
741 5341 986 5394 gemere,
1012 5340 1114 5378 nec
1135 5341 1258 5378 eam
1281 5329 1540 5395 oportere
1561 5324 1760 5378 divina

163 5412 522 5469 discussionis
538 5412 867 5473 ventilabro.
895 5413 1004 5467 nisi
1033 5413 1091 5467 in
1115 5414 1226 5467 ﬁne
1255 5414 1462 5480 saculi,
1498 5429 1760 5483 permun-

160 5503 274 5557 dari
296 5522 307 5556 :
329 5503 438 5556 scit
458 5501 519 5556 in
559 5502 820 5572 prasenti
851 5502 1132 5573 piscatura
1161 5503 1313 5556 verbi
1341 5519 1552 5573 sagena
1584 5501 1758 5557 bonos

163 5593 449 5664 malosque
469 5593 650 5663 pisces
667 5593 939 5653 concludi.
957 5608 1060 5646 nec
1087 5610 1182 5647 eos
1209 5610 1370 5664 posse
1394 5592 1501 5646 nisi
1530 5590 1589 5644 in
1611 5591 1761 5645 litto-

161 5697 218 5736 re
244 5683 519 5762 separari.
553 5682 645 5737 Sic
675 5699 808 5754 ergo
840 5682 1109 5739 debemus
1155 5683 1410 5738 animum
1453 5681 1756 5747 moderari,

1843 4611 2020 4663 lucem
2053 4611 2226 4664 fuisse
2255 4619 2678 4665 commemorat.
2705 4612 2796 4666 Sic
2826 4611 3090 4665 nimirum
3119 4611 3178 4665 hi
3208 4612 3319 4666 duo
3351 4628 3444 4682 po-

1843 4699 1959 4770 puli
1979 4699 2395 4762 discernuntur,
2420 4707 2485 4753 ut
2514 4701 2643 4754 licet
2670 4701 2728 4753 in
2756 4717 2871 4754 una
2900 4701 3182 4772 provincia
3211 4702 3342 4767 sint,
3376 4701 3444 4754 li-

1843 4794 1932 4841 cet
1955 4788 2146 4841 eadem
2169 4795 2587 4842 commorentur
2616 4790 2674 4843 in
2695 4790 2880 4849 domo,
2908 4791 3052 4844 alter
3073 4796 3262 4843 tamen
3293 4806 3443 4843 sem-

1843 4894 1944 4947 per
1979 4877 2037 4930 in
2069 4877 2299 4939 lumine,
2346 4878 2490 4931 alter
2543 4879 2602 4932 in
2652 4878 2897 4932 tenebris
2948 4879 3288 4932 obversetur.
3327 4878 3443 4932 Nec

1845 4966 2050 5019 mirum
2074 4965 2128 5020 id
2163 4966 2407 5036 quidem.
2441 4967 2622 5020 Tanta
2653 4974 2739 5021 est
2778 4968 2925 5021 enim
2973 4967 3127 5021 illius
3168 4966 3442 5021 oblecticii

1843 5054 2095 5120 luminis,
2129 5055 2413 5125 divinique
2442 5055 2676 5124 fulgoris
2703 5056 2975 5125 potentia,
3005 5061 3069 5109 ut
3091 5055 3259 5109 corda
3287 5071 3441 5127 qua-

1843 5159 2064 5213 cunque
2083 5143 2352 5214 tetigerit,
2368 5144 2563 5197 statim
2583 5144 2869 5198 illuminet
2890 5151 2947 5198 et
2973 5144 3239 5198 accendat
3273 5163 3284 5198 :
3318 5160 3440 5214 qua

1845 5248 1975 5285 vero
1989 5249 2090 5286 suo
2106 5232 2441 5303 judicaverit
2455 5232 2687 5302 indigna
2705 5237 2984 5298 contactu,
3001 5233 3059 5286 in
3080 5249 3184 5287 sua
3200 5233 3440 5303 caligine

1842 5322 2146 5376 tenebrosa
2179 5327 2236 5376 et
2271 5322 2477 5392 frigida
2505 5326 2880 5392 perseverent.
2910 5321 3026 5375 Cur
3053 5338 3182 5376 vero
3223 5339 3289 5376 ex
3325 5338 3443 5376 una

1844 5412 2175 5482 perditionis
2201 5429 2387 5466 massa
2403 5412 2655 5465 omnium
2682 5411 2974 5465 hominum
2994 5428 3172 5482 genus
3192 5429 3440 5466 emerse-

1843 5501 1937 5566 rit,
1961 5507 2015 5555 et
2046 5501 2305 5572 originali
2325 5507 2550 5572 peccato
2578 5501 2902 5571 priusquam
2925 5507 3293 5556 renascantur
3315 5518 3440 5556 om-

1843 5607 1945 5644 nes
1975 5596 2275 5645 teneantur
2290 5590 2536 5650 obnoxii.
2570 5608 2671 5645 cur
2699 5590 2822 5644 aliis
2849 5591 3036 5660 gratia
3063 5590 3440 5646 conversionis

1842 5680 2032 5736 divina
2059 5681 2430 5751 inspiratione
2458 5687 2776 5751 prastetur,
2802 5679 3104 5736 aliiautem
3132 5680 3193 5736 in
3208 5681 3440 5754 propria
