3964 6394
448 437 554 498 887
1481 437 1538 492 S.
1582 435 1977 493 GUILLELMI
2013 432 2319 491 ABBATIS
2356 430 2696 488 HIRSAUG.

1142 693 1660 795 ORATIO
1757 692 2204 788 DOMNI
2299 687 3051 786 GUILLELMI

843 897 919 958 In
969 896 1517 958 commemoratione
1572 895 1643 956 δ’.
1695 896 2034 974 Augustini
2084 903 2223 954 ante
2277 891 2772 953 consecrationem
2828 890 3015 951 massae
3064 887 3340 950 dicenda.

1707 1075 1968 1147 (Mantua
2000 1075 2246 1129 Analect.
2277 1088 2336 1144 p.
2359 1069 2507 1143 460.)

533 1357 836 1420 Memento,
886 1353 1123 1409 Domine
1146 1396 1159 1419 ,
1205 1353 1409 1407 animae
1458 1353 1656 1409 famuli
1692 1356 1778 1408 tui
1818 1352 2570 1418 Patricii,Acontumeliam,
2608 1351 2872 1423 potestati
2909 1357 3020 1406 tuae
3051 1351 3275 1407 nemine
3301 1351 3617 1419 resistente,
3640 1367 3741 1406 ne-

468 1450 528 1500 et
554 1446 779 1500 famulae
809 1449 920 1499 tuae
941 1443 1174 1498 Monicae
1218 1460 1229 1494 :
1264 1448 1322 1495 et
1351 1442 1396 1495 si
1424 1443 1551 1513 quid
1598 1460 1697 1514 pro
1735 1445 1919 1498 anima
1966 1439 2066 1496 ﬁlii

464 1534 717 1605 ipsorum
747 1531 960 1587 domini
986 1531 1098 1585 mei
1126 1531 1444 1601 Augustini,
1473 1532 1818 1586 dilectissimi
1847 1530 2065 1586 confes-

466 1623 609 1676 soris
647 1622 751 1687 tui,
794 1621 933 1675 mihi
983 1620 1189 1674 misero
1236 1620 1512 1690 peccatori
1564 1621 1694 1674 licet
1741 1621 1827 1675 vel
1864 1620 2065 1674 intimo

467 1711 650 1765 cordis
692 1711 895 1764 affectu
938 1708 1277 1774 desiderare,
1326 1708 1542 1763 utinam
1584 1726 1695 1764 non
1745 1709 2065 1763 omnimodo

466 1798 746 1853 inutiliter
774 1799 897 1870 ipsa
926 1798 1027 1852 tibi
1052 1814 1179 1851 mea
1205 1798 1471 1868 loquatur
1497 1797 1774 1851 voluntas.
1803 1798 1928 1852 Scio
1947 1797 2067 1868 qui-

470 1888 620 1955 dem,
652 1887 912 1954 Domine,
941 1893 998 1940 et
1030 1903 1131 1958 pro
1153 1890 1306 1940 certo
1334 1902 1576 1957 agnosco
1616 1902 1738 1940 esse
1760 1903 1849 1940 me
1868 1902 2067 1958 pecca-

468 1980 671 2044 torem,
703 1982 762 2031 et
788 1976 1252 2042 infelicissimum,
1286 1986 1344 2030 et
1370 1975 1584 2030 cunctis
1610 1975 1937 2030 criminibus
1965 1975 2064 2030 ob-

469 2066 700 2121 noxium
731 2071 900 2136 atque
924 2064 1216 2119 immensis
1261 2064 1561 2119 sceleribus
1600 2065 2060 2135 coinquinatum;

469 2154 628 2209 illum
659 2160 847 2208 autem
886 2154 1061 2208 fuisse
1090 2153 1145 2206 in
1190 2153 1295 2207 hac
1327 2153 1591 2224 praesenti
1637 2153 1751 2207 vita
1788 2162 2066 2220 sanctum,

2149 1440 2301 1495 mine
2350 1441 2700 1512 prohibente,
2734 1440 2958 1494 nemine
3002 1440 3437 1497 contradicente.
3480 1442 3548 1497 Et
3602 1439 3741 1512 quid

2148 1530 2529 1584 contradicere
2542 1534 2728 1601 potest
2737 1534 2995 1584 creatura
3015 1529 3291 1595 Creaturi,
3309 1529 3523 1584 factura
3538 1530 3743 1583 Facto-

2147 1619 2221 1672 ri?
2236 1619 2503 1689 Nunquid
2524 1619 2660 1673 dicit
2690 1620 3023 1689 ﬁgmentum
3051 1617 3103 1672 ei
3125 1618 3220 1688 qui
3240 1634 3301 1671 se
3317 1618 3475 1671 ﬁnxit
3506 1636 3518 1670 :
3555 1618 3745 1681 Quare

2147 1724 2238 1761 me
2267 1708 2346 1762 sic
2374 1708 2618 1762 ﬁnxisti?
2639 1707 2857 1779 Quippe
2881 1707 2970 1761 cui
2990 1706 3071 1760 vis
3088 1706 3454 1769 misereris,et
3473 1722 3639 1777 quem
3661 1705 3746 1760 vis

2147 1797 2396 1853 induras.
2430 1799 2784 1870 Quapropter
2826 1797 3008 1853 nescit
3052 1797 3220 1851 homo
3262 1796 3515 1851 mortalis
3544 1802 3742 1851 utrum

2148 1886 2300 1951 odio,
2333 1904 2404 1941 an
2433 1904 2626 1942 amore
2650 1887 2855 1958 dignus
2883 1887 2977 1953 sit,
3005 1886 3100 1940 sed
3134 1886 3321 1941 omnia
3349 1886 3407 1940 in
3436 1885 3625 1941 futuro
3651 1901 3748 1941 re-

2147 1980 2441 2030 servantur
2490 1975 2723 2030 incerta.
2763 1976 2948 2030 Unum
2997 1980 3185 2028 autem
3228 1979 3466 2039 certum,
3496 1975 3745 2043 ﬁrmum,

2146 2063 2430 2129 stabile,et
2440 2070 2710 2135 perpetua
2723 2068 2942 2119 constat
2956 2063 3268 2118 aeternitate
3279 2061 3630 2117 immutabile
3642 2063 3752 2117 sci-

2151 2153 2284 2207 licet
2303 2154 2448 2224 quod
2471 2154 2619 2208 Deus
2635 2170 2712 2217 es,
2738 2153 2885 2224 quod
2932 2152 3286 2224 omnipotens
3307 2168 3384 2207 es.
3400 2152 3548 2223 quod
3567 2150 3752 2205 bonus

465 2244 685 2314 justum
714 2247 770 2297 et
799 2243 975 2314 pium,
1008 2241 1377 2312 omnibusque
1408 2240 1708 2295 virtutibus
1740 2241 2072 2296 mirabiliter
2153 2258 2234 2295 es.
2260 2242 2475 2312 Ergoin
2489 2242 2717 2296 nobiset
2737 2242 2805 2296 de
2824 2241 2984 2296 nobis
3005 2242 3151 2312 quod
3166 2240 3373 2295 bonum
3413 2248 3499 2295 est
3521 2240 3578 2295 in
3608 2256 3750 2294 con-

473 2337 802 2387 exornatum
830 2351 843 2399 ;
880 2347 1031 2385 nunc
1059 2336 1246 2384 autem
1278 2330 1430 2384 omni
1469 2331 1682 2384 honore
1708 2335 1764 2384 et
1800 2330 1981 2400 gloria
2010 2331 2070 2384 in
2151 2336 2345 2401 spectu
2366 2331 2937 2396 tuo,clementissime
2949 2332 3135 2395 Pater,
3154 2331 3274 2392 ﬁat,
3292 2330 3423 2384 ﬁat!
3452 2329 3517 2383 In
3536 2328 3753 2383 ditione

473 2425 773 2491 conspectu
817 2431 915 2473 tuo
966 2418 1198 2471 miriﬁce
1246 2418 1631 2483 sublimatum,
1668 2418 1758 2472 ubi
1788 2419 1966 2490 magis
2006 2436 2071 2473 ac
2152 2420 2379 2490 quidem
2404 2427 2503 2474 tua
2531 2426 2728 2474 cuncta
2753 2426 2883 2473 sunt
2915 2419 3114 2489 posita,
3135 2424 3192 2472 et
3216 2435 3328 2472 non
3352 2424 3438 2473 est
3458 2418 3552 2489 qui
3569 2417 3754 2491 possit

474 2508 655 2578 magis
680 2508 1026 2578 gloriﬁcetur
1049 2512 1105 2560 et
1132 2507 1526 2576 magniﬁcetur
1547 2507 1803 2561 desidero
1830 2513 1887 2561 et
1914 2514 2065 2579 opto,
2152 2510 2417 2563 resistere
2446 2509 2717 2563 voluntati
2749 2515 2879 2564 tute.
2932 2508 2991 2563 Si
3031 2508 3345 2563 decreveris
3375 2508 3591 2563 salvare
3621 2524 3749 2576 nos,

478 2603 555 2657 et.
580 2598 639 2651 in
662 2602 935 2667 quantum
955 2612 1296 2667 praesumere
1326 2595 1526 2659 audeo,
1553 2596 1913 2659 exoro.Quod
1941 2614 2068 2651 vero
2092 2597 2416 2686 Bcontinuo
2448 2597 2822 2652 liberabimur
2867 2615 2878 2649 :
2912 2613 2940 2650 a
2972 2614 3133 2666 cu1us
3166 2596 3513 2651 liberationis
3539 2596 3754 2667 gratia,

475 2701 579 2758 per
607 2702 735 2739 eum
776 2685 991 2755 ingenti
1018 2684 1371 2748 necessitate,
1401 2688 1591 2737 tamen
1621 2700 1745 2738 cum
1776 2686 2070 2754 quantula-
2093 2684 2130 2686 ““
2152 2703 2222 2740 ne
2248 2686 2548 2740 multitudo
2570 2703 2635 2741 ac
2664 2686 2992 2756 magnitudo
3009 2691 3361 2756 peccatorum
3394 2700 3643 2739 meorum
3670 2684 3754 2739 fa-

478 2791 698 2845 cunque
747 2774 856 2828 ﬁde
896 2789 1151 2843 exposco,
1187 2778 1250 2826 tu
1293 2772 1692 2842 benignissime
1721 2774 2068 2827 occultorum
2152 2775 2303 2828 ciant
2328 2782 2601 2829 extorrem
2634 2781 2691 2829 et
2715 2775 3027 2845 indignum,
3043 2775 3198 2844 jube,
3225 2774 3478 2836 Domine,
3505 2773 3759 2828 miserri-

480 2864 755 2934 cognitor,
813 2867 1070 2916 scrutans
1118 2862 1287 2915 corda
1325 2867 1383 2914 et
1422 2877 1586 2915 renes
1633 2862 1803 2921 Deus,
1841 2862 2071 2917 intende
2155 2879 2302 2915 mam
2358 2864 2601 2918 animam
2654 2880 2838 2917 meam
2896 2863 3210 2924 consolari.
3263 2863 3410 2934 quod
3467 2862 3755 2917 misereris

480 2955 752 3026 placatus,
780 2957 1060 3022 quatenus
1091 2951 1306 3005 meritis
1336 2956 1393 3004 et
1412 2951 1900 3007 intercessionibus
1928 2955 2070 3024 ejus,
2157 2951 2428 3017 omnium,
2456 2957 2513 3005 et
2539 2952 2675 3006 nihil
2698 2953 2866 3006 odisti
2912 2953 3164 3007 omnium
3211 2969 3334 3023 quae
3360 2951 3556 3016 fecisti,
3587 2949 3756 3005 dissi-

480 3043 844 3113 omniumque
884 3046 1204 3095 sanctorum
1266 3045 1513 3104 tuorum,
1574 3039 1827 3095 absolvas
1875 3058 1965 3095 me
2018 3048 2076 3096 et
2157 3040 2381 3094 mulans
2410 3047 2636 3111 peccata
2665 3041 2953 3095 hominum
2975 3046 3203 3112 propter
3224 3039 3757 3110 poenitentiam.Fac

481 3148 676 3188 omnes
704 3131 907 3185 fratres
936 3134 1159 3183 nostros
1181 3127 1250 3182 ab
1276 3128 1428 3182 omni
1468 3128 1687 3182 vinculo
1719 3130 2070 3197 delictorum,
2157 3145 2290 3198 ergo
2316 3146 2425 3191 me,
2455 3129 2711 3195 Domine,
2758 3129 3002 3184 fructum
3033 3129 3266 3200 dignum
3296 3128 3636 3200 paenitentiae
3666 3130 3755 3183 fa-

482 3226 541 3276 et
568 3223 753 3276 denuo
797 3227 915 3273 tam
966 3218 1147 3285 nobis,
1196 3234 1363 3290 quam
1410 3219 1690 3284 omnibus,
1721 3237 1823 3290 pro
1872 3221 2073 3291 quibus
2156 3233 2301 3272 cere.
2330 3218 2455 3281 Fac,
2480 3218 2749 3289 piissime,
2784 3224 2850 3272 ut
2893 3225 3195 3289 antequam
3238 3217 3295 3271 in
3340 3217 3755 3288 desperationis

480 3315 638 3364 tuam
665 3307 1021 3362 clementiam
1045 3307 1538 3365 exoramus,facias
1557 3309 1864 3363 secundum
1889 3311 2076 3365 multi-
2154 3305 2482 3360 barathrum
2506 3307 3078 3379 incidam,antequam
3098 3324 3187 3361 me
3208 3323 3358 3361 mors
3376 3312 3628 3378 occupet,
3650 3324 3754 3362 an-

477 3397 731 3451 tudinem
762 3396 1183 3450 miserationum
1198 3396 1586 3450 tuarum.Mihi
1605 3413 1828 3467 quoque
1847 3397 2072 3452 obsecro
2155 3400 2382 3465 tequam
2407 3396 2529 3449 dies
2556 3396 2761 3450 ultima
2798 3396 2937 3449 mihi
2967 3396 3184 3450 aditum
3209 3396 3564 3458 intercludat,
3587 3397 3661 3452 da
3682 3404 3754 3452 ut

481 3487 553 3541 de
599 3488 721 3556 ejus
766 3484 1255 3539 intercessionibus
1305 3490 1362 3538 et
1398 3485 1613 3539 meritis
1657 3485 1875 3552 donari,
1923 3488 2066 3558 quod
2156 3484 2750 3539 inveniatservustuus
2768 3502 2863 3539 cor
2882 3502 3046 3539 suum
3063 3485 3133 3538 ad
3155 3485 3292 3538 satis
3309 3484 3410 3539 tibi
3427 3484 3750 3541 faciendum

478 3579 631 3629 certe
657 3573 797 3628 meis
835 3590 945 3627 non
975 3589 1195 3627 mereor
1225 3573 1479 3643 adipisci.
1508 3573 1767 3627 videlicet
1794 3580 1858 3627 ut
1885 3575 1954 3629 de
1984 3576 2070 3629 di-
2153 3589 2254 3643 pro
2282 3574 2456 3628 tantis
2487 3581 2717 3645 tamque
2746 3573 3104 3627 horribilibus
3121 3590 3185 3627 ac
3212 3572 3468 3628 nefandis
3494 3574 3753 3629 crimini-

474 3662 709 3717 vinitate
723 3668 891 3733 atque
913 3662 1267 3717 humanitate
1285 3661 1771 3715 dilectissimiFilii
1792 3663 1874 3717 tui
1888 3663 2072 3718 Domi—
2157 3660 2281 3722 bus,
2317 3662 2518 3733 quibus
2552 3680 2642 3717 me
2685 3664 2956 3718 conﬁteor
2983 3663 3280 3718 obnoxium
3310 3664 3592 3734 majestati
3612 3669 3749 3732 ture,

480 3751 725 3806 ninostri
744 3753 772 3805 J
778 3768 873 3805 esu
898 3751 1105 3805 Christi
1123 3750 1179 3803 id
1193 3750 1631 3803 merearsentire
1644 3750 1791 3820 quod
1811 3751 1930 3822 ipse
1941 3769 2070 3806 sen-
2155 3756 2211 3805 et
2235 3768 2403 3823 quam
2423 3753 2917 3823 gravissime,heu!
2942 3753 3054 3807 heu
3080 3754 3092 3806 !
3126 3769 3293 3824 quam
3320 3753 3749 3808 damnabiliter!

475 3840 714 3906 sit,scire
737 3840 883 3911 quod
917 3840 1091 3895 scivit.
1125 3838 1440 3907 intelligere
1469 3839 1614 3909 quod
1642 3840 1932 3899 intellexit,
1957 3859 2071 3896 cre-
2095 3897 2133 3913 ﬂ
2154 3841 2261 3895 Sed
2292 3847 2372 3905 tu,
2402 3841 2837 3896 clementissime
2857 3848 2910 3896 et
2932 3841 3182 3913 piissime
3206 3840 3379 3908 Deus,
3398 3848 3653 3896 avertens
3671 3841 3757 3896 fa-

474 3897 607 3984 dere
639 3897 783 4001 quod
808 3928 1063 3988 credidit,
1093 3897 1340 3997 diligere
1359 3897 1506 3996 quod
1533 3927 1746 3995 dilexit,
1768 3897 2070 4000 praedicare
2091 3897 2290 3982 C'ciem
2321 3897 2476 3983 tuam
2509 3929 2578 3982 ab
2608 3929 2693 3983 his
2720 3931 2906 3991 malis.
2932 3897 3052 3983 holi
3091 3946 3181 3983 me
3223 3897 3529 3984 secundum
3558 3935 3754 3986 actum

479 4021 648 4074 etiam
668 4020 882 4073 valeam
907 4018 1055 4089 quod
1076 4017 1282 4070 docuit.
1311 4017 1534 4076 Precor,
1563 4016 1818 4083 Domine,
1851 4026 1915 4074 ut
1937 4021 2069 4075 sub-
2153 4032 2340 4070 meum
2357 4017 2628 4087 judicare,
2653 4018 2749 4071 sed
2772 4018 3080 4072 clementer
3107 4017 3542 4073 satisfactionem
3563 4035 3749 4074 meam

473 4110 731 4164 veniente
779 4113 836 4162 et
882 4109 1245 4161 succurrente
1281 4121 1408 4158 cum
1452 4110 1549 4158 tua
1579 4105 1788 4176 pietate
1817 4110 2065 4164 omnium

2153 4104 2689 4175 suscipiens,exaudi
2715 4121 2822 4170 me,
2845 4111 2911 4159 ut
2928 4106 3534 4177 velnuncpropeﬁnem
3557 4122 3751 4161 meum

478 4203 800 4252 sanctorum
833 4202 1059 4249 tuorum
1095 4191 1516 4263 supplicatione,
1545 4210 1669 4246 cum
1694 4194 1910 4250 sincera
1937 4198 2065 4263 ﬁde,

475 4301 602 4339 cum
627 4301 726 4354 spe
746 4298 1092 4347 secura,cum
1123 4281 1398 4335 charitate
1426 4296 1538 4334 non
1555 4282 1685 4336 ﬁcta
1709 4282 1967 4337 ultimum
1985 4302 2073 4339 va-

477 4372 623 4426 leam
658 4373 916 4442 spiritum
950 4372 1158 4425 efﬁare.
1191 4371 1299 4425 Sed
1331 4376 1389 4424 et
1412 4371 1559 4425 diem
1582 4372 1739 4425 illum
1767 4379 1824 4426 et
1849 4373 2065 4440 horam,

471 4461 825 4532 migrationis
845 4458 1106 4514 videlicet
1121 4459 1325 4514 animae
1354 4476 1493 4514 mea:
1534 4460 1604 4514 de
1632 4476 1881 4531 corpore,
1919 4469 2069 4533 peto,

2153 4207 2278 4245 cum
2306 4193 2423 4261 jam
2458 4194 2697 4248 multum
2727 4210 2839 4248 non
2877 4193 3232 4249 laboraturus
3262 4212 3408 4259 sum,
3440 4196 3629 4250 omnia
3656 4196 3752 4250 in-

2152 4280 2364 4334 teriora
2390 4298 2517 4336 mea
2545 4282 2658 4337 tuis
2687 4283 2895 4337 sanctis
2926 4300 3039 4337 non
3067 4284 3349 4354 negligant
3381 4301 3563 4356 neque
3593 4285 3753 4340 diffe-

2157 4385 2275 4422 ram
2301 4387 2572 4441 occupare
2601 4371 2905 4443 obsequiis.
2938 4371 3224 4439 Illumina,
3254 4390 3462 4444 quaeso,
3487 4374 3745 4442 Domine,

2156 4465 2399 4513 mentem
2440 4477 2623 4514 meam
2654 4461 2724 4514 ad
2756 4461 3221 4532 investigandam,
3245 4467 3304 4516 et
3329 4461 3745 4534 inquirendam,

479 4548 737 4610 Domine,
788 4553 854 4602 ut
893 4564 1006 4601 non
1050 4548 1345 4619 permittas
1381 4564 1472 4602 me
1509 4549 1821 4619 pernicioso
1866 4550 2071 4606 timore
2153 4552 2211 4601 et
2245 4550 2602 4603 scrutandam
2653 4550 2908 4604 semitam
2956 4550 3349 4605 mandatorum
3392 4556 3642 4617 tuorum,
3682 4558 3753 4608 ut

477 4637 726 4703 horrere,
759 4636 853 4690 sed
887 4635 966 4689 sic
985 4636 1171 4706 potius
1203 4636 1376 4691 facias
1410 4636 1613 4700 vivere,
1660 4642 1725 4690 ut
1766 4637 1903 4691 mihi
1934 4656 2067 4694 con-
2150 4637 2308 4691 nulla
2335 4638 2472 4692 mihi
2519 4639 2639 4709 jam
2670 4638 2991 4693 dominetur
3018 4639 3302 4710 iniquitas.
3336 4656 3519 4710 neque
3562 4642 3749 4712 possi-

478 4743 705 4797 gruum,
734 4731 790 4781 et
818 4727 1149 4797 proﬁcuum,
1178 4732 1237 4781 et
1270 4728 1410 4781 utile
1451 4726 1526 4780 sit
1570 4726 1710 4780 velle
1735 4727 1979 4792 dissolvi,
2014 4736 2070 4784 et
2151 4726 2323 4781 deant
2343 4744 2433 4781 me
2461 4727 2674 4781 domini
2696 4728 2906 4798 absque
2930 4734 3021 4782 te:
3046 4729 3143 4782 sed
3173 4734 3236 4782 tu
3264 4728 3552 4809 possideas
3580 4746 3745 4801 rogo,

477 4833 605 4871 cum
635 4816 859 4871 Christo
873 4817 1258 4872 esse.Dissolvi
1289 4816 1436 4870 enim
1459 4822 1517 4870 et
1534 4833 1659 4871 cum
1682 4816 1905 4871 Christo
1926 4834 2065 4883 esse,

478 4912 629 4961 certe
667 4907 808 4961 nihil
856 4906 1077 4971 melius,
1110 4908 1251 4962 nihil
1294 4907 1612 4977 gloriosius,
1646 4906 1789 4961 nihil
1833 4908 2066 4975 felicius,

478 4996 621 5050 nihil
657 4996 983 5065 jucundius,
1023 4996 1164 5050 nihil
1211 4995 1616 5061 delectabilius,
1646 4995 1785 5049 nihil
1829 4996 2066 5061 dulcius,

2151 4821 2215 4869 tu
2244 4816 2550 4871 domineris
2579 4817 2709 4870 mei.
2750 4818 2888 4871 Peto
2915 4824 2997 4882 tu,
3033 4816 3450 4887 benignissime,
3490 4817 3626 4873 doce
3656 4836 3750 4875 me

2152 4906 2335 4959 facere
2356 4906 2701 4959 voluntatem
2730 4910 2913 4975 tuam,
2948 4907 3080 4977 quia
3120 4912 3182 4960 tu
3214 4922 3274 4959 es
3300 4906 3571 4961 Dominus
3595 4908 3749 4964 Deus

2154 5010 2332 5060 meus,
2365 5000 2421 5047 et
2451 5011 2552 5065 ego
2579 5011 2772 5048 servus
2795 5001 2923 5049 tuus
2955 5000 3011 5049 et
3042 4995 3189 5049 ﬁlius
3217 4995 3432 5050 ancillae
3452 5001 3577 5051 tuae.
3622 4995 3752 5052 Fiat

478 5084 617 5140 nihil
648 5085 1052 5150 suavius,nihil
1069 5084 1385 5148 amabilius,
1405 5084 1548 5138 nihil
1578 5084 1897 5155 optabilius,
1930 5085 2070 5140 nihil
2153 5084 2328 5155 igitur
2355 5101 2505 5138 nunc
2551 5084 2710 5148 mihi,
2756 5085 3010 5147 Domine,
3043 5101 3144 5154 per
3178 5084 3422 5155 gratiam
3458 5092 3634 5146 tuam,
3661 5091 3745 5153 ut,

476 5173 927 5228 desiderabilius.
950 5174 1161 5227 Tamen
1185 5173 1231 5226 si
1252 5172 1434 5225 adhuc
1458 5189 1788 5242 permanere
1819 5172 1876 5226 in
1905 5190 2071 5227 carne
2153 5173 2408 5227 abdicata
2432 5173 2584 5227 omni
2610 5172 2992 5227 dominatione
3014 5173 3294 5240 vitiorum,
3321 5191 3433 5228 non
3461 5173 3742 5245 superbia,

471 5268 702 5336 propter
730 5278 1092 5333 quoscunque
1113 5261 1488 5315 necessarium
1520 5266 1622 5327 est,
1674 5261 1806 5330 quid
1849 5261 2071 5317 dicam?
2088 5291 2131 5349 Β
2154 5279 2267 5317 non
2297 5261 2552 5327 avaritia,
2584 5278 2695 5316 non
2725 5262 3084 5328 luxuria,non
3117 5263 3213 5316 ille
3232 5263 3482 5316 omnium
3512 5263 3753 5333 iniquis-

475 5352 640 5406 Certe
668 5350 921 5421 quamvis
942 5355 1241 5420 torquente
1256 5349 1596 5403 conscientia
1616 5348 1775 5403 valde
1795 5348 1897 5402 sibi
1922 5350 2066 5404 male
2104 5348 2113 5349 ί
2153 5353 2425 5407 simorum
2452 5351 2855 5422 iniquissimus,
2876 5350 3124 5404 omnium
3157 5352 3626 5421 nequissimorum
3642 5368 3745 5406 nc-

475 5439 1126 5503 conscia,dicam,Pater,
1157 5438 1367 5492 dicam:
1392 5437 1787 5492 Fiatvoluntas
1815 5438 1951 5492 tua!
1983 5439 2068 5492 Tu
2150 5442 2473 5512 quissimus,
2504 5439 2834 5510 impiissima
2864 5440 3217 5504 crudelitate,
3259 5446 3316 5494 et
3357 5440 3749 5495 crudelissima

478 5528 626 5581 enim
660 5528 756 5597 qui
784 5528 934 5582 nosti
960 5528 1127 5582 etiam
1173 5528 1316 5582 bene
1352 5527 1435 5581 uti
1477 5527 1659 5591 malis,
1686 5533 1748 5581 tu
1778 5528 1930 5581 solus
1960 5527 2067 5581 scis
2148 5527 3751 5600 importunitateintolerabilis,pessimusblasphemiaaspi-

478 5629 651 5682 quare
686 5615 792 5668 hoc
843 5616 1043 5680 fecisti,
1094 5616 1305 5671 habens
1359 5621 1695 5687 potestatem
1752 5632 1818 5670 ex
1862 5616 2061 5669 eadem
2142 5618 2305 5681 ritus,
2339 5634 2452 5670 non
2479 5617 2595 5670 ulla
2624 5616 2885 5669 vitiorum
2905 5616 3077 5686 pestis
3096 5617 3539 5672 valeatmentem
3554 5634 3742 5673 meam

472 5700 580 5756 luti
616 5716 811 5762 massa
841 5703 993 5761 aliud
1042 5721 1140 5761 vas
1183 5705 1366 5761 facere
1393 5705 1453 5763 in
1499 5706 1790 5773 honorem,
1821 5704 1973 5760 aliud
2002 5705 2063 5761 in
2144 5706 2260 5762 ullo
2285 5706 2449 5760 modo
2481 5705 2736 5773 evellere,
2767 5711 2866 5760 aut
2883 5710 3137 5761 avertere
3164 5722 3200 5760 a
3222 5706 3428 5762 ﬁducia
3451 5706 3745 5764 immensa:
