3964 6360
502 383 610 442 879

1537 376 1931 433 GUILLELMI
1965 378 2272 437 ABBATIS
2311 383 2370 438 S.
2409 383 2748 442 ARNULFI.

3675 392 3780 449 880

502 509 742 566 ulterius
769 505 1277 560 commacularetur
1312 506 1585 572 aspectus.
1617 502 1743 556 Non
1794 507 1879 556 est
1907 501 2099 573 itaque
2125 505 2175 565 A
2193 506 2508 575 prosiliens,
2541 526 2642 563 nec
2673 527 2763 563 me
2790 514 3003 565 terrere
3045 511 3234 570 minis.
3268 528 3371 567 nec
3418 513 3777 586 subplantare

504 600 717 655 levitati
744 603 799 651 et
813 594 1202 650 inconstantia
1226 593 1634 663 deputandum,
1657 593 1804 662 quod
1821 592 2106 646 abbatiam

503 696 660 744 tuam
692 686 1147 754 consortiumque
1189 689 1349 736 tuum
1391 682 1744 752 aufugerim;
1778 682 1945 752 idque
1968 682 2106 735 mihi

504 775 789 847 perfacile,
818 773 1073 844 quisquis
1093 778 1148 825 te
1179 771 1449 840 agnoscit,
1483 770 1740 839 ignoscit.

1039 857 1396 914 EPISTOLA
1427 858 1520 913 ιν.

966 965 1037 1004 ΑΙ)
1072 961 1336 1008 QUEMDAM
1366 964 1634 1001 ABBATEM.

709 1043 966 1111 Ejusdem
995 1040 1319 1106 argumenti
1345 1053 1410 1090 ac
1431 1039 1551 1090 dua
1579 1039 1902 1105 superiores.

576 1129 1035 1188 Desiderabiliter
1049 1125 1352 1181 venerabili
1383 1131 1440 1180 et
1468 1125 1862 1179 venerabiliter
1881 1125 2098 1179 deside~

505 1221 670 1277 rabili
698 1222 904 1275 domno
934 1216 1178 1288 ctiPatri
1208 1216 1302 1281 H.,
1335 1214 1426 1268 W.
1463 1218 1743 1285 peccator,
1767 1214 2099 1280 orationem,

505 1312 813 1369 servitium.

577 1401 780 1471 Accepi
807 1400 1024 1453 litteras
1044 1401 1191 1460 tuas,
1222 1395 1444 1448 litteras
1493 1410 1645 1464 pura
1681 1390 2098 1457 benevolentia,

505 1492 723 1546 litteras
744 1485 1106 1543 sincerissimi
1131 1483 1339 1538 amoris
1370 1483 1498 1553 igne
1527 1483 1830 1548 ferventes,
1861 1487 1917 1535 et
1962 1481 2099 1535 inti-

505 1599 612 1636 ma
633 1577 946 1633 dilectionis
976 1574 1240 1628 inell‘abili
1275 1572 1568 1642 Splendore
1621 1571 1886 1624 lucentes.
1920 1572 1984 1624 In
2015 1570 2100 1623 his

506 1674 697 1723 autem
727 1666 930 1720 litteris
958 1665 1070 1719 tuis
1099 1662 1388 1717 asserebas
1418 1667 1474 1714 te
1503 1677 1613 1714 non
1639 1659 2102 1713 mediocriterad-

507 1753 722 1818 mirari,
756 1769 845 1805 me
873 1750 953 1805 sic
981 1749 1117 1810 falli,
1151 1747 1230 1802 sic
1251 1746 1429 1817 decipi
1479 1745 1746 1816 potuisse,
1778 1751 1838 1797 ut
1866 1745 1924 1798 in
1949 1750 2101 1798 terra

2190 595 2430 661 insidiis,
2463 599 2716 652 nesciens
2745 599 2917 653 miser
2937 599 3040 654 sub
3067 600 3218 655 illius
3249 619 3337 656 me
3358 604 3558 672 capitis
3581 605 3780 660 umbra

2186 684 2612 755 infatigabiliter
2639 689 2944 745 decertare.
2979 706 3012 743 a
3058 707 3168 760 quo
3215 693 3528 747 conculcari
3558 695 3779 750 leonem

2187 778 2244 824 et
2266 773 2562 828 draconem
2587 775 2720 830 tuba
2746 777 3070 847 prophetica
3101 788 3468 849 praconatur.
3510 783 3585 837 Ut
3606 784 3780 854 igitur

2185 877 2296 914 non
2320 862 2400 915 illi
2425 863 2712 919 virulenta
2727 866 2960 932 insidia,
2982 867 3061 921 sic
3080 885 3182 922 nec
3203 870 3340 923 mihi
3371 872 3483 925 Deo
3513 875 3776 944 propitio,

2183 950 2386 1020 quibus
2403 967 2497 1005 eas
2509 954 2863 1024 repellerem,
2883 955 2996 1009 doli
3020 962 3077 1010 et
3102 959 3324 1013 astutia
3346 959 3592 1016 defuere.
3625 963 3784 1017 Licet

2183 1055 2316 1109 ergo
2337 1040 2488 1094 illius
2507 1059 2596 1095 me
2606 1043 2743 1112 jugo
2767 1044 3103 1114 subjecerim
3120 1046 3588 1117 imprudenterad
3607 1051 3784 1106 modi-

2185 1144 2332 1193 cum,
2363 1133 2554 1184 tamen
2584 1132 2816 1186 toleravi
2846 1133 3146 1205 patienter,
3179 1138 3333 1191 evasi
3354 1139 3657 1209 sapienter.

2256 1216 2469 1271 Verum
2499 1236 2611 1272 non
2643 1220 2874 1276 minimo
2905 1225 3118 1293 pudore
3145 1227 3473 1295 confundor,
3514 1246 3603 1284 me
3652 1231 3779 1302 plus

2184 1305 2486 1361 credidisse
2517 1308 2700 1364 verbis
2719 1311 2935 1376 alienis,
2969 1331 3136 1384 quam
3165 1317 3340 1370 oculis
3369 1319 3538 1372 meis:
3566 1325 3622 1373 et
3649 1337 3781 1375 cum

2185 1393 2244 1446 in
2275 1394 2372 1449 illo
2396 1396 2534 1449 mihi
2559 1398 2734 1453 totius
2787 1401 3152 1471 malignitatis
3182 1403 3388 1460 indicia
3415 1415 3775 1478 apparerent,

2185 1499 2273 1536 me
2286 1500 2412 1537 cum
2435 1485 2528 1538 illo
2551 1488 2635 1540 vel
2652 1487 2754 1541 sub
2785 1489 2880 1542 illo
2906 1493 3254 1548 consensisse
3276 1502 3480 1564 puncto
3510 1498 3781 1568 temporis

2184 1571 2474 1627 immorari
2509 1577 2906 1632 miserabiliter
2921 1580 3208 1634 erubesco.
3241 1582 3406 1637 Certe
3433 1585 3686 1639 videbam
3717 1588 3778 1642 in
3853 1647 3862 1658 ,

2186 1661 2281 1713 illo
2302 1663 2568 1718 cervicem
2603 1665 2963 1722 inﬂexibilem
2991 1676 3048 1722 et
3071 1677 3339 1738 erectam,
3362 1673 3549 1726 oculos
3579 1675 3776 1744 plenos

2183 1749 2345 1804 furiis
2383 1753 2491 1806 huc
2518 1753 2761 1825 illucque
2783 1763 3093 1827 currentes,
3132 1776 3296 1814 nares
3326 1762 3605 1832 spirantes
3643 1780 3775 1818 con-

505 1846 868 1906 Francorum,
903 1839 1061 1910 quasi
1092 1839 1151 1892 in
1195 1838 1319 1890 lacu
1367 1835 1612 1888 leonum.
1646 1851 1736 1886 me
1765 1850 1964 1903 passus
1994 1834 2097 1888 sim
2118 1845 2481 1914 Btemptum,
2533 1860 2850 1899 sermonem
2881 1847 3096 1901 varium
3155 1849 3372 1919 sibique
3422 1851 3774 1919 dissimilem,

504 1939 624 1988 tam
655 1938 870 1985 temere
897 1929 1165 1999 facileque
1195 1925 1480 1980 contrudi:
1516 1923 1826 1995 praesertim
1853 1941 1980 1978 cum
2011 1940 2100 1978 me

505 2023 575 2076 ab
589 2023 693 2076 hoc
715 2018 1124 2075 letalifacinore
1155 2016 1302 2069 illius
1333 2013 1738 2068 cruentissima
1772 2012 1960 2066 bestia
1990 2012 2100 2065 im-

504 2111 749 2166 manitas
804 2124 1064 2164 revocare
1113 2103 1388 2164 debuerit,
1443 2102 1666 2156 etiamsi
1714 2108 1915 2154 catera
1961 2101 2099 2154 satis

506 2201 945 2272 quietatutaque
979 2197 1177 2251 forent.
1196 2195 1400 2248 Fateor
1428 2192 1508 2245 ita
1535 2207 1676 2254 esse,
1711 2189 1926 2260 tibique
1950 2206 2104 2242 vera-

502 2292 643 2346 citer
671 2305 854 2343 meam
884 2286 1259 2342 temeritatem
1281 2297 1577 2350 meamque
1594 2279 1892 2333 stultitiam
1918 2277 2103 2346 objur-

501 2383 680 2455 ganti,
701 2381 833 2453 quid
847 2377 1240 2441 excusationis,
1265 2375 1398 2446 quid
1421 2373 1761 2427 defensionis
1772 2371 2092 2435 obtendam,

502 2489 594 2526 me
621 2489 730 2526 non
755 2469 962 2524 habere
1004 2468 1292 2521 confiteor.
1324 2465 1533 2517 Verum
1575 2461 1743 2515 debes
1773 2460 2095 2514 meminisse

500 2560 849 2616 inﬁrmitatis
877 2559 1158 2619 humana,
1182 2553 1597 2622 neminemque,
1613 2551 1748 2604 dum
1774 2549 1830 2602 in
1853 2551 1957 2603 hoc
1977 2567 2096 2604 cor-

495 2668 629 2722 pore
659 2649 856 2703 mortis
883 2644 1195 2705 vivitur,ita
1216 2644 1334 2696 fore
1365 2641 1692 2711 perfectum,
1724 2646 1789 2693 ut
1817 2656 1926 2693 non
1959 2640 2092 2693 sub-

493 2743 682 2812 jaceat
708 2735 1102 2794 mutabilitatis
1131 2735 1364 2786 incerto.
1399 2729 1543 2794 Quid
1575 2729 1724 2782 enim
1771 2729 1976 2782 mirum
2005 2746 2094 2783 me

497 2829 695 2886 alienis
713 2828 945 2884 cessisse
965 2823 1230 2886 consiliis,
1255 2826 1312 2875 et
1341 2837 1375 2874 a
1401 2818 1725 2873 stabilitatis
1750 2819 1988 2890 prOpria
2005 2819 2096 2871 fir-

496 2920 694 2974 mitate
717 2917 1006 2990 paululum
1033 2912 1461 2974 titubasse,cum
1489 2915 1546 2962 et
1569 2908 2091 2978 David,prudentis-

498 3010 676 3065 simus
707 3007 1130 3079 prophetarum.
1150 2999 1294 3054 servi
1314 3000 1373 3053 in
1394 2998 1687 3052 dominum
1713 2996 2093 3066 Miphiboseth

499 3094 840 3153 accusationi
866 3093 1018 3146 falsa
1049 3089 1387 3155 crediderit;
1434 3093 1492 3142 et
1518 3086 1697 3141 Josias
1728 3103 1822 3139 rex
1847 3086 1942 3140 ille
1968 3102 2092 3140 san-

498 3187 802 3249 ctissimus,
833 3181 1119 3252 unicaque
1155 3179 1382 3250 pietatis
1412 3177 1471 3230 in
1500 3176 1938 3245 Dominum,pro
1960 3167 2153 3246 regeC

497 3274 860 3345 Assyriorum
910 3271 968 3324 in
1025 3269 1248 3322 Nechao
1279 3282 1470 3337 regem
1496 3265 1721 3336 [Egypti
1749 3281 2093 3334 consurgens

499 3363 726 3435 Domini
748 3358 1305 3432 provocaveritiram;
1329 3373 1451 3426 qua
1471 3359 1680 3419 tamen,
1730 3370 1800 3407 ne
1827 3354 1971 3408 tanti
1993 3354 2094 3408 viri

505 3452 770 3507 meritum
791 3449 1088 3520 deperiret,
1123 3444 1451 3501 transitoria
1488 3460 1653 3514 pana
1683 3450 1974 3514 morteque
2008 3461 2096 3498 se-

502 3542 636 3594 data
665 3545 750 3593 est
773 3537 1091 3607 temporali.
1125 3536 1250 3589 Non
1275 3538 1362 3587 est
1387 3531 1560 3602 igitur
1598 3533 2010 3596 admirandum,
2052 3533 2098 3587 si

503 3636 560 3684 et
581 3646 682 3684 nos
711 3628 806 3698 qui
838 3625 1173 3680 involvimur
1201 3621 1447 3676 tenebris
1486 3627 1860 3692 peccatorum,
1910 3622 1967 3675 in
2017 3622 2099 3676 lu-

501 3719 654 3773 brico
687 3718 889 3771 itinere
919 3714 1180 3778 labimur,
1207 3719 1264 3767 et
1292 3712 1350 3766 in
1377 3711 1586 3765 nostris
1618 3711 1868 3765 consiliis
1897 3712 2098 3782 caliga-

503 3825 629 3862 mus
658 3827 670 3861 :
698 3823 824 3861 cum
856 3805 998 3858 tales
1014 3803 1268 3872 tantique
1298 3801 1399 3855 viri
1449 3801 1782 3870 ignorantia
1813 3801 2098 3871 potuerint

501 3896 694 3951 nubilo
714 3893 1024 3956 obscurari,
1054 3891 1113 3945 in
1144 3906 1382 3961 quorum
1413 3888 1526 3942 vita
1563 3894 1620 3942 et
1648 3887 1894 3943 moribus
1909 3890 2097 3943 lumen

497 3983 732 4054 justitia
761 3987 818 4036 et
837 3981 969 4035 solis
990 3979 1161 4034 etiam
1181 3977 1407 4031 claritas
1443 3975 1774 4046 refulgebat.

575 4074 645 4126 Et
672 4088 776 4142 ego
805 4070 1033 4141 quidem
1065 4067 1307 4139 quadam
1333 4066 1556 4120 virtutis
1580 4065 1825 4136 imagine
1849 4085 1971 4121 sum
2007 4068 2100 4121 de-

503 4167 718 4232 ceptus,
752 4167 810 4215 et
836 4165 902 4214 ut
923 4159 1075 4213 illius
1103 4157 1234 4211 fera
1250 4156 1504 4228 pessima
1533 4156 1880 4226 monstrique
1921 4157 2100 4211 horri-

503 4250 633 4303 bilis
652 4249 862 4303 savitia
891 4247 1077 4302 minus
1096 4250 1566 4317 prospectaretur,
1580 4252 1986 4316 prospectaque
2002 4263 2094 4300 ca-

504 4344 748 4405 veretur,
781 4336 1002 4390 miseris
1026 4335 1314 4392 monachis
1345 4340 1402 4389 et
1417 4333 1624 4388 afflicto
1654 4335 1774 4388 loco
1795 4351 1966 4389 causa
1993 4335 2100 4390 fuit

504 4427 745 4481 intentio
775 4425 1120 4481 consulendi.
1155 4424 1531 4479 Pollicebatur
1559 4423 1708 4477 enim
1734 4425 1829 4477 ille
1868 4440 2005 4494 aper
2029 4425 2098 4477 de

505 4515 644 4568 silva
661 4513 889 4577 crebris,
913 4515 1265 4584 multumque
1299 4513 1645 4568 terribilibus
1670 4513 2095 4582 juramentis,se

503 4603 722 4656 vineam
748 4602 972 4656 Domini
993 4619 1280 4673 nunquam
1308 4602 1545 4656 ulterius
1573 4601 1960 4672 depasturum,
1993 4619 2096 4655 nec

507 4692 576 4746 de
590 4709 656 4746 ea
685 4691 990 4762 quidquam
1008 4692 1348 4756 ablaturum,
1383 4690 1491 4744 nisi
1510 4691 1654 4761 quod
1673 4691 1723 4744 ei
1738 4703 1936 4745 manus
1957 4708 2094 4746 mea

504 4787 815 4852 spontanea
845 4781 1066 4851 largitio
1095 4781 1441 4835 contulisset.
1462 4779 1706 4846 Credidi,
1728 4779 1922 4846 fateor,
1970 4797 2094 4851 pro-

502 4870 863 4924 missionibus
885 4872 1024 4940 ejus,
1044 4887 1155 4923 non
1186 4869 1322 4922 levis
1352 4867 1537 4922 meriti
1569 4869 1878 4924 minimave
1902 4887 2094 4924 remu-

503 4960 812 5014 nerationis
827 4959 1108 5012 arbitrans
1127 4959 1264 5020 fore,
1285 4957 1332 5010 si
1362 4975 1462 5028 per
1488 4974 1577 5011 me
1594 4959 1947 5029 possetillius
1978 4967 2096 5013 tru-

501 5049 748 5102 culentia
763 5047 1086 5119 temperari.
1105 5049 1179 5100 At
1191 5047 1284 5100 ille
1304 5047 1700 5118 rapacissimus
1715 5049 1881 5119 lupus
1893 5048 2094 5102 callide

499 5137 840 5192 blandiendo
869 5142 928 5190 et
954 5137 1091 5190 falsa
1129 5135 1458 5206 pollicendo.
1495 5137 1723 5191 omnino
1756 5137 2095 5192 moliebatur

499 5227 797 5281 abbatiola
822 5229 1048 5289 nostra,
1079 5241 1202 5296 qua
1232 5241 1333 5295 pro
1363 5226 1590 5280 modulo
1635 5243 1736 5281 suo
1777 5227 1914 5282 satis
1941 5226 2094 5281 ordi-

498 5323 635 5370 nata
659 5316 908 5386 satisque
928 5313 1236 5385 composita
1256 5314 1570 5385 videbatur,
1586 5316 1812 5369 dentem
1833 5316 2089 5387 inﬁgere;

430 5403 438 5410 ’
497 5409 558 5459 et
583 5421 706 5475 qua
735 5404 1058 5476 pestilentia
1082 5420 1184 5458 sua
1212 5405 1566 5475 protriverat,
1616 5405 1675 5459 in
1714 5405 1942 5461 malitia
1979 5423 2094 5461 sua

497 5497 752 5546 ventrem
783 5509 1006 5564 quoquo
1043 5493 1209 5548 modo
1238 5493 1424 5548 aliena
1441 5494 1917 5558 consciscere.Qui
1944 5501 2092 5566 post-

497 5595 668 5650 quam
693 5596 752 5634 se
779 5581 919 5634 vidit
938 5582 1149 5636 frustra
1169 5582 1272 5635 niti
1295 5588 1560 5654 artesque
1590 5583 1863 5654 suasﬁsibi
1892 5600 2089 5655 parum

493 5666 816 5738 procedere,
837 5669 896 5722 in
923 5676 1176 5740 apertam
1190 5669 1471 5727 insaniam
1498 5673 1837 5744 solitumque
1846 5673 2090 5730 furorem

2184 1927 2340 1979 nulla
2359 1929 2760 1998 consequentia
2776 1931 3042 2001 nullaque
3062 1933 3282 1988 ratione
3301 1939 3783 2002 constantem,hu-

2181 2015 2684 2085 merosjactabiles.
2709 2019 3198 2088 pedesinstabiles,
3231 2023 3781 2096 incessuminaqua-

2162 2093 2316 2169 'lem,
2354 2104 2806 2176 incompositum,
2823 2109 3170 2176 indecorum,
3189 2127 3390 2166 manus
3407 2115 3780 2184 rapaces,vio-

2183 2195 2384 2260 lentas,
2418 2201 2707 2266 promptas
2733 2197 2804 2250 ad
2843 2199 3048 2253 cadem
3089 2206 3147 2254 et
3184 2201 3255 2254 ad
3296 2201 3559 2271 injuriam
3586 2203 3780 2273 proxi-

2182 2299 2422 2336 morum.
2446 2284 2587 2337 Cum
2639 2284 2813 2354 igitur
2861 2287 2977 2341 hac
3033 2287 3091 2341 in
3120 2288 3216 2342 illo
3245 2296 3531 2345 venenata
3570 2291 3779 2346 mentis

2181 2371 2343 2441 signa
2371 2374 2770 2443 perspexerim,
2788 2375 2997 2430 ultimae
3034 2377 3264 2432 omnino
3284 2379 3523 2433 miseria
3552 2380 3661 2434 fuit
3696 2383 3781 2435 sic

2179 2476 2268 2513 me
2298 2460 2547 2530 potuisse
2573 2461 2937 2532 mihimetipsi
2967 2463 3271 2529 absentari,
3309 2471 3373 2520 ut
3400 2482 3650 2536 unquam
3683 2484 3781 2522 me

2177 2565 2376 2620 passus
2403 2550 2509 2602 sim
2539 2550 2660 2618 ejus
2688 2551 2774 2604 vel
2799 2552 3054 2606 convictu
3084 2554 3166 2607 vel
3184 2553 3462 2624 colloquio
3478 2555 3774 2610 maculari.

2178 2641 2351 2709 Spero
2381 2646 2569 2693 autem
2593 2641 2712 2708 jam
2735 2656 2824 2694 me
2863 2641 2932 2694 de
2952 2647 3152 2695 catero
3178 2643 3780 2716 prospectiorem,pur-

2174 2729 2470 2798 gatiorem,
2499 2729 2922 2801 cautioremque
2951 2731 3287 2798 futurum;si
3317 2738 3510 2786 tamen
3539 2739 3602 2788 tu
3633 2735 3778 2788 mihi

2176 2818 2454 2889 opitulari.
2481 2835 2593 2872 non
2659 2819 2894 2884 abnuas,
2954 2820 3322 2892 precibusque
3365 2823 3776 2893 potentissimis

2175 2925 2362 2979 agere,
2395 2915 2456 2963 ut
2475 2909 2591 2962 hac
2621 2909 2777 2973 mihi,
2797 2926 2920 2980 qua
2941 2925 3008 2964 ex
3037 2911 3279 2980 quadam
3297 2911 3500 2964 mentis
3520 2911 3776 2966 ovilitate

2173 3003 2461 3052 contracta
2487 3004 2592 3066 est,
2616 2999 2898 3069 prolapsio
2924 3001 3267 3054 remittatur.
3293 2999 3442 3055 Vale.

2733 3087 3087 3143 EPISTOLA
3115 3089 3167 3143 V
3182 3134 3194 3146 .

2601 3194 2674 3230 AD
2705 3193 3008 3231 MONACHUM
3038 3194 3328 3238 QUEMDAM.

2280 3266 2453 3318 Illum
2480 3267 2554 3320 ad
2584 3282 2762 3320 unum
2790 3268 2961 3320 Deum
2993 3269 3351 3334 qua-randum
3381 3267 3660 3322 hortatur.

2248 3354 2621 3408 Dilectissimo
2649 3355 2810 3408 fratri
2831 3356 2919 3421 A.,
2951 3355 3048 3412 W.
3089 3361 3366 3427 peccator,
3393 3356 3606 3412 intima
3629 3357 3778 3412 dile-

2180 3440 2380 3494 ctionis
2410 3443 2691 3498 affectum.

2253 3531 2460 3586 Omnes
2489 3533 2714 3603 quidem
2742 3533 3001 3588 homines
3039 3533 3136 3604 qui
3159 3551 3330 3589 sacra
3369 3534 3500 3588 ﬁdei
3529 3540 3586 3588 et
3619 3536 3782 3605 agni-

2178 3622 2349 3675 tionis
2387 3622 2587 3676 divina
2630 3639 2864 3676 munere
2893 3623 3230 3692 gloriantur,
3269 3624 3428 3678 decet
3486 3629 3685 3678 sancte
3726 3631 3782 3678 et

2181 3711 2536 3765 laudabiliter
2564 3711 2880 3766 conversari
2942 3713 3123 3783 Hujus
3146 3717 3334 3766 tamen
3367 3713 3577 3783 negotii
3593 3715 3780 3784 majus

2182 3801 2268 3854 his
2297 3801 2514 3871 pondus
2563 3801 2855 3868 incumbit,
2911 3801 3007 3871 qui
3068 3801 3444 3855 excellentiori
3487 3803 3777 3873 proposito

2182 3907 2313 3944 suas
2343 3890 2560 3943 animas
2591 3890 2903 3944 voluntarie
2933 3889 3318 3960 subjugantes,
3344 3890 3634 3961 animique
3661 3892 3778 3945 fer-

2180 3996 2312 4032 vore
2354 3979 2598 4032 mirabili
2629 3979 2882 4033 omnium
2930 3985 3336 4050 praceptorum
3373 3978 3667 4033 cacumina
3688 3994 3779 4032 su-

2181 4069 2477 4139 pergressi,
2503 4068 2562 4121 in
2593 4068 2801 4122 Christi
2823 4085 3056 4139 corpore
3076 4069 3236 4140 quasi
3257 4068 3512 4141 quadam
3538 4067 3780 4121 clarissi-

2181 4174 2275 4210 ma
2299 4159 2513 4211 lumina
2541 4157 2804 4212 emicant.
2837 4158 2978 4212 Cum
3009 4159 3161 4213 enim
3187 4157 3450 4229 conjugia
3471 4156 3777 4228 apostolico

2182 4261 2278 4299 ore
2305 4246 2622 4308 laudentur,
2643 4251 2700 4300 et
2719 4262 2785 4300 ex
2813 4246 3172 4302 facultatibus
3193 4247 3308 4302 suis
3329 4252 3549 4318 partem
3570 4261 3778 4317 paupe-

2181 4333 2336 4388 ribus
2348 4340 2662 4406 erogantes,
2677 4335 2838 4388 sedes
2851 4334 3167 4402 beatorum,
3193 4351 3534 4406 camposque
3559 4334 3776 4404 Elysios

2181 4429 2617 4494 consequantur,
2651 4423 2744 4478 isti
2791 4429 2982 4478 tamen
3023 4425 3151 4480 vita
3197 4423 3546 4495 perfectioris
3581 4438 3777 4476 amore

2180 4513 2369 4566 omnia
2397 4511 2636 4566 visibilia
2665 4518 3105 4579 contemnentes,
3137 4513 3318 4585 ipsam
3360 4512 3546 4568 subito
3575 4527 3775 4565 mona-

2177 4599 2304 4654 dem
2318 4601 2567 4672 arripere
2597 4602 2936 4667 maluerunt,
2956 4619 3125 4673 quam
3153 4619 3218 4656 ex
3252 4602 3340 4655 his
3368 4599 3776 4672 temporalibus

2174 4693 2385 4760 gradus
2414 4691 2653 4752 efﬁcere,
2673 4691 2876 4762 quibus
2909 4691 2978 4744 ad
2999 4691 3152 4745 illam
3175 4690 3588 4744 conscenditur.
3625 4690 3772 4743 Sane

2177 4780 2324 4848 quod
2355 4781 2546 4834 omnia
2575 4781 2891 4834 referantur
2918 4781 2989 4834 ad
3019 4781 3336 4844 monadem,
3364 4785 3420 4834 et
3446 4779 3578 4850 quia
3606 4793 3777 4848 super

2177 4869 2455 4932 universa,
2476 4887 2598 4940 qua
2615 4887 2715 4940 per
2729 4870 2908 4939 ipsam
2930 4869 3074 4924 facta
3087 4875 3238 4935 sunt,
3261 4874 3454 4923 teneat
3492 4867 3775 4938 principa-

2177 4964 2318 5025 tum,
2353 4959 2644 5030 Scriptura
2673 4959 2766 5013 illa
2785 4959 2924 5012 satis
2957 4959 3243 5013 evidenter
3259 4957 3526 5020 ostendit,
3551 4973 3675 5028 qua
3702 4955 3773 5009 de

2177 5049 2453 5119 sapientia
2474 5049 2726 5120 loquens,
2751 5049 2888 5104 Cum
2918 5065 3056 5113 una,
3088 5049 3291 5120 inquit,
3327 5053 3417 5110 sit,
3467 5050 3656 5102 omnia
3681 5063 3776 5114 po-

2179 5144 2290 5192 test.
2302 5139 2370 5191 Et
2383 5155 2555 5192 unam
2573 5155 2632 5192 se
2645 5138 2928 5193 aDomino
2941 5143 3132 5209 petere
3153 5137 3452 5192 Psalmista
3479 5140 3724 5190 testatur
3757 5151 3768 5187 :

2177 5232 2234 5282 et
2259 5243 2392 5281 arca
2421 5244 2542 5297 qua
2564 5243 2598 5280 a
2627 5229 2745 5282 Noe
2772 5232 3095 5282 constructa
3114 5231 3218 5293 est,
3241 5226 3337 5280 ubi
3372 5241 3650 5280 mensura
3675 5240 3774 5277 ca-

2175 5318 2309 5372 litus
2335 5317 2562 5382 dantur,
2582 5316 2641 5370 in
2665 5315 3022 5372 interioribus
3049 5321 3431 5370 trecentorum
3455 5313 3771 5369 cubitorum

2177 5407 2606 5478 longitudinem,
2619 5411 2677 5460 et
2703 5406 3114 5478 quinquaginta
3128 5404 3485 5460 latitudinem
3507 5402 3770 5458 habuisse

2175 5497 2513 5553 describitur
2535 5515 2547 5549 :
2581 5512 2705 5567 qua
2725 5501 2916 5550 tamen
2935 5496 3007 5550 ad
3031 5495 3236 5550 altiora
3250 5509 3596 5564 consurgens
3617 5491 3770 5562 cogi-

2174 5593 2268 5641 tur
2295 5587 2351 5640 in
2381 5591 2704 5656 angustum,
2734 5585 2816 5639 ita
2834 5591 2901 5640 ut
2929 5583 3226 5642 summitas
3255 5583 3375 5654 ejus
3404 5583 3465 5639 in
3486 5583 3653 5640 unius
3679 5595 3772 5636 cu-

2173 5676 2276 5732 biti
2308 5675 2554 5747 spatium
2579 5674 2943 5735 terminatur.
