3964 6354
177 356 290 420 881

1631 384 2019 446 ΕΡΙΞΤΟΙΛΕ.

3351 393 3462 456 882

261 497 436 592 Yides
461 518 596 576 ergo
623 507 905 578 quomodo
931 510 1192 568 universa
1213 514 1545 586 redigantur
1566 518 1636 572 ad
1668 535 1784 574 mo-
1800 513 1947 573 Asic
1972 514 2338 586 impatientia
2367 519 2518 574 virus
2540 521 2985 592 longanimitatis
3018 523 3268 578 antidoto
3307 526 3455 576 tem-

176 587 391 644 nadem
415 610 429 646 :
453 610 620 664 quam
639 597 734 666 qui
759 597 817 652 in
841 603 1100 670 praesenti
1127 607 1374 673 potuerit
1391 606 1662 671 obtinere,
1665 610 1783 678 jam

176 678 432 745 profecto
482 682 620 738 illud
669 685 729 740 in
781 688 885 742 hac
922 692 1266 747 mortalitate
1295 695 1677 766 consequitur,
1711 698 1782 751 ad

176 767 335 839 quod
367 769 427 825 in
455 770 554 826 illa
577 778 989 833 resurrectione
1014 783 1299 836 communi
1319 784 1501 838 omnis
1523 791 1782 840 creatura

173 859 479 915 rationalis
489 868 685 918 sancta
707 871 764 920 et
779 868 992 922 munda
1005 869 1265 924 devenire
1293 873 1777 941 contendit.Tunc,

174 953 242 1002 ut
272 949 476 1006 divina
525 952 728 1009 littera
752 956 1107 1026 pollicentur,
1150 960 1260 1014 erit
1307 961 1459 1016 Deus
1497 963 1688 1018 omnia
1723 964 1782 1018 in

177 1037 464 1104 omnibus,
496 1057 626 1095 cum
648 1043 948 1100 tradiderit
975 1047 1148 1102 Filius
1183 1065 1422 1119 regnum
1453 1050 1564 1104 Deo
1594 1057 1652 1106 et
1681 1053 1783 1106 Pa-

173 1126 274 1192 tri,
306 1126 366 1181 id
412 1135 500 1184 est
543 1147 668 1186 cum
701 1133 916 1199 ﬁdeles,
962 1136 1022 1189 in
1061 1135 1264 1206 quibus
1295 1155 1445 1192 nunc
1468 1147 1667 1210 regnat
1687 1141 1781 1195 ille

174 1230 282 1285 per
301 1215 493 1285 ﬁdem,
537 1219 608 1274 ad
647 1223 1178 1294 contemplationem
1212 1226 1311 1280 Dei
1339 1232 1396 1280 et
1420 1228 1604 1282 Patris
1629 1235 1783 1300 Opta-

174 1301 369 1358 biliter
395 1305 742 1379 feliciterque
765 1311 1108 1382 perduxerit.
1139 1314 1285 1368 Huic
1309 1317 1780 1373 excellentissima

176 1392 379 1447 visioni
419 1395 642 1467 Moyses
669 1397 764 1453 ille
789 1400 1098 1470 legislator,
1126 1410 1183 1457 et
1197 1404 1622 1460 ardentissimus
1646 1407 1781 1461 divi-

176 1482 377 1537 nitatis
408 1490 646 1553 amator,
681 1487 921 1544 liberum
951 1491 1212 1561 cupiebat
1239 1493 1504 1548 adhibere
1542 1511 1778 1566 conspe-

177 1577 356 1636 ctum,
387 1575 612 1644 quando
661 1593 790 1631 cum
836 1579 1075 1634 Domino
1120 1580 1376 1651 loquens,
1410 1589 1474 1637 ut
1501 1589 1558 1637 et
1580 1591 1782 1639 semet-

177 1660 365 1730 ipsum
396 1663 728 1734 dignaretur
772 1668 1088 1735 ostendere,
1133 1670 1487 1726 devotissime
1513 1674 1780 1744 precaba-

176 1755 293 1804 tur.
326 1752 574 1808 Noverat
601 1755 752 1810 enim
782 1757 867 1810 vir
887 1757 981 1811 ille
1019 1758 1290 1814 mirabilis
1311 1777 1589 1815 summam
1613 1763 1782 1817 beati-

1866 619 2082 674 perare,
2117 611 2182 660 ut
2203 614 2259 660 et
2287 607 2855 678 patientermalorum
2876 613 3296 685 improbitatem
3311 611 3461 664 fera-

1864 707 2010 753 mus,
2046 709 2149 747 nec
2191 711 2442 767 unquam
2475 698 2648 755 bonos
2677 708 2908 774 propter
2934 702 3206 774 pessimos
3226 701 3462 754 desera-

1864 796 2008 834 mus.

1936 871 2041 924 Hic
2067 876 2131 926 tu
2152 889 2241 926 me
2270 873 2502 930 forsitan
2535 893 2866 948 argues,cur
2891 880 3010 951 ipse
3040 879 3194 934 Beati
3222 876 3465 947 Remigii

1865 956 2147 1014 abbatiam
2176 965 2292 1015 tam
2315 963 2426 1017 cito
2458 965 2729 1037 facileque
2751 967 3108 1039 reliquerim;
3131 983 3256 1022 cum
3279 966 3339 1020 in
3363 965 3461 1018 illo

1863 1047 2096 1118 collegio
2147 1049 2393 1106 dubitari
2433 1069 2548 1108 non
2596 1057 2774 1126 possit
2805 1057 3075 1128 quosdam
3103 1056 3251 1110 viros
3283 1055 3462 1108 hone-

1863 1135 2142 1191 stissimos
2162 1138 2418 1208 inveniri,
2443 1159 2508 1196 ex
2528 1160 2766 1214 quorum
2787 1144 3312 1200 benevolentissima
3333 1144 3464 1196 cha-

1864 1225 2033 1279 ritate
2061 1227 2232 1281 ceteri
2262 1229 2580 1286 debuerunt
2610 1234 2927 1289 tolerabiles
2949 1233 3210 1306 judicari.
3233 1233 3457 1299 Fateor,

1863 1315 2070 1382 partim
2115 1317 2272 1386 justa
2299 1319 2416 1373 hac
2437 1324 2534 1374 tua
2558 1321 2874 1392 objurgatio
2901 1324 3203 1387 videretur,
3229 1322 3336 1376 nisi
3365 1322 3460 1376 ille

1864 1403 2132 1472 pestilens
2164 1411 2397 1462 truncus
2439 1410 2696 1475 ficulnus,
2731 1413 2933 1466 inutile
2976 1413 3212 1482 lignum,
3244 1417 3460 1464 terram

1861 1491 2018 1546 illam
2033 1494 2429 1550 miserabiliter
2440 1505 2782 1570 occupasset,
2791 1501 2894 1555 sub
2910 1502 3068 1570 cujus
3085 1499 3288 1554 umbra
3305 1498 3463 1553 nulla

1866 1581 2093 1650 quidem
2123 1583 2271 1638 bona
2300 1593 2536 1656 possunt
2572 1589 2791 1643 semina
2817 1590 3039 1656 exoriri,
3067 1590 3166 1644 sed
3194 1594 3251 1642 et
3275 1588 3321 1642 si
3350 1604 3463 1659 qua

1865 1676 2058 1725 exorta
2084 1672 2330 1741 fuerant,
2374 1682 2697 1732 enecentur.
2742 1679 2830 1732 Ita
2867 1679 3017 1733 enim
3063 1679 3163 1732 illa
3194 1682 3466 1731 venenata

1865 1764 1923 1812 et
1951 1761 2308 1816 amarissima
2348 1765 2516 1819 arbor
2542 1766 2842 1820 tenebrosa
2869 1773 2955 1821 est
2981 1772 3038 1821 et
3065 1767 3368 1833 condensa,
3400 1771 3466 1820 ut

175 1839 435 1894 tudinem
470 1843 590 1896 fore
632 1861 822 1898 rerum
861 1847 1112 1901 omnium
1143 1849 1477 1920 principium
1506 1853 1779 1919 contueri,
1805 1831 2198 1920 Bquocunque
2239 1851 2468 1907 brachia
2508 1860 2762 1910 tortuosa
2809 1856 3238 1926 mortiferosque
3275 1871 3464 1908 ramos

177 1933 235 1980 et
283 1929 439 1982 illam
487 1933 785 1987 monadem
833 1933 1037 1989 mentis
1081 1938 1395 2008 complecti,
1434 1955 1468 1992 a
1506 1956 1616 2010 qua
1653 1941 1781 1996 uni-

173 2033 336 2072 versa
388 2026 622 2075 sumunt
683 2023 980 2094 originem,
1015 2030 1070 2079 et
1100 2025 1159 2079 in
1191 2043 1303 2097 qua
1332 2027 1543 2082 habent
1589 2031 1780 2084 omnia

176 2106 368 2164 ﬁnem.

247 2197 438 2253 Claret
465 2198 638 2269 igitur
656 2207 879 2271 quanta
904 2203 1128 2258 virtutis
1157 2211 1490 2278 quantaque
1510 2213 1776 2278 prastan-

178 2285 268 2340 tia
297 2287 390 2352 sit,
427 2289 580 2342 omni
608 2291 860 2346 saculari
889 2307 987 2362 spe
1015 2294 1323 2365 mundique
1343 2295 1610 2351 felicitate
1639 2299 1776 2368 reje-

177 2380 288 2442 cta,
321 2375 459 2430 illud
501 2377 728 2433 unicum
775 2380 987 2435 bonum
1033 2388 1318 2453 appetere,
1359 2385 1431 2438 ad
1456 2386 1603 2455 quod
1632 2388 1778 2441 tanti

175 2463 281 2517 viri
306 2466 628 2536 suspirabat
659 2469 916 2524 intentio.
965 2471 1125 2525 Unde
1164 2478 1221 2525 et
1250 2473 1310 2526 in
1352 2475 1777 2544 regeneratione

177 2569 303 2608 cum
335 2555 548 2609 sederit
577 2556 755 2612 Filius
784 2559 1032 2614 hominis
1060 2560 1120 2614 in
1149 2561 1280 2614 sede
1301 2563 1612 2632 majestatis
1639 2581 1775 2632 sua,

170 2643 300 2711 jure
325 2659 361 2696 a
383 2643 620 2698 Domino
641 2644 1001 2716 judiciariam
1027 2649 1300 2720 accipient
1317 2654 1778 2722 potestatem,qui

177 2735 295 2798 eius
333 2735 650 2792 dilectionis
693 2740 905 2794 intuitu
945 2742 1134 2795 omnia
1163 2743 1496 2812 reliquerint
1521 2761 1533 2796 :
1558 2746 1693 2815 quia
1721 2752 1778 2799 et

176 2823 231 2877 id
253 2841 566 2896 congruere
585 2829 854 2899 aquitati,
889 2830 1207 2902 quicunque
1255 2849 1454 2885 sanum
1485 2835 1652 2902 sapit,
1687 2835 1775 2888 in-

172 2912 394 2984 telligit,
431 2922 496 2969 ut
526 2917 620 2987 qui
658 2918 718 2972 in
756 2920 1206 2990 peregrinatione
1233 2922 1506 2975 veraciter
1533 2923 1774 2977 humiles

173 3002 511 3068 exstiterint,
532 3005 646 3060 sint
673 3006 731 3061 in
764 3009 945 3078 patria
971 3009 1221 3079 gloriosi.

241 3091 398 3144 Inter
419 3092 804 3162 hujuscemodi
833 3113 967 3166 ergo
998 3097 1199 3151 heroas
1227 3099 1415 3152 sedem
1444 3105 1498 3153 te
1523 3101 1775 3155 eminen-

1863 1939 2198 2004 extenderit,
2231 1941 2449 1995 nullum
2475 1943 2590 1996 illic
2609 1945 2691 1998 sol
2715 1944 2952 2014 justitia
2982 1945 3287 2014 lumenque
3315 1943 3462 1996 veri-

1861 2027 1997 2081 tatis
2021 2027 2229 2082 habere
2260 2031 2438 2100 possit
2465 2048 2770 2087 accessum.
2800 2033 2933 2088 Tale
2953 2033 3130 2103 igitur
3146 2036 3462 2086 monstrum

1861 2121 1920 2169 et
1946 2115 2337 2186 hujuscemodi
2366 2119 2652 2190 aufugisse
2676 2126 3138 2193 portentum,non
3167 2121 3466 2193 impatien-

1855 2204 1950 2258 tia
1987 2210 2044 2259 et
2085 2206 2474 2263 inconstantia
2501 2209 2654 2277 vitio,
2688 2211 2787 2264 sed
2815 2228 3047 2266 summa
3076 2210 3269 2266 virtuti
3298 2226 3456 2265 sum-

1857 2309 2076 2365 maeque
2107 2300 2192 2349 est
2214 2297 2526 2367 prudentia
2555 2300 2960 2370 deputandum.

2422 2387 2771 2443 EPISTOLA
2797 2389 2872 2444 VI
2886 2434 2900 2447 .

2483 2494 2555 2530 AD
2587 2495 2834 2532 EUMDEM.

1967 2563 2006 2615 A
2030 2566 2312 2631 proposito
2345 2567 2558 2632 fervore
2585 2566 2864 2636 deﬁcienti
2891 2569 3110 2636 exponit
3141 2582 3355 2622 arcana

2479 2656 2702 2722 judicia
2725 2657 2839 2709 Dei.

1931 2740 2114 2794 Fratri
2152 2742 2242 2806 A.,
2278 2742 2370 2795 W.
2407 2748 2684 2812 peccator,
2725 2744 2842 2796 sole
2889 2745 3101 2811 vestiri,
3154 2749 3212 2798 et
3266 2746 3459 2800 lunam

1861 2828 2068 2883 habere
2095 2830 2198 2883 sub
2226 2831 2480 2901 pedibus.

1929 2917 2208 2979 Quoniam
2241 2919 2497 2989 quisquis
2523 2935 2666 2973 vera
2686 2919 3000 2973 dilectionis
3025 2920 3352 2975 stimulatur
3380 2922 3461 2976 af-

1855 3007 2023 3072 fectu,
2075 3023 2186 3060 non
2219 3008 2404 3062 minus
2438 3008 2821 3078 proximorum
2852 3025 3019 3078 quam
3045 3009 3162 3062 suis
3190 3010 3463 3080 provecti-

1855 3094 1959 3149 bus
1998 3096 2326 3161 collatatur,
2358 3097 2862 3166 congratulatorias
2891 3096 2992 3150 tibi
3031 3097 3246 3151 litteras
3277 3113 3459 3168 nuper

171 3179 451 3234 tissimam
479 3181 817 3254 adepturum
852 3191 1005 3239 certa
1035 3202 1125 3239 me
1155 3187 1304 3256 cogit
1330 3189 1474 3243 ratio
1503 3189 1722 3260 Opinari
1757 3183 2226 3246 :Ctransmisisse
2256 3201 2344 3238 me
2375 3185 2626 3252 memini,
2664 3202 2896 3256 sperans
2928 3190 3040 3239 tua
3069 3187 3453 3241 conversionis

171 3267 310 3336 quia
337 3275 404 3322 ut
428 3270 500 3324 ad
524 3276 745 3326 tantam
771 3273 1149 3328 humilitatem
1173 3276 1674 3340 descenderes,non
1691 3284 1766 3343 te,

170 3363 235 3409 ut
265 3359 562 3428 quosdam,
592 3363 904 3417 recordatio
930 3371 1306 3436 peccatorum,
1339 3367 1436 3419 sed
1478 3367 1770 3422 laudabili-

171 3450 257 3497 ter
283 3453 411 3500 acta
430 3449 545 3502 vita
564 3451 821 3521 superior
841 3453 1148 3524 patriaque
1161 3455 1405 3508 caelestis
1425 3455 1766 3511 desiderium

169 3531 440 3588 invitavit.
484 3536 720 3608 Semper
755 3538 930 3609 igitur
955 3541 1032 3594 sis
1061 3542 1517 3613 circumspectus,
1546 3561 1769 3616 semper

167 3619 242 3675 sis
270 3623 829 3698 providus,omnique
851 3630 1034 3683 studio
1051 3636 1280 3701 totaque
1308 3631 1620 3686 intentione
1650 3650 1769 3687 cor-

167 3711 251 3765 dis
271 3713 510 3783 enitere,
532 3720 598 3768 ut
623 3716 692 3769 de
721 3715 880 3771 bonis
903 3735 1126 3790 semper
1143 3721 1212 3773 ad
1235 3721 1446 3791 Optima
1472 3729 1767 3776 transeun-

167 3800 259 3868 do,
294 3802 466 3857 ﬁnem
492 3802 664 3858 facias
688 3808 1024 3862 concordare
1054 3809 1354 3880 principio;
1389 3827 1492 3864 nec
1522 3811 1637 3864 ulla
1662 3812 1765 3865 ho-

163 3887 263 3941 stis
285 3890 507 3960 antiqui
530 3891 908 3948 fraudulentia
929 3885 1187 3962 violetur,
1222 3898 1371 3968 quod
1419 3897 1488 3951 ab
1537 3899 1766 3968 integri-

167 3979 282 4030 tate
310 3979 555 4049 sumpsit
580 3981 888 4037 exordium.
913 3984 1038 4037 Non
1059 3985 1319 4048 aliorum,
1348 4002 1552 4056 quaso,
1569 3992 1765 4056 torpor

168 4072 328 4121 tuum
357 4066 530 4121 faciat
557 4074 748 4140 tepere
773 4070 1067 4138 fervorem,
1090 4089 1194 4127 nec
1210 4090 1403 4128 eorum
1435 4075 1687 4144 exempla
1707 4081 1764 4128 te

165 4157 632 4228 negligentiorem
673 4160 936 4225 efﬁciant,
985 4162 1079 4232 qui
1143 4163 1502 4232 pratendunt
1567 4164 1762 4218 habitu

163 4247 309 4316 quod
357 4247 608 4303 moribus
656 4250 1054 4321 insequuntur.
1113 4252 1274 4305 Multi
1332 4256 1539 4306 etenim
1597 4255 1756 4314 tales.

165 4335 314 4404 quod
349 4342 406 4389 te
447 4336 624 4391 latere
666 4355 778 4392 non
829 4339 1091 4398 arbitror.
1140 4340 1244 4393 sub
1284 4341 1535 4409 angelico
1564 4341 1761 4395 habitu

161 4420 518 4492 delitescunt,
552 4443 790 4496 quorum
824 4428 903 4480 sic
931 4429 1137 4482 misera
1160 4434 1246 4482 est
1268 4429 1614 4483 conversatio
1639 4436 1765 4483 tan-

1854 3272 2128 3344 principio
2175 3273 2348 3328 totius
2397 3274 2520 3328 vita
2567 3281 2821 3328 tenorem
2869 3275 3152 3346 ﬁnemque
3183 3275 3454 3346 propositi

1854 3377 2277 3431 responsurum.
2312 3364 2404 3428 At,
2438 3367 2502 3416 ut
2530 3363 2668 3416 mihi
2702 3363 2940 3417 relatum
2972 3369 3079 3424 est.
3104 3363 3270 3433 longe
3291 3364 3456 3418 aliter

1851 3467 1911 3504 se
1936 3466 2028 3504 res
2056 3450 2241 3505 habet.
2276 3456 2445 3522 teque
2467 3451 2745 3505 malorum
2767 3451 3129 3522 improbitate
3149 3453 3448 3519 devictum,

1851 3539 2137 3609 patientia
2162 3541 2420 3610 clypeum
2451 3540 2747 3610 proiecisse
2775 3559 2786 3594 :
2810 3557 2922 3611 quo
2953 3541 3000 3594 si
3029 3541 3194 3595 vellet
3212 3547 3314 3595 tua
3344 3533 3476 3597 fra-i

1850 3627 2087 3681 ternitas
2131 3629 2486 3691 communiri,
2519 3646 2647 3683 cum
2692 3645 2758 3682 ex
2787 3629 3160 3700 quorumdam
3187 3631 3454 3685 meliora-

1849 3715 2024 3781 tione,
2056 3723 2176 3770 tum
2212 3735 2276 3771 ex
2297 3718 2598 3771 tolerantia
2615 3717 2982 3787 pessimorum
3015 3734 3126 3770 non
3150 3718 3448 3774 minimum

1847 3804 1950 3857 tibi
1978 3805 2193 3859 lucrum
2215 3806 2439 3860 virtutis
2465 3812 2826 3861 accresceret.

1917 3893 2122 3962 Agitur
2159 3895 2309 3948 enim
2350 3896 2516 3949 modo
2558 3895 2824 3949 ineffabili
2847 3894 3155 3964 ordineque
3180 3890 3442 3956 mirabili,

1845 3987 1910 4034 ut
1954 3999 2179 4052 semper
2230 3985 2535 4038 electorum
2569 3984 2799 4038 utilitati
2847 3983 3211 4054 reproborum
3241 3979 3448 4035 serviat

1847 4071 2028 4125 omnis
2067 4072 2395 4144 improbitas
2422 4092 2433 4138 ;
2470 4090 2646 4143 eoque
2677 4073 2871 4144 purius
2897 4074 3016 4126 veri
3048 4071 3310 4128 Israelita
3339 4087 3446 4124 ca-

1849 4159 1972 4213 lesti
2003 4159 2300 4231 divinoque
2325 4161 2538 4215 lumine
2566 4162 2947 4231 perfruantur,
2975 4179 3084 4233 quo
3113 4159 3445 4232 profundius

1846 4249 1962 4302 suis
1992 4249 2238 4302 tenebris
2252 4266 2478 4319 suaque
2495 4249 2720 4319 caligini
2738 4251 2984 4320 {Egyptii
3010 4250 3442 4319 immerguntur.

1846 4338 2086 4391 Mentior
2113 4338 2157 4390 si
2186 4355 2297 4391 non
2325 4339 2405 4391 ita
2433 4355 2592 4391 sacra
2613 4345 2962 4392 contestatur
2981 4339 3363 4410 historia,qua
3387 4339 3445 4393 in

1845 4427 1943 4479 illa
1970 4426 2327 4496 percussione
2349 4427 2697 4497 Memphitica
2713 4428 2860 4497 apud
2878 4427 3170 4499 Egyptios
3190 4427 3445 4499 palpabi-

161 4517 329 4583 taque
385 4515 513 4568 vita
550 4517 902 4586 perversitas,
957 4524 1020 4571 ut
1065 4517 1226 4572 bonis
1273 4519 1442 4573 etiam
1478 4519 1759 4576 mentibus
1779 4503 1925 4568 Dles
1946 4515 2223 4580 tenebras,
2244 4516 2389 4585 apud
2415 4517 2630 4586 plebem
2655 4533 2782 4570 vero
2803 4517 3050 4570 ﬁdelium
3074 4517 3444 4571 clarissimam

160 4603 496 4674 plerumque
539 4605 681 4658 sacri
709 4607 978 4676 propositi
1020 4607 1425 4677 paenitudinem
1475 4608 1754 4678 ingerant,

159 4691 397 4762 vitaque
415 4693 710 4748 deterioris
728 4702 988 4749 contactu
1008 4703 1214 4751 sancta
1243 4696 1592 4768 calestisque
1617 4697 1758 4749 mili-

157 4779 247 4834 tia
296 4796 410 4833 non
464 4780 725 4836 desinant
770 4783 1065 4838 obscurare
1116 4785 1396 4839 nitorem:
1429 4785 1524 4855 qui
1567 4801 1668 4855 per
1698 4801 1758 4837 se

157 4869 383 4937 quidem
410 4886 632 4941 semper
659 4871 978 4941 praeclarus,
1010 4889 1230 4944 semper
1265 4873 1504 4939 lucidus,
1535 4890 1760 4944 semper

159 4957 421 5028 egregius
446 4964 550 5012 est.
1732 5020 1744 5029 .

224 5050 301 5102 At
329 5047 473 5102 bene
501 5048 798 5103 fundatum
819 5049 1071 5104 animum
1085 5067 1174 5105 res
1188 5068 1300 5106 non
1318 5051 1428 5105 ista
1442 5051 1754 5122 perturbat,

155 5153 257 5191 nec
286 5153 417 5191 eum
439 5153 474 5190 a
495 5154 717 5192 summo
746 5155 938 5193 amore
962 5139 1286 5209 disjungere
1315 5139 1617 5210 cujuslibet
1633 5157 1756 5194 ma-

157 5225 289 5280 litia
329 5225 483 5280 valet
505 5226 855 5297 improbitas.
893 5227 1009 5281 Scit
1037 5227 1186 5280 enim
1217 5227 1276 5280 in
1302 5227 1595 5282 Dominica
1625 5245 1760 5281 area

153 5333 329 5387 grana
357 5317 510 5371 inter
530 5317 721 5386 paleas
739 5333 984 5387 gemere,
1009 5333 1112 5371 nec
1132 5333 1256 5371 eam
1279 5323 1538 5388 oportere
1559 5317 1757 5371 divina

159 5404 519 5461 discussionis
536 5405 865 5465 ventilabro,
893 5405 1000 5459 nisi
1031 5406 1088 5459 in
1112 5407 1223 5460 ﬁne
1253 5407 1460 5474 saculi,
1496 5423 1758 5477 permun-

156 5495 273 5549 dari
294 5514 304 5547 :
327 5495 435 5549 scit
456 5493 516 5548 in
555 5495 817 5564 prasenti
848 5494 1131 5565 piscatura
1158 5496 1310 5550 verbi
1340 5512 1549 5566 sagena
1583 5494 1756 5550 bonos

159 5585 447 5656 malosque
467 5585 647 5656 pisces
664 5585 936 5644 concludi.
954 5601 1056 5639 nec
1085 5603 1180 5640 eos
1205 5603 1368 5657 posse
1392 5585 1500 5639 nisi
1527 5583 1586 5638 in
1609 5583 1759 5638 litto-

156 5689 215 5728 re
241 5675 516 5754 separari.
549 5675 642 5730 Sic
672 5691 806 5746 ergo
837 5674 1106 5732 debemus
1153 5676 1408 5731 animum
1451 5673 1753 5740 moderari,

1841 4605 2019 4657 lucem
2052 4605 2224 4657 fuisse.
2253 4612 2676 4658 commemorat.
2704 4605 2794 4659 Sic
2824 4605 3088 4659 nimirum
3118 4606 3176 4659 hi
3207 4607 3317 4660 duo
3350 4623 3443 4677 po-

1841 4692 1957 4764 puli
1977 4693 2392 4754 discernuntur,
2418 4700 2483 4747 ut
2512 4694 2641 4747 licet
2669 4695 2726 4746 in
2754 4710 2868 4748 una
2898 4694 3180 4765 provincia
3208 4696 3341 4762 sint,
3374 4695 3443 4749 li-

1841 4788 1930 4834 cet
1953 4782 2144 4835 eadem
2167 4788 2585 4836 commorantur
2614 4783 2672 4836 in
2693 4784 2879 4842 domo,
2906 4784 3050 4837 alter
3070 4790 3260 4837 tamen
3291 4801 3442 4839 sem-

1841 4887 1942 4941 per
1977 4871 2035 4923 in
2067 4870 2296 4932 lumine,
2344 4871 2488 4924 alter
2541 4872 2598 4924 in
2649 4871 2894 4926 tenebris
2945 4873 3286 4926 obversetur.
3325 4874 3442 4929 Nec

1844 4959 2048 5012 mirum
2071 4959 2126 5013 id
2160 4959 2404 5029 quidem.
2438 4961 2619 5014 Tanta
2651 4967 2736 5014 est
2775 4961 2922 5014 enim
2971 4961 3124 5015 illius
3166 4960 3441 5017 oblecticii

1841 5047 2093 5113 luminis,
2126 5048 2410 5118 divinique
2440 5048 2674 5118 fulgoris
2699 5050 2973 5119 potentia,
3003 5055 3066 5103 ut
3088 5050 3256 5104 corda
3285 5067 3440 5121 qua-

1841 5152 2060 5206 cunque
2081 5136 2349 5206 tetigerit,
2365 5137 2559 5190 statim
2580 5137 2866 5191 illuminet
2887 5144 2945 5191 et
2970 5138 3237 5192 accendat
3270 5157 3282 5192 :
3315 5155 3439 5209 qua

1842 5241 1972 5278 vero
1985 5242 2087 5279 suo
2103 5225 2438 5296 judicaverit
2452 5225 2683 5295 indigna
2702 5231 2981 5291 contactu,
2999 5227 3057 5280 in
3077 5243 3182 5281 sua
3198 5227 3438 5297 caligine

1841 5314 2142 5368 tenebrosa
2175 5320 2233 5368 et
2268 5314 2475 5384 frigida
2503 5319 2877 5385 perseverent.
2908 5315 3024 5369 Cur
3051 5331 3180 5369 vero
3221 5332 3286 5370 ex
3323 5333 3440 5370 una.

1841 5405 2171 5475 perditionis
2198 5421 2384 5459 massa
2399 5405 2652 5458 omnium
2679 5404 2970 5458 hominum
2990 5421 3170 5475 genus
3190 5422 3437 5460 emerse-

1841 5494 1933 5559 rit,
1958 5500 2012 5548 et
2043 5495 2301 5564 originali
2321 5499 2548 5565 peccato
2575 5493 2898 5564 priusquam
2921 5500 3291 5549 renascantur
3314 5511 3437 5550 om-

1841 5600 1942 5637 nes
1971 5588 2272 5637 teneantur
2287 5583 2533 5642 obnoxii.
2567 5600 2667 5638 cur
2696 5583 2818 5636 aliis
2845 5584 3032 5654 gratia
3059 5583 3437 5639 conversionis

1839 5673 2029 5728 divina
2055 5672 2426 5742 inspiratione
2455 5679 2773 5744 prastetur,
2798 5672 3100 5729 aliiautem
3129 5673 3190 5728 in
3205 5674 3437 5746 propria
