3964 6400
450 432 556 493 887
1483 431 1540 486 S.
1584 429 1978 488 GUILLELMI
2014 425 2320 485 ABBATIS
2358 423 2697 482 HIRSAUG.

2254 548 3714 571 Μ

1144 686 1662 791 ORATIO
1758 686 2207 782 DOMNI
2300 681 3054 779 GUILLELMI

846 892 921 953 In
971 890 1519 952 commemoratione
1573 889 1645 951 S.
1697 890 2036 969 Augustini
2086 896 2225 948 ante
2279 885 2773 946 consecrationem
2829 883 3017 943 missa
3066 879 3342 943 dicenda.

1710 1069 1969 1141 (MARILL.
2001 1069 2247 1123 Analect.
2279 1082 2337 1138 p.
2361 1063 2508 1137 460.)

537 1351 839 1415 Memento,
888 1347 1160 1412 Domine,
1208 1347 1411 1402 animae
1461 1347 1659 1402 famuli
1695 1350 1781 1403 tui
1820 1346 2572 1413 Patricii,Acontumeliam,
2610 1343 2875 1417 potestati
2910 1351 3022 1399 tuae
3053 1344 3277 1400 nemine
3302 1344 3619 1412 resistente,
3642 1360 3746 1398 ne-

472 1445 531 1494 et
556 1441 782 1494 famula:
812 1443 923 1493 tua:
943 1437 1176 1493 Monicae
1221 1454 1232 1488 :
1266 1442 1325 1490 et
1353 1437 1399 1490 si
1425 1437 1553 1507 quid
1600 1455 1700 1508 pro
1738 1439 1921 1492 anima
1968 1433 2068 1490 ﬁlii

467 1529 720 1599 ipsorum
749 1526 962 1581 domini
990 1525 1101 1579 mei
1129 1525 1447 1596 Augustini,
1476 1526 1820 1580 dilectissimi
1850 1524 2067 1581 confes-

469 1618 613 1671 soris
648 1617 754 1682 tui,
796 1616 937 1670 mihi
986 1615 1192 1668 misero
1238 1614 1515 1685 peccatori
1567 1615 1697 1669 licet
1744 1615 1831 1669 vel
1867 1614 2068 1669 intimo

470 1705 654 1760 cordis
695 1706 898 1759 affectu
941 1703 1281 1769 desiderare,
1329 1702 1544 1757 utinam
1586 1719 1698 1757 non
1747 1703 2068 1757 omnimodo

469 1792 749 1848 inutiliter
778 1794 900 1864 ipsa
929 1792 1031 1846 tibi
1054 1808 1182 1846 mea
1208 1792 1474 1862 loquatur
1501 1792 1777 1846 voluntas.
1806 1792 1930 1846 Scio
1949 1790 2069 1862 qui-

472 1882 623 1949 dem,
655 1882 915 1949 Domine,
945 1887 1002 1935 et
1033 1897 1135 1952 pro
1157 1885 1309 1934 certo
1338 1896 1578 1951 agnosco
1619 1897 1741 1934 esse
1763 1897 1851 1934 me
1871 1896 2070 1952 pecca-

471 1975 674 2039 torem,
707 1976 765 2026 et
792 1971 1256 2037 infelicissimum,
1289 1980 1347 2024 et
1373 1970 1588 2024 cunctis
1613 1969 1940 2024 criminibus
1968 1969 2067 2024 ob-

472 2061 703 2116 noxium
735 2065 903 2131 atque
928 2059 1219 2113 immensis
1265 2058 1564 2113 sceleribus
1603 2059 2063 2129 coinquinatum;

472 2149 631 2203 illum
661 2155 851 2203 autem
890 2148 1064 2202 fuisse
1092 2147 1149 2201 in
1193 2148 1299 2201 hac
1330 2148 1595 2218 praesenti
1640 2147 1754 2201 vita
1792 2156 2069 2214 sanctum,

2149 1434 2304 1489 mine
2351 1435 2702 1506 prohibente,
2736 1432 2961 1488 nemine
3005 1434 3439 1489 contradicente.
3481 1435 3551 1490 Et
3604 1431 3747 1505 quid

2150 1524 2530 1578 contradicere
2544 1528 2730 1594 potest
2739 1528 2998 1577 creatura
3017 1523 3221 1576 Creatu
3228 1523 3293 1587 ri,
3313 1522 3526 1576 factura
3541 1522 3747 1576 Facto-

2149 1612 2223 1665 ri?
2240 1613 2503 1682 Nunquid
2526 1613 2662 1667 dicit
2692 1614 3025 1682 ﬁgmentum
3053 1610 3104 1665 ei
3127 1611 3223 1681 qui
3242 1627 3303 1665 se
3319 1610 3477 1665 ﬁnxit
3509 1629 3521 1663 :
3558 1610 3748 1674 Quare

2150 1718 2241 1755 me
2269 1702 2348 1756 sic
2376 1702 2620 1756 tinxisti?
2642 1701 2860 1772 Quippe
2883 1701 2974 1754 cui
2993 1700 3074 1753 vis
3090 1699 3456 1761 misereris,et
3475 1715 3641 1770 quem
3664 1698 3749 1752 vis

2149 1791 2399 1846 induras.
2433 1792 2787 1863 Quapropter
2828 1790 3010 1846 nescit
3054 1790 3222 1844 homo
3264 1789 3518 1844 mortalis
3548 1795 3744 1844 utrum

2150 1881 2302 1945 odio,
2334 1898 2407 1935 an
2435 1898 2629 1936 amore
2652 1881 2858 1952 dignus
2887 1880 2979 1946 sit,
3008 1879 3105 1934 sed
3136 1880 3324 1934 omnia
3352 1879 3411 1933 in
3438 1878 3627 1934 futuro
3654 1894 3751 1933 re-

2149 1975 2444 2024 servantur
2492 1969 2726 2024 incerta.
2766 1970 2952 2023 Unum
3000 1973 3188 2022 autem
3231 1973 3468 2031 certum,
3499 1967 3747 2035 ﬁrmum,

2149 2057 2433 2124 stabile,et
2442 2063 2713 2129 perpetua
2725 2063 2944 2112 constat
2958 2057 3271 2112 aeternitate
3283 2055 3633 2110 immutabile
3645 2056 3753 2110 sci-

2154 2147 2287 2201 licet
2305 2148 2451 2218 quod
2473 2148 2622 2202 Deus
2638 2164 2715 2211 es,
2741 2147 2888 2217 quod
2935 2146 3290 2217 omnipotens
3310 2161 3387 2201 es.
3403 2145 3551 2217 quod
3570 2143 3754 2198 bonus

468 2239 687 2308 justum
717 2242 773 2291 et
802 2237 978 2309 pium,
1011 2235 1381 2307 omnibusque
1412 2234 1711 2290 virtutibus
1743 2236 2075 2291 mirabiliter
2156 2252 2237 2289 es.
2263 2237 2477 2306 Ergoin
2491 2236 2719 2291 nobiset
2739 2236 2808 2289 de
2826 2235 2987 2289 nobis
3008 2236 3153 2305 quod
3169 2234 3376 2288 bonum
3416 2242 3502 2288 est
3525 2233 3581 2287 in
3612 2248 3750 2287 con-

476 2332 805 2381 exornatum
834 2346 846 2393 ;
883 2342 1033 2380 nunc
1062 2330 1249 2379 autem
1282 2325 1434 2379 omni
1472 2325 1685 2379 honore
1712 2330 1767 2378 et
1803 2325 1984 2394 gloria
2013 2325 2072 2378 in
2154 2330 2347 2395 specta
2369 2325 2940 2389 tuo,clementissime
2952 2325 3138 2390 Pater,
3158 2324 3277 2385 ﬁat,
3296 2323 3426 2377 ﬁat!
3456 2321 3521 2376 In
3540 2321 3754 2375 ditione

476 2420 776 2485 conspectu
821 2426 918 2468 tuo
969 2413 1201 2466 miriﬁce
1248 2413 1635 2477 sublimatum,
1672 2412 1761 2467 ubi
1792 2413 1970 2484 magis
2009 2430 2075 2467 ac
2156 2414 2382 2484 quidem
2408 2421 2506 2468 tua
2534 2418 2731 2468 cuncta
2756 2420 2886 2467 sunt
2917 2413 3117 2483 posita,
3139 2418 3195 2466 et
3219 2428 3331 2465 non
3355 2416 3441 2466 est
3461 2411 3555 2483 qui
3573 2410 3754 2484 possit

478 2503 657 2573 magis
683 2502 1029 2573 gloriﬁcatur
1052 2507 1108 2556 et
1136 2502 1529 2571 magniﬁcetur
1551 2502 1807 2555 desidero
1833 2507 1891 2556 et
1918 2508 2069 2573 opto,
2156 2503 2420 2557 resistere
2449 2503 2719 2557 voluntati
2752 2508 2883 2557 tuae.
2935 2502 2994 2556 Si
3034 2502 3348 2556 decreveris
3378 2502 3595 2556 salvare
3625 2517 3750 2568 nos,

481 2597 557 2651 et,
583 2592 641 2645 in
665 2597 938 2662 quantum
959 2607 1299 2662 praesumere
1329 2590 1529 2654 audeo,
1555 2590 1917 2654 exoro.Quod
1945 2608 2071 2645 vero
2096 2591 2420 2680 Bcontinuo
2451 2591 2825 2645 liberabimur
2870 2608 2881 2643 :
2915 2606 2944 2644 a
2975 2607 3137 2660 CUJUS
3169 2589 3517 2645 liberationis
3542 2589 3754 2660 gratia,

478 2696 582 2752 per
609 2696 738 2734 eum
780 2680 994 2749 ingenti
1023 2678 1375 2742 necessitate,
1404 2683 1596 2731 tamen
1625 2694 1749 2732 cum
1781 2679 2073 2749 quantula-
2097 2677 2135 2680 ’⁷
2155 2696 2225 2733 ne
2251 2680 2551 2734 multitudo
2573 2696 2638 2734 ac
2668 2679 2995 2750 magnitudo
3012 2684 3365 2750 peccatorum
3397 2693 3647 2732 meorum
3674 2677 3754 2731 fa-

481 2785 700 2840 cunque
750 2769 860 2822 ﬁde
900 2784 1154 2837 exposco,
1190 2772 1253 2821 tu
1296 2767 1697 2837 benignissime
1726 2768 2071 2821 occultorum
2155 2768 2306 2821 ciant
2331 2774 2605 2822 extorrem
2638 2774 2695 2823 et
2718 2769 3030 2838 indignum,
3047 2768 3202 2838 jube,
3229 2767 3482 2828 Domine,
3508 2766 3758 2821 miserri-

483 2858 758 2929 cognitor,
816 2862 1073 2911 scrutans
1121 2856 1290 2910 corda
1328 2861 1386 2909 et
1427 2872 1590 2909 renes
1638 2857 1806 2915 Deus,
1845 2856 2075 2911 intende
2157 2873 2306 2909 mam
2361 2856 2604 2911 animam
2657 2873 2841 2911 meam
2899 2856 3214 2917 consolari,
3267 2856 3414 2927 quod
3471 2854 3755 2909 misereris

483 2950 756 3020 placatus,
783 2951 1063 3017 quatenus
1094 2945 1309 2999 meritis
1339 2950 1396 2999 et
1415 2945 1903 3001 intercessionibus
1932 2949 2074 3017 ejus,
2160 2945 2432 3011 omnium,
2460 2951 2516 2998 et
2542 2946 2677 2999 nihil
2702 2946 2870 2999 odisti
2916 2946 3167 3000 omnium
3215 2962 3338 3016 quae
3364 2944 3560 3009 fecisti,
3591 2942 3755 2997 dissi-

482 3039 847 3107 omniumque
886 3040 1207 3090 sanctorum
1269 3040 1517 3098 tuorum,
1578 3034 1830 3089 absolvas
1878 3052 1969 3090 me
2023 3041 2079 3090 et
2161 3034 2385 3087 mulans
2414 3040 2639 3105 peccata
2668 3034 2956 3088 hominum
2979 3040 3207 3105 propter
3229 3033 3755 3103 paenitentiamFac

484 3144 678 3182 omnes
706 3126 910 3183 fratres
938 3129 1161 3179 nostros
1184 3122 1254 3177 ab
1279 3123 1431 3176 omni
1472 3123 1691 3177 vinculo
1723 3124 2074 3190 delictorum,
2161 3138 2294 3191 ergo
2319 3139 2429 3185 me,
2459 3123 2715 3189 Domine,
2762 3123 3006 3178 fructum
3037 3122 3270 3193 dignum
3300 3121 3640 3193 paenitentiae
3670 3122 3753 3176 fa-

485 3222 544 3270 et
571 3217 756 3271 denuo
799 3221 917 3268 tam
969 3213 1150 3280 nobis,
1199 3229 1367 3284 quam
1414 3213 1694 3278 omnibus,
1725 3231 1827 3285 pro
1875 3215 2077 3286 quibus
2160 3227 2305 3265 cere.
2333 3212 2459 3274 Fac,
2484 3211 2752 3282 piissime,
2788 3218 2853 3266 ut
2897 3218 3198 3282 antequam
3242 3210 3299 3265 in
3344 3210 3754 3282 desperationis

484 3309 642 3358 tuam
668 3303 1025 3357 clementiam
1049 3301 1542 3360 exoramus,facias
1562 3304 1868 3357 secundum
1892 3305 2080 3359 multi-
2158 3298 2486 3354 barathrum
2510 3301 3082 3372 incidam,antequam
3102 3318 3191 3354 me
3212 3317 3362 3355 mors
3380 3305 3632 3370 occupet,
3654 3317 3753 3355 an-

481 3391 736 3445 tudinem
766 3390 1189 3444 miserationum
1203 3390 1592 3443 tuarum.Mihi
1610 3406 1832 3461 quoque
1851 3391 2077 3447 obsecro
2159 3394 2386 3459 tequam
2411 3390 2533 3443 dies
2561 3389 2764 3444 ultima
2802 3390 2941 3443 mihi
2970 3390 3187 3443 aditum
3212 3389 3568 3452 intercludat,
3591 3390 3664 3444 da
3686 3397 3753 3445 ut

486 3480 557 3534 de
604 3480 725 3550 ejus
768 3477 1261 3532 intercessionibus
1311 3483 1367 3531 et
1404 3478 1618 3533 meritis
1663 3478 1879 3545 donari,
1927 3482 2071 3551 quod
2160 3477 2754 3532 inveniatservustuus
2772 3495 2868 3532 cor
2886 3495 3050 3532 suum
3067 3478 3137 3532 ad
3159 3478 3296 3532 satis
3314 3478 3414 3532 tibi
3432 3478 3749 3533 faciendum

483 3572 635 3622 certe
663 3566 802 3620 meis
841 3582 951 3620 non
982 3582 1202 3619 mereor
1230 3565 1484 3635 adipisci.
1513 3566 1771 3621 videlicet
1799 3573 1863 3622 ut
1889 3569 1958 3622 de
1987 3569 2075 3623 di-
2158 3582 2259 3637 pro
2287 3566 2461 3621 tantis
2490 3573 2721 3638 tamque
2749 3566 3108 3621 horribilibus
3125 3583 3190 3621 ac
3216 3566 3472 3621 nefandis
3498 3567 3751 3621 crimini-

478 3656 714 3710 vinitate
729 3662 897 3725 atque
920 3654 1273 3708 humanitate
1291 3654 1776 3709 dilectissimiFilii
1797 3656 2077 3711 tuiDomi—
2162 3654 2285 3714 bus.
2321 3655 2522 3726 quibus
2557 3673 2646 3710 me
2689 3657 2960 3711 conﬁteor
2987 3657 3284 3711 obnoxium
3314 3657 3596 3727 majestati
3617 3662 3748 3724 tute,

484 3744 731 3799 ninostri
751 3745 779 3798 J
784 3761 879 3798 esu
904 3742 1110 3798 Christi
1129 3742 1185 3795 id
1198 3743 1636 3797 merearsentire
1649 3744 1796 3813 quod
1816 3745 1934 3815 ipse
1946 3763 2074 3800 sen-
2159 3750 2215 3798 et
2239 3762 2407 3815 quam
2429 3747 2891 3816 gravissime,heu
2911 3747 2922 3799 l
2945 3747 3057 3800 heu
3084 3747 3096 3799 ε
3131 3762 3297 3817 quam
3324 3745 3748 3801 damnabiliter!

481 3834 719 3899 sit,scire
742 3833 890 3904 quod
923 3832 1097 3887 scivit.
1130 3831 1445 3901 intelligere
1474 3833 1620 3902 quod
1648 3833 1936 3893 intellexit,
1961 3852 2077 3889 cre-
2099 3890 2138 3906 ﬂ
2160 3834 2267 3888 Sed
2297 3840 2377 3899 tu,
2407 3835 2841 3889 clementissime
2861 3841 2915 3889 et
2936 3834 3187 3906 piissime
3212 3833 3384 3900 Deus,
3402 3841 3658 3889 avertens
3675 3834 3754 3888 fa-

479 3890 613 3978 dere
643 3890 789 3994 quod
813 3921 1068 3981 credidit,
1098 3890 1345 3991 diligere
1364 3890 1511 3991 quod
1538 3890 1750 3989 dilexit,
1774 3890 2076 3993 praedicare
2095 3890 2295 3975 Cciem
2326 3890 2481 3976 tuam
2513 3922 2582 3976 ab
2613 3923 2698 3976 his
2725 3923 2910 3983 malis.
2937 3890 3057 3976 holi
3095 3939 3185 3976 me
3227 3890 3534 3977 secundum
3562 3928 3752 3977 actum

484 4014 652 4068 etiam
673 4013 888 4067 valeam
911 4012 1059 4083 quod
1081 4010 1287 4064 docuit.
1315 4010 1539 4068 Precor.
1568 4010 1823 4074 Domine,
1856 4019 1920 4067 ut
1941 4014 2075 4068 sub-
2158 4025 2344 4063 meum
2362 4011 2632 4081 judicare,
2657 4012 2755 4065 sed
2777 4012 3085 4065 clementer
3111 4010 3546 4065 satisfactionem
3568 4027 3748 4066 meam

479 4104 735 4157 veniente
782 4107 841 4156 et
887 4104 1249 4155 succurrente
1285 4115 1413 4153 cum
1456 4098 1793 4173 tuapietate
1821 4103 2076 4158 omnium
2159 4097 2695 4168 suscipiens,exaudi
2719 4115 2827 4164 me,
2849 4104 2915 4152 ut
2934 4099 3538 4170 velnuncpropeﬁnem
3563 4114 3749 4153 meum

484 4195 805 4245 sanctorum
836 4195 1062 4244 tuorum
1098 4185 1520 4258 supplicatione,
1550 4203 1674 4240 cum
1698 4187 1915 4243 sincera
1942 4191 2070 4257 ﬁde,

481 4294 607 4331 cum
633 4295 730 4348 spe
750 4293 1096 4343 secura,cum
1127 4276 1402 4330 charitate
1430 4291 1542 4328 non
1561 4275 1689 4329 ﬁcta
1713 4275 1972 4331 ultimum
1988 4296 2078 4333 va-

483 4364 629 4418 leam
664 4366 921 4436 spiritum
954 4367 1162 4420 efﬂare.
1195 4365 1304 4420 Sed
1336 4371 1394 4419 et
1416 4365 1565 4419 diem
1586 4365 1744 4419 illum
1772 4371 1829 4420 et
1854 4367 2070 4435 horam,

477 4454 830 4524 migrationis
850 4452 1111 4508 videlicet
1127 4454 1330 4508 animae
1358 4469 1498 4508 meae
1539 4453 1609 4508 de
1636 4471 1887 4525 corpore,
1924 4463 2074 4527 peto,

485 4541 743 4602 Domine,
794 4546 859 4595 ut
900 4557 1012 4594 non
1056 4542 1352 4611 permittas
1386 4556 1477 4595 me
1514 4542 1826 4612 pernicioso
1871 4544 2075 4600 timore

482 4629 732 4694 horrere,
765 4628 859 4682 sed
893 4628 972 4681 sic
992 4629 1177 4698 potius
1210 4628 1382 4683 facias
1416 4629 1618 4692 vivere,
1666 4635 1731 4684 ut
1771 4631 1909 4685 mihi
1939 4649 2071 4688 con-

483 4735 711 4790 gruum,
740 4723 797 4772 et
825 4718 1157 4788 proﬁcuum,
1185 4722 1243 4771 et
1276 4719 1416 4773 utile
1457 4719 1532 4772 sit
1575 4720 1715 4773 velle
1741 4720 1984 4786 dissolvi,
2019 4729 2075 4778 et

483 4825 612 4864 cum
643 4809 866 4863 Christo
881 4807 1266 4862 esse.Dissolvi
1296 4807 1443 4861 enim
1466 4813 1523 4862 et
1541 4825 1664 4862 cum
1688 4810 1911 4864 Christo
1931 4828 2071 4876 esse,

484 4904 636 4954 certe
674 4898 816 4952 nihil
863 4897 1084 4961 melius,
1118 4898 1258 4952 nihil
1301 4898 1619 4967 gloriosius,
1651 4899 1795 4953 nihil
1838 4901 2071 4968 felicius,

485 4988 627 5042 nihil
664 4986 990 5057 jucundius,
1031 4985 1170 5040 nihil
1218 4986 1622 5052 delectabilius,
1652 4987 1791 5041 nihil
1835 4989 2071 5056 dulcius,

2158 4201 2283 4239 cum
2311 4187 2428 4255 jam
2463 4187 2701 4241 multum
2731 4204 2843 4241 non
2882 4186 3237 4243 laboratur'us
3267 4205 3412 4251 sum,
3445 4189 3633 4242 omnia
3660 4189 3751 4243 in-

2157 4273 2369 4328 teriora
2396 4292 2522 4329 mea
2548 4277 2663 4331 tuis
2692 4276 2900 4330 sanctis
2931 4293 3043 4330 non
3072 4277 3354 4348 negligant
3386 4294 3567 4349 neque
3598 4278 3752 4332 diﬁ‘e-

2162 4380 2280 4416 ram
2306 4380 2577 4435 occupare
2607 4364 2910 4436 obsequiis.
2943 4365 3228 4432 lllumina,
3259 4383 3467 4438 quasso,
3491 4367 3746 4435 Domine,

2161 4459 2403 4507 mentem
2446 4471 2629 4507 meam
2659 4455 2728 4508 ad
2761 4454 3226 4525 investigandam,
3250 4460 3308 4509 et
3334 4455 3746 4527 inquirendam,

2159 4546 2216 4595 et
2250 4544 2607 4597 scrutandam
2658 4544 2913 4597 semitam
2960 4543 3355 4598 mandatorum
3398 4550 3647 4611 tuorum,
3687 4551 3752 4601 ut

2156 4631 2313 4685 nulla
2340 4632 2477 4686 mihi
2524 4633 2644 4703 jam
2675 4632 2996 4687 dominetur
3022 4632 3307 4702 iniquitas.
3342 4649 3523 4703 neque
3568 4634 3750 4704 possi—

2157 4720 2328 4775 deant
2348 4739 2438 4776 me
2466 4722 2679 4775 domini
2701 4721 2911 4792 absque
2934 4726 2992 4775 te
3016 4740 3026 4773 :
3051 4721 3147 4775 sed
3178 4727 3240 4775 tu
3270 4721 3557 4792 possideas
3586 4739 3746 4793 rogo,

2156 4815 2219 4863 tu
2249 4810 2555 4864 domineris
2584 4811 2715 4863 mei.
2756 4811 2893 4864 Peto
2922 4817 3003 4876 tu,
3039 4794 3455 4880 benignissime,
3495 4809 3632 4865 doce
3661 4829 3751 4866 me

2157 4899 2340 4953 facere
2363 4900 2706 4953 voluntatem
2736 4904 2919 4968 tuam,
2953 4899 3086 4970 quia
3125 4905 3189 4953 tu
3219 4915 3279 4952 es
3306 4899 3576 4953 Dominus
3600 4901 3750 4956 Deus

2160 5004 2338 5052 meus,
2370 4994 2426 5041 et
2456 5005 2557 5058 ego
2584 5005 2777 5041 servus
2800 4995 2929 5041 tuus
2960 4993 3017 5042 et
3046 4987 3195 5042 ﬁlius
3223 4987 3437 5042 ancillae
3456 4994 3583 5043 tute.
3627 4987 3752 5043 Fiat

485 5076 624 5132 nihil
654 5077 901 5141 suavius,
918 5075 1058 5129 nihil
1076 5075 1391 5139 amabilius,
1412 5075 1554 5129 nihil
1584 5076 1902 5147 Optabilius,
1936 5079 2076 5133 nihil
2158 5077 2333 5148 igitur
2361 5095 2511 5132 nunc
2556 5078 2715 5144 mihi,
2761 5078 3015 5141 Domine,
3049 5094 3149 5147 per
3183 5077 3429 5147 gratiam
3463 5083 3640 5137 tuam,
3667 5083 3747 5145 ut,

483 5165 934 5220 desiderabilius.
957 5165 1168 5218 Tamen
1191 5165 1237 5218 si
1259 5163 1441 5218 adhuc
1464 5181 1795 5235 permanere
1826 5165 1882 5218 in
1911 5183 2077 5220 carne
2159 5166 2414 5221 abdicata
2438 5167 2590 5221 omni
2616 5167 2997 5220 dominatione
3019 5166 3300 5232 vitiorum,
3327 5183 3438 5221 non
3467 5166 3744 5238 superbia,

478 5260 709 5327 propter
736 5270 1097 5325 quoscunque
1120 5253 1495 5308 necessarium
1527 5258 1629 5319 est,
1680 5253 1812 5323 quid
1855 5254 2034 5308 dicam
2052 5256 2076 5310 ?
2094 5285 2137 5342 Β
2160 5273 2273 5310 non
2303 5256 2557 5320 avaritia,
2590 5272 2700 5310 non
2732 5256 3089 5321 luxuria,non
3122 5255 3218 5309 ille
3237 5255 3489 5309 omnium
3518 5255 3753 5326 iniquis-

482 5344 646 5397 Certe
675 5342 927 5412 quamvis
949 5347 1246 5413 torquente
1263 5342 1603 5396 conscientia
1622 5341 1781 5395 valde
1802 5341 1904 5395 sibi
1927 5343 2073 5397 male
2110 5341 2120 5342 ί
2159 5346 2431 5400 simorum
2458 5344 2861 5415 iniquissimus,
2882 5344 3130 5397 omnium
3162 5344 3632 5414 nequissimorum
3648 5361 3747 5399 ne-

482 5431 1132 5495 conscia,dicam,Pater,
1162 5431 1373 5485 dicam:
1398 5430 1793 5485 Fiatvoluntas
1821 5430 1958 5485 tua!
1990 5431 2074 5485 Tu
2156 5435 2479 5505 quissimus,
2510 5433 2840 5503 impiissima
2869 5433 3223 5496 crudelitate,
3265 5439 3322 5486 et
3362 5433 3750 5488 crudelissima

483 5521 632 5575 enim
667 5520 763 5589 qui
791 5521 939 5575 nosti
966 5521 1133 5575 etiam
1178 5521 1321 5575 bene
1358 5520 1441 5575 uti
1483 5519 1665 5586 malis,
1692 5525 1755 5573 tu
1784 5520 1936 5573 solus
1966 5521 2074 5574 scis
2155 5520 3752 5593 importunitateintolerabilis,pessimusblasphemiaaspi-

483 5623 657 5677 quare
693 5608 798 5662 hoc
849 5609 1049 5675 fecisti,
1098 5610 1311 5664 habens
1365 5614 1701 5681 potestatem
1758 5625 1824 5663 ex
1869 5609 2067 5662 eadem
2148 5610 2312 5672 ritus,
2346 5627 2457 5664 non
2486 5611 2602 5663 ulla
2631 5610 2891 5663 vitiorum
2911 5610 3082 5680 pestis
3102 5610 3544 5665 valeatmentem
3561 5627 3743 5666 meam

476 5695 585 5752 luti
622 5711 817 5756 massa
847 5697 997 5753 aliud
1048 5715 1145 5754 vas
1188 5699 1373 5755 facere
1399 5699 1458 5758 in
1505 5700 1796 5767 honorem,
1826 5698 1979 5753 aliud
2008 5698 2068 5754 in
2150 5699 2266 5755 ullo
2290 5699 2456 5754 modo
2487 5699 2743 5767 evellere,
2773 5705 2873 5755 aut
2890 5704 3143 5754 avertere
3170 5715 3206 5753 a
3228 5699 3435 5755 ﬁducia
3458 5700 3747 5757 immensas
