3964 6382
452 436 559 498 887
1486 436 1543 491 S.
1588 434 1982 492 GUILLELMI
2019 430 2324 490 ABBATIS
2362 428 2701 486 HIRSAUG.

1147 691 1665 793 ORATIO
1762 690 2210 786 DOMNI
2304 685 3057 784 GUILLELMI

849 896 924 957 In
975 895 1522 957 commemoratione
1577 894 1649 955 S.
1700 894 2040 973 Augustini
2089 901 2229 953 ante
2282 889 2777 952 consecrationem
2833 888 3021 949 missae
3070 884 3345 948 dicenda.

1713 1073 1973 1146 (MABILL.
2005 1075 2251 1128 Analect.
2282 1087 2340 1143 p.
2365 1067 2512 1141 460.)

540 1356 842 1419 Memento,
891 1352 1128 1408 Domine
1152 1395 1164 1417 ,
1211 1352 1415 1407 animm
1464 1352 1662 1407 famuli
1698 1354 1784 1407 tui
1824 1351 2576 1417 Patricii,Acontumeliam,
2613 1350 2878 1421 potestati
2914 1355 3025 1404 tuae
3056 1349 3281 1405 nemine
3306 1349 3622 1417 resistente,
3645 1365 3744 1404 ne-

475 1450 534 1499 et
559 1445 785 1499 famulae
815 1448 924 1498 tum
946 1441 1179 1498 Monicae
1224 1459 1235 1493 :
1270 1446 1328 1494 et
1357 1441 1402 1494 si
1429 1442 1557 1512 quid
1603 1459 1702 1513 pro
1741 1444 1925 1497 anima
1972 1437 2071 1495 ﬁlii

470 1534 723 1603 ipsorum
752 1531 965 1587 domini
992 1531 1104 1584 mei
1132 1530 1450 1601 Augustini,
1479 1530 1823 1585 dilectissimi
1853 1529 2071 1585 confes-

472 1623 615 1676 soris
652 1622 757 1686 tui,
799 1620 939 1675 mihi
989 1619 1195 1673 misero
1241 1619 1518 1689 peccatori
1570 1620 1701 1674 licet
1746 1620 1834 1674 vel
1870 1619 2070 1674 intimo

473 1711 657 1764 cordis
698 1710 900 1764 affectu
944 1708 1283 1773 desiderare,
1331 1707 1547 1762 utinam
1589 1724 1701 1763 non
1750 1707 2071 1762 omnimodo

472 1797 751 1852 inutiliter
781 1798 903 1869 ipsa
932 1797 1034 1851 tibi
1058 1812 1184 1850 mea
1211 1797 1477 1867 loquatur
1503 1797 1780 1851 voluntas.
1808 1797 1933 1851 Scio
1953 1795 2072 1867 qui-

476 1887 627 1954 dem,
659 1886 918 1953 Domine,
947 1892 1004 1939 et
1036 1902 1137 1956 pro
1160 1889 1312 1939 certo
1341 1901 1581 1955 agnosco
1622 1902 1743 1939 esse
1765 1902 1854 1939 me
1873 1901 2072 1957 pecca-

475 1980 678 2043 torem,
710 1981 769 2030 et
794 1975 1259 2041 infelicissimum,
1292 1984 1349 2028 et
1375 1974 1591 2029 cunctis
1616 1974 1943 2029 criminibus
1970 1975 2070 2029 ob-

476 2066 706 2120 noxium
737 2069 906 2135 atque
931 2063 1223 2117 immensis
1267 2063 1567 2117 sceleribus
1605 2063 2066 2134 coinquinatum;

475 2153 635 2208 illum
665 2159 854 2207 autem
891 2152 1067 2207 fuisse
1096 2152 1152 2206 in
1196 2152 1301 2205 hac
1333 2152 1597 2223 praesenti
1643 2151 1757 2205 vita
1794 2160 2072 2218 sanctum,

2154 1439 2307 1494 mine
2354 1440 2705 1511 prohibente,
2739 1438 2964 1492 nemine
3008 1438 3443 1494 contradicente.
3485 1440 3555 1495 Et
3608 1437 3744 1510 quid

2153 1529 2534 1583 contradicere
2548 1533 2733 1600 potest
2742 1533 3001 1582 creatura
3020 1528 3298 1592 Creaturi,
3316 1527 3529 1582 factura
3544 1528 3747 1581 Facto-

2153 1616 2227 1671 ri?
2242 1618 2507 1687 Nunquid
2529 1618 2666 1672 dicit
2696 1618 3028 1687 ﬁgmentum
3057 1615 3108 1670 ei
3130 1617 3226 1687 qui
3246 1633 3307 1670 se
3323 1615 3481 1669 ﬁnxit
3513 1634 3524 1669 :
3561 1616 3748 1679 Quare

2153 1722 2243 1760 me
2273 1707 2351 1761 sic
2379 1707 2624 1761 ﬁnxisti?
2645 1706 2863 1777 Quippe
2886 1706 2977 1759 cui
2997 1704 3077 1758 vis
3094 1704 3460 1766 misereris,et
3479 1720 3644 1775 quem
3668 1703 3750 1757 vis

2151 1796 2403 1851 induras.
2437 1797 2790 1868 Quapropter
2831 1796 3013 1852 nescit
3056 1796 3226 1849 homo
3268 1794 3522 1849 mortalis
3551 1799 3744 1849 utrum

2153 1885 2305 1950 odio,
2338 1902 2410 1940 an
2439 1903 2633 1940 amore
2655 1886 2861 1956 dignus
2889 1885 2982 1951 sit,
3010 1884 3107 1939 sed
3140 1884 3327 1939 omnia
3356 1884 3414 1938 in
3442 1883 3631 1939 futuro
3658 1899 3752 1938 re-

2152 1980 2447 2028 servantur
2495 1974 2728 2029 incerta.
2769 1975 2955 2029 Unum
3003 1978 3190 2027 autem
3234 1977 3472 2037 certum,
3502 1972 3748 2040 ﬁrmum,

2152 2061 2436 2129 stabile,et
2445 2068 2715 2134 perpetua
2728 2067 2947 2117 constat
2961 2061 3274 2116 aeternitate
3285 2059 3637 2115 immutabile
3649 2061 3755 2115 sci-

2157 2152 2290 2206 licet
2309 2153 2453 2223 quod
2476 2153 2625 2206 Deus
2641 2169 2718 2216 es,
2744 2151 2891 2222 quod
2937 2150 3292 2222 omnipotens
3313 2167 3389 2206 es.
3406 2150 3555 2221 quod
3574 2149 3755 2203 bonus

471 2243 691 2314 justum
721 2246 776 2296 et
805 2241 981 2313 pium,
1014 2240 1384 2311 omnibusque
1416 2239 1714 2294 virtutibus
1746 2240 2078 2295 mirabiliter
2159 2256 2240 2294 es.
2267 2241 2481 2311 Ergoin
2495 2240 2722 2295 nobiset
2742 2241 2811 2294 de
2829 2240 2990 2294 nobis
3010 2240 3157 2310 quod
3172 2239 3379 2293 bonum
3419 2238 3584 2293 estin
3615 2254 3751 2292 con-

479 2336 808 2386 exornatum
837 2350 849 2398 ;
886 2346 1037 2384 nunc
1065 2335 1252 2383 autem
1285 2330 1436 2382 omni
1474 2330 1687 2383 honore
1715 2334 1770 2383 et
1806 2330 1987 2399 gloria
2016 2329 2075 2383 in
2157 2334 2350 2400 spectu
2371 2336 2489 2395 tuo,
2507 2330 2943 2383 clementissime
2955 2330 3141 2394 Pater,
3160 2329 3279 2390 fiat,
3298 2328 3428 2382 ﬁat!
3458 2327 3523 2381 In
3543 2326 3756 2381 ditione

479 2424 779 2490 conspectu
823 2431 921 2472 tuo
972 2418 1204 2471 miriﬁce
1252 2417 1637 2481 sublimatum,
1674 2417 1764 2471 ubi
1794 2418 1973 2488 magis
2012 2434 2077 2472 ac
2158 2419 2384 2489 quidem
2411 2426 2508 2472 tua
2536 2424 2733 2473 cuncta
2758 2424 2889 2472 sunt
2920 2417 3120 2488 posita,
3141 2423 3198 2471 et
3222 2434 3334 2470 non
3357 2422 3444 2471 est
3464 2417 3558 2488 qui
3576 2415 3759 2489 possit

481 2508 661 2578 magis
686 2507 1033 2578 gloriﬁcetur
1055 2512 1111 2561 et
1138 2506 1531 2576 magniﬁcetur
1553 2507 1810 2560 desidero
1836 2512 1893 2560 et
1921 2512 2071 2578 opto,
2159 2509 2423 2561 resistere
2451 2507 2722 2561 voluntati
2755 2514 2885 2562 tuae.
2938 2507 2996 2561 Si
3037 2507 3351 2561 decreveris
3381 2507 3598 2561 salvare
3628 2522 3754 2573 nos,

484 2602 560 2656 et,
586 2597 644 2651 in
668 2602 941 2667 quantum
961 2612 1301 2667 praesumere
1331 2594 1531 2658 audeo,
1557 2594 1918 2658 exoro.Quod
1948 2612 2074 2650 vero
2099 2596 2422 2667 “continuo
2453 2595 2828 2650 liberabimur
2873 2613 2883 2647 :
2916 2612 2946 2649 a
2978 2612 3140 2665 enjus
3172 2594 3519 2650 liberationis
3546 2594 3758 2665 gratia,

481 2701 585 2757 per
613 2702 741 2739 eum
782 2685 996 2755 ingenti
1024 2685 1376 2746 necessitate,
1407 2688 1597 2737 tamen
1626 2699 1750 2737 cum
1782 2684 2076 2754 quantula-
2099 2683 2135 2685 ”
2158 2701 2228 2738 ne
2253 2685 2553 2739 multitudo
2576 2701 2641 2738 ac
2670 2684 2997 2755 magnitudo
3014 2690 3367 2755 peccatorum
3400 2698 3650 2738 meorum
3678 2683 3758 2737 fa-

484 2790 703 2845 cunque
752 2774 862 2827 ﬁde
902 2789 1157 2843 exposco,
1192 2778 1255 2826 tu
1299 2772 1698 2842 benignissime
1728 2773 2073 2826 occultorum
2157 2773 2308 2826 ciant
2333 2779 2607 2827 extorrem
2640 2779 2697 2828 et
2720 2773 3033 2843 indignum,
3049 2773 3204 2842 jube,
3230 2773 3484 2834 Domine,
3511 2771 3763 2826 miserri-

487 2863 761 2934 cognitor,
819 2866 1075 2916 scrutans
1122 2861 1292 2915 corda
1330 2867 1388 2914 et
1428 2877 1592 2915 renes
1639 2862 1809 2921 Deus,
1846 2860 2077 2916 intende
2160 2877 2308 2914 mam
2363 2861 2607 2916 animam
2659 2878 2844 2916 meam
2902 2862 3217 2921 consolari,
3269 2862 3417 2932 quod
3473 2860 3760 2915 misereris

486 2954 758 3025 placatus,
786 2957 1065 3022 quatenus
1096 2950 1311 3005 meritis
1342 2951 1905 3006 etintercessionibus
1934 2954 2076 3023 ejus,
2163 2950 2434 3015 omnium,
2463 2956 2519 3003 et
2544 2950 2681 3004 nihil
2705 2950 2872 3004 odisti
2918 2951 3170 3005 omnium
3217 2967 3339 3022 quae
3366 2949 3563 3015 fecisti,
3594 2947 3760 3003 dissi-

486 3043 849 3113 omniumque
889 3045 1209 3095 sanctorum
1272 3045 1520 3103 tuorum,
1580 3038 1832 3094 absolvas
1880 3057 1971 3095 me
2024 3048 2081 3095 et
2162 3039 2387 3093 mulans
2417 3045 2642 3109 peccata
2671 3039 2959 3093 hominum
2982 3044 3209 3110 propter
3231 3037 3761 3109 poenitentiam.Fac

487 3149 681 3187 omnes
709 3131 912 3187 fratres
940 3134 1164 3183 nostros
1187 3127 1256 3182 ab
1282 3128 1434 3181 omni
1474 3128 1693 3181 vinculo
1725 3129 2076 3195 delictorum,
2163 3143 2296 3196 ergo
2322 3144 2430 3189 me,
2461 3127 2717 3194 Domine,
2764 3128 3008 3182 fructum
3039 3127 3272 3198 dignum
3302 3126 3643 3198 poenitentia:
3673 3128 3760 3182 fa-

487 3227 547 3276 et
573 3223 758 3276 denuo
802 3226 920 3273 tam
971 3218 1153 3284 nobis,
1202 3233 1370 3288 quam
1416 3217 1696 3283 omnibus,
1727 3236 1829 3289 pro
1877 3220 2079 3290 quibus
2162 3231 2307 3269 cere.
2335 3216 2461 3279 Fac,
2487 3216 2755 3287 piissime,
2790 3222 2856 3271 ut
2899 3223 3201 3286 antequam
3243 3215 3301 3269 in
3347 3216 3761 3286 desperationis

486 3315 643 3365 tuam
670 3307 1027 3362 clementiam
1051 3305 1545 3364 exoramus.facias
1565 3308 1870 3361 secundum
1896 3309 2082 3363 multi-
2160 3304 2489 3358 barathrum
2513 3305 3084 3377 incidam,antequam
3105 3322 3194 3359 me
3215 3322 3364 3359 mors
3382 3310 3635 3376 occupet,
3657 3322 3760 3361 an-

482 3397 738 3451 tudinem
768 3394 1191 3449 miserationum
1206 3394 1594 3448 tuarum.Mihi
1612 3411 1834 3465 quoque
1853 3395 2079 3451 obsecro
2161 3398 2388 3463 tequam
2413 3394 2535 3448 dies
2563 3394 2767 3448 ultima
2804 3394 2944 3447 mihi
2974 3394 3190 3448 aditum
3216 3393 3571 3456 intercludat,
3594 3395 3668 3449 da
3691 3402 3761 3450 ut

488 3486 559 3540 de
605 3486 727 3555 ejus
771 3481 1263 3537 intercessionibus
1313 3487 1369 3536 et
1406 3482 1620 3537 meritis
1664 3483 1881 3549 donari,
1929 3485 2072 3555 quod
2163 3482 2756 3537 inveniatservustuus
2774 3500 2870 3537 cor
2889 3500 3052 3536 suum
3071 3482 3139 3536 ad
3162 3483 3299 3536 satis
3316 3482 3417 3537 tibi
3435 3483 3757 3539 faciendum

484 3577 637 3628 certe
664 3572 804 3626 meis
842 3588 953 3625 non
983 3587 1204 3624 mereor
1232 3570 1487 3641 adipisci,
1516 3571 1774 3625 videlicet
1801 3577 1864 3626 ut
1891 3573 1960 3627 de
1990 3574 2076 3627 di-
2160 3587 2261 3642 pro
2289 3572 2463 3626 tantis
2492 3578 2723 3643 tamque
2752 3570 3111 3625 horribilibus
3127 3588 3192 3625 ac
3219 3570 3475 3626 nefandis
3500 3572 3760 3627 crimini-

480 3661 716 3716 vinitate
730 3666 899 3731 atque
921 3659 1275 3714 humanitate
1293 3659 1778 3713 dilectissimiFilii
1798 3661 1881 3715 tui
1894 3661 2079 3716 Domi-
2164 3659 2288 3719 bus,
2324 3660 2525 3731 quibus
2559 3678 2648 3715 me
2691 3662 2963 3716 confiteor
2989 3660 3287 3716 obnoxium
3316 3662 3599 3732 majestati
3620 3667 3757 3730 tuae,

486 3749 733 3805 ninostri
752 3751 780 3803 J
786 3766 881 3803 esu
905 3748 1113 3803 Christi
1131 3748 1187 3801 id
1200 3748 1638 3801 merearsentire
1651 3749 1799 3818 quod
1818 3749 1936 3820 ipse
1948 3768 2077 3805 sen-
2162 3755 2218 3803 et
2242 3767 2410 3821 quam
2430 3751 2924 3822 gravissime,heu!
2948 3751 3061 3805 heu
3087 3752 3099 3805 !
3133 3768 3300 3822 quam
3327 3750 3756 3806 damnabiliter!

484 3838 721 3905 sit,scire
745 3839 893 3909 quod
925 3838 1099 3892 scivit.
1132 3836 1447 3907 intelligere
1476 3838 1621 3908 quod
1649 3838 1938 3898 intellexit.
1963 3857 2078 3895 cre-
2101 3895 2140 3911 η
2162 3839 2268 3893 Sed
2299 3844 2379 3902 tu,
2408 3839 2843 3894 clementissime
2864 3846 2917 3894 et
2940 3839 3189 3911 piissime
3214 3838 3386 3906 Deus,
3405 3846 3661 3894 avertens
3679 3840 3763 3894 fa-

481 3930 614 3983 dere
645 3929 790 4000 quod
815 3927 1070 3987 credidit,
1100 3926 1335 3997 diligere
1366 3926 1513 3996 quod
1539 3926 1752 3994 dilexit,
1775 3929 2077 3998 praedicare
2098 3926 2297 3980 Uciem
2328 3933 2483 3981 tuam
2516 3927 2585 3981 ab
2615 3928 2700 3981 his
2727 3929 2913 3989 malis,
2945 3927 3059 3981 noli
3098 3944 3188 3982 me
3230 3928 3537 3982 secundum
3565 3933 3761 3983 actum

485 4019 655 4074 etiam
675 4019 888 4073 valeam
913 4016 1062 4088 quod
1083 4016 1289 4070 docuit.
1318 4016 1541 4072 Precor.
1570 4015 1825 4080 Domine,
1858 4024 1922 4072 ut
1943 4020 2076 4073 sub-
2160 4029 2346 4068 meum
2364 4015 2634 4085 judicare,
2660 4016 2755 4069 sed
2780 4016 3087 4070 clementer
3114 4015 3549 4070 satisfactionem
3570 4032 3757 4072 meam

481 4109 737 4163 veniente
785 4113 843 4161 et
888 4109 1251 4161 succurrente
1287 4121 1414 4158 cum
1459 4104 1795 4179 tua'pietate
1823 4108 2078 4163 omnium
2161 4102 2697 4173 SUSCiPienS,e-‘(audi
2722 4119 2829 4168 me,
2852 4109 2918 4157 ut
2935 4104 3541 4175 velnuncpl‘opeﬁnem
3565 4120 3758 4159 meum

485 4202 807 4251 sanctorum
838 4200 1065 4249 tuorum
1100 4191 1523 4263 supplicatione,
1552 4209 1676 4245 cum
1700 4193 1917 4248 sincera
1944 4196 2072 4262 ﬁde,
2160 4205 2285 4244 cum
2313 4191 2431 4260 jam
2464 4191 2704 4246 multum
2734 4208 2847 4245 non
2884 4191 3240 4247 laboratur'us
3270 4210 3415 4257 sum,
3447 4194 3636 4248 omnia
3664 4194 3759 4249 in-

482 4300 608 4338 cum
634 4301 731 4355 spe
752 4298 1097 4347 secura,cum
1130 4281 1404 4336 charitatc
1433 4296 1544 4333 non
1562 4280 1692 4333 ﬁcta
1716 4280 1974 4336 ultimum
1991 4301 2081 4337 va-
2159 4278 2371 4332 teriora
2397 4296 2523 4333 mea
2551 4280 2665 4334 tuis
2695 4281 2903 4335 sanctis
2934 4299 3046 4335 non
3075 4282 3356 4352 negligam
3388 4299 3570 4354 neque
3601 4283 3760 4339 diffe-

484 4371 630 4425 leam
665 4372 922 4442 spiritum
956 4372 1165 4424 efﬂare.
1197 4370 1306 4424 Sed
1339 4375 1396 4423 et
1419 4370 1567 4423 diem
1588 4370 1746 4423 illum
1774 4377 1831 4425 et
1857 4371 2072 4439 horam,
2164 4384 2282 4420 ram
2308 4385 2579 4440 occupare
2609 4369 2912 4441 obsequiis.
2946 4370 3231 4437 Illumina,
3262 4388 3470 4442 quaeso,
3494 4372 3753 4440 Domine,

478 4460 831 4530 migrationis
851 4458 1113 4513 videlicet
1128 4458 1333 4512 animae
1361 4475 1500 4512 meae
1541 4458 1611 4512 de
1639 4475 1888 4530 corpore,
1927 4468 2076 4532 peto,
2162 4463 2406 4511 mentem
2448 4475 2631 4512 meam
2661 4459 2731 4513 ad
2764 4459 3229 4530 investigandam,
3253 4464 3311 4514 et
3337 4459 3753 4532 inquirendam,

486 4548 744 4609 Domine,
794 4552 861 4601 ut
900 4562 1013 4600 non
1058 4546 1354 4616 permittas
1388 4561 1480 4599 me
1516 4546 1828 4617 pernicioso
1874 4549 2078 4604 timore
2160 4551 2218 4600 et
2252 4549 2610 4602 scrutandam
2660 4548 2915 4602 semitam
2962 4548 3357 4603 mandatorum
3400 4554 3650 4616 tuorum,
3691 4556 3759 4606 ut

484 4636 733 4701 horrere,
765 4635 860 4689 sed
894 4635 973 4688 sic
993 4634 1179 4705 potius
1213 4633 1384 4688 facias
1418 4634 1620 4699 vivere,
1667 4640 1733 4690 ut
1773 4637 1911 4690 mihi
1941 4655 2073 4692 con-
2157 4635 2315 4690 nulla
2342 4637 2479 4690 mihi
2526 4638 2646 4707 jam
2678 4636 2999 4691 dominetur
3024 4637 3310 4708 iniquitas.
3344 4654 3526 4708 neque
3571 4640 3755 4709 possi—

485 4741 712 4796 gruum,
741 4730 798 4779 et
825 4725 1158 4795 proficuum,
1187 4729 1245 4778 et
1278 4725 1418 4779 utile
1458 4725 1534 4778 sit
1577 4726 1717 4780 velle
1742 4726 1985 4792 dissolvi,
2021 4734 2077 4782 et
2159 4724 2331 4780 deant
2350 4743 2440 4780 me
2469 4726 2681 4780 domini
2703 4726 2913 4796 absque
2937 4730 2994 4779 te
3018 4744 3029 4779 ε
3054 4726 3149 4780 sed
3181 4731 3243 4780 tu
3272 4726 3560 4807 possideas
3588 4744 3752 4798 rogo,

484 4832 613 4870 cum
643 4815 868 4869 Christo
882 4815 1266 4869 esse.Dissolvi
1297 4814 1444 4869 enim
1467 4820 1524 4869 et
1542 4831 1666 4869 cum
1689 4816 1911 4870 Christo
1932 4833 2073 4881 esse,

485 4911 637 4959 certe
676 4905 817 4959 nihil
864 4904 1086 4968 melius,
1118 4906 1259 4959 nihil
1301 4906 1619 4975 gloriosius,
1653 4905 1796 4958 nihil
1839 4906 2073 4973 felicius,

486 4994 629 5048 nihil
665 4993 991 5063 jucundius,
1032 4993 1171 5048 nihil
1218 4994 1623 5059 delectabilius,
1653 4993 1793 5047 nihil
1836 4993 2073 5060 dulcius,

2158 4819 2222 4869 tu
2251 4815 2557 4869 domineris
2586 4816 2717 4869 mei.
2758 4815 2896 4869 Peto
2923 4821 3005 4879 tu,
3043 4814 3457 4885 benignissime,
3497 4815 3635 4870 doce
3664 4834 3756 4872 me

2160 4904 2343 4957 facere
2365 4904 2707 4958 voluntatem
2738 4908 2921 4973 tuam,
2956 4905 3088 4975 quia
3127 4910 3190 4958 tu
3222 4920 3281 4958 es
3307 4903 3578 4958 Dominus
3602 4906 3755 4960 Deus

2161 5009 2339 5057 meus,
2373 4999 2429 5046 et
2458 5009 2559 5063 ego
2587 5009 2779 5046 servus
2802 5000 2931 5047 tuus
2962 4999 3020 5048 et
3048 4993 3197 5047 ﬁlius
3225 4993 3438 5048 ancillae
3458 4999 3585 5049 tuae.
3629 4993 3757 5049 Fiat

486 5083 626 5138 nihil
656 5083 1059 5148 suavius,nihil
1076 5082 1392 5147 amabilius,
1413 5083 1554 5136 nihil
1585 5082 1904 5153 optabilius,
1937 5083 2078 5138 nihil
2160 5082 2336 5154 igitur
2363 5100 2512 5137 nunc
2558 5083 2717 5147 mihi,
2763 5083 3018 5145 Domine,
3051 5099 3151 5153 per
3185 5082 3430 5153 gratiam
3465 5089 3642 5143 tuam,
3670 5088 3750 5150 ut,

483 5171 934 5226 desiderabilius.
957 5173 1169 5226 Tamen
1192 5172 1238 5224 si
1260 5170 1441 5224 adhuc
1466 5186 1796 5240 permanere
1827 5170 1883 5224 in
1912 5188 2078 5225 carne
2161 5172 2416 5227 abdicata
2440 5171 2592 5225 omni
2618 5171 3000 5225 dominatione
3022 5172 3301 5238 vitiorum,
3328 5189 3440 5226 non
3468 5171 3747 5243 superbia,

479 5266 710 5333 propter
737 5276 1099 5331 quoscunque
1120 5258 1496 5313 necessarium
1528 5264 1630 5324 est,
1681 5259 1815 5328 quid
1856 5260 2035 5313 dicam
2053 5261 2078 5315 ?
2096 5290 2139 5348 Β
2162 5277 2275 5315 non
2304 5260 2559 5325 avaritia,
2591 5277 2702 5315 non
2733 5260 3091 5325 luxuria,non
3124 5261 3220 5314 ille
3239 5261 3491 5314 omnium
3520 5261 3756 5331 iniquis-

482 5350 648 5404 Certe
676 5348 929 5419 quamvis
950 5353 1248 5418 torquente
1265 5347 1605 5401 conscientia
1623 5347 1781 5400 valde
1802 5347 1906 5401 sibi
1929 5348 2074 5402 male
2113 5347 2119 5348 ⁷
2161 5351 2433 5405 simorum
2459 5349 2864 5420 iniquissimus,
2884 5348 3132 5402 omnium
3164 5350 3634 5420 nequissimorum
3650 5367 3750 5405 nc-

482 5436 929 5500 conscia,dicam,
948 5437 1133 5500 Pater,
1164 5435 1375 5490 dicam:
1400 5435 1795 5490 Fiatvoluntas
1823 5437 1959 5490 tua!
1992 5437 2075 5491 Tu
2158 5440 2481 5511 quissimus,
2511 5439 2842 5508 impiissima
2872 5437 3225 5501 crudelitate,
3267 5445 3324 5492 et
3365 5438 3752 5494 crudelissima

484 5526 634 5579 enim
668 5526 764 5595 qui
793 5527 941 5580 nosti
967 5526 1135 5580 etiam
1180 5525 1323 5580 bene
1361 5524 1441 5580 uti
1485 5524 1667 5589 malis,
1693 5531 1756 5579 tu
1787 5526 1938 5579 solus
1968 5526 2075 5580 scis
2156 5525 3754 5598 importunitateintolerabilis,pessimusblasphemiaaspi-

485 5628 659 5681 quare
694 5613 800 5667 hoc
851 5615 1051 5680 fecisti,
1100 5615 1313 5670 habens
1366 5619 1702 5686 potestatem
1759 5630 1826 5667 ex
1870 5614 2069 5668 eadem
2150 5616 2314 5681 ritus,
2348 5632 2461 5669 non
2488 5616 2603 5668 ulla
2632 5614 2894 5667 vitiorum
2914 5615 3084 5684 pestis
3104 5615 3546 5670 valeatmentem
3563 5632 3745 5669 meam

479 5699 588 5755 luti
626 5715 820 5759 massa
849 5702 1000 5757 aliud
1050 5720 1147 5759 vas
1189 5705 1375 5759 facere
1401 5704 1460 5764 in
1507 5704 1797 5771 honorem,
1828 5703 1981 5758 aliud
2010 5704 2071 5760 in
2151 5705 2268 5761 ullo
2292 5705 2458 5760 modo
2489 5704 2744 5771 evellere,
2775 5709 2875 5759 aut
2892 5709 3145 5758 avertere
3172 5720 3208 5758 a
3230 5704 3436 5760 ﬁducia
3459 5704 3748 5760 immensae
