3964 6352
170 415 283 478 889

1310 419 1501 477 VITA.
1544 446 1609 461 -—
1649 415 1952 475 OBSERV.
1995 414 2322 472 PRIEVIE.

159 540 432 602 bonitatis
457 548 588 601 tute.
611 545 821 600 Verum
850 544 920 600 de
949 544 1329 600 immensitate
1357 543 1769 598 misericordia-
1784 546 1834 604 Α
1851 548 1937 598 tes
1965 547 2094 597 tuas
2139 546 2370 613 propter
2398 556 2506 606 me,
2553 543 2607 594 et
2663 541 3018 610 peccatorum
3061 541 3286 592 tuorum
3333 553 3447 592 non

160 651 291 690 rum
319 641 551 690 tuarum
581 635 731 689 ﬁdeli
767 636 1102 690 confidentia
1131 635 1446 698 roboratus,
1493 650 1680 704 quaeso
1709 639 1771 687 ut

162 727 404 780 audeam
421 725 492 780 de
509 730 567 779 te
587 724 838 779 securius
852 724 1062 778 dicere:
1081 744 1106 775 (ι
1125 725 1278 779 Tuus
1291 739 1413 777 sum
1427 739 1550 792 ego,
1571 742 1596 774 »
1615 721 1696 775 ita
1709 727 1773 776 ut

165 821 228 869 tu
252 831 341 868 me
370 829 679 883 agnoscens
696 813 1010 866 membrum
1032 813 1181 866 illius
1201 811 1378 866 sancti
1397 810 1645 882 corporis
1663 810 1766 872 tui,

165 903 260 956 cui
290 902 479 956 dicere
507 902 669 956 dulce
696 901 870 955 habes
895 916 906 948 :
927 921 950 952 ι
976 901 1140 966 Audi,
1157 900 1326 955 Jacob
1345 916 1502 953 serve
1523 904 1772 966 meus,et

165 990 359 1056 israel,
393 1007 562 1061 quem
591 990 754 1058 elegi,
785 989 994 1043 faciens
1021 993 1080 1043 et
1105 989 1354 1043 formans
1395 994 1452 1041 te
1489 987 1560 1041 ab
1587 992 1767 1050 utero,

165 1080 468 1135 auxiliator
495 1084 647 1144 tuus,
683 1078 814 1149 quia
843 1095 947 1149 ego
977 1094 1121 1145 sum,
1169 1079 1266 1149 qui
1303 1078 1460 1132 deleo
1501 1077 1772 1147 iniquita-

163 1258 1884 1286 ᾤ

1853 631 2204 686 recordabar.
2236 651 2258 681 ι
2289 631 2414 686 Non
2445 629 2756 683 recorderis
2784 627 3025 698 amplius
3052 632 3280 698 peccata
3299 643 3445 691 mea,

1853 720 1947 774 sed
1971 725 2201 792 propter
2221 724 2298 786 te,
2321 735 2537 790 precor,
2564 719 2751 771 deleas
2776 716 3108 787 iniquitates
3127 732 3301 781 meas,
3326 732 3450 786 pro-

1853 815 1978 881 pter
2006 815 2061 863 te
2097 809 2307 863 tribuas
2337 808 2476 861 mihi
2506 809 2750 878 gratiam
2776 812 2953 872 tuam,
2991 811 3054 860 ut
3089 806 3158 859 ad
3184 805 3326 859 tanti
3364 822 3450 859 sa-

1853 898 2125 954 cramenti
2156 897 2487 969 mysterium
2533 896 2818 951 accedenti
2855 894 3107 948 dimittas
3145 911 3268 964 quae
3312 910 3447 948 con-

1853 987 2089 1042 scientia
2133 989 2354 1052 metuit,
2396 993 2454 1039 et
2489 985 2719 1055 adjicias
2757 984 2906 1054 quod
2943 983 3122 1037 oratio
3160 999 3270 1037 non
3310 999 3448 1054 prae-

1853 1077 2045 1130 sumit.

2161 1244 3413 1278 τῴ

1888 1268 2188 1278 ___—-_—_—

1485 1407 1648 1452 ANNO
1693 1407 1911 1452 DOMINI
1954 1405 2105 1450 MXCI

649 1569 1570 1708 SANCTUS
1670 1571 2719 1710 WILIIELM
2753 1564 2988 1702 US

1362 1796 1619 1856 ABBAS
1664 1793 2259 1856 HIllSAUGIENSIS

593 2095 1049 2188 ΝΟἸἸΤΙΑ
1159 2096 1758 2190 HlSTORlC.-\

1869 2099 1980 2190 IN
2087 2098 2172 2190 S.
2277 2093 3020 2190 GUlLLELMUM

1085 2277 1384 2356 (Fanum,
1431 2275 1721 2338 Biblioth.
1756 2287 1814 2338 et
1854 2279 1970 2359 inf.
2019 2280 2148 2339 Lat.
2197 2279 2301 2355 111,
2358 2279 2524 2357 150.)

235 2435 615 2508 VVillbelmus,
648 2434 820 2508 abbas
848 2434 1094 2508 ab_anno
1121 2435 1254 2492 1068
1285 2438 1700 2508 Hirsaugiensis
1730 2440 1788 2492 in
1814 2439 2038 2493 ὀίωοθεί
2079 2439 2347 2508 Spirensi,
2384 2438 2679 2492 defunctus
2707 2455 2798 2492 an.
2838 2436 2993 2503 1091,
3027 2440 3084 2491 In
3116 2439 3260 2492 Non.
3296 2439 3430 2504 Jul.,

167 2506 236 2561 de
262 2506 740 2580 quo_'_I‘rithemius
765 2523 888 2580 cap.
911 2505 1033 2580 3;}2.
1063 2508 1142 2580 De
1174 2509 1230 2562 S.
1260 2509 1321 2562 E.
1355 2515 1410 2562 et
1438 2505 1522 2563 De
1547 2509 1893 2564 Germanicis
1925 2505 2305 2580 scriptoribus,
2330 2527 2377 2562 c.
2414 2508 2500 2571 57,
2533 2517 2590 2563 et
2620 2509 2716 2562 lib.
2749 2524 2786 2562 11
2821 2510 3028 2580 Illustr.
3063 2510 3436 2574 Benedictin.,

169 2576 294 2646 capi
325 2576 452 2652 10?,
484 2577 737 2652 atquein
763 2577 1036 2652 Chronico
1066 2579 1478 2649 Hirsaugiensi,
1512 2597 1639 2650 pag.
1673 2580 1760 2645 62,
1797 2598 1937 2651 seq,
1973 2576 2747 2652 et'AnonymusiMellicensis
2776 2596 2896 2652 cap.
2931 2579 3043 2652 108-
3075 2581 3203 2649 Ejus
3232 2583 3442 2652 scripta

167 2653 301 2702 sunt
326 2666 337 2698 :
369 2648 796 2721 Constitutiones
816 2648 1379 2721 siveAGonsuetudines
1401 2648 1755 2704 monac/torui

1842 2648 2326 2718 'Iirsaugiensium,
2354 2651 2510 2704 libris
2537 2665 2597 2705 ιι.
2627 2651 2795 2721 [Editi
2817 2648 2949 2704 sunt
2977 2650 3032 2704 in
3057 2648 3444 2706 Benedictiho-

165 2736 292 2794 rum
329 2719 816 2794 econgregatione
932 2719 1185 2794 Blasii‘in
1215 2722 1527 2794 Silvanigra
1546 2724 1813 2794 prmclara
1845 2723 2070 2794 Sylloge
2092 2730 2339 2794 veterum
2368 2719 2859 2794 monumentorum
2889 2722 2978 2794 cui
3009 2722 3241 2794 titulus:
3291 2727 3440 2794 Vetus

171 2792 483 2865 Disciplina
505 2792 827 2865 monastica.
854 2789 1212 2865 Paris,»i7‘26,
1239 2790 1318 2856 4ο,
1346 2811 1395 2863 p.
1422 2789 1662 2865 37432.]
1685 2789 1976 2858 Prologum
2008 2789 2254 2861 rulgavit
2285 2793 2803 2865 Mabilloniustom.
2830 2793 2920 2845 ιν.
2949 2793 3221 2865 Analect.
3251 2793 3441 2865 p._465

171 2861 326 2923 (edit.
366 2876 522 2913 nova-3

169 2931 319 3002 apud
352 2931 528 2984 Henr.

564 2875 626 2982 ἵ).
668 2857 765 2914 134
806 2865 947 2930 seq.)
991 2857 1498 2930 Philosophicarum
1530 2869 1577 2916 et
1623 2857 2131 2917 astronomicaruni
2161 2866 2578 2916 institution-um
2611 2863 2737 2915 libri
2769 2877 2848 2919 ιιι.
2898 2862 3032 2915 editi
3064 2857 3435 2930 Basil.'153l,

612 2930 738 2982 etri.
762 2931 834 2982 De
864 2935 1077 2982 musica
1106 2939 1153 2982 et
1186 2937 1342 2982 tonis-
1384 2937 1452 2982 [Ie
1483 2938 1809 2982 correctione
1843 2937 2097 2982 Psalterii
2125 2933 2238 2982 sive
2269 2950 2525 2982 errorum
2558 2933 2613 2982 in
2647 2932 2904 2982 cantibus
2936 2933 3435 2982 denrehensorum-

612 2930 738 2984 etri.
762 2931 834 2984 lle
864 2935 1077 2986 musica
1106 2939 1153 2986 et
1186 2937 1342 2987 tonis.
1379 2937 1452 2988 De
1483 2938 1809 2989 correctione
1838 2937 2097 2988 Psalterii
2125 2933 2238 2987 sive
2269 2950 2525 2988 errorum
2558 2933 2613 2986 in
2647 2932 2904 2987 cantibus
2936 2933 3436 3003 deprehensorum.

171 3005 499 3069 Quaslz’ones
529 3002 592 3074 de
621 3003 995 3074 conzp'utoLlJe
1014 3004 1317 3074 horologia.
1354 3006 1604 3072 Epistolas
1632 3008 1704 3058 ad
1731 3007 1987 3067 diversos,
2021 3010 2068 3058 et
2098 3007 2170 3058 ad
2207 3007 2532 3058 Anselmum
2564 3002 3038 3066 Cantuariensem,
3073 3005 3234 3074 cujus
3265 3006 3435 3060 etiam

173 3077 396 3126 exstant
426 3071 680 3142 quaedam
711 3072 782 3124 ad
808 3072 1188 3128 Willhelmum
1219 3076 1367 3129 hunc
1396 3071 1664 3147 epistolae.

602 3351 1075 3516 VITA
1220 3352 1815 3514 BEATI
1963 3229 3106 3514 WILHEfﬁ

1311 3594 1912 3656 HIRSAUGIENSIS
1955 3594 2292 3654 ABBATIS

377 3743 644 3801 Auctore
689 3743 1013 3819 lleymone
1057 3742 1368 3803 monacho
1413 3743 1840 3820 Hirsaugiensi
1883 3745 2188 3824 coaequali
2231 3748 2292 3804 et
2333 3743 2498 3803 beati
2545 3744 2856 3804 Wilhelmi
2902 3744 3233 3822 discipulo.

222 3875 481 3941 (Munna
515 3877 648 3929 Acta
675 3882 994 3932 sanctorum
1023 3879 1140 3934 0rd.
1175 3878 1229 3933 S.
1267 3879 1479 3939 Bene-eL,
1515 3879 1648 3933 Saec.
1685 3879 1777 3944 VI,
1813 3896 1865 3950 p.
1901 3893 1958 3943 11,
1992 3895 2044 3948 p.
2079 3877 2204 3942 717,
2237 3894 2302 3931 es:
2332 3877 2523 3932 Carolo
2553 3877 2843 3942 Stengelio,
2879 3877 3146 3930 monacho
3175 3875 3372 3930 Sancti

1461 3968 1704 4022 Udalrici
1731 3967 2133 4035 Augustensis.)

1145 4173 1938 4247 OBSERVATIONES
1991 4174 2444 4248 PBfEVIIE.

223 4321 432 4404 1._Ets~i
459 4323 1286 4404 Hirsaugiense'monasterium,
1303 4327 1428 4391 jam
1449 4325 1518 4376 ab
1545 4326 1755 4389 aliquot
1777 4326 1898 4404 Bet
1924 4329 2039 4404 tam
2070 4322 2128 4375 in
2157 4322 2357 4404 divinis
2407 4323 2708 4404 Scripturis
2746 4338 2926 4404 “quam
3083 4323 3441 4404 saecularibus

157 4395 341 4455 annis,
357 4398 660 4461 antequam
681 4397 790 4461 ipsi
810 4395 1127 4448 Wilhelmus
1140 4397 1523 4461 pra/iceretur,
1551 4401 1758 4447 restau-

159 4469 346 4516 ratum
378 4465 591 4530 fuisset,
613 4467 956 4532 perfectaque-
987 4468 1098 4532 fere
1126 4467 1358 4532 fuissent
1384 4468 1546 4517 totius
1569 4481 1757 4517 mona-

153 4537 311 4586 sterii
338 4535 590 4600 aediﬁcia,
624 4537 766 4602 quod
794 4536 862 4588 ab
899 4541 1011 4588 octo
1057 4539 1277 4588 circiter
1304 4539 1470 4589 annis
1501 4537 1758 4588 monachi

153 4606 563 4663 inhabitabant,
591 4607 836 4658 nondum
861 4612 1043 4659 tamen
1063 4611 1261 4673 ﬁrmus
1285 4611 1402 4659 erat
1433 4608 1758 4658 monasterii

153 4680 347 4736 status,
377 4681 498 4728 tum
526 4677 589 4728 ob
621 4678 886 4729 Friderici
913 4679 1122 4730 abbatis
1150 4679 1381 4729 dissidia
1411 4694 1536 4729 cum.
1566 4693 1756 4729 mona-

151 4747 283 4806 chis,
313 4751 436 4798 tum
456 4747 520 4798 ob
533 4749 570 4800 Α
581 4748 808 4800 delberti
822 4751 1034 4800 comitis
1056 4751 1506 4809 inconstantiam,
1527 4751 1624 4815 qui
1645 4764 1754 4800 non

152 4820 229 4868 ita
259 4820 591 4870 monasterii
621 4819 791 4879 bonis,
826 4834 944 4885 qua:
974 4820 1171 4871 tandiu
1201 4821 1504 4886 possederat
1528 4823 1749 4885 injuste,

145 4891 313 4953 plane
332 4893 566 4940 cesserat
595 4894 656 4941 ut
685 4890 746 4941 de
779 4891 847 4941 iis
876 4890 982 4941 sibi
1008 4891 1312 4956 aliquando
1331 4892 1680 4954 arrogandis,
1706 4892 1756 4941 si

150 4964 462 5025 opportuna
491 4975 598 5011 sese
627 4961 841 5024 o/I‘crret
858 4963 1079 5018 occasio,
1104 4977 1216 5013 non
1237 4963 1513 5024 cogitaret.
1564 4962 1753 5012 Verum

149 5032 376 5096 utrique
392 5031 578 5082 morbo
591 5031 739 5082 brevi
751 5032 1014 5082 medelam
1031 5034 1222 5083 attulit
1239 5032 1538 5084 Willetmus
1551 5036 1748 5090 noster,

149 5102 207 5151 in
238 5116 348 5167 quo
396 5115 618 5152 summa
660 5101 962 5166 prudentia
996 5104 1055 5153 in
1085 5103 1243 5154 rebus
1271 5103 1539 5167 gerendis,
1573 5105 1756 5154 ani-mi

149 5171 420 5236 fortitudo
452 5173 514 5222 in
543 5172 784 5224 adversis
806 5174 1152 5240 superandis,
1189 5188 1253 5225 ac
1278 5175 1452 5239 pietas
1482 5178 1530 5225 et
1561 5175 1754 5239 religio

149 5244 210 5293 in
235 5243 549 5294 monastica
577 5243 875 5309 disciplina
896 5245 1210 5310 reparanda
1231 5248 1277 5294 et
1310 5245 1511 5296 tuenda
1542 5247 1620 5296 ita
1642 5246 1756 5296 eni-

151 5316 317 5376 tuere,
353 5317 420 5364 ut
452 5314 588 5378 jure
623 5313 818 5365 merito
859 5315 928 5366 ab
960 5316 1215 5366 omnibus
1245 5317 1393 5366 inter
1422 5317 1755 5367 illustriores

152 5383 315 5448 huius
335 5383 627 5434 undecimi
647 5386 833 5436 saeculi
858 5387 1006 5437 viros
1026 5391 1389 5437 recensentur.
1417 5387 1593 5452 Hujus
1617 5388 1759 5438 beati

149 5456 260 5505 r-iri
296 5455 474 5506 Vitam
486 5456 704 5520 scripsit
717 5456 922 5522 lle-ymo
933 5459 1049 5521 ejus
1065 5457 1100 5508 d
1105 5459 1300 5523 iscipul
1306 5473 1385 5518 us,
1403 5472 1559 5524 quem.
1581 5461 1758 5522 postea

150 5524 466 5577 Gebhardus
507 5530 624 5591 post
673 5526 815 5578 beati
860 5527 1140 5579 Wilhelmi
1180 5528 1384 5579 obitum
1420 5530 1482 5579 in
1513 5529 1758 5579 abbatem

145 5600 484 5662 assumptus,
540 5598 785 5661 priorem
847 5599 1176 5650 monasterii
1222 5599 1524 5650 constituit.
1581 5599 1653 5651 De
1704 5614 1759 5651 eo

152 5665 427 5733 lleymone
438 5667 519 5718 sic
539 5669 791 5733 loquitur
813 5667 1148 5732 Trithemius
1169 5671 1231 5720 in
1253 5669 1518 5722 Chronico
1530 5671 1758 5722 Hirsau-

149 5737 322 5806 giensi
339 5738 416 5790 ad
436 5751 657 5790 annum
679 5735 807 5795 1091
837 5755 849 5790 :
876 5737 1010 5792 Erat
1027 5754 1163 5793 sane
1191 5739 1273 5793 vir
1291 5739 1757 5810 studiosissimus,

1840 4394 2046 4447 litteris
2074 4393 2297 4463 egregie
2327 4394 2541 4458 doctus,
2574 4394 2796 4464 ingenio
2826 4393 3064 4456 subtilis,
3096 4401 3153 4448 et
3184 4394 3320 4448 satis
3350 4395 3444 4448 ad-

1839 4466 2064 4519 modum
2097 4471 2352 4534 comptus
2381 4465 2620 4534 eloquio.
2657 4466 2751 4536 qui
2781 4465 3110 4518 eruditionis
3149 4483 3262 4520 suae
3290 4482 3442 4536 prae-

1838 4537 1990 4608 clara
2034 4543 2415 4608 monumenta
2454 4536 2698 4608 reliquit.
2749 4537 2998 4608 Scripsit,
3057 4537 3204 4590 inter
3241 4543 3444 4590 caetera

1839 4607 2047 4678 ingenii
2077 4607 2163 4658 sui
2193 4607 2478 4678 opuscula,
2515 4607 2693 4660 Vitam
2726 4614 2780 4660 et
2813 4607 3087 4662 miracula
3119 4608 3266 4662 beati
3298 4608 3444 4661 Wil-

1837 4678 2027 4741 helmi,
2048 4677 2355 4747 supradicti
2378 4678 2624 4743 abbatis;
2652 4695 2821 4747 quam
2842 4684 3031 4732 tamen
3049 4679 3276 4748 quidam
3299 4679 3444 4732 alius

1835 4750 2013 4802 frater
2043 4753 2236 4818 postea
2273 4749 2462 4802 volens
2500 4749 2789 4818 ampliare.
2826 4749 3134 4803 breviorem
3173 4749 3438 4803 reddidit.

1840 4820 2075 4889 Scripsit
2094 4819 2262 4871 etiam
2284 4820 2582 4872 nonnullos
2612 4836 2899 4874 sermones
2919 4825 2976 4873 et
2997 4821 3278 4888 homilias,
3298 4835 3438 4889 quae,

1840 4897 1903 4944 ut
1932 4891 2234 4961 plurimum
2267 4907 2330 4961 ex
2361 4907 2567 4945 errore.
2603 4891 2763 4943 alteri
2801 4891 3021 4946 cuidam
3061 4892 3307 4960 ejusdem
3340 4907 3439 4943 no-

1840 4960 2008 5014 minis
2033 4960 2324 5030 Heymoni,
2341 4979 2408 5014 ex
2429 4963 2719 5023 monacho,
2745 4961 3444 5032 Halberstadiensiepisco-

1840 5050 1929 5103 po,
1962 5033 2079 5085 viro
2109 5049 2264 5100 aeque
2285 5032 2627 5095 doctissimo,
2653 5032 3026 5085 ascribuntur.
3051 5035 3200 5086 Idem
3229 5033 3438 5086 Trithe-

1843 5107 1988 5156 mius
2015 5107 2077 5156 in
2121 5105 2354 5155 editione
2392 5105 2745 5170 Sangallensi
2774 5105 2940 5170 hujus
2970 5106 3212 5156 auctoris
3244 5119 3442 5156 nomen

1837 5178 2113 5228 sincerum
2150 5175 2496 5243 Haymonem
2528 5176 2695 5240 fuisse
2725 5176 2989 5233 observat,
3011 5191 3197 5244 quem,
3233 5176 3436 5240 inquit,

1837 5245 2089 5299 nonnulli
2132 5245 2495 5314 Heymonem,
2530 5245 2782 5312 quintam
2832 5245 3121 5314 cupientes
3168 5244 3441 5313 litteram,

1838 5318 2116 5370 Saxonum
2136 5332 2240 5369 usu
2262 5333 2364 5386 pro
2387 5316 2567 5386 prima
2588 5321 3001 5384 nuncuparunt.
3017 5316 3227 5368 Laudat
3248 5316 3441 5368 deinde

1840 5404 1961 5440 sum
1973 5404 2118 5440 mam.
2135 5391 2248 5454 ejus
2271 5391 2331 5440 in
2353 5389 2668 5458 colligendis
2680 5392 2726 5438 et
2743 5388 3107 5438 describendis
3120 5391 3440 5439 sanctorum

1840 5461 2075 5511 Patrum
2105 5460 2354 5526 operibus
2377 5459 2804 5511 sollicitmlinem
2840 5462 2886 5509 et
2917 5459 3286 5523 diligentiam,
3312 5458 3442 5509 adeo

1841 5534 1921 5588 ut,
1945 5546 2068 5581 cum
2092 5534 2219 5581 esset
2242 5532 2303 5582 in
2321 5532 2477 5582 omni
2494 5545 2686 5596 genere
2706 5530 2968 5580 doctrina:
2985 5529 3438 5589 studiosissimus,

1841 5602 2046 5666 fratres
2077 5616 2200 5652 suos
2235 5603 2410 5653 verbis
2440 5605 2489 5653 et
2517 5601 2773 5665 exemplis
2797 5600 2869 5651 ad
2896 5600 3038 5651 idem
3067 5601 3444 5666 prastandum

1842 5672 2126 5731 inducens,
2154 5673 2302 5725 breri
2322 5674 2384 5724 in
2407 5671 2792 5737 Hirsaugiensi
2811 5672 3041 5723 canobio
3064 5671 3442 5723 bibliothecam

1842 5744 2337 5799 instructissimam
2356 5743 2773 5815 comparaverit.
2799 5742 2872 5794 De
2892 5743 3010 5809 ejus
3038 5757 3164 5796 vero
3189 5743 3445 5798 lucubra-

3339 409 3446 468 890
3545 486 3553 493 _
