3964 6356
152 373 258 431 897

1278 373 1479 432 VITA.
1522 402 1588 420 -
1627 374 1927 433 OBSERV.
1968 372 2297 430 PRJEVIIE.

3316 377 3422 436 898

153 498 598 567 Rotenburgensi,
632 501 732 568 qui
755 504 874 568 post
901 513 1078 552 annos
1109 513 1318 559 novem,
1355 503 1749 554 consummatis
1767 504 1812 560 A
1839 501 2058 566 excepti,
2093 499 2319 566 aliquod
2349 503 2559 565 tempus
2587 499 2736 565 apud
2766 499 3124 565 Hirsaugiam
3156 485 3424 569 transege-

154 573 479 623 monasterii
505 573 764 637 a'di/iciis,
799 587 833 623 a
855 573 1004 623 beato
1019 571 1302 622 Wilhelmo
1323 571 1606 624 duodecim
1627 589 1750 624 mo-

156 641 348 693 nachos
396 657 464 694 ea;
510 644 843 694 monasterio
899 642 1289 706 Hirsaugiensi
1335 644 1573 694 obtinuit
1623 659 1750 694 cum

153 711 420 765 Gonthero
449 713 658 775 abbate,
691 712 826 775 viro,
874 713 1060 778 inquit
1099 712 1456 775 Trithemius,
1480 718 1674 766 sancto
1695 718 1751 765 et

155 781 309 864 valde
337 781 622 864 religipso,
657 782 760 864 qui.
781 782 1138 836 commissum
1171 781 1274 835 sibi
1292 783 1589 852 pastoralis
1604 800 1750 864 cura;

155 851 398 905 ofﬁcium
429 851 856 922 diligentissime
886 866 1246 922 prosequens,
1273 851 1535 923 magnam
1564 854 1752 906 multi-

153 923 400 976 tudinem
433 924 548 977 Deo
587 924 946 977 servientium
990 924 1387 977 monachorum
1418 924 1571 977 brevi
1613 930 1753 977 tem-

152 1009 284 1064 pore
306 994 364 1047 in
391 995 588 1048 eodem
616 997 737 1048 loco
753 994 1129 1065 congregavit.
1179 997 1292 1048 Huc
1321 997 1580 1048 monachi
1623 998 1754 1050 Hir-

152 1068 458 1132 saugienses
485 1067 827 1119 advenerunt
855 1081 1006 1118 anno
1028 1066 1186 1120 1088.
1219 1067 1516 1119 Withetmi
1541 1068 1751 1118 abbatis

152 1149 263 1196 xxx,
293 1138 596 1189 indictione
626 1153 697 1198 χι,
732 1153 838 1204 quo
866 1152 1016 1189 anno
1036 1138 1122 1188 die
1151 1137 1220 1190 21
1249 1137 1554 1190 Decembris
1583 1140 1748 1189 eccle-

152 1209 236 1259 sia
266 1209 678 1274 Campergensis
716 1210 780 1260 in
817 1208 1018 1260 honore
1045 1209 1227 1260 sancti
1255 1208 1474 1260 Nicolai
1501 1223 1622 1260 cum
1656 1223 1748 1260 ca-

147 1280 306 1344 pellis
345 1282 392 1330 et
421 1279 696 1330 altaribus
725 1279 1139 1345 quatuordecim
1168 1278 1415 1330 dedicata
1435 1279 1545 1343 fuit
1566 1294 1600 1330 a
1620 1293 1746 1330 san-

152 1353 232 1400 cto
259 1349 299 1401 .4
308 1349 589 1401 delberone
609 1351 848 1416 episcopo
869 1349 1258 1415 Herbipolensi,
1285 1351 1346 1400 in
1362 1351 1520 1415 cujus
1534 1350 1747 1401 dim-esi

101 1469 106 1471 ,
151 1421 256 1470 sila
286 1424 423 1471 erat.
460 1421 704 1486 Insignes
737 1420 925 1472 habuit
957 1424 1152 1484 praeter
1182 1419 1569 1471 Burchardum
1598 1422 1739 1472 alios

155 1489 528 1555 benefactores,
561 1492 910 1556 potissimum
940 1491 1241 1544 Henricum
1271 1491 1539 1549 comitem,
1561 1495 1744 1556 postea

151 1560 358 1625 ducem,
392 1564 509 1627 ejus
537 1562 792 1627 fratrem,
827 1563 926 1627 qui
954 1565 1197 1627 quatuor
1224 1561 1438 1627 oppida,
1482 1565 1529 1612 et
1554 1563 1744 1627 plures

151 1631 312 1683 villas
339 1633 517 1683 eidem
563 1634 896 1683 monasterio
942 1633 1165 1683 donasse
1210 1631 1543 1696 perhibetur.
1581 1632 1743 1684 Locus

153 1703 243 1754 ille
274 1703 497 1754 celebris
523 1704 884 1767 perseveravit
912 1703 1012 1754 sub
1037 1703 1379 1754 Benedictino
1417 1703 1608 1754 ordine
1656 1718 1744 1753 us-

150 1788 252 1838 que
279 1773 353 1824 ad
388 1773 680 1824 Trithemii
706 1777 934 1832 atatem,
960 1773 1048 1824 sed
1069 1773 1289 1825 tandem
1309 1773 1567 1824 monachi
1588 1773 1745 1825 0am-

143 1858 445 1910 pergenses,
497 1842 830 1905 novissimis,
876 1845 1062 1909 inquit
1116 1844 1226 1902 ille,
1288 1841 1485 1894 diebus
1535 1842 1742 1895 nostris

146 1913 577 1983 persuadentem
601 1914 753 1966 intus
784 1913 1066 1966 diabolum
1087 1911 1281 1974 secuti,
1314 1913 1384 1964 ab
1405 1911 1598 1965 ordine
1619 1929 1744 1966 san-

150 1989 257 2048 cto,
289 2001 455 2054 quem
474 1984 705 2054 professi
745 1984 969 2037 fuerant
997 1988 1368 2046 recesserunt,
1401 1984 1520 2037 sine
1550 1985 1742 2054 regula

148 2055 436 2124 cupientes
465 2055 664 2117 vivere,
697 2055 829 2110 facti
858 2060 989 2109 sunt
1009 2055 1234 2108 nomine
1256 2055 1743 2108 etconversatione

148 2127 398 2180 canonici
428 2127 739 2180 saeculares.

220 2196 306 2252 l7.
331 2200 502 2251 Porro
533 2199 617 2249 his
646 2198 996 2250 monasteriis
1015 2197 1084 2248 ab
1103 2200 1322 2249 auctore
1355 2196 1475 2249 Vitae
1499 2197 1740 2248 laudatis

147 2271 261 2321 alia
287 2269 624 2321 Trithemius
645 2270 920 2334 adi-ungit,
957 2283 1074 2333 quae
1101 2283 1136 2318 a
1165 2269 1312 2320 beato
1350 2266 1638 2322 Wit/ielmo
1659 2282 1740 2318 re-

147 2343 392 2404 formata
413 2341 660 2404 fuerunt.
689 2339 769 2391 Es;
790 2339 873 2390 his
893 2343 1024 2390 sunt
1046 2339 1443 2389 monasterium
1461 2338 1740 2403 Alforten-

147 2428 196 2462 se
217 2412 279 2462 in
295 2412 508 2462 dia'c'esi
525 2411 1093 2475 Argentoratensi,cui
1105 2409 1355 2460 abbatem
1370 2409 1611 2474 praefecit
1631 2407 1743 2461 We-

151 2482 437 2540 lichonem,
471 2496 506 2532 a
540 2480 838 2532 Trithemio
870 2480 1180 2538 laudatum,
1215 2480 1358 2546 quod
1405 2494 1516 2530 non
1562 2480 1742 2530 solum

153 2551 439 2604 monachos
458 2552 566 2603 sibi
583 2553 909 2609 commissos,
934 2551 1025 2602 sed
1035 2554 1080 2602 et
1089 2552 1140 2601 ia
1149 2566 1201 2602 m
1217 2551 1443 2614 populos
1455 2550 1562 2600 vici
1565 2565 1597 2600 η
1604 2565 1658 2601 os
1669 2550 1742 2600 ad

147 2637 394 2674 amorem
416 2623 510 2674 Dei
525 2623 851 2674 incitaverit.
896 2622 965 2672 De
985 2621 1081 2672 hoc
1104 2622 1430 2671 monasterio
1457 2623 1624 2685 plura
1647 2620 1742 2671 ha-

149 2695 231 2745 bes
258 2707 433 2759 supra
465 2695 523 2744 in
560 2692 1024 2744 observationibus
1053 2691 1125 2742 ad
1166 2692 1338 2742 Vitam
1393 2693 1572 2741 sancti
1623 2691 1742 2741 Leo-

147 2765 234 2816 nis
265 2763 352 2825 ΙΧ,
384 2763 459 2814 ad
485 2777 703 2814 annum
734 2762 887 2816 1054.
925 2762 1067 2813 Idem
1109 2759 1431 2816 Willielmus
1461 2762 1522 2812 in
1552 2776 1742 2812 mona-

146 2836 310 2886 sterio
350 2832 570 2886 stensi
599 2833 1026 2887 Constanticnsis
1047 2832 1280 2883 diacesis
1308 2831 1554 2883 abbatem
1583 2833 1742 2883 insti-

149 2907 253 2956 tuit
285 2905 737 2965 Erchinboldum,
773 2903 1082 2955 eruditione
1110 2906 1158 2954 et
1192 2904 1478 2954 sanctitate
1508 2903 1628 2952 vita:
1659 2903 1742 2953 in-

145 2979 376 3042 signem.
442 2975 825 3028 0ttenburensi
868 2975 1101 3026 diwcesis
1148 2973 1481 3038 Augustana'e
1523 2971 1742 3026 Withel-

145 3062 323 3105 mum,
360 3047 596 3098 Burensi
621 3059 745 3098 vero
774 3047 836 3096 in
865 3045 1051 3096 eadem
1065 3044 1289 3103 diceeesi,
1320 3059 1412 3094 seu
1442 3044 1742 3095 Benedicto-

147 3117 392 3174 burensi,
428 3117 721 3169 Azelinum
747 3115 996 3167 abbatem
1025 3115 1185 3165 dedit.
1240 3115 1306 3165 In
1348 3113 1743 3180 IIugheso/‘ensi

145 3189 483 3240 monasterio
511 3187 744 3238 dioecesis
773 3186 1246 3251 Argentoratensis
1270 3185 1588 3238 Conradum
1617 3199 1739 3236 con-

1831 576 1985 623 runt.
2026 571 2231 635 Quibus
2259 571 2604 636 postmodum
2624 572 2755 622 data
2783 574 2860 622 est
2888 572 2960 622 ad
2991 572 3422 625 inhabitandam

1832 644 1966 693 cella
1997 641 2189 695 Sancti
2219 642 2468 706 Gregorii
2513 641 2575 692 de
2606 641 2987 702 lteichenbach,
3021 643 3082 693 de
3111 657 3222 709 qua
3250 657 3422 709 supra

1831 727 1988 764 num.
2026 715 2077 771 9,
2132 713 2305 777 plura
2355 712 2774 764 observavimus.
2809 712 3048 778 Denique
3096 713 3422 767 Giselbertus

1832 783 2158 834 monasterii
2205 782 2736 841 Fontis-Reinhardi,
2795 797 2888 835 seu
2931 783 3424 836 Rheinardisbron-

1833 855 2033 912 nensis,
2061 856 2121 904 in
2153 867 2368 904 nemore
2405 853 2723 918 Thuringia'
2751 855 2864 914 siti,
2897 854 3061 906 abbas
3081 870 3116 907 a
3138 855 3286 908 beato
3316 854 3421 911 Wi-

1835 924 2032 975 thelmo
2061 925 2352 975 institutus
2380 927 2475 987 est,
2508 925 2600 974 cui
2627 926 2794 976 etiam
2823 927 3149 977 monasterii
3177 926 3424 993 Erphor-

1833 994 2054 1051 diensis,
2090 998 2152 1045 ut
2181 1008 2352 1059 supra
2397 995 2662 1054 diximus,
2707 1009 2901 1047 curam
2931 999 3222 1056 commisit,
3255 997 3424 1048 donec

1834 1064 2233 1117 monachorum
2263 1065 2596 1118 habitationi
2614 1069 2807 1130 aptum
2836 1070 2981 1118 esset.
3016 1068 3135 1119 Huc
3154 1068 3217 1118 de
3245 1069 3421 1120 variis

1832 1135 2230 1186 monachorum
2261 1137 2504 1194 coloniis,
2539 1151 2656 1201 quae
2685 1137 2784 1188 sub
2811 1137 3002 1188 abbate
3043 1136 3327 1192 Withelrno
3355 1154 3421 1190 ea;

1831 1207 2163 1258 monasterio
2193 1207 2578 1271 Hirsaugiensi
2605 1209 2666 1259 in
2695 1209 2882 1259 varias
2915 1207 3220 1261 Germania
3251 1210 3421 1275 regio-

1831 1292 1923 1329 nes
1952 1277 2186 1327 deductaa
2215 1278 2464 1342 fuerunt.
2527 1277 2684 1329 Nunc
2711 1279 2998 1330 dicendum
3041 1280 3104 1331 de
3133 1281 3419 1345 discipulis

1827 1350 1942 1413 ejus
1954 1347 2354 1407 celebrioribus,
2371 1349 2469 1413 qui
2490 1348 2783 1400 Ecclesiam
2809 1353 2857 1400 et
2879 1350 3130 1402 ordinem
3161 1355 3416 1403 nostrum

1828 1420 2212 1469 illustrarunt.

1909 1487 1986 1541 19.
2023 1487 2213 1550 Fama,
2262 1489 2446 1553 inquit
2500 1488 2849 1548 Trithemius,
2920 1489 3256 1544 sanctissimi
3311 1491 3417 1544 viri

1825 1558 2111 1610 Wilhelmi
2135 1557 2528 1632 abbatislonge
2543 1559 2775 1632 lateque
2789 1559 3086 1632 perorbem
3109 1561 3416 1632 divulgata,

1827 1635 2117 1699 cmperunt
2137 1629 2205 1680 ad
2236 1644 2364 1681 eum
2396 1629 2556 1681 multi
2579 1633 2860 1682 conﬂuere
2890 1630 2945 1684 in
2976 1633 3177 1686 sazculo
3200 1629 3417 1687 nobiles

1827 1707 1884 1752 et
1911 1701 2130 1774 divites,
2155 1699 2270 1769 qui,
2281 1700 2627 1774 contemptis
2638 1701 2895 1774 omnibus
2908 1702 3073 1756 rebus
3085 1720 3213 1774 pom
3221 1705 3418 1774 pisque

1827 1771 2470 1842 mundiisuave‘jugum
2527 1771 2750 1824 Domini
2807 1772 2910 1825 sub
2950 1771 3419 1842 ejus'obedientia

1765 1841 2162 1910 Bportandum
2193 1840 2502 1894 subierunt.
2528 1843 2594 1894 Et
2615 1844 2854 1908 quidem,
2874 1849 2937 1896 ut
2963 1840 3045 1897 ait
3076 1847 3416 1910 Bertholdus,

1825 1918 2022 1965 auctor
2051 1911 2244 1967 Withel
2253 1929 2337 1964 mo
2353 1915 2668 1979 .rqualis,in
2683 1915 2948 1966 Chronico
2958 1917 3259 1969 adannum
3274 1917 3418 1972 1083

1825 1984 1887 2035 de
1919 1984 2094 2035 tribus
2124 1986 2491 2041 monasteriis,
2517 1985 2718 2034 scilicet
2739 1984 2932 2037 Sancti
2963 1987 3134 2038 Blasii
3161 1990 3222 2039 in
3243 1988 3421 2042 Silva-

1804 2054 2412 2119 .Nigra,Hirsaugiensi
2431 2058 2478 2105 et
2500 2053 2855 2120 Scafhusensi
2874 2057 3112 2122 loquens,
3148 2057 3420 2110 marehio—

1827 2141 1917 2177 nes
1934 2130 1982 2176 et
2012 2126 2247 2183 comites,
2281 2126 2489 2191 aliique
2512 2127 2623 2176 viri
2642 2125 2862 2187 nobiles,
2883 2128 3115 2179 admissi
3137 2131 3283 2180 inter
3300 2131 3420 2194 fra-

1827 2200 1932 2247 tres
1961 2195 2392 2260 Hirsaugienses,
2425 2209 2646 2266 pascere
2655 2211 2861 2260 porcos,
2896 2199 3130 2264 aliisque
3150 2200 3419 2266 ejusmodi

1823 2267 2111 2317 vilioribus
2124 2267 2451 2316 ministeriis
2463 2266 2562 2316 sub
2583 2265 3176 2321 Willielmiobedientia
3195 2285 3418 2337 operam

1823 2337 1955 2388 dare
1975 2337 2196 2387 delicias
2217 2337 2621 2402 computabant.
2660 2337 2739 2389 Er
2760 2337 2844 2388 his
2866 2342 3163 2392 nonnullos
3184 2349 3418 2393 recenset

1829 2407 2182 2465 Trithemius,
2219 2408 2317 2472 qui
2343 2407 2416 2457 ad
2447 2407 2686 2458 Ecclesia:
2741 2409 3036 2473 dignitates
3069 2412 3419 2476 postmodum

1824 2479 1986 2529 evecti
2014 2479 2262 2542 fuerunt.
2308 2478 2565 2529 Primum
2590 2479 2734 2529 inter
2753 2493 2836 2530 eos
2859 2481 3037 2532 locum
3057 2483 3260 2534 obtinet
3287 2497 3421 2534 san-

1824 2553 1940 2599 ctus
1958 2547 2190 2605 Thiemo,
2217 2563 2280 2598 es;
2292 2548 2556 2599 monacho
2578 2549 2622 2601 Η
2629 2551 2964 2614 irsaugiensi
2982 2553 3418 2619 archiepiscopus

1826 2619 2263 2682 Saltsburgensis
2285 2623 2518 2676 creatus,
2545 2621 2642 2684 qui
2663 2621 2883 2672 tandem
2905 2623 2965 2672 in
2996 2624 3194 2675 itinere
3212 2625 3422 2676 Jeroso-

1827 2691 2096 2755 tqmitano
2127 2693 2350 2754 martyr
2377 2689 2643 2748 occubuit,
2680 2695 2740 2741 ut
2790 2693 2849 2742 in
2897 2695 3013 2758 ejus
3073 2693 3185 2746 Vita
3215 2693 3418 2748 Saeculo

1823 2761 2067 2826 sequenti
2101 2760 2420 2812 videbimus.
2459 2761 2597 2811 Duos
2643 2763 2694 2811 ei
2747 2762 3031 2827 subiungit
3083 2764 3418 2816 Trithemius

1823 2830 2143 2889 Geblia-rdos,
2179 2845 2418 2895 quarunt
2449 2832 2688 2894 primus,
2727 2832 3002 2884 Berthotdi
3029 2834 3184 2886 ducis
3213 2836 3412 2900 frater,

1823 2903 1885 2952 in
1917 2901 2244 2954 Constantia:
2275 2901 2427 2952 urbis
2456 2901 2630 2952 sedem
2670 2906 2893 2961 evectus,
2947 2918 3144 2956 novam
3176 2905 3417 2958 Ilirsau-

1821 2973 2059 3037 giensem
2109 2972 2385 3022 ecclesiam
2417 2973 2766 3031 consecravit,
2808 2977 2857 3023 et
2889 2974 3095 3039 legatus
3124 2976 3263 3027 sedis
3292 2990 3418 3042 apo-

1820 3043 2017 3093 stolicae
2045 3043 2243 3106 factus,
2287 3042 2488 3092 multos
2529 3056 2632 3106 pro
2673 3042 2914 3095 Ecclesia
2946 3047 3176 3097 tuitione
3209 3047 3416 3098 labores

1818 3187 1934 3248 post
1967 3184 2106 3234 beati
2147 3182 2426 3238 Wiltielmi
2449 3197 2740 3254 excessum,
2769 3185 2988 3237 tandem
3009 3189 3283 3253 episcopus
3296 3187 3418 3254 Spi-

145 3259 330 3311 stituit
357 3257 624 3316 abbatem,
659 3272 818 3323 quem
847 3245 972 3307 cum
1003 3255 1284 3307 monachis
1302 3255 1480 3306 decem
1510 3257 1645 3306 illuc
1671 3245 1797 3307 ε’ωο
1818 3245 1994 3306 rensis
2014 3254 2304 3305 ordinatus
2325 3257 2416 3304 est.
2439 3253 2508 3304 [is
2538 3255 2897 3306 accensemtus
2922 3245 3239 3323 Thebgerzis,
3266 3245 3418 3312 mul-

147 3329 457 3394 llirsaugia
506 3329 854 3388 trans-misit;
912 3327 1019 3377 alii
1064 3330 1176 3378 octo
1221 3325 1294 3377 ad
1339 3327 1741 3377 monasterium

150 3400 581 3453 Beinvillarense
607 3399 840 3450 dia'cesis
870 3398 1189 3455 Bisuntina',
1217 3398 1279 3448 in
1297 3396 1501 3462 ﬁnibus
1521 3397 1559 3449 Α
1573 3398 1741 3448 lsatiae

149 3473 342 3531 situm,
375 3469 445 3521 ab
473 3469 654 3520 eodem
674 3471 831 3520 missi
857 3472 1005 3526 sunt,
1031 3482 1162 3519 cum
1191 3467 1385 3519 Essone
1413 3467 1618 3526 abbate,
1645 3468 1744 3532 qui

147 3544 246 3593 diu
269 3541 552 3594 cellerarii
569 3541 747 3605 ofﬁcio
770 3541 828 3591 in
851 3539 1236 3601 llirsaugiensi
1261 3540 1586 3589 monasterio
1607 3538 1742 3602 fun-

149 3618 267 3665 ctus
297 3613 502 3676 fuerat.
530 3610 629 3663 Hic
649 3610 776 3662 .Esso
797 3610 926 3662 obiit
960 3622 1008 3660 v1
1041 3606 1320 3660 Kalendas
1345 3607 1618 3670 Januarii,
1645 3607 1744 3660 mi-

149 3681 358 3736 raculis
397 3695 713 3741 coruscans,
749 3685 809 3732 ut
842 3684 1071 3731 testatur
1105 3679 1458 3739 Trithemius,
1492 3679 1582 3730 sed
1626 3681 1743 3746 ejus

149 3757 328 3805 exitus
355 3767 576 3805 annum
606 3767 717 3804 non
745 3752 1020 3817 express-it.
1055 3751 1231 3814 Refert
1261 3750 1401 3800 idem
1425 3754 1620 3801 auctor
1635 3766 1744 3801 mo-

151 3825 354 3877 nachos
405 3824 660 3888 primum
717 3824 777 3874 in
832 3822 1050 3873 ecclesia
1105 3820 1548 3885 Gundetﬁngensi
1595 3822 1742 3871 circa

148 3897 295 3948 idem
326 3899 538 3960 tempus
561 3894 763 3958 positos
782 3893 969 3957 fuisse,
995 3892 1084 3943 sed
1107 3893 1228 3943 illos
1245 3891 1591 3956 postmodum
1611 3891 1741 3943 Hir-

147 3967 426 4032 saugiam,
461 3966 638 4016 nescio
666 3979 771 4030 quo
800 3978 947 4022 casu,
985 3963 1281 4032 translatos
1326 3961 1510 4026 fuisse,
1546 3963 1744 4028 quibus

147 4031 408 4089 canOniei
434 4035 718 4086 substituti
747 4035 978 4100 fuerunt
1007 4033 1076 4084 ab
1105 4031 1384 4084 Adelberto
1421 4035 1612 4084 comite
1644 4034 1746 4084 loci

145 4109 464 4173 fundatore.
500 4105 828 4157 Monasterio
857 4105 1036 4156 sancti
1061 4103 1294 4155 Joannis
1324 4102 1746 4169 Magdeburgen-

144 4181 237 4239 sis,
272 4178 349 4230 ad
378 4178 631 4243 fratrum
661 4175 860 4227 ibidem
897 4175 1211 4239 degentium
1257 4177 1305 4224 et
1353 4173 1745 4239 archiepiscopi

145 4249 393 4316 ejusdem
422 4248 579 4300 urbis
605 4247 940 4312 petitionem,
970 4245 1256 4316 praefectus
1285 4243 1543 4316 estabbas
1566 4245 1745 4296 Hilde-

147 4312 359 4379 boldus,
395 4319 511 4384 qui,
560 4319 743 4383 inquit
779 4316 1130 4374 Trithemius,
1165 4312 1516 4384 disciplinam
1546 4330 1743 4367 mona-

145 4389 346 4443 sticam
402 4383 564 4456 juxta
593 4386 877 4456 exemplar
907 4389 964 4438 et
1017 4383 1444 4456 constitutiones
1473 4384 1581 4456 divi
1602 4401 1744 4455 prai-

146 4454 511 4530 ceptorissui
533 4454 817 4511 Wilhelmi
835 4473 935 4526 per
946 4461 1120 4508 totam
1142 4454 1437 4530 Saxoniam
1467 4454 1740 4530 dilatavit.

221 4527 308 4587 l8.
344 4531 577 4585 Celebris
607 4531 774 4581 etiam.
802 4530 913 4594 fuit
945 4532 1178 4593 tempore
1214 4527 1509 4579 Withelmi
1535 4527 1744 4579 abbatis

1825 3329 2008 3376 torum
2028 3326 2495 3375 monasteriorum
2515 3325 2694 3383 Pater,
2713 3328 2833 3377 tum
2852 3330 3126 3393 episcopus
3146 3329 3418 3382 Mettensis

1822 3396 2019 3461 factus,
2063 3396 2162 3460 qui
2201 3398 2321 3460 post
2350 3395 2558 3446 obitum
2587 3397 2735 3447 inter
2753 3401 2966 3449 sanctos
2989 3400 3166 3452 locum
3188 3402 3412 3452 meruit.

1824 3465 2136 3532 EjusVitam
2151 3464 2354 3517 Seecqu
2374 3468 2635 3531 sequenti,
2663 3468 2762 3518 Deo
2783 3469 3114 3530 concedente,
3140 3471 3412 3523 dabimus.

1897 3535 1984 3590 20.
2016 3536 2240 3588 Abbates
2261 3552 2324 3587 es;
2342 3536 2628 3588 Withetmi
2654 3537 2940 3603 discipulis
2979 3546 3284 3608 assumpto:
3301 3544 3420 3608 pte-

1825 3621 2016 3673 rosque
2039 3608 2410 3664 laudavimus,
2437 3608 2534 3658 ubi
2555 3611 2741 3659 actum
2772 3613 2846 3660 est
2876 3610 2939 3661 de
2970 3615 3320 3664 monasteriis
3347 3613 3417 3665 ab

1825 3693 1882 3750 eo
1914 3679 2201 3750 institutis.
2232 3679 2306 3750 Iis
2325 3678 2709 3750 art/ungendus
2739 3683 2813 3730 est
2844 3680 3144 3746 Gotfridus,
3179 3686 3278 3750 qui
3301 3687 3420 3750 post

1827 3749 1968 3800 beati
1997 3747 2286 3800 Withetmi
2313 3748 2522 3799 obitum
2554 3748 2782 3814 Notgero
2832 3747 3215 3816 Zwifatthensi
3233 3747 3421 3806 abbati

1824 3819 2078 3884 defuncto
2107 3819 2453 3877 substitutus,
2493 3833 2605 3889 non
2643 3819 2764 3871 sine
2786 3820 3046 3889 opinione
3079 3823 3414 3888 sanctitatis,

1825 3891 2009 3955 inquit
2044 3889 2394 3948 Trithemius,
2420 3905 2485 3940 ex
2507 3888 2608 3940 hac
2637 3889 2749 3942 vita
2777 3888 3014 3944 decessit
3056 3895 3203 3946 Idem.
3223 3899 3418 3946 auctor

1829 3961 2020 4011 laudat
2051 3960 2458 4019 Erminoldum,
2485 3976 2548 4012 er
2573 3959 2857 4014 Withelmi
2875 3964 3141 4029 discipulo
3170 3965 3418 4016 abbatem

1825 4031 2252 4089 Laurissensem,
2286 4032 2385 4096 qui
2412 4045 2556 4089 cum,
2590 4031 2842 4084 abdicata
2871 4033 3417 4098 dignitate,IIi-rsaub

1825 4103 1977 4167 giam
2008 4103 2271 4162 rediisset,
2299 4101 2518 4152 tandem
2543 4104 2765 4166 primus
2785 4103 2950 4154 abbas
2971 4107 3416 4172 Prureniengen-

1825 4174 1901 4223 sis
1929 4173 2108 4237 factus
2138 4176 2230 4228 est.
2265 4175 2313 4222 et
2346 4173 2540 4224 multis
2569 4173 2868 4224 virtutibus
2897 4177 3082 4227 clarus
3123 4181 3242 4243 post
3273 4191 3419 4229 mor-

1829 4247 1933 4294 tem
1962 4245 2141 4294 sancti
2169 4244 2748 4314 titulumpromeruit.
2785 4244 2965 4312 Hujus
2995 4262 3204 4314 quoque
3245 4247 3421 4302 Vitam

1825 4329 1923 4365 suo
1956 4314 2064 4365 loco
2092 4314 2349 4364 dabimus
2379 4313 2582 4366 Saeculo
2620 4318 2882 4381 sequenti.

1896 4382 1986 4456 2'1.
2002 4385 2109 4456 Nec
2125 4385 2582 4456 pra:l_e_rmittendi
2601 4389 2728 4437 sunt
2749 4389 2958 4452 priores
2979 4388 3306 4456 Hirsaugia',
3323 4392 3422 4456 qui

1827 4455 1928 4505 sub
1984 4455 2172 4505 abbate
2225 4452 2512 4508 Withelmo
2558 4457 2889 4522 ﬂoruerunt.
2926 4460 3151 4512 Primus
3180 4452 3422 4514 occurrit

1824 4525 1978 4596 apud
1999 4524 2710 4596 TrithemiumAdelbertus,
2732 4527 2835 4591 vir,
2857 4531 3044 4595 inquit
3066 4531 3419 4596 Trithemius,

144 4603 480 4656 monasterii
499 4601 872 4665 Hasunqensis
886 4600 944 4650 in
971 4599 1280 4663 Thuringia
1301 4597 1747 4662 fundatio.Facta
1763 4594 2082 4656 Domnium
2103 4594 2376 4665 virtutum
2396 4603 2597 4649 ornatu
2621 4597 2873 4662 decorus,
2902 4594 3022 4653 vita;
3052 4594 3424 4656 sanctimonia

142 4679 216 4726 est
249 4689 286 4725 a
317 4672 532 4738 Sifrido
561 4670 973 4736 Moguntinensi
999 4669 1416 4734 archiepiscopo,
1444 4670 1542 4734 qui
1552 4669 1614 4719 ob
1633 4669 1746 4719 dis-

143 4746 363 4797 sidium
396 4745 542 4795 inter
571 4743 876 4794 Romanum
905 4741 1215 4806 pontiﬁcem
1236 4743 1284 4790 et
1305 4739 1607 4791 Henricum
1638 4739 1748 4791 Au-

141 4821 377 4882 gustum
406 4814 522 4865 sede
538 4827 641 4864 sua
662 4816 904 4865 cesserat.
943 4811 1101 4863 Hunc
1115 4811 1293 4882 locum
1305 4811 1460 4882 elegit
1473 4807 1740 4874 Sifridus,

143 4886 293 4953 quod
310 4887 444 4952 jam
473 4884 693 4935 celebris
723 4887 851 4934 esset
881 4883 944 4934 ob
972 4881 1286 4947 frequentia
1316 4881 1611 4953 miracula,
1629 4896 1746 4946 quis

141 4951 217 5009 (id
245 4951 432 5008 sancti
487 4954 815 5022 Hegmeradi
865 4953 1173 5019 presbyteri
1213 4951 1494 5002 tumulum
1522 4952 1740 5016 ﬁebant,

141 5043 298 5080 anno
339 5025 484 5080 1019
515 5025 715 5076 ibidem
743 5025 956 5090 sepulti.
1004 5023 1392 5076 Consummato
1446 5036 1511 5073 ac
1565 5022 1746 5072 dolato

143 5099 488 5151 monasterio
534 5095 782 5161 Sifridus
812 5093 1104 5146 monachos
1139 5092 1395 5144 tredecim
1425 5107 1488 5142 es:
1518 5091 1751 5144 IIirsau--

139 5170 327 5236 giensi
345 5167 632 5236 familiaia
654 5165 802 5236 beato
829 5163 1114 5220 Willielmo
1134 5163 1747 5236 impetravit,e.rquibus

143 5232 513 5293 Giselbertum
539 5235 721 5288 virum
752 5234 997 5297 doctum,
1032 5232 1363 5303 prudentem
1399 5236 1456 5285 et
1478 5232 1637 5285 valde
1667 5235 1748 5284 re-

141 5309 436 5380 ligiosum,
465 5307 746 5380 ordinavit
765 5307 1030 5358 abbatem.
1058 5305 1271 5380 Floruit
1290 5305 1636 5380 aliquandiu
1649 5304 1748 5355 sub

144 5374 316 5449 hujus
349 5380 620 5445 regimine
652 5379 994 5442 llasaugense
1023 5377 1441 5449 monasterium,
1477 5375 1573 5449 ubi
1597 5374 1748 5449 dege-

144 5445 277 5505 bant
325 5451 446 5503 aud
475 5451 664 5502 minus
719 5462 890 5514 quam
943 5448 1290 5512 septuaginta
1346 5445 1604 5498 monachi
1648 5449 1747 5497 aut

143 5523 416 5581 conversi,
452 5536 584 5587 quos
609 5521 737 5586 pius
783 5519 947 5570 abbas
985 5517 1160 5569 verbis
1189 5521 1236 5568 et
1267 5517 1524 5581 exemplis
1555 5516 1627 5567 ad
1655 5531 1749 5567 re-

141 5596 411 5659 gularem
439 5592 796 5655 disciplinam
819 5590 1176 5654 informarat.
1203 5587 1270 5639 At
1292 5587 1748 5659 incalescentibus

146 5657 350 5725 turbis,
404 5663 614 5713 veritus
667 5664 745 5713 est
800 5659 1144 5717 Giselbertus,
1178 5673 1246 5709 ne
1274 5657 1752 5710 schismaticorum

143 5732 548 5798 consuetudine
564 5733 656 5784 sui
674 5731 936 5796 discipuli
961 5744 997 5782 a
1024 5731 1166 5781 recto
1197 5729 1421 5780 tramite
1447 5728 1750 5794 deviarent,

143 5819 326 5872 quare
355 5803 722 5872 Hirsaugiam
749 5815 879 5854 cum
923 5801 1040 5872 illis
1068 5799 1325 5872 omnibus
1369 5812 1620 5872 reversus
1643 5802 1746 5872 est.

146 5869 196 5932 li
224 5889 416 5933 omnes
443 5889 482 5930 a
513 5871 820 5934 Wilhetmo
863 5870 1173 5941 calorisque
1207 5870 1481 5941 fratribus
1529 5869 1756 5940 benigne

1828 4671 2074 4734 paternae
2094 4664 2413 4718 traditionis
2435 4667 2674 4728 auditor,
2708 4681 2894 4724 custos
2915 4676 2972 4724 et
2999 4673 3292 4726 aemulator
3309 4679 3425 4726 stu-

1829 4735 2178 4812 diosissimus
2203 4735 2345 4812 {qui
2375 4736 2478 4789 etsi
2506 4737 2706 4812 debilis
2737 4758 2986 4812 corpore,
3024 4750 3211 4796 mente
3232 4749 3424 4798 tamen

1829 4813 1886 4860 et
1913 4807 2128 4860 fervore
2158 4806 2390 4876 spiritus
2417 4808 2608 4861 multis
2646 4806 2851 4864 fortior
2880 4813 3199 4866 fortissimis
3247 4815 3424 4868 inces-

1829 4878 1992 4931 sit....
2037 4877 2354 4946 quicunque
2387 4877 2537 4931 illius
2569 4879 2683 4933 visa
2711 4885 3131 4938 conversatione
3175 4885 3424 4938 sanctior

1828 4965 1940 5023 non
1993 4947 2189 5023 evasit,
2215 5020 2226 5023 _
2246 4948 2442 5023 procul
2471 4949 2640 5023 dubio
2689 4969 2980 5023 nunquam
3011 4960 3237 5008 sanctus
3291 4955 3418 5010 fuit.

1830 5022 1951 5072 Post
2007 5022 2123 5086 ejus
2153 5020 2366 5086 felicem
2404 5035 2468 5070 es:
2497 5021 2599 5072 hac
2627 5025 2741 5074 vita
2789 5020 2999 5079 editum
3043 5029 3226 5080 beatus
3255 5028 3421 5080 abbas

1835 5091 2224 5162 Theodericum
2267 5090 2647 5162 eisubstituit,
2683 5095 2956 5162 sapientia
3009 5104 3067 5151 et
3109 5096 3422 5150 eruditione

1832 5160 2245 5231 Scripturarum
2277 5159 2573 5231 illustrem,
2597 5179 2701 5216 nec
2727 5159 2913 5219 minus
2933 5167 3058 5221 vitae
3081 5169 3280 5222 merito
3297 5183 3424 5222 san-

1831 5230 1983 5306 ctum
2022 5248 2189 5301 quam
2219 5230 2463 5306 scientiae
2493 5232 2678 5286 studio
2700 5236 3003 5291 eruditum.
3030 5241 3160 5306 Quo.
3198 5245 3259 5292 ut
3292 5255 3425 5292 mea:

1830 5304 2162 5364 dicebamus,
2219 5303 2628 5356 Peters/zusensi
2680 5307 2824 5372 facto
2853 5303 3058 5370 abbate,
3102 5310 3423 5366 Wilhetmus

1836 5373 2080 5426 Ottonem
2104 5391 2168 5426 es;
2179 5375 2462 5427 celterario
2481 5377 2728 5440 priorem
2748 5382 3050 5441 constituit,
3068 5384 3255 5434 virum
3271 5385 3424 5434 aetate

1832 5449 2163 5520 maturum;
2198 5447 2603 5520 huicsuccessit
2650 5447 2983 5511 Gebhard-us,
3037 5455 3153 5518 qui,
3207 5458 3266 5506 ut
3294 5455 3424 5520 jam

1831 5517 2096 5589 d-ipimus.
2133 5519 2194 5568 in
2227 5517 2368 5568 beati
2403 5515 2682 5571 Wilhetmi
2713 5521 2887 5572 locum
2905 5527 3023 5588 post
3045 5515 3162 5589 ejus
3191 5515 3425 5579 mortem.

1832 5587 1995 5639 abbas
2027 5588 2437 5652 Hirsaugiensis
2467 5589 2757 5642 ordinatus
2795 5595 2886 5643 est.
2913 5587 3077 5645 Inter
3111 5597 3425 5651 celebriores

1840 5657 2122 5712 Wilhelmi
2148 5659 2444 5722 discipulos
2485 5661 2663 5713 locum
2702 5661 2895 5715 habere
2922 5664 3068 5716 debet
3097 5665 3426 5720 Adalbertus

1832 5743 2022 5803 comes,
2093 5730 2192 5795 qui
2256 5728 2397 5803 beati
2459 5731 2671 5784 abbatis
2735 5735 2956 5801 ejusque
3019 5736 3425 5803 discipulorum

1833 5799 2460 5876 sanctappnversatione
2483 5799 2787 5876 permotus,
2845 5799 2921 5858 (id
2966 5799 3248 5862 meliorem
3303 5811 3426 5876 fru-

1833 5885 1956 5938 gem
1981 5869 2271 5933 adductus,
2307 5868 2531 5926 tandem
2549 5874 2831 5942 professus
2858 5878 3032 5934 vitam
3061 5868 3425 5936 monasticam
