3964 6362
513 304 620 367 903

1545 309 1604 364 Β.
1636 307 2030 365 GUILLELMI
2067 305 2373 365 ABBA'I'IS
2410 303 2753 372 HIRSAUG.

3677 309 3795 371 904

509 439 653 500 tum,
696 450 793 507 spe
820 432 1164 499 roboratum,
1188 434 1465 491 charitate
1482 435 1793 490 radicatum
1813 440 1871 490 et
1896 434 2099 489 funda-
2116 437 2163 495 A
2185 434 2455 506 lacrymis
2468 433 2865 507 interpellabat
2884 433 3206 500 Dominum,
3232 439 3297 489 ut
3316 434 3386 489 de
3415 438 3653 491 terrenae
3680 453 3788 507 po-

508 527 652 589 tum,
685 523 951 593 omnique
980 539 1200 577 morum
1233 524 1511 594 probitate
1535 525 1878 590 decoratum,
1919 524 2105 595 provi-

508 610 702 665 dentia
725 611 825 665 Dei
857 611 1259 682 omnipotentis
1284 612 1673 682 Hirsaugiensi
1711 610 1962 665 coenobio
1983 627 2106 681 pro-

509 698 749 753 visorem
779 699 1085 753 destinavit
1111 700 1181 753 ad
1203 700 1466 753 solatium
1499 699 1824 753 multorum.
1853 699 2104 769 Denique

504 786 709 842 fratres
739 788 798 842 in
828 788 1025 853 eodem
1047 787 1297 842 coenobio
1330 789 1443 842 Deo
1474 788 1799 850 servientes,
1826 804 1955 841 cum
1979 789 2101 858 jam

505 876 746 931 fuissent
782 883 997 931 rectore
1039 876 1312 942 destituti,
1345 876 1495 930 dulci
1524 877 1647 946 ejus
1695 892 1920 930 rumore
1954 876 2102 930 dele-

509 966 666 1031 ctati,
701 966 965 1020 honestos
1008 967 1222 1036 legatos
1259 966 1329 1019 ad
1360 981 1489 1020 eum
1519 965 1860 1019 evocandum
1890 965 2101 1019 direxe-

508 1060 660 1109 runt.
687 1056 762 1109 At
790 1055 906 1123 ille,
930 1071 1097 1109 causa
1110 1053 1474 1124 cognita,non
1505 1070 1564 1107 se
1583 1054 1639 1107 in
1669 1053 1987 1124 superbiam
2010 1071 2103 1108 ex-

508 1143 658 1210 tulit,
691 1143 787 1197 sed
811 1143 1044 1214 jejuniis
1073 1149 1130 1197 et
1150 1142 1498 1197 orationibus
1522 1159 1745 1208 vacans,
1771 1143 1981 1212 junctis
2011 1160 2100 1197 se-

507 1249 633 1287 cum
675 1232 1061 1305 spiritualibus
1106 1231 1448 1294 hominibus.
1492 1231 1715 1286 Domini
1756 1232 2100 1286 voluntatem

504 1322 696 1376 hacin
735 1339 796 1376 re
827 1322 1183 1393 quaerendam
1232 1321 1449 1375 statuit.
1494 1321 1732 1375 Demum
1769 1326 1997 1391 accepta
2032 1320 2103 1374 li-

503 1410 710 1479 centia,
760 1411 891 1465 licet
938 1411 1072 1465 boni
1120 1410 1328 1481 quique
1365 1409 1416 1463 ei
1459 1410 1986 1478 congratularentur
2033 1409 2102 1462 de

504 1498 734 1553 honoris
763 1500 1108 1571 prmlatione,
1142 1499 1246 1553 sibi
1288 1505 1476 1553 tamen
1521 1497 1786 1552 dolebant
1829 1497 1977 1567 quod
2016 1512 2104 1549 ca-

2184 524 2406 579 testatis
2438 525 2577 594 jugo
2613 524 2857 594 eriperet
2892 523 3077 585 locum
3110 540 3279 594 quem
3323 541 3424 595 pro
3456 541 3556 578 suo
3587 542 3783 579 amore

2186 619 2511 683 susceperat
2536 612 2843 682 regendum
2896 610 3098 682 Itaque
3139 612 3458 667 misericors
3488 614 3784 681 Dominus,

2186 703 2303 773 qui,
2312 704 2472 772 juxta
2496 719 2680 756 vocem
2713 702 3043 767 Psalmistae,
3065 718 3230 771 prope
3248 708 3324 757 est
3353 705 3609 758 omnibus
3629 707 3789 759 inro-

2184 794 2437 845 cantibus
2464 808 2589 844 eum
2619 793 2683 845 in
2711 794 2937 844 veritate
2959 793 3125 860 (Psal.
3158 791 3467 861 cxuv,18),
3492 807 3557 847 ex
3577 793 3790 864 impro-

2183 878 2299 933 viso
2336 879 2593 933 eumdem
2625 879 2888 934 comitem
2924 885 3087 934 tanta
3129 880 3499 935 circumdedit
3526 883 3788 937 adversi-

2183 972 2301 1021 tate
2330 974 2394 1022 ut
2430 984 2571 1038 pene
2608 968 2935 1039 desperaret
2964 969 3140 1022 ullum
3175 970 3445 1024 evadendi
3473 972 3691 1025 aditum
3721 989 3786 1026 se

2185 1072 2347 1126 posse
2376 1057 2642 1127 reperire.
2673 1058 2760 1111 Ita
2781 1057 3137 1124 constrictus,
3167 1058 3321 1112 omni
3337 1059 3632 1114 devotione
3653 1076 3788 1115 con-

2184 1145 2372 1199 silium
2404 1150 2462 1199 et
2492 1145 2763 1199 auxilium
2807 1145 3183 1216 spiritualium
3217 1148 3465 1201 virorum
3494 1148 3780 1220 expetivit.

2184 1232 2567 1297 Quidixerunt
2593 1250 2723 1288 eum
2753 1250 2865 1288 non
2895 1234 3061 1288 aliter
3080 1251 3377 1289 evasurum
3405 1241 3565 1291 tanta
3591 1236 3788 1291 discri-

2184 1321 2358 1385 mina,
2391 1322 2496 1375 nisi
2523 1339 2648 1376 cum
2671 1322 2825 1376 omni
2853 1324 2962 1376 ﬁde
2992 1322 3238 1377 libertati
3261 1324 3518 1380 redderet
3549 1326 3787 1381 Hirsau-

2182 1411 2431 1479 giensem
2463 1411 2646 1464 locum
2680 1427 2845 1481 quem
2886 1411 3092 1480 injuste
3137 1412 3483 1482 possederat.
3524 1415 3776 1478 Quorum

2183 1499 2432 1553 consiliis
2461 1499 2840 1569 acquiescens,
2867 1500 3211 1570 ﬁdeintegra
3239 1518 3299 1555 se
3319 1501 3594 1557 abdicavit
3621 1506 3776 1558 omni

504 1594 697 1642 rerent
732 1589 855 1658 ejus
886 1588 1287 1643 familiaritatis
1319 1596 1376 1643 et
1411 1589 1687 1644 aifaminis
1729 1583 1991 1658 praedulci
2020 1599 2105 1637 so—
2179 1588 2307 1657 jure
2335 1588 2696 1659 proprietatis
2716 1588 2962 1658 ejusdem
2987 1588 3177 1653 loci,et
3194 1590 3625 1663 chirographum
3647 1609 3779 1647 cum

504 1677 732 1731 lamiae.
768 1676 872 1731 Ille
898 1694 1027 1731 vero
1060 1694 1171 1731 non
1213 1694 1467 1748 quaerens
1514 1694 1637 1748 quae
1680 1692 1780 1729 sua
1822 1678 1972 1729 sunt.
2005 1670 2147 1748 sed_
2185 1676 2336 1730 omni
2385 1676 2680 1746 diligentia
2737 1677 3044 1731 secundum
3091 1678 3389 1733 consilium
3452 1680 3777 1735 timentium

502 1782 625 1837 quae
668 1766 892 1819 Domini
941 1768 1160 1835 (Philip.
1195 1744 1259 1833 li,
1303 1768 1414 1836 ‘21),
1442 1744 1725 1838 professus
1771 1768 1857 1817 est
1892 1778 1950 1816 se
1980 1776 2091 1814 non
2112 1744 2157 1803 Β
2176 1765 2351 1818 Deum
2385 1744 2640 1835 componi
2670 1765 2816 1828 fecit,
2835 1765 3006 1836 priori
3023 1766 3396 1838 chirographo
3420 1769 3644 1839 penitus
3673 1770 3780 1823 dc-

502 1855 666 1909 aliter
718 1855 947 1909 omnino
995 1872 1400 1910 consensurum
1459 1854 1738 1918 electioni,
1780 1852 1890 1906 nisi
1937 1850 2093 1922 prius

499 1943 649 1997 idem
674 1944 988 1999 coenobium
1007 1945 1241 2016 integra;
1263 1945 1594 1999 redderetur
1619 1938 1886 1997 libertati.
1911 1939 2094 2009 Igitur

499 2032 634 2102 quia
683 2031 741 2086 in
782 2033 878 2103 jus
930 2034 1215 2105 proprium
1264 2034 1369 2087 hoc
1398 2033 1548 2087 idem
1586 2029 1990 2086 monasterium
2009 2028 2094 2098 (3)

496 2120 833 2175 Adelbertus
862 2139 1049 2177 comes
1079 2128 1137 2177 et
1163 2122 1465 2176 advocatus
1513 2121 1768 2191 ejusdem
1806 2118 1913 2173 loci
1963 2133 2092 2171 cum

496 2209 613 2263 suis
642 2209 969 2281 parentibus
989 2211 1304 2281 redegerat,
1333 2217 1391 2265 et
1404 2226 1545 2281 pene
1566 2209 2093 2271 destruxerat,com~

496 2305 657 2369 perta
686 2299 791 2353 viri
820 2299 921 2353 Dei
941 2300 1257 2354 constantia
1284 2306 1342 2354 et
1370 2298 1852 2369 magnanimitate,
1886 2295 1943 2349 in
1974 2311 2090 2348 om-

495 2386 661 2441 nibus
686 2404 746 2441 se
774 2387 824 2441 ei
849 2388 1370 2459 obtemperaturum
1392 2387 1709 2441 simulabat.
1734 2387 1872 2441 Cum
1892 2383 2090 2438 eodem

499 2491 744 2546 namque
761 2475 922 2531 beato
939 2477 1061 2531 viro
1090 2484 1305 2531 curtem
1328 2477 1540 2547 regiam
1562 2476 1719 2540 adiit,
1743 2492 1807 2529 ac
1837 2470 2089 2528 saeculari

500 2566 710 2619 astutia
739 2564 1171 2636 chirographum
1198 2566 1498 2620 infideliter
1521 2564 1851 2635 composuit,
1886 2562 1981 2615 illo
2012 2560 2091 2615 nil

498 2652 713 2707 sinistri
734 2671 849 2724 pra:
876 2655 1194 2709 Columbina
1233 2654 1593 2726 simplicitate
1632 2653 1972 2724 suspicante,
2002 2668 2093 2705 re-

489 2741 696 2813 gioque
721 2742 905 2813 sigillo
934 2744 1074 2798 illud
1105 2744 1321 2798 firmari
1361 2743 1702 2815 impetravit.
1744 2740 2093 2797 Adveniente

493 2831 668 2901 igitur
698 2832 990 2887 Dominica
1017 2833 1507 2904 Ascensione,quae
1531 2833 1626 2886 illo
1657 2848 1805 2885 anno
1834 2830 2091 2885 evenitlv

492 2921 684 2975 Nonas
703 2922 853 2977 Junii
873 2924 955 2990 (V.
988 2924 1223 2987 0bse-rv.,
1250 2940 1306 2977 n.
1332 2922 1409 2988 2),
1429 2926 1731 2975 convocata
1759 2919 2088 2973 clericorum

494 3014 552 3063 et
577 3010 849 3065 laicorum
882 3011 1262 3078 multitudine,
1314 3011 1564 3065 omnium
1604 3008 1889 3063 communi
1938 3013 2083 3070 voto,

2110 3055 2155 3115 Ο

2175 1854 2287 1907 leto
2336 1859 2504 1923 atque
2544 1852 2781 1923 abjecto.
2840 1854 3145 1924 Postquam
3194 1862 3381 1910 autem
3421 1858 3777 1912 venerandus

2175 1942 2344 1996 Pater
2361 1942 2699 1995 Wilhelmus
2728 1942 2953 2013 proprio
2976 1942 3166 1998 labore
3180 1949 3237 1998 et
3263 1945 3544 2000 industria
3561 1962 3772 2003 novuu:

2176 2030 2610 2102 chirographum
2632 2030 3042 2085 studiosissime
3052 2033 3777 2104 composuit,ipsemetillud

2174 2119 2295 2189 regi
2326 2119 2566 2173 Henrico
2597 2119 2755 2189 regio
2785 2118 2969 2188 sigillo
2991 2120 3370 2175 roborandum
3397 2121 3625 2178 obtulit.

2244 2207 2297 2263 4.
2336 2208 2456 2272 Quo
2488 2207 2559 2261 ad
2588 2214 2778 2261 votum
2807 2207 3105 2277 completo,
3124 2208 3324 2263 statuit
3348 2209 3517 2264 etiam
3546 2216 3773 2282 aposto-

2174 2296 2333 2351 licam
2393 2297 2586 2351 sedem
2642 2296 2820 2361 adire,
2881 2302 2941 2350 ct
2984 2297 3335 2368 privilegium
3384 2298 3775 2370 Hirsaugiensi

2171 2384 2420 2439 coenobio
2440 2386 2745 2440 secundum
2776 2386 2916 2440 scita
2937 2402 3217 2440 canonum
3237 2387 3772 2457 acquirere.Deinde

2172 2478 2281 2527 iter
2309 2490 2625 2544 aggressus,
2658 2491 2926 2545 prospero
2954 2491 3123 2529 cursu
3155 2475 3390 2529 Romam
3431 2476 3598 2530 venit.
3624 2476 3708 2532 Ibi
3736 2494 3773 2533 α

2176 2562 2402 2617 domino
2415 2564 2718 2634 apostolico
2733 2563 2912 2617 beatae
2934 2563 3218 2617 memoriae
3240 2564 3509 2634 Gregorio
3525 2565 3771 2635 benigne

2176 2658 2489 2721 susceptus,
2518 2651 2756 2721 cognitis
2785 2652 2969 2706 causis
3002 2669 3241 2723 quarum
3269 2653 3456 2723 gratia
3475 2654 3571 2707 illo
3597 2655 3762 2710 adve-

2174 2745 2356 2802 nerat,
2381 2740 2771 2801 libentissime.
2803 2746 2973 2811 prout
2994 2740 3365 2812 competebat,
3396 2743 3769 2798 annuit.Nam

2169 2828 2520 2898 privilegium
2554 2829 2858 2899 apostolica
2884 2830 3217 2883 auctoritate
3247 2830 3471 2901 plenum
3498 2830 3605 2885 sibi
3631 2848 3771 2887 con-

2169 2917 2420 2983 tradidit,
2456 2924 2509 2972 et
2530 2917 2599 2971 ob
2629 2917 3042 2973 munimentum
3076 2918 3494 2989 Hirsaugiensis
3524 2920 3765 2976 coenobii

2171 3006 2604 3078 chirographum
2631 3023 2808 3062 unum
2833 3007 2904 3061 ab
2924 3023 2990 3061 eo
3011 3012 3297 3078 receptum
3321 3007 3380 3061 in
3406 3008 3611 3063 scrinio
3638 3026 3768 3064 san-

491 3098 582 3153 hic
610 3100 963 3154 venerandus
1009 3100 1239 3168 electus,
1290 3101 1572 3165 laudatus,
1626 3105 1684 3153 et
1730 3115 1856 3152 cum
1914 3094 2243 3151 nimiaucti
2273 3096 2428 3149 Petri
2476 3096 2805 3151 recondidit.
2858 3095 3201 3168 Aliquandiu
3241 3113 3375 3167 ergo
3403 3097 3479 3151 ibi
3509 3099 3769 3153 demora-

488 3187 856 3242 inundatione
879 3190 1111 3243 ﬂetuum
1131 3190 1187 3243 in
1218 3190 1407 3244 sedem
1430 3186 2083 3243 abbatisestcollocatus.
2168 3189 2286 3247 tus,
2335 3184 2726 3254 gravissimam
2782 3184 3168 3239 inﬁrmitatem
3224 3185 3454 3250 incidit,
3510 3186 3770 3241 horribili

488 3275 612 3339 Qua
640 3276 915 3347 dignitate
946 3277 1404 3348 suscepta.c(r.pit
1417 3276 1656 3330 caelestis
1678 3274 1850 3329 studii
1870 3274 2088 3328 fervore
2171 3272 2319 3326 enim
2350 3272 2559 3327 ventris
2596 3272 2887 3328 inflatione
2932 3273 3231 3327 tenebatur
3271 3290 3590 3345 oppressus,
3622 3275 3768 3330 adeo

488 3368 649 3418 tanto
703 3365 883 3436 magis
944 3365 1300 3420 inardescere
1350 3369 1561 3437 quanto
1603 3382 1662 3418 se
1718 3363 2087 3434 cognoscebat
2170 3367 2236 3416 ut
2264 3377 2541 3431 nusquam
2592 3367 2781 3433 posset
2815 3378 3074 3432 gressum
3116 3377 3376 3429 movere;
3410 3379 3648 3434 cumque
3667 3363 3766 3419 diu

487 3452 703 3508 caeteris
751 3454 990 3525 exempli
1031 3454 1217 3524 gratia
1254 3455 1549 3525 praelatum
1607 3469 1747 3518 esse,
1807 3468 2085 3522 suumque
2169 3452 2273 3504 hac
2292 3450 3765 3523 inﬁrmitatelaboraret,etejusrecuperatiodespera-

488 3558 659 3612 sagax
688 3542 936 3596 studium
976 3560 1147 3614 super
1178 3543 1369 3597 omnia
1397 3542 1671 3597 convertit
1708 3541 1779 3594 ad
1821 3540 2085 3594 observa-
2167 3545 2325 3595 retur
2365 3541 2532 3595 etiam
2562 3556 2597 3593 a
2623 3539 2980 3611 peritissimis
3028 3539 3275 3604 medicis,
3310 3540 3549 3610 quadam
3589 3541 3680 3595 die
3699 3557 3760 3595 se

486 3631 699 3685 tionem
737 3631 1026 3702 religionis
1051 3632 1392 3686 monasticae.
1425 3632 1626 3685 Alacer
1655 3634 1778 3684 erat
1806 3629 1863 3683 in
1889 3630 2083 3682 exhor-
2167 3628 2292 3683 duci
2321 3630 2586 3700 prazcepit
2611 3629 2683 3683 ad
2707 3629 2885 3682 altare
2920 3629 3135 3682 Sanctae
3166 3629 3356 3682 Maria:
3386 3645 3610 3699 semper
3638 3629 3762 3684 Vir-

484 3718 676 3783 tando,
715 3736 941 3773 severus
978 3719 1033 3772 in
1063 3719 1436 3790 corripiendo.
1484 3718 1636 3773 Nulli
1683 3718 1923 3782 invidus,
1956 3718 2082 3772 cba—
2160 3718 2331 3789 ginis,
2351 3719 2734 3789 reclinatoque
2761 3723 2954 3771 ventre
2975 3717 3225 3771 sauciata
3243 3717 3312 3770 ad
3332 3717 3758 3782 altare,intimis

484 3806 653 3861 ritate
691 3808 927 3863 diﬂusus
955 3819 1013 3862 et
1052 3808 1313 3878 largitate
1344 3807 1557 3861 exstitit
1591 3807 1905 3860 munificus.
1937 3806 2079 3861 Cum
2162 3808 2419 3879 precibus
2450 3808 2743 3879 ﬂagitabat
2762 3806 3069 3860 remedium
3100 3806 3362 3876 piissimae
3387 3805 3488 3859 Dei
3511 3806 3762 3860 Genitri-

481 3896 760 3965 gravitate
779 3896 957 3950 dulcis
987 3897 1038 3949 ei
1068 3895 1365 3949 affabilitas
1396 3895 1598 3963 inerat,
1631 3912 1730 3965 per
1759 3911 1927 3966 quam
1961 3912 2080 3949 cor-
2162 3897 2517 3953 cis.Tantam
2538 3913 2695 3967 spem
2717 3902 2887 3965 atque
2918 3895 3085 3948 ﬁdem
3111 3894 3407 3963 gratiaDei
3428 3910 3622 3948 amore
3641 3895 3764 3949 (lul-

484 3982 648 4038 dibus
678 3984 941 4038 humanis
964 3984 1212 4038 suaviter
1239 3983 1528 4038 inﬂuebat.
1562 3984 1863 4053 Negotium
1891 3982 2078 4053 singu-

481 4072 667 4127 lorum
696 4089 762 4126 ac
787 4073 835 4127 si
864 4072 1151 4144 proprium
1174 4073 1841 4144 zestimabat,peregrinos
1869 4079 1924 4127 et
1945 4089 2079 4142 pau-

480 4176 643 4231 peres
690 4168 925 4231 paterno
979 4161 1180 4216 affectu
1234 4162 1474 4229 fovebat,
1520 4162 1827 4233 saepissime
1876 4167 2077 4215 exutus

481 4247 711 4318 propria
753 4248 985 4302 camisia
1021 4248 1256 4320 aliisque
1303 4249 1651 4304 vestimentis
1685 4249 1875 4303 miseri
1917 4255 2076 4304 artus

479 4335 726 4404 tegebat.

554 4422 604 4479 3.
649 4422 806 4478 Inter
847 4425 965 4480 haec
1006 4442 1139 4496 ergo
1175 4426 1438 4481 exercitia
1491 4427 1783 4493 virtutum,
1829 4426 2073 4498 quadam

480 4513 795 4567 tentatione
824 4513 1091 4585 probatus
1115 4521 1201 4569 est
1231 4516 1613 4586 potius‘quam
1643 4516 1927 4586 pulsatus;
1951 4533 2074 4586 quae

478 4601 735 4673 probatio
764 4601 868 4656 sibi
898 4603 1122 4674 quidem
1148 4604 1214 4658 ad
1243 4604 1922 4675 coronam,l{irsaugiensi
1944 4621 2073 4658 vero

478 4690 729 4746 coenobio
759 4692 829 4746 ad
856 4691 1299 4747 stabilimentum
1320 4700 1378 4747 et
1396 4693 1802 4748 munimentum
1837 4693 2067 4764 profuit.

415 4851 429 4862 _
477 4778 618 4834 Nam
642 4781 1024 4851 supradictum
1037 4781 2073 4853 chirographumlibertatisinﬁdelitcr

476 4868 1085 4940 compositum,secrete
1105 4870 1548 4926 sibiinsinuante
1563 4873 1802 4942 conjuge
1822 4870 2072 4942 praedicti

475 4957 713 5023 comitis,
737 4959 981 5024 rescivit,
1004 4964 1080 5024 et,
1103 4959 1207 5014 sub
1228 4960 1462 5015 obtentu
1484 4961 1757 5032 praedicta:
1773 4959 2066 5024 libertatis,

473 5045 543 5100 de
562 5047 803 5118 pristina
827 5047 1093 5102 violentia
1121 5064 1185 5101 ac
1230 5048 1579 5119 subiectione
1600 5050 1812 5120 injuste.
1843 5048 2074 5103 Hirsau-

468 5135 680 5206 giensis
700 5136 930 5190 claustri
964 5137 1044 5190 nil
1081 5137 1384 5205 minutum,
1416 5138 1514 5193 sed
1542 5140 1726 5210 potius
1755 5143 1983 5193 auctum
2015 5143 2074 5193 et

470 5225 816 5280 roboratum.
838 5225 961 5280 Tali
991 5232 1179 5280 autem
1202 5226 1624 5297 perturbatione
1653 5228 2065 5299 aliquantulum

471 5322 784 5370 commotus
814 5320 1045 5387 propter
1072 5320 1283 5371 statum
1312 5317 1697 5383 loci,assiduis
1728 5317 1985 5388 precibus
2013 5323 2071 5372 et

542 5455 621 5525 (3)
671 5457 753 5511 De
792 5457 1209 5528 Hirsaugiensis
1265 5459 1592 5513 monasterii
1653 5460 2066 5515 restauratione

473 5529 528 5578 et
558 5528 758 5601 comite
791 5529 1096 5583 Adalberto
1126 5531 1365 5601 diximus
1392 5531 1453 5585 in
1482 5531 1675 5601 Elogio
1705 5532 1749 5584 V
1778 5531 2060 5599 Friderici,

471 5610 641 5665 supra
664 5598 734 5651 ad
761 5614 971 5653 annum
999 5600 1159 5656 1070.

2162 3985 2398 4039 cissimze
2424 3984 2724 4039 Genitricis
2752 4000 2866 4038 suae
2904 3988 3205 4037 consecuta
3235 3988 3339 4036 est.
3374 3980 3570 4036 Subito
3593 3999 3758 4036 nan:-

2161 4092 2270 4146 que
2295 4080 2494 4129 contra
2517 4090 2673 4145 spem
2699 4072 2951 4127 omnium
2977 4071 3146 4142 coepit
3172 4071 3580 4134 convalescere,
3608 4088 3673 4126 ac
3696 4088 3757 4126 se

2160 4165 2282 4219 cibo
2307 4164 2553 4227 reﬁcere,
2588 4168 2646 4217 et
2680 4177 2793 4216 non
2831 4167 2959 4232 post
2985 4160 3215 4230 longum
3250 4166 3474 4230 tempus
3503 4160 3562 4214 in
3587 4177 3757 4215 sunt.)

2158 4254 2362 4312 locum,
2392 4252 2607 4306 cunctis
2625 4249 3061 4322 gratulantibus,
3101 4265 3358 4303 reversus
3387 4254 3492 4302 est.

2090 4365 2139 4425 D
2229 4340 2281 4397 5.
2320 4342 2399 4396 Eo
2441 4346 2695 4412 tempore
2735 4339 2981 4393 Ecclesia
3034 4337 3309 4393 catholica
3332 4335 3655 4425 miserabili
3685 4352 3750 4390 ac

2158 4429 2477 4484 detestabili
2496 4429 2799 4482 schismate
2829 4428 2903 4495 (4)
2926 4424 3251 4480 abinimicis
3280 4424 3614 4479 Christianae
3631 4425 3755 4478 uni-

2156 4519 2289 4573 tatis
2324 4517 2701 4572 scindebatur.
2742 4516 2850 4570 Sed
2888 4515 3022 4586 quia
3062 4514 3154 4569 hic
3203 4529 3332 4568 vere
3381 4513 3497 4568 Deo
3551 4513 3757 4583 dignus

2155 4607 2285 4677 igne
2315 4606 2483 4661 divini
2517 4605 2726 4659 amoris
2766 4610 2919 4658 totus
2957 4602 3342 4668 incanduerat,
3374 4617 3441 4655 ac
3481 4601 3599 4656 zelo
3639 4602 3759 4657 anis

2156 4712 2376 4750 marum
2403 4694 2695 4755 aestuabat,
2727 4692 2934 4747 salubri
2959 4692 3189 4746 consilio
3220 4706 3443 4762 quoque
3470 4690 3539 4744 ad
3563 4690 3757 4745 unita-

2154 4790 2269 4839 tem
2315 4784 2573 4839 Ecclesiae
2603 4782 2901 4838 tenendam
2941 4780 3388 4850 servandamque
3436 4778 3752 4835 animabat.

2155 4875 2224 4928 Et
2252 4874 2384 4945 quia
2409 4872 2650 4944 simplici
2677 4888 2743 4925 ac
2770 4887 2914 4942 puro
2944 4871 3104 4925 oculo
3135 4869 3237 4923 tali
3262 4867 3563 4922 insistebat
3584 4884 3758 4938 nego-

2158 4962 2391 5033 tio,quid
2401 4962 2532 5033 quid
2544 4960 3102 5031 agebat,cunctorum
3132 4957 3523 5027 religiosorum
3545 4957 3757 5011 animis

2153 5051 2570 5122 complacebat;
2602 5048 2870 5121 quidquid
2907 5047 3147 5111 dicebat,
3182 5045 3436 5100 omnium
3473 5044 3756 5100 bonorum

2153 5140 2324 5195 corda
2341 5139 2543 5194 intimo
2562 5139 2770 5193 amoris
2789 5138 2991 5192 affectu
3021 5134 3352 5190 delectabat.
3378 5134 3521 5188 Cum
3542 5132 3757 5187 colum~

2153 5230 2283 5283 bina
2330 5228 2688 5300 simplicitate
2719 5233 2940 5281 tantum
2998 5224 3175 5296 viguit
3218 5223 3277 5276 in
3314 5238 3380 5276 eo
3427 5222 3756 5291 serpentina

2151 5317 2361 5373 astutia
2397 5323 2463 5372 ut
2502 5316 2572 5371 ab
2609 5317 2779 5387 hujus
2817 5315 3006 5371 smculi
3052 5310 3422 5386 prudentibus
3466 5309 3756 5365 videretur

2222 5460 2289 5523 (4)
2323 5461 2519 5514 Exstat
2542 5475 2607 5513 ea
2637 5458 2706 5512 de
2752 5474 2813 5511 re
2853 5456 3108 5527 Gregorii
3140 5454 3241 5509 VII
3284 5452 3521 5527 epistola
3546 5451 3641 5527 _ad
3679 5454 3747 5507 A.

2149 5532 2533 5586 Pataviensezn
2584 5530 2905 5600 episcOpum
2953 5522 3012 5582 ἐι
3048 5522 3747 5591 ηοειτυιη“Ἦϋὴθιωυω,

2145 5619 2268 5673 quae
2298 5610 2384 5657 est
2410 5601 2536 5655 libri
2565 5616 2620 5654 ix
2648 5600 2912 5654 secunda.
