3964 6358
179 307 289 367 905
1728 303 1791 359 ν]

1875 307 1916 358 ι.
3346 314 3455 376 905

178 448 378 487 omnes
405 431 720 503 praecedere
757 429 820 485 in
855 428 1173 500 prudentia,
1204 432 1262 482 et
1284 442 1318 481 a
1346 427 1538 482 divina
1560 426 2120 499 sapien-Aomnibus
2161 430 2483 501 exemplum
2526 429 2672 486 bene
2720 431 2941 488 vivendi
2976 434 3103 490 ﬁeri
3151 436 3442 500 studebat.

177 521 328 576 tibus
358 522 502 576 mire
528 521 805 575 coleretur
846 535 947 589 pro
995 534 1147 588 purae
1193 517 1398 571 mentis
1435 517 1775 571 innocentia.
1932 518 1983 571 8.
2015 516 2174 571 Inter
2201 519 2301 573 has
2330 536 2464 590 ergo
2488 520 2741 592 aliasque
2762 521 3015 589 virtutes,
3047 540 3214 595 quam
3234 528 3455 584 sincera

252 612 305 667 6.
337 608 821 666 Tantacharitatis
841 606 1108 661 aftluebat
1136 605 1481 676 benignitate
1509 612 1574 659 ut
1597 607 1778 660 nemi-
1861 611 1918 660 et
1935 606 2183 677 perfecta
2212 606 2323 661 ﬁde
2351 609 2605 678 polleret,
2638 610 2826 664 nullus
2853 628 3040 665 sermo
3069 613 3140 666 ad
3158 596 3453 686 integrum

181 718 308 757 nem
339 700 587 771 perfecte
623 697 809 752 divino
860 695 1082 750 servitio
1127 694 1443 764 cupientem
1475 711 1534 748 se
1564 695 1777 748 manci-
1860 696 2135 767 explicare
2163 697 2328 751 valet.
2351 698 2469 752 Hac
2497 698 2646 752 enim
2664 699 2869 754 virtute
2898 701 3067 756 veluti
3097 702 3271 757 lorica
3292 705 3455 763 indu-

181 807 336 863 pare,
379 805 482 860 pro
527 791 856 859 paupertate
897 802 1001 839 sua
1034 784 1362 855 despiceret,
1398 782 1677 837 neminem
1708 782 1777 837 ob
1858 789 1971 849 tus,
2007 784 2148 838 virili
2182 784 2372 839 animo
2403 802 2638 857 quaeque
2663 787 2895 841 adversa
2923 789 3226 857 devicit,ac
3251 794 3455 864 saepius

179 879 525 951 imperitiam
547 876 834 937 refutaret.
853 874 1084 928 Nobiles
1109 889 1175 927 ac
1195 872 1487 942 ignobiles,
1504 871 1703 925 divites
1721 876 1780 925 et
1859 873 2133 928 nonnulla
2161 874 2432 939 difﬁcilia,
2459 891 2525 928 ac
2554 876 2749 929 multis
2790 894 2930 948 pene
2954 878 3325 949 impossibilia
3354 900 3455 955 ag-

179 983 476 1039 pauperes,
505 966 652 1031 viros
679 980 744 1017 ac
774 963 1058 1027 mulieres,
1083 962 1153 1016 ad
1177 966 1558 1031 contemptum
1580 959 1778 1014 mundi
1859 963 2351 1030 gressus,Domino
2373 965 2694 1034 adjuvante,
2716 964 2862 1019 felici
2884 966 3082 1022 effectu
3103 972 3451 1031 terminavit.

180 1056 473 1119 incitabat,
487 1071 554 1108 ac
577 1053 826 1123 singulos
843 1052 913 1106 ad
932 1066 1183 1105 amorem
1211 1050 1450 1104 caelestis
1468 1049 1593 1103 vitae
1612 1048 1780 1103 verbo
1862 1051 1936 1104 Ut
1960 1052 2112 1105 enim
2142 1052 2211 1105 de
2238 1051 2491 1122 pluribus
2520 1069 2696 1123 pauca
2726 1070 3182 1125 commemorem,
3208 1059 3346 1115 dum
3362 1061 3455 1116 die

181 1151 238 1200 et
283 1143 540 1214 exemplo
585 1141 942 1196 accendebat.
988 1140 1168 1193 Multa
1217 1138 1550 1210 hospitibus,
1600 1139 1782 1191 multa
1862 1138 2105 1208 quodam
2128 1148 2355 1194 sanctus
2380 1142 2549 1195 Pater
2575 1142 2644 1195 de
2664 1159 2725 1196 re
2743 1141 3007 1198 familiari
3028 1149 3298 1202 tractaret
3323 1166 3455 1205 cum

179 1232 523 1305 pauperibus
552 1230 959 1297 distribuebat;
992 1245 1095 1283 nec
1122 1234 1316 1282 tamen
1353 1227 1782 1281 commissorum
1859 1226 2127 1281 fratribus
2164 1229 2439 1282 exteriora
2463 1230 2899 1300 providentibus,
2930 1232 3082 1286 inter
3108 1240 3309 1290 caetera
3328 1254 3454 1308 qua

179 1322 281 1376 sibi
312 1338 510 1376 curam
534 1318 923 1391 postponebat,
955 1318 1052 1371 sed
1085 1334 1211 1371 cum
1243 1324 1479 1387 paterna
1516 1315 1782 1370 sollicitu-
1861 1317 2309 1383 conferebantur,
2327 1317 2818 1384 denuntiaverunt,
2841 1336 2943 1391 pro
2960 1322 3203 1392 quadam
3223 1324 3456 1382 inevita-

178 1411 329 1477 dine,
372 1416 433 1465 et
463 1426 592 1465 cum
627 1425 833 1478 magna
864 1406 1156 1461 charitatis
1202 1405 1492 1459 affectione
1522 1404 1783 1458 omnibus
1862 1404 1961 1458 bili
1991 1406 2345 1468 necessitate.
2369 1409 2711 1463 necessarias
2739 1426 2860 1463 esse
2885 1409 3129 1481 quinque
3157 1410 3331 1468 libras
3358 1431 3454 1470 ar-

187 1500 509 1555 necessaria
533 1496 984 1552 administrabat.
1018 1495 1076 1548 Si
1107 1511 1218 1565 qua
1241 1510 1371 1548 vero
1387 1493 1468 1546 rei
1490 1492 1784 1547 familiaris
1862 1490 2038 1559 genti.
2072 1491 2213 1545 Cum
2242 1507 2372 1545 vero
2416 1508 2521 1546 nec
2549 1492 2609 1547 in
2647 1499 2909 1564 promptu
2938 1510 3033 1549 eas
3070 1495 3319 1562 haberet,
3352 1514 3457 1555 nec

186 1588 426 1660 penuria
443 1586 763 1657 ingruebat,
787 1586 932 1638 hanc
957 1600 1071 1637 non
1092 1584 1273 1637 solum
1294 1580 1665 1646 tolerabilem,
1684 1581 1784 1635 sed
1865 1596 2043 1650 usque
2071 1582 2211 1636 scita
2239 1583 2438 1637 saltem
2468 1583 2821 1638 mutuatione
2856 1583 3147 1655 acquirere
3182 1588 3454 1658 valerent,

188 1684 412 1747 gratam
453 1675 560 1729 sibi
591 1675 819 1745 suisque
847 1673 1051 1726 blande
1078 1676 1135 1725 et
1159 1670 1304 1724 virili
1348 1669 1785 1724 commonitione
1805 1741 1842 1747 _
1866 1676 1925 1724 et
1951 1670 2253 1726 imminens
2282 1673 2586 1727 necessitas
2632 1678 2859 1743 urgeret
2888 1674 3009 1727 sine
3040 1673 3154 1728 ulla
3191 1675 3461 1734 dilatione

187 1741 448 1830 faciebat,
510 1741 768 1818 asserens
825 1763 970 1816 hanc
1017 1777 1139 1815 esse
1191 1760 1522 1814 dilectorum
1574 1741 2372 1831 Chﬁstinersolvereipsam
2395 1741 2824 1832 pecuniam—tali
2850 1763 3274 1833 perturbatione
3288 1783 3459 1823 coan-

187 1853 598 1926 probationem,
619 1857 678 1907 et
703 1853 752 1906 si
790 1850 1064 1922 patientia
1083 1866 1207 1903 cum
1231 1848 1544 1918 gratiarum
1566 1846 1786 1901 actione
1865 1848 2078 1918 gustati
2108 1849 2444 1919 ignorabant
2467 1851 2747 1921 quomodo
2769 1864 3000 1921 possent
3022 1855 3300 1923 expedire.
3326 1856 3460 1912 Pius

188 1958 252 1996 ac
272 1959 504 2013 precum
527 1940 977 2012 frequentatione
996 1938 1234 2001 adesset,
1252 1938 1445 2008 procul
1470 1935 1638 1989 dubio
1660 1950 1787 1989 mox
1868 1942 2055 1990 autem
2088 1938 2274 2002 Pater,
2308 1939 2368 1993 in
2397 1938 2632 1994 Domino
2661 1940 2964 2005 conﬁdens,
2996 1941 3174 1995 verbis
3200 1945 3459 1998 consola-

188 2032 548 2086 manifestam
580 2048 615 2083 a
641 2030 757 2084 Deo
794 2040 1088 2083 venturam
1133 2025 1593 2080 consolationem.
1627 2024 1788 2088 Quod
1868 2025 2028 2079 toriis
2073 2026 2591 2096 pusillanimitatem
2643 2028 2870 2085 illorum
2922 2030 3141 2084 studuit
3184 2032 3459 2101 animare,

189 2122 385 2191 utique
401 2127 490 2173 est
502 2118 854 2173 evidentibus
868 2134 1014 2188 saepe
1034 2117 1382 2169 declaratum
1403 2113 1787 2177 indiciis,dum
1870 2114 2060 2168 dicens
2088 2116 2241 2169 nullo
2273 2116 2440 2171 modo
2468 2118 2537 2171 de
2569 2115 2666 2171 Dei
2689 2117 3069 2172 misericordia
3093 2118 3461 2175 difﬁdendum

192 2210 243 2263 ei
272 2210 328 2263 in
354 2208 511 2263 omni
544 2207 805 2277 angustia
835 2206 1109 2260 Dominus
1139 2204 1345 2258 ostium
1396 2202 1789 2256 misericordiae
1870 2220 2010 2257 esse.
2038 2202 2159 2258 Illis
2189 2221 2315 2258 vero
2341 2221 2454 2275 prae
2474 2204 2754 2259 anxietate
2780 2206 3026 2276 tepidius
3056 2206 3461 2277 excipientibus

192 2315 323 2362 suae,
339 2299 453 2351 ﬁde
474 2304 532 2351 et
552 2295 810 2367 precibus
828 2294 1099 2365 pulsanti,
1122 2293 1342 2363 aperire
1378 2292 1642 2362 dignatus
1680 2295 1783 2344 est.
1871 2293 1993 2362 ejus
2019 2293 2477 2356 consolationem,
2500 2299 2558 2348 et
2577 2293 2990 2351 afﬁrmantibus
3010 2311 3122 2349 non
3142 2312 3242 2366 pro
3261 2313 3340 2362 se,
3362 2298 3463 2352 sed

191 2387 365 2440 Fama
381 2386 556 2455 igitur
584 2385 843 2455 vulgante
873 2384 993 2452 ejus
1009 2381 1319 2437 laudabiles
1339 2392 1496 2434 actus
1517 2380 1785 2449 undique,
1872 2397 1972 2451 pro
1998 2382 2280 2436 communi
2326 2382 2665 2437 detrimento
2693 2390 3023 2453 angustatos
3050 2383 3241 2450 fuisse,
3275 2402 3307 2438 e
3337 2401 3465 2440 con-

191 2476 259 2529 ad
285 2491 416 2529 eum
433 2474 595 2545 quasi
615 2474 686 2527 ad
710 2472 919 2526 bonum
950 2472 1179 2525 odorem
1211 2470 1418 2524 Christi
1451 2469 1643 2522 ﬁdeles
1663 2484 1790 2521 con-
1871 2487 2027 2523 sessu
2057 2471 2318 2533 surrexit.
2349 2478 2406 2525 et
2434 2471 2546 2525 illis
2567 2472 2688 2541 ejus
2709 2471 2954 2526 reditum
2983 2473 3457 2543 praestolantibus,

192 2564 446 2618 ﬂuebant
466 2581 480 2629 ;
500 2563 730 2633 quidam
754 2562 948 2631 utique
977 2559 1266 2631 cupientes
1288 2558 1370 2613 uti
1397 2558 1519 2627 ejus
1543 2556 1790 2610 saluber-
1872 2558 2009 2611 exiit
2030 2559 2199 2621 foras,
2231 2559 2541 2629 implorans
2571 2558 2841 2614 auxilium
2874 2560 3245 2617 Domini.Nec
3273 2579 3452 2631 mora,

191 2652 348 2706 rimis
374 2651 642 2713 consiliis,
677 2650 773 2703 alii
806 2666 932 2703 vero
977 2649 1099 2719 ejus
1142 2645 1491 2701 orationibus
1539 2662 1597 2699 se
1638 2661 1789 2699 com-
1871 2646 2148 2716 benignus
2179 2647 2401 2701 Domini
2428 2648 2609 2702 adfuit
2650 2648 2802 2702 ﬁdeli
2848 2648 3059 2703 famulo
3087 2667 3208 2704 suo.
3244 2652 3321 2705 Ex
3349 2651 3461 2705 im-

192 2741 547 2801 mendantes,
571 2738 795 2810 plurimi
814 2738 1005 2803 etiam,
1031 2736 1249 2805 abjecta
1272 2734 1523 2790 saeculari
1547 2734 1789 2799 sarcina,
1872 2737 2096 2807 proviso
2117 2753 2360 2807 namque
2390 2737 2617 2808 quidam
2639 2738 2865 2807 ignotus
2885 2740 3304 2809 superveniens,
3327 2757 3465 2795 con-

190 2829 579 2899 magisterium
612 2828 736 2898 ejus
761 2825 1100 2895 deligebant.
1868 2825 2003 2878 tulit
2029 2825 2077 2879 ei
2111 2841 2333 2879 omnem
2363 2825 2732 2895 quantitatem
2766 2826 3031 2896 pecuniae.
3069 2825 3198 2881 Mox
3217 2843 3351 2898 ergo
3371 2844 3467 2883 re-

262 2916 316 2972 7.
348 2918 435 2971 Ad
464 2916 838 2970 ministerium
883 2914 1056 2969 divini
1104 2913 1272 2967 ofﬁcii
1320 2929 1420 2983 pro
1467 2911 1787 2966 humilitate
1870 2913 2050 2979 diens,
2084 2912 2317 2983 protulit
2340 2912 2409 2966 de
2439 2930 2610 2967 manu
2637 2930 2741 2967 sua
2760 2914 3191 2984 quinquelibras
3220 2916 3463 2986 argenti,

190 3006 418 3061 nolebat
443 3011 713 3076 paratura
738 3003 918 3068 indui,
952 3019 1075 3073 quae
1099 3001 1388 3071 aurifrigio
1426 3002 1512 3055 vel
1550 3000 1789 3069 alicujus
1805 3052 1847 3076 η
1873 3006 1931 3055 et
1950 3001 2154 3054 fratres
2175 3000 2508 3055 cbaritative
2536 3001 2841 3072 corripiens
2876 3002 2958 3073 ait
2982 3022 2992 3055 :
3015 3002 3095 3055 En
3115 3002 3278 3057 adest
3297 3020 3468 3075 pecu-

190 3095 422 3165 pretiosi
443 3052 660 3147 inetalli
686 3052 1108 3147 intextui‘ajesse
1135 3052 1362 3146 ornata.
1393 3052 1847 3143 Detestaba‘imrC
1873 3089 1968 3144 nia
1996 3107 2094 3159 pro
2120 3107 2232 3160 qua
2260 3090 2645 3161 pusillanimes
2659 3052 2791 3143 facti
2821 3067 2972 3144 estis.
3000 3090 3209 3145 Discite
3230 3052 3467 3164 nilrergo

192 3185 361 3239 etiam
409 3183 815 3238 osculationem
856 3198 1057 3235 manus
1090 3185 1148 3234 et
1172 3195 1421 3249 genuum
1465 3177 1702 3244 abbatis,
1736 3182 1793 3231 et
1868 3178 1985 3246 jam
2021 3177 2257 3233 ulterius
2281 3178 2351 3233 de
2373 3178 2669 3249 multiplici
2698 3178 2949 3235 bonitate
2976 3179 3079 3235 Dei
3108 3180 3469 3254 omnipoten-

191 3275 421 3329 omnino
445 3272 618 3325 talem
648 3269 1109 3325 consuetudinem
1141 3268 1486 3332 abscidisset,
1521 3267 1631 3321 nisi
1661 3282 1792 3320 eum
1871 3267 1948 3320 tis
1980 3267 2305 3338 desperare.

191 3363 442 3418 seniores
461 3362 607 3415 hanc
625 3359 996 3414 reverentiam
1026 3357 1096 3411 ab
1117 3358 1198 3411 eis
1221 3357 1503 3427 suscipere
1531 3356 1619 3409 vix
1636 3372 1790 3409 com-
1944 3356 1997 3410 9.
2035 3356 2177 3410 Item
2199 3356 2313 3410 Deo
2340 3354 2597 3410 amabilis
2628 3356 2798 3410 Pater
2827 3356 3072 3428 quadam
3099 3357 3191 3419 die
3220 3358 3469 3415 diluculo

192 3453 496 3524 pulissent.
525 3448 788 3515 Quolibet
806 3449 927 3501 loco
952 3452 1297 3518 praeeuntem
1319 3450 1652 3499 conventum
1682 3445 1793 3498 fra-
1873 3444 2155 3516 profectus
2192 3444 2261 3497 de
2297 3444 2658 3510 monasterio,
2690 3462 2802 3499 non
2831 3446 2997 3516 longe
3026 3446 3246 3502 obviam
3274 3448 3471 3503 habuit

192 3548 343 3596 trum
365 3540 735 3610 subsequens,
765 3543 823 3592 et
850 3537 1151 3605 diligenter
1168 3535 1489 3605 inspiciens.
1510 3533 1789 3604 gemendo

192 3637 249 3685 et
263 3629 555 3702 plorando,
583 3628 883 3697 oculosque
905 3642 1034 3679 cum
1054 3624 1221 3678 corde
1264 3623 1332 3676 ad
1375 3623 1575 3676 caelum
1607 3623 1790 3676 levan-

192 3720 282 3785 do,
307 3736 410 3791 pro
429 3718 511 3772 eis
537 3715 809 3771 attentius
836 3713 1052 3769 orabat.
1072 3712 1157 3767 Ad
1189 3728 1441 3765 mensam
1472 3710 1518 3764 si
1543 3711 1676 3781 quid
1702 3727 1789 3764 ac-

192 3808 444 3863 curatius
467 3812 800 3878 apparatum
831 3804 915 3857 illi
936 3801 1295 3867 oll'erebatur,
1329 3800 1489 3855 innui
1509 3799 1785 3866 oil‘erenti,

191 3899 238 3954 si
279 3896 544 3953 omnibus
600 3893 976 3948 communiter
1030 3895 1427 3962 apponeretur.
1471 3888 1529 3943 Si
1566 3888 1784 3951 annuit,

191 3972 768 4059 aliquantulum'inde
798 3980 1079 4052 gustavit;
1113 3980 1202 4034 sin
1230 3984 1439 4043 autem,
1476 3977 1669 4031 statim
1701 3977 1789 4030 in-

192 4075 540 4129 ﬁrmioribus
569 4070 960 4127 distribuebat.
1002 4068 1340 4123 Deliciarum
1389 4073 1447 4120 et
1495 4067 1789 4137 epularum

191 4164 599 4230 diversitatem,
615 4178 737 4233 quae
765 4165 899 4215 sunt
923 4158 1170 4212 fomenta
1200 4156 1447 4217 luxuriae,
1468 4160 1791 4209 contemne-

192 4254 288 4309 bat
321 4253 512 4325 parvis
538 4269 605 4306 ac
623 4248 997 4305 mediocribus
1018 4251 1314 4300 contentus
1337 4250 1476 4298 erat.
1503 4244 1791 4315 Siquidem

1875 3533 2176 3604 quemdam
2217 3534 2643 3604 pauperculum.
2693 3551 2818 3588 cum
2876 3551 3051 3590 uxore
3100 3542 3159 3590 et
3206 3537 3468 3591 undecim

1872 3622 2004 3676 ﬁliis
2034 3622 2298 3693 parvulis,
2330 3622 2530 3677 obnixe
2574 3624 2697 3693 ejus
2738 3624 3152 3696 eleemosynam
3175 3626 3467 3697 postulan-

1871 3717 2006 3766 tem.
2048 3712 2274 3766 Fratres
2320 3717 2512 3767 autem
2570 3710 2665 3782 qui
2717 3713 3133 3767 comitabantur
3190 3730 3342 3774 eum,
3398 3714 3470 3768 de

1871 3800 2097 3855 cellario
2127 3817 2298 3870 panes
2325 3817 2553 3871 paucos,
2588 3800 2683 3871 qui
2714 3800 2799 3854 vix
2840 3801 2912 3854 ad
2958 3817 3136 3855 unum
3166 3800 3469 3871 prandium

1872 3890 2062 3960 paucis
2083 3888 2339 3942 sufﬁcere
2370 3893 2613 3959 possent,
2654 3905 2842 3942 secum
2891 3888 3177 3955 tulerant;
3227 3904 3361 3942 nam
3406 3889 3469 3945 in

1873 3977 2116 4049 quodam
2146 3983 2307 4047 prato
2337 3976 2597 4046 pransuri
2626 3982 2804 4030 erant.
2841 3977 2986 4047 Ergo
3014 3976 3098 4029 vir
3124 3976 3347 4030 Domini
3375 3977 3466 4031 in-

1873 4065 2066 4119 vitavit
2096 4065 2496 4136 pauperculum
2543 4080 2669 4123 cum
2711 4080 2883 4118 uxore
2930 4070 2987 4117 et
3028 4064 3159 4118 ﬁliis
3190 4064 3261 4119 ad
3292 4081 3466 4135 pran-

1873 4155 2050 4210 dium.
2093 4152 2489 4207 Residentibus
2540 4168 2670 4205 vero
2722 4151 3001 4215 omnibus,
3045 4170 3112 4207 ex
3164 4152 3466 4225 improvise

1875 4245 2072 4298 aderat
2098 4260 2209 4296 non
2236 4242 2453 4296 modica
2466 4241 2767 4296 multitudo
2783 4242 3056 4312 equitum,
3084 4244 3463 4315 popularium,

193 4357 533 4414 quocunque
561 4339 668 4394 sibi
700 4338 949 4392 eundum
995 4334 1299 4389 necessitas
1348 4331 1629 4402 exigebat,
1679 4349 1791 4386 non
1812 4372 1859 4430 Β
1877 4350 1981 4387 nec
1997 4326 2109 4386 nbn
2131 4338 2188 4385 et
2206 4346 2537 4401 pauperum.
2560 4331 2758 4401 Itaque
2767 4347 2868 4402 pro
2891 4331 3167 4401 parvitate
3187 4332 3468 4388 alimonia;

193 4430 438 4503 superbo
494 4445 640 4500 equo
696 4425 1100 4489 delectabatur,
1156 4422 1255 4476 sed
1313 4438 1476 4492 equa,
1521 4427 1621 4474 aut
1670 4421 1793 4475 vilis
1817 4418 1857 4430 “’
1880 4421 2044 4476 sociis
2073 4419 2221 4473 beati
2250 4418 2351 4472 viri
2380 4419 2639 4486 turbatis,
2673 4418 2953 4490 simulque
2983 4419 3187 4475 rubore
3218 4420 3465 4487 suffusis,

196 4521 355 4575 aselli
387 4520 555 4574 dorso
602 4516 930 4572 vehebatur.
961 4515 1158 4567 Vestes
1190 4511 1418 4572 nitidas,
1450 4509 1795 4581 pretiosique
1876 4508 1962 4561 vir
2004 4509 2120 4561 Deo
2158 4506 2356 4577 plenus
2402 4506 2572 4561 hilari
2610 4507 2765 4561 vultu
2796 4507 2877 4561 ait
2898 4507 2969 4561 ad
2999 4524 3094 4562 eos
3141 4527 3155 4563 :
3207 4509 3468 4580 Quinque

195 4609 421 4664 velleris
467 4606 754 4673 horrebat,
805 4605 1047 4658 maxime
1094 4601 1344 4655 manicas
1391 4600 1477 4653 vel
1524 4600 1790 4666 cucullas,
1877 4612 2067 4666 panes,
2108 4595 2311 4666 quibus
2350 4596 2623 4651 Dominus
2669 4596 2915 4667 quinque
2957 4596 3135 4651 millia
3175 4597 3468 4652 hominum

195 4716 337 4770 quas
368 4698 541 4752 etiam
569 4696 673 4751 sub
708 4691 1169 4748 interminatione
1203 4688 1795 4743 excommunicationis
1878 4684 2049 4755 pavit,
2085 4684 2334 4755 quandiu
2365 4684 2571 4755 integri
2614 4691 3026 4747 remanserunt.
3058 4702 3162 4741 nec
3191 4687 3468 4758 multipli-

194 4786 539 4850 abscidebat,
572 4783 968 4852 variarumque
997 4795 1185 4833 rerum
1224 4776 1488 4831 utensilia
1508 4777 1791 4846 superfluo
1874 4772 1983 4826 cati
2006 4777 2156 4838 sunt,
2190 4786 2293 4825 nec
2318 4773 2468 4827 ullus
2495 4790 2559 4827 ex
2583 4773 2693 4827 illis
2714 4780 2908 4844 pastus
2935 4780 3054 4842 est;
3085 4774 3308 4845 quando
3337 4790 3468 4828 vero

194 4883 253 4931 et
271 4875 593 4948 pompatico
606 4878 808 4928 ornatu
828 4868 1101 4925 decorari.
1124 4868 1399 4921 acerrima
1415 4864 1794 4919 exsecratione

193 4964 552 5037 prohibebat.
588 4961 853 5033 Quisquis
882 4956 1339 5015 obedientiarius,
1363 4956 1451 5008 vel
1496 4955 1639 5008 alius
1669 4953 1794 5023 quis

193 5058 471 5118 tentatus,
518 5051 606 5106 vel
654 5048 923 5105 maestitia
961 5050 1226 5118 gravatus
1264 5043 1335 5097 ad
1373 5060 1498 5097 eum
1539 5040 1790 5106 accessit,

195 5158 311 5197 non
338 5141 656 5214 spernendo
686 5139 772 5193 vel
809 5135 1161 5198 detestanda,
1192 5133 1350 5186 illum
1379 5131 1793 5194 contristatum,

195 5231 296 5286 sed
324 5229 624 5285 mulcendo
644 5233 702 5282 et
714 5224 1053 5281 blandiendo
1086 5221 1263 5276 verbis
1280 5217 1665 5275 consolatoriis
1692 5218 1793 5271 do-

196 5320 377 5375 lorem
396 5319 577 5391 ipsius
595 5316 865 5381 delinivit,
883 5315 1186 5383 laetumque
1213 5328 1276 5365 ac
1301 5309 1643 5380 gaudentem
1673 5324 1707 5359 a
1737 5323 1797 5360 se

197 5409 428 5464 dimisit.
464 5408 722 5462 Lucerna
764 5404 915 5459 enim
967 5402 1171 5456 ardens
1210 5405 1267 5454 et
1309 5400 1500 5452 lucens
1532 5398 1706 5464 (Joan.
1741 5410 1792 5457 v,

200 5497 284 5566 35)
338 5513 453 5552 non
519 5495 623 5551 sub
682 5493 871 5548 modio
924 5491 1157 5554 latebat,
1216 5487 1314 5543 sed
1368 5501 1536 5553 super
1599 5482 1800 5535 cande-

200 5585 420 5641 labrum
500 5580 887 5659 praeminebat
969 5580 1191 5652 (Matth.
1265 5595 1312 5639 v,
1382 5574 1482 5650 l5},
1563 5569 1800 5645 ideoque

484 5686 747 5747 PATROL.
778 5683 897 5747 CL.

1876 4878 1911 4915 a
1938 4860 2175 4914 Domino
2208 4860 2373 4915 fracti
2414 4867 2565 4926 sunt,
2612 4863 2808 4933 utique
2852 4868 2985 4917 tunc
3033 4870 3167 4918 sunt
3194 4862 3470 4932 multipli-

1876 4950 2008 5011 cati,
2041 4955 2098 5003 et
2125 4950 2313 5020 plures
2343 4967 2408 5003 ex
2453 4950 2565 5004 illis
2610 4951 2759 5021 pasti
2793 4953 2938 5017 (Luc.
2970 4966 3049 5011 Ix,
3077 4948 3166 5016 16,
3204 4950 3309 5019 17).
3340 4952 3472 5006 Hec

1876 5038 2068 5092 dicens
2096 5043 2355 5108 prompto
2379 5036 2568 5091 animo
2597 5044 2654 5092 et
2682 5038 2839 5108 larga
2885 5055 3057 5093 manu
3095 5036 3472 5094 distribuebat

1879 5126 2244 5192 multitudini,
2277 5144 2399 5197 quas
2428 5126 2639 5191 aderat,
2672 5144 2844 5197 parva
2872 5128 3172 5194 alimenta;
3208 5144 3331 5199 quae
3360 5126 3471 5181 ﬁde

1879 5217 1999 5286 ejus
2020 5222 2073 5269 et
2100 5214 2314 5269 meritis
2342 5214 2675 5268 mirabiliter
2715 5232 2750 5269 a
2798 5216 2913 5270 Deo
2955 5216 3026 5270 ad
3073 5216 3471 5272 sufﬁcientiam

1879 5302 2129 5357 omnium
2159 5308 2291 5357 sunt
2317 5301 2704 5372 multiplicata.
2739 5303 2885 5357 Sane
2916 5303 3107 5357 multis
3136 5303 3472 5359 admiranti-

1881 5391 1985 5446 bus
2014 5392 2134 5459 ejus
2182 5391 2347 5444 ﬁdem
2398 5397 2567 5460 atquc
2616 5388 3030 5455 liberalitatem,
3067 5391 3136 5444 de
3164 5392 3356 5461 paucis
3399 5392 3474 5446 ci-

1883 5481 2054 5535 bariis
2079 5486 2211 5535 sunt
2238 5496 2432 5533 omnes
2461 5478 2681 5533 abunde
2720 5479 2930 5532 refecti.
2969 5479 3216 5548 Singulis
3253 5497 3385 5551 ergo
3417 5482 3474 5538 in

1882 5588 1985 5627 sua
2013 5586 2137 5624 cum
2170 5568 2378 5640 gaudio
2399 5568 2779 5636 redeuntibus,
2801 5568 2884 5622 vir
2912 5569 3024 5623 Deo
3045 5569 3249 5623 charus
3277 5587 3478 5643 supra-

3170 5667 3246 5728 ‘29
