3964 6358
1669 327 1858 384 νιτη.

3293 339 3408 409 MC

126 466 371 536 rapitur.
410 461 592 519 Nemo
611 463 1034 532 discipulorum,
1061 460 1146 512 vel
1168 455 1612 545 advenientium,
1642 454 1723 506 vel
1741 455 1792 513 Α
1809 454 2127 545 τρλίθόιὶοῐήε
2153 473 2366 528 paucos
2383 461 2681 531 piseicuios
2707 460 2760 518 ei
2786 464 3017 533 obtulit,-
3053 471 3262 532 dum.
3297 482 3404 545 pro

127 555 203 608 ibi
223 553 594 612 manentium,
612 551 777 604 audet
795 549 1040 602 subitam
1056 547 1157 599 viri
1179 545 1542 599 mutationem
1560 543 1729 595 inter-

127 657 356 711 rog-are,
377 641 474 694 sed
502 638 862 692 advenientes
886 637 942 689 in
972 647 1192 688 summa
1217 642 1376 686 erant
1407 630 1730 686 admiratio-

127 748 218 792 ne,
255 730 572 782 habitantes
604 728 662 780 in
691 726 930 779 maxime
958 725 1178 777 tim-ore.
1223 723 1447 774 Postera
1493 721 1582 772 die
1616 736 1728 772 ma-

128 820 282 873 xima
313 818 541 871 contriti
572 817 754 869 cordis
783 814 1076 868 devotione
1105 813 1324 882 culpam
1361 827 1520 864 suam
1552 810 1729 862 faten-

130 919 244 970 tur,
282 915 342 961 et
365 922 399 959 a
421 906 672 977 piissimo
695 906 857 957 Patre
877 904 1181 956 clementer
1201 900 1462 969 suscepti,
1487 915 1558 951 ne
1579 898 1731 951 dein-

129 1011 261 1065 ceps
293 994 506 1063 aliquid
538 993 859 1061 hujusmodi
892 995 1314 1061 praesumerent,
1349 989 1450 1042 sub
1480 988 1732 1042 districta

129 1083 591 1136 interminatione
611 1083 1002 1134 admonentur.

214 1171 274 1227 l3
324 1173 431 1224 Per
450 1171 597 1223 idem
618 1176 841 1238 tempus
865 1169 1016 1221 misit
1054 1168 1137 1219 vir
1165 1167 1263 1220 Dei
1292 1167 1360 1220 de
1392 1163 1730 1219 monasterio

133 1277 310 1314 unum
337 1260 590 1322 fratrem,
619 1260 844 1312 nomine
876 1260 1216 1316 Bennonem,
1241 1273 1368 1309 cum
1399 1253 1730 1324 quibusdam

134 1350 363 1404 rusticis
406 1349 658 1402 mercede
688 1347 990 1408 conductis,
1057 1355 1121 1399 ut
1170 1344 1423 1398 undecim
1474 1341 1732 1395 carmdas

137 1440 251 1492 vini
271 1439 617 1491 adveherent
634 1454 759 1490 cum
780 1437 1044 1506 plaustris
1076 1454 1087 1496 ;
1129 1435 1272 1504 quod
1300 1433 1483 1485 vinum
1506 1430 1730 1500 quidam

134 1529 269 1581 civis
298 1527 678 1595 Moguntinus,
716 1526 940 1578 nomine
974 1524 1344 1593 Wigmmdus,
1393 1521 1574 1573 ofﬁcio
1611 1521 1737 1571 cba-

137 1617 324 1670 litatis
363 1616 678 1670 transmisit
699 1615 1208 1683 llirsaugiensibus.
1227 1615 1288 1666 In
1315 1612 1400 1664 via
1418 1616 1604 1662 autem
1629 1625 1737 1677 qua

134 1723 264 1759 cum
290 1705 488 1759 eodem
523 1705 648 1756 vino
677 1703 993 1765 veniebant,
1021 1704 1284 1760 latrones,
1319 1705 1484 1752 noctu
1517 1697 1734 1749 irruen-

1809 543 2051 598 adve’ntu
2082 547 2201 614 ejus
2226 553 2284 600 s'e
2315 549 2416 602 diu
2455 551 2808 622 multumque
2849 555 2904 610 in
2949 558 3216 626 piscando
3244 543 3402 617 libo-1

1812 648 1982 686 rasse.
2017 640 2073 687 et
2102 636 2178 688 nil
2213 638 2458 707 amplius
2479 648 2683 708 praeter
2710 642 2836 696 iilos
2865 659 2924 699 se
2957 641 3162 717 capere
3196 652 3409 719 pomis-'-

1811 737 1887 819 se.
1923 722 2026 784 Qui
2059 725 2248 819 statim
2280 729 2542 797 praecepit
2589 731 2638 782 ei
2680 731 2926 800 piscandi
2954 737 3139 804 gratia
3169 739 3237 791 ad
3266 737 3406 809 gura-

1809 813 1982 877 gitem
2014 813 2214 869 redire.
2248 821 2305 866 et
2326 816 2405 867 nil
2432 816 2502 870 de
2533 819 2918 876 misericordia-
2965 826 3060 878 Dei
3113 827 3398 885 diffidere.

1814 897 1974 960 Quod
1998 917 2122 952 cum
2154 901 2248 954 ille
2297 911 2514 958 mature
2542 905 2782 977 implere
2823 920 3169 982 properaret,
3221 917 3406 971 laxato

1814 988 1919 1040 reti
1957 988 2012 1041 in
2043 1007 2208 1059 aqua,
2254 991 2312 1044 in
2363 994 2528 1047 verbo
2549 997 2654 1049 viri
2684 994 2808 1063 Dei,
2852 997 3049 1055 statim
3077 1011 3200 1056 octo
3230 1005 3408 1060 Iunios

1813 1075 2117 1131 admodum
2137 1081 2382 1148 grandes
2418 1084 2583 1153 cepit,
2617 1092 2675 1138 et
2709 1100 2838 1141 cum
2867 1090 3080 1144 eisdem!
3104 1093 3292 1146 adhue
3315 1097 3407 1148 re-

1813 1164 1887 1216 tis
1917 1165 2032 1218 lino
2064 1167 2325 1223 involutis
2346 1172 2416 1224 ad
2438 1173 2622 1226 virum
2651 1177 2750 1228 Dei
2779 1179 3080 1247 repedavit.
3114 1181 3269 1235 Tune
3308 1183 3408 1236 be»

1815 1254 2178 1322 nignissimus
2214 1259 2380 1312 Pater
2401 1261 2572 1329 jussit
2591 1279 2783 1318 omnes
2805 1279 3082 1336 pauperes
3109 1270 3208 1339 qui
3235 1270 3408 1325 inea:-

1815 1343 1940 1395 dem
1967 1344 2091 1396 villa
2121 1354 2345 1414 possent
2389 1349 2624 1403 inveniri
2676 1353 2746 1405 ad
2802 1355 3098 1423 prandium
3159 1357 3404 1424 inviWri",

1817 1439 1874 1484 et
1912 1433 2134 1531 eosdem
2178 1435 2354 1504 pisces
2395 1439 2476 1490 eis
2518 1440 2592 1491 ad
2642 1439 3001 1496 refectionem
3052 1451 3278 1515 paratos
3315 1461 3412 1519 ap-

1820 1536 1970 1589 ponL

1903 1610 1985 1666 l5.
2028 1613 2164 1664 item
2192 1613 2323 1665 dum
2359 1616 2602 1683 quadam
2631 1617 2726 1670 die
2750 1618 2833 1670 vir
2853 1620 2952 1673 Dei
2970 1619 3412 1694 eieemosyn‘ario

1822 1701 2146 1769 praeciperet
2177 1709 2237 1755 ut
2279 1703 2558 1772 stipendia
2606 1708 2942 1776 pauperibus
2991 1711 3154 1764 solito
3204 1713 3414 1783 largius

135 1803 238 1850 tes.
268 1811 374 1864 pro
401 1793 592 1863 spoliis
616 1793 723 1845 vim
748 1793 827 1845 eis
856 1792 1199 1844 intulerunt:
1234 1789 1327 1841 sed
1352 1789 1428 1839 illi
1467 1788 1576 1839 Deo
1607 1795 1734 1854 pro-
1754 1776 1800 1858 ﬁ
1824 1799 2178 1857 praepararet,
2210 1792 2422 1844 audivit
2444 1793 2512 1845 ab
2539 1811 2604 1846 eo
2626 1795 2694 1847 ad
2717 1797 3279 1870 con'ﬁciendos'pams
3300 1776 3417 1855 irai-

135 1891 364 1953 tegente
392 1881 550 1935 illaesi
594 1898 720 1934 cum
776 1881 941 1932 rebus
989 1879 1104 1932 suis
1154 1883 1468 1930 evaserunt.
1511 1881 1738 1942 excepto

139 1972 287 2042 quod
328 1972 521 2024 fratris
555 1968 942 2039 praenominati
979 1967 1240 2020 dextrum
1275 1965 1582 2024 brachium,
1615 1979 1740 2031 per-

137 2058 481 2112 cutientibus
510 2057 861 2117 adversariis,
897 2055 1036 2108 adeo
1076 2063 1160 2107 est
1189 2053 1536 2106 debilitatum
1572 2059 1634 2104 ut
1658 2051 1740 2102 fa-

139 2147 328 2200 sciolis
393 2147 532 2199 illud
583 2147 650 2198 ad
711 2146 910 2198 collum
972 2145 1189 2213 ligarat,
1225 2150 1281 2194 et
1311 2141 1546 2195 ulterius
1577 2153 1738 2193 Usum

141 2239 266 2306 ejus
298 2235 549 2305 recipere
576 2235 900 2304 desperaret
955 2234 1089 2285 Post
1124 2234 1224 2284 hoc
1253 2237 1308 2283 et
1332 2231 1478 2283 aliud
1509 2229 1742 2282 infortu-

140 2327 300 2380 nium
325 2325 671 2378 inciderunt.
721 2324 860 2375 Nam
879 2338 1053 2374 unum
1078 2321 1146 2374 de
1163 2320 1324 2374 doliis
1344 2320 1568 2389 plenum
1595 2317 1738 2378 vino,

142 2415 290 2485 quod
329 2413 652 2484 specialiter
685 2412 752 2465 ad
783 2413 1194 2480 eleemosynam
1235 2409 1342 2461 fuit
1388 2409 1739 2476 deputatum,

141 2511 408 2572 vergente
443 2503 711 2571 plaustro,
743 2500 808 2552 in'
834 2500 1048 2552 foveam
1072 2498 1286 2557 cecidit,
1306 2503 1363 2549 et
1385 2497 1569 2548 vinum
1603 2499 1743 2547 effu—

140 2609 264 2646 sum
299 2593 358 2644 in
381 2590 600 2643 foveam
633 2591 748 2642 fere
779 2588 1027 2641 deﬂuxit.
1073 2587 1194 2649 Quo
1246 2603 1274 2638 a
1320 2585 1616 2638 rusticanis
1648 2601 1741 2636 cx-

141 2684 366 2745 hausto',
392 2681 656 2750 dolioque
691 2695 858 2732 vacuo
887 2694 1056 2747 super
1085 2678 1397 2746 plmstrum
1429 2676 1629 2731 levato,
1649 2672 1743 2741 qui

143 2772 416 2824 damnum
462 2769 872 2825 sustinuerunt,
925 2783 1050 2819 cum
1102 2765 1334 2818 tristitia
1390 2775 1597 2831 magna
1638 2761 1746 2813 iter

145 2868 392 2930 capt-um
425 2864 744 2910 tenuerunt.
781 2859 852 2908 At
883 2857 1056 2909 frater
1084 2854 1393 2924 praedictus,
1429 2850 1636 2903 relictis
1662 2867 1747 2902 so-

148 2948 269 3008 ciis,
299 2948 376 3000 ad
405 2946 805 2999 monasterium
845 2943 1223 3013 praecucurrit.
1259 2948 1316 2994 et
1354 2942 1468 2992 viro
1497 2939 1590 2991 Dei
1619 2938 1746 2990 bra-

150 3039 258 3091 chii
287 3037 375 3089 sui
409 3036 712 3090 lmsionem.
745 3051 871 3086 cum
903 3033 1107 3086 damno
1139 3031 1249 3082 vini
1275 3029 1420 3100 quod
1444 3028 1740 3090 acciderat,

1823 1877 1890 1928 de
1926 1895 2118 1944 parum
2146 1896 2437 1948 superesse
2469 1883 2536 1934 de
2571 1883 2870 1937 frumento.
2906 1887 3013 1948 Qui
3036 1889 3230 1956 jussus
3254 1889 3416 1944 abeo

1822 1966 2145 2033 diligentius
2174 1967 2376 2021 intueri
2416 1979 2686 2039 quantum
2733 1976 3096 2028 remansisset
3126 1976 3412 2044 frumenti,

1823 2063 2019 2123 aperta
2035 2071 2164 2108 arca
2201 2057 2419 2110 curiose
2438 2075 2562 2111 cum
2581 2060 2694 2112 alio
2706 2061 2880 2114 fratre
2902 2063 3160 2134 inspexit,
3185 2073 3417 2121 mensa:-

1824 2144 1986 2203 ravit,
2019 2145 2104 2196 vix
2122 2161 2301 2198 unum
2337 2147 2583 2200 modium
2607 2149 2838 2211 invenit,
2865 2157 2925 2204 et
2943 2152 3059 2205 viro
3086 2155 3187 2207 Dei
3216 2156 3418 2210 verita-

1825 2237 1936 2284 tem
1970 2232 2251 2288 indicavit.
2289 2234 2450 2287 Mane
2497 2243 2688 2289 autem
2716 2239 2882 2303 facto,
2935 2255 3060 2294 eum
3112 2243 3418 2316 eleemosy-

1826 2320 2018 2373 uarius
2042 2322 2201 2389 jussa
2225 2322 2405 2376 Patris
2437 2324 2770 2394 impleturus
2800 2329 3062 2382 eam-dem
3083 2346 3269 2384 arcem
3293 2348 3420 2404 ape-

1827 2409 1980 2464 riret.
2014 2409 2309 2463 manifesta
2339 2411 2432 2464 Dei
2463 2413 2669 2466 virtute
2708 2415 2878 2468 fidem
2906 2426 2967 2469 et
3006 2419 3210 2472 merita
3239 2421 3418 2476 ﬁdeiis

1826 2497 2021 2550 famuli
2046 2499 2131 2550 sui
2168 2499 2508 2563 declare-nte,
2541 2513 2930 2558 summotenus
2977 2505 3277 2561 fruniento-
3310 2510 3421 2579 ple-

1827 2603 1959 2639 nam
1999 2586 2227 2646 invenit,
2271 2603 2394 2657 quae
2422 2597 2539 2642 tam
2590 2592 2819 2658 grandis
2874 2599 2996 2647 erat
3045 2597 3190 2664 quod
3226 2597 3420 2667 vis-initi

1828 2675 2046 2728 modios
2073 2693 2270 2746 capere
2299 2679 2530 2732 solebat.
2554 2681 2693 2742 Quia
2722 2683 2871 2734 enim
2902 2683 2984 2735 vir
3023 2692 3254 2741 sanctus
3280 2691 3424 2743 seni-

1828 2779 1928 2832 per
1955 2764 2023 2816 ad
2056 2765 2159 2818 hoc
2189 2766 2474 2820 studiosus
2503 2775 2558 2820 et
2577 2769 2828 2822 intentus
2849 2776 2972 2824 erat
2990 2774 3132 2827 utin
3159 2777 3422 2831 omnibus

1829 2855 2173 2908 voluntatem
2223 2857 2321 2908 Dei
2367 2859 2676 2926 perﬁceret,
2737 2868 2794 2913 et
2846 2867 2910 2913 ut
2939 2863 3208 2930 prdiimis
3243 2866 3418 2939 [plus]

1830 2960 1996 3012 quam
2024 2944 2254 2998 sibimet
2277 2946 2436 2998 utilia
2470 2948 2802 3016 provideret,
2852 2951 2978 3004 ideo
3027 2953 3346 3008 misericors
3364 2962 3423 3010 et

1825 3033 2017 3100 justus
2079 3033 2348 3086 Dominus
2403 3035 2504 3104 piae
2567 3038 2688 3105 ejus
2738 3039 2994 3107 petitioni
3034 3041 3095 3094 in
3129 3043 3282 3096 omni
3319 3059 3421 3098 ne-

153 3126 522 3179 lamentando
549 3123 819 3194 exposuit.
853 3123 956 3176 Cui
987 3121 1079 3173 ille
1103 3120 1281 3173 verbis
1305 3118 1450 3170 beati
1472 3116 1574 3170 Job
1605 3115 1745 3168 hila—
1767 3104 1812 3166 C
1832 3121 2096 3174 cessitate.
2155 3127 2210 3175 et
2282 3124 2543 3193 angustia
2601 3104 2922 3182 aenigma.
2993 3135 3052 3183 et
3122 3131 3424 3188 “ﬁmum

151 3216 292 3268 riter
323 3222 380 3267 et
400 3210 1220 3282 constanterresponditdicens
1253 3225 1264 3259 :
1299 3207 1743 3265 Dominusdcdi’t,

153 3307 427 3359 Dominus
455 3306 704 3365 abstulit,
730 3306 872 3353 sicut
905 3302 1133 3352 Domino
1164 3299 1374 3364 placuit
1408 3300 1484 3348 ita
1537 3298 1746 3360 [actum

147 3401 238 3446 est.
266 3394 351 3447 Sit
379 3408 579 3445 nomen
609 3393 835 3444 [)omi'm’
865 3390 1203 3442 benedictum
1241 3389 1370 3448 (Job.
1407 3403 1442 3444 ι,
1472 3383 1580 3446 c2i).
1609 3385 1749 3436 Con-

147 3483 454 3553 sequenter
484 3480 771 3532 brachium
821 3478 940 3546 ejus
978 3475 1352 3529 benedicendo
1390 3489 1745 3541 consignans,

149 3571 404 3641 pristina:
432 3569 662 3622 sanitati
709 3567 975 3620 restituit.
1035 3565 1246 3618 Deinde
1279 3563 1539 3633 praecepit
1569 3562 1747 3613 eidem

147 3668 209 3714 ut
237 3659 429 3712 omnia
453 3658 605 3711 dolia
634 3656 744 3708 vini
777 3655 1059 3708 advectitii
1091 3654 1288 3707 levatis
1317 3651 1592 3720 operculis
1620 3650 1749 3702 dili-

145 3757 347 3817 genter
376 3747 693 3816 inspiceret,
721 3751 777 3798 et
805 3744 947 3813 quod
974 3743 1188 3795 (veteris
1211 3742 1426 3811 plenius
1454 3741 1743 3800 inveniret,

151 3840 454 3891 boctotum
492 3833 831 3905 panperibus
865 3832 1196 3901 impertiret.
1236 3832 1356 3892 Quo
1396 3830 1560 3882 citius
1587 3830 1746 3896 jussu

146 3927 482 3996 complente,
513 3923 728 3976 cunctis
761 3922 852 3991 qui
885 3923 1123 3973 aderant
1176 3918 1506 3978 videntibus,
1553 3917 1745 3969 obstu-

149 4016 505 4089 pescentibus
535 4014 706 4068 simul
727 4021 784 4065 et
811 4010 1206 4081 gaudentibus,
1231 4009 1440 4061 dolium
1475 4015 1640 4060 antea
1655 4021 1746 4057 va-

150 4121 337 4161 cuum.
377 4112 439 4158 ut
465 4104 768 4161 credimus,
798 4119 896 4171 per
928 4099 1127 4152 merita
1159 4097 1258 4148 viri
1286 4097 1380 4149 Dci
1404 4096 1480 4148 ita
1514 4096 1745 4148 vinore-

151 4195 438 4250 dundabat
469 4200 532 4245 ut
561 4192 774 4244 nullum
805 4191 872 4242 de
895 4187 1108 4242 caeteris
1123 4195 1236 4240 tam
1258 4187 1481 4254 plenum
1512 4184 1745 4238 inveniri

152 4297 358 4360 posset.
389 4289 644 4356 Cumque
673 4294 728 4338 et
757 4286 860 4336 hoc
892 4282 1188 4352 praedictus
1245 4281 1420 4332 frater
1472 4280 1590 4331 viro
1654 4277 1744 4330 hei

150 4380 401 4450 gaudens
429 4389 487 4430 et
521 4375 806 4428 exsultans
841 4373 1093 4429 referret,
1129 4369 1380 4439 protinus
1416 4368 1739 4419 mandatum

150 4469 220 4522 ab
249 4481 315 4522 eo
345 4462 573 4536 accepit.
599 4472 662 4518 ut
689 4462 823 4516 nulli
861 4463 964 4514 hoc
993 4461 1283 4512 revelaret.
1321 4457 1478 4519 Quod
1516 4457 1595 4508 ab-
1618 4456 1744 4508 aliis

150 4557 576 4629 qui-intererant
608 4566 1007 4622 usquequaque
1035 4549 1380 4616 divulgatum
1411 4552 1498 4597 ("st
1558 4545 1742 4598 Rusti-

147 4648 413 4708 cis-vero,-
437 4644 530 4714 qui
565 4642 716 4712 prius
757 4656 854 4710 pro
886 4639 1099 4709 perdito
1148 4654 1212 4689 ex
1253 4652 1354 4688 sua
1405 4634 1744 4703 negligentia

146 4738 292 4797 vino,
323 4735 522 4788 libram
554 4745 723 4784 unam
756 4729 974 4797 argenti
1018 4733 1216 4795 sponte
1257 4725 1569 4793 persolvere
1601 4723 1744 4775 vole-

147 4826 300 4887 bant,
329 4822 497 4891 jussit
536 4817 772 4873 solidum
797 4833 970 4870 unum
1002 4831 1174 4881 super
1193 4813 1501 4866 condictam
1535 4812 1742 4865 laboris

146 4912 233 4965 sui
268 4907 581 4964 mercedem
615 4907 763 4968 addi,
798 4905 1033 4974 ciboque
1060 4920 1124 4956 ac
1170 4909 1303 4973 potu
1334 4903 1483 4955 laute
1517 4910 1739 4954 curatos

147 5017 274 5054 cum
302 4999 510 5069 gaudio
542 4998 612 5050 ad
642 5012 754 5050 sua
785 4994 1021 5050 remitti.

225 5089 305 5144 1-4.
338 5090 542 5142 Sancto
572 5086 688 5138 viro
717 5083 1020 5153 aliquando
1067 5081 1214 5152 apud
1262 5081 1470 5146 villam,
1501 5097 1622 5148 quae
1661 5080 1742 5132 di-

149 5179 296 5231 citur
321 5178 472 5234 Wzlc.
499 5172 1162 5241 constituto,ssepedictus
1188 5172 1358 5223 frater
1379 5171 1587 5231 Benno,
1622 5169 1738 5238 qui,

149 5267 355 5320 ibidem
409 5273 738 5335 procurator
783 5278 969 5315 rerum
1006 5259 1329 5313 monasterii
1362 5259 1483 5321 fuit,
1517 5259 1572 5311 in
1606 5259 1744 5312 hora

221 5406 292 5470 (ὀὶ
326 5408 407 5461 De
437 5407 540 5466 hoc
564 5405 922 5465 monasterio,
951 5411 1004 5458 et
1026 5403 1149 5456 aliis
1179 5403 1265 5454 hic
1308 5409 1363 5454 et
1408 5401 1552 5453 infra
1582 5419 1732 5455 num.

150 5475 213 5534 ‘2?
250 5477 591 5561 riiemoratis,
643 5479 805 5546 plura
862 5476 1101 5528 diximus
1154 5473 1211 5525 in
1261 5472 1739 5525 observationibus

186 5565 382 5605 ΓωνΠεί

149 5570 439 5694 ι)Ἑῖιῇ
452 5619 673 5676 Vim
699 5616 1134 5674 W'Wetzilo
1155 5615 1415 5684 Sigefridi
1437 5631 1739 5680 successor,

1761 4416 1812 4475 D

1831 3211 2027 3264 adfuit.

1909 3299 1988 3354 lti.
2027 3299 2123 3353 His
2154 3317 2276 3370 qua:
2323 3302 2394 3355 ad
2443 3303 2774 3358 miraculum
2821 3307 3202 3376 pertinentde
3229 3317 3423 3366 sancto

1831 3387 1948 3441 viro
1979 3390 2181 3458 partim
2213 3394 2681 3455 commemoratis,
2735 3394 2805 3447 ob
2834 3395 3226 3454 testimonium
3253 3400 3424 3457 tante

1833 3478 1951 3546 ejus
1980 3477 2109 3530 fidei
2134 3485 2190 3531 et
2216 3479 2551 3543 sanctitatis,
2587 3498 2736 3535 nunc
2786 3483 2856 3536 de
2907 3500 2972 3537 eo
3025 3486 3135 3540 aiis
3168 3490 3425 3557 quaedam

1833 3576 1964 3619 sunt
1984 3568 2284 3629 narranda,
2314 3586 2422 3622 non
2458 3576 2574 3622 tam
2608 3571 2750 3624 mira
2779 3589 2945 3641 quam
2969 3575 3047 3628 ad
3077 3577 3424 3634 audiendum

1826 3656 2075 3724 jucunda
2106 3665 2164 3708 et
2191 3658 2377 3719 utilia,
2401 3664 2454 3711 et
2491 3659 2748 3713 humanae
2787 3661 3088 3731 fregi-litati
3109 3666 3179 3721 ad
3202 3667 3424 3723 imitan-

1831 3745 1962 3796 dum
1998 3745 2302 3814 possibilia.
2336 3748 2457 3799 Non
2492 3749 2639 3800 enim
2671 3749 2733 3801 in-
2760 3752 2966 3803 sanctis
3029 3753 3123 3805 Dei
3174 3753 3335 3823 sigma
3365 3762 3424 3810 et

1830 3833 2105 3885 inhabilia
2123 3833 2391 3902 jubemur
2419 3835 2649 3894 imitari.
2711 3838 2807 3890 sed
2857 3838 3142 3892 bonorum
3186 3857 3421 3911 operum

1831 3923 2110 3974 exercitia.
2151 3924 2238 3987 Et,
2281 3931 2712 3978 testante‘sac‘rze
2739 3927 3092 3981 auctoritatis
3110 3930 3420 4000 Scriptura,

1830 4009 2236 4076 Misericordia,
2290 4012 2601 4081 comparssio
2657 4013 3008 4072 miserorum.
3043 4022 3101 4068 et
3127 4017 3287 4070 zelus
3303 4020 3425 4072 ani-

1830 4116 2049 4152 marum
2075 4100 2198 4168 plus
2231 4101 2451 4169 placent
2483 4102 2592 4153 Deo
2623 4103 3421 4170 quam'sacriﬁcia,etscientia

1832 4188 1948 4248 Dei,
1984 4189 2277 4258 plusquam
2329 4189 2656 4241 holocausta
2709 4191 2838 4246 (03¢.
2874 4206 2948 4255 VI,
2983 4191 3059 4248 61.
3109 4194 3304 4265 Itaque
3331 4196 3422 4250 hic

1831 4277 1928 4330 Dei
1960 4278 2172 4330 amicus
2189 4277 2486 4344 jugiter,ut
2505 4294 2648 4348 saepe
2665 4277 2872 4332 dictum
2893 4287 2996 4343 est,
3025 4283 3420 4340 misericordiae

1829 4366 2091 4435 operibus
2121 4365 2404 4426 insistens,
2433 4367 2673 4436 quadam
2716 4367 2805 4421 die
2849 4369 2918 4422 de
2944 4374 3284 4426 monasterio
3315 4376 3423 4428 Ha-

1828 4472 2005 4522 sunga
2048 4455 2122 4511 ,6)
2151 4463 2474 4524 nuncupato
2513 4456 2716 4510 fmtres
2739 4458 3035 4528 plusquam
3065 4463 3423 4533 septuaginta

1826 4543 2071 4612 suscepit
2091 4544 2161 4596 ad
2184 4561 2243 4597 se
2273 4545 2674 4614 confugientes,
2727 4553 2782 4600 et
2829 4548 2950 4616 ers
2981 4550 3208 4604 salubre
3244 4551 3422 4607 consi-

1826 4634 1962 4685 lium
2011 4639 2180 4702 atque
2219 4634 2389 4686 fidum
2420 4635 2682 4688 solatium
2728 4635 3116 4706 implorantes.
3150 4641 3420 4711 Denique

1827 4723 2119 4792 episcopus
2148 4721 2510 4790 Moguntinus
2540 4726 2609 4786 (7;
2645 4741 2678 4776 a
2699 4726 3069 4780 schismaticis
3100 4729 3310 4783 electus
3332 4737 3422 4784 at-

1827 4827 1934 4880 que
1964 4811 2275 4873 ordinatus,
2311 4811 2444 4880 quia
2471 4811 2622 4864 idem
2657 4813 2972 4868 cumobium
3004 4816 3262 4870 Ecclesiae
3298 4818 3420 4870 Mo-

1821 4900 2070 4969 guntina:
2095 4901 2220 4968 jure
2250 4900 2608 4969 proprietatis
2649 4901 2962 4970 subjectum
3008 4911 3162 4967 erat,
3192 4906 3418 4960 eosdem

1823 4989 2024 5042 fratres
2060 4989 2247 5042 minis.
2279 4987 2632 5041 suasionibus
2654 4995 2822 5059 atque
2847 4990 3143 5045 blanditi-is
3173 4993 3416 5048 conaba-

1823 5087 1918 5133 tur
1945 5095 2057 5131 suaa
2081 5077 2281 5130 ditioni
2308 5077 2564 5136 subdere,
2615 5094 2680 5131 ac
2730 5079 3155 5150 participatione
3205 5083 3415 5137 illicitae

1824 5167 2232 5222 communionis
2261 5165 2662 5220 contaminare.
2714 5166 2799 5219 Illi
2847 5183 2974 5221 vero
3004 5176 3251 5234 econtra,
3307 5174 3417 5226 ﬁxa

1825 5258 2104 5311 sententia
2134 5255 2334 5309 unitati
2385 5254 2637 5308 Ecclesiae
2691 5256 2858 5308 ﬁdem
2914 5265 3218 5324 servantes,
3265 5262 3416 5316 velut

1824 5401 1916 5472 qui
1949 5418 2075 5453 cum
2101 5391 2296 5472 ιιιεςηξς
2333 5395 2632 5472 Clementis
2665 5399 3175 5472 pseudo-pontificis
3196 5392 3414 5472 praefuit

1822 5469 2114 5523 comcntui
2154 5469 2492 5533 Moguntina),
2523 5483 2666 5521 anno
2703 5469 2828 5522 IUST)
2853 5469 3253 5525 llal'iit'o'mnfra
3281 5477 3414 5528 ere-

1821 5544 2041 5611 gorium
2069 5543 2134 5594 VI
2149 5541 2186 5595 ἶ,
2211 5543 2280 5593 ad
2303 5556 2474 5610 quem
2485 5547 2814 5594 conventum
2832 5548 3058 5595 vocatus
3080 5541 3412 5602 Willielmus

1823 5614 2020 5668 adesse
2046 5613 2234 5666 renuit
3344 5637 3367 5668 νς
