3964 6386
549 333 657 398 911
1586 333 1644 389 S.
1686 332 2084 389 GUILLELMI
2120 334 2158 388 Α

2243 331 2425 389 ΞΑΤΙΞ
2462 334 2801 391 HIRSAUG.
3702 336 3831 402 ,912

554 459 743 520 surdis
784 457 1019 515 auribus
1047 455 1429 512 blandientem
1465 463 1810 528 spreverunt,
1873 474 1939 512 ac
1988 458 2472 530 juxtaAsingulis
2510 459 2855 531 pauperibus
2878 460 3131 530 singulas
3186 463 3396 530 partes,
3445 459 3649 531 quibus
3695 444 3756 516 se
3796 478 3833 515 a

554 550 852 607 consilium
878 553 936 604 et
963 545 1292 602 mandatum
1319 545 1394 617 pii
1425 546 1912 616 patrisWilhelmi,
1941 547 2151 602 relictis
2231 548 2439 618 frigore
2468 553 2845 619 protegerent.
2870 549 3164 619 impendit.

556 638 838 703 omnibus,
867 636 938 691 ad
969 636 1152 706 ipsum
1178 651 1239 689 se
1266 635 1646 689 contulerunt.
1681 635 1798 689 Hoc
1812 641 2001 690 autem
2023 654 2151 690 eve-
2310 637 2393 692 19.
2426 637 2704 700 Quiddam
2730 638 2799 691 de
2816 637 2979 691 beato
3009 638 3124 691 viro
3157 639 3396 692 referam
3429 640 3578 710 quod
3599 640 3835 710 respicit

555 728 643 784 nit
669 728 818 783 circa
834 741 1085 780 mensem
1109 726 1428 794 Augustum
1460 728 1591 777 ante
1618 739 1855 777 messem
1879 741 2147 780 novarum
2233 724 2301 778 ad
2320 725 2495 778 animi
2511 725 2594 779 sui
2620 727 2925 796 puritatem
2950 732 3005 780 et
3027 727 3442 797 simplicitatem
3457 745 3577 782 com
3587 728 3832 799 proban-

557 817 881 888 frugum,et
902 813 1157 886 quamvis
1185 812 1382 867 eodem
1412 828 1561 865 anno
1591 817 1649 865 et
1674 813 1952 883 sequenti,
1980 813 2152 866 maxi-
2233 813 2359 866 dam
2395 820 2450 867 et
2479 814 2801 881 amandam;
2837 821 2893 868 et
2912 815 3217 868 multorum
3237 816 3324 868 sui
3345 816 3591 870 nominis
3618 817 3834 871 vanita-

558 922 654 961 ma
677 922 743 961 ex
769 909 930 976 parte
965 902 1308 957 frumentum
1352 900 1585 971 pecunia
1615 907 1933 971 coemptum
1972 900 2152 971 quoti-

558 995 728 1051 diano
740 994 982 1048 fratrum
1009 990 1182 1045 victui
1203 988 1711 1055 administraretur,
1740 995 1927 1043 tamen
1948 990 2004 1043 in
2034 989 2150 1043 Deo

559 1082 767 1140 ﬁducia
796 1094 1004 1151 magna
1029 1094 1398 1151 praesumens,
1432 1083 1489 1132 et
1523 1095 1624 1149 pro
1652 1078 1894 1131 adventu
1924 1076 2151 1131 illorum

560 1171 861 1228 Dominum
893 1169 1234 1239 gloriﬁcans,
1260 1166 1431 1221 veluti
1451 1171 1652 1222 cuncta
1677 1167 1880 1220 horrea
1906 1166 2150 1220 frumen-

558 1266 617 1316 to
638 1261 806 1333 plena
833 1263 1039 1323 essent,
1066 1255 1319 1328 praecipit
1345 1256 1566 1310 solitam
1598 1255 1969 1326 quantitatem
1991 1255 2152 1326 panis

2232 907 2344 955 tem
2377 902 2765 957 detestandam
2817 907 2875 957 et
2915 903 3312 957 damnandam.
3369 903 3611 968 Quidam
3657 905 3831 959 abbas

2232 991 2491 1061 pretiosis
2512 991 2775 1056 vestibus,
2801 992 3096 1063 plusquam
3118 992 3290 1046 talem
3313 1009 3609 1063 personam
3633 1000 3691 1048 et
3709 999 3829 1048 tam

2234 1080 2475 1134 arduum
2495 1082 2839 1151 propositum
2858 1081 3099 1145 deceret,
3123 1081 3346 1135 deditus
3373 1088 3522 1150 erat;
3553 1099 3720 1153 quem
3746 1084 3832 1137 vir

2233 1168 2458 1222 Domini
2487 1186 2588 1240 pro
2640 1169 2833 1223 multis
2869 1170 2994 1224 aliis
3025 1170 3182 1223 bonis
3209 1187 3243 1223 a
3272 1171 3384 1224 Deo
3413 1171 3521 1225 sibi
3551 1172 3830 1226 concessis

2234 1256 2520 1327 diligebat,
2578 1259 2676 1311 sed
2706 1259 2764 1311 in
2794 1259 2916 1322 hoc,
2970 1259 3276 1313 secundum
3340 1260 3521 1313 zelum
3580 1261 3827 1327 Domini,

556 1349 775 1420 augeri,
797 1348 993 1403 dicens
1042 1364 1055 1400 :
1110 1347 1251 1413 Quia
1308 1346 1577 1399 Dominus
1630 1350 1796 1398 ouant
1851 1360 2153 1398 numerum
2233 1346 2439 1400 acriter
2469 1363 2598 1400 eum
2634 1346 2835 1416 saepius
2868 1348 3159 1417 corripuit,
3191 1348 3445 1417 quamvis
3475 1365 3671 1418 parum
3702 1365 3832 1419 pro—

556 1454 845 1494 seruorum
873 1452 1126 1500 suorum,
1154 1435 1402 1488 debemus
1428 1436 1595 1487 etiam
1622 1438 1672 1487 et
1698 1450 1798 1487 nos
1825 1448 2026 1500 augere
2053 1449 2153 1487 cm-
2233 1434 2681 1499 fuerit.Quodam
2699 1443 2951 1506 tempore
2973 1436 3132 1505 quasi
3158 1453 3259 1507 pro
3272 1436 3653 1490 benedictione
3671 1437 3825 1490 idem

560 1541 772 1583 nonam
802 1528 1054 1580 illorum.
1080 1521 1424 1594 Aliquandiu
1453 1521 1688 1576 retentis
1712 1538 1901 1576 secum
1942 1521 2151 1575 eisdem
2234 1523 2405 1577 abbas
2431 1524 2736 1594 pretiosum
2762 1524 3165 1578 lectisternium
3211 1524 3258 1578 ei
3311 1524 3532 1590 obtulit,
3576 1530 3633 1579 et
3662 1533 3726 1580 ut
3754 1526 3825 1580 ob

558 1614 847 1680 fratribus,
906 1619 1076 1683 atque
1129 1611 1285 1666 omni
1330 1610 1684 1665 humanitate
1747 1610 1828 1664 eis
1884 1609 2149 1674 exhibita,
2234 1612 2562 1667 memoriam
2596 1620 2805 1667 mutuae
2854 1614 3170 1667 dilectionis
3208 1615 3535 1684 susciperet,
3585 1614 3823 1684 rogavit.

559 1710 759 1778 postea
785 1701 1000 1757 dimisit
1026 1701 1110 1757 eis
1137 1700 1335 1755 cellam
1366 1699 1544 1754 sancti
1567 1698 1957 1769 Gregoriicum
1976 1698 2206 1778 omni-_
2235 1702 2392 1765 Quod
2428 1702 2512 1754 vir
2530 1702 2646 1755 Deo
2658 1702 2857 1771 plenus
2888 1702 3067 1756 multa
3092 1701 3448 1772 simplicitate
3478 1703 3741 1774 suscepit,
3772 1710 3830 1757 et

557 1771 665 1849 bus
680 1809 802 1865 qua:
839 1791 912 1846 ad
950 1807 1075 1846 eam
1111 1787 1487 1861 pertinebant,
1529 1793 1740 1859 quanto
1760 1793 2013 1858 tempore
2050 1771 2303 1844 vo-Bad
2333 1790 2615 1844 offerentis
2654 1790 3036 1861 duplicitatem
3095 1771 3215 1844 non,
3262 1792 3524 1846 attendit.
3576 1771 3830 1847 Oil‘erens

555 1883 802 1938 luerunt.
2234 1879 2456 1950 quidem
2487 1879 2543 1932 id
2572 1879 2918 1944 intendebat,
2950 1886 3013 1934 ut
3038 1880 3096 1933 in
3125 1881 3230 1934 hoc
3258 1882 3560 1935 vanitatem
3590 1899 3751 1935 suam
3771 1882 3831 1935 in

631 1970 720 2025 17.
748 1969 875 2024 Alio
893 1983 1117 2041 quoque
1134 1972 1387 2038 tempore
1401 1966 1470 2020 ad
1492 1965 1795 2037 quamdam
1816 1964 2014 2019 cellam
2043 1963 2152 2017 iter
2233 1968 2420 2021 studio
2469 1968 2843 2037 pretiosarum
2876 1969 3112 2022 vestium
3141 1969 3554 2038 aliquantulum
3583 1976 3825 2039 tegeret,

555 2066 693 2117 tunc
717 2058 939 2130 agebat,
964 2074 1132 2129 quam
1166 2061 1368 2128 rogatu
1396 2055 1693 2126 cujusdam
1747 2053 1967 2108 comitis
1989 2055 2153 2123 juxta
2232 2056 2460 2120 scilicet,
2488 2056 2536 2110 si
2578 2063 2694 2110 tam
2718 2056 3039 2123 laudabilis,
3089 2064 3146 2111 et
3202 2057 3260 2111 in
3317 2059 3471 2111 omni
3502 2059 3831 2113 monachica

554 2148 877 2205 Danubium
901 2152 1309 2202 construxerat.
1333 2144 1717 2216 Jamqueilluc
1739 2142 2151 2214 appropinqua-
2232 2145 2576 2216 professione
2614 2146 2912 2216 perfectus,
2945 2147 3263 2216 hujusmodi
3307 2153 3579 2212 uteretur,
3628 2148 3723 2202 ille
3769 2149 3829 2202 in

555 2255 619 2293 re
642 2241 1113 2308 cmperat,etecce
1129 2235 1188 2288 in
1209 2233 1452 2288 confinio
1469 2233 1734 2287 silvarum
1754 2231 2033 2302 quoddam
2056 2237 2150 2285 tu-
2231 2234 2341 2288 alio
2392 2234 2563 2287 simili
2594 2250 2704 2288 non
2734 2235 3034 2289 admodum
3076 2242 3387 2290 notaretur.
3424 2237 3524 2291 Ille
3580 2253 3829 2308 namque

554 2327 783 2398 gurium
811 2324 1187 2396 conspicatur,
1254 2328 1659 2393 assumptoque
1704 2337 1893 2375 secum
1941 2337 2053 2375 uno
2084 2337 2150 2374 ex
2234 2324 2403 2378 abbas
2432 2323 2563 2378 olim
2598 2322 2698 2377 viri
2727 2325 2827 2377 Dei
2850 2330 2970 2377 erat
3000 2325 3302 2395 professus,
3331 2331 3389 2379 et
3427 2325 3498 2379 ab
3529 2325 3723 2379 eodem
3756 2326 3829 2380 ad

555 2414 1021 2479 commeantibus,
1042 2412 1264 2468 caeteris
1283 2418 1525 2483 emptum
1554 2412 1665 2464 iter
1693 2409 2143 2481 exsequentibus,
2230 2414 2401 2467 talem
2432 2414 2700 2467 honorem
2731 2419 3039 2483 provectus.
3063 2415 3182 2468 Una
3197 2420 3384 2468 autem
3409 2420 3628 2468 tantum
3660 2419 3827 2468 nocte

553 2505 690 2560 illuc
721 2503 955 2558 tendere
982 2518 1095 2556 non
1126 2506 1395 2555 moratur.
1413 2499 1657 2554 Veniens
1671 2499 1864 2569 itaque
1877 2498 1947 2552 ad
1965 2499 2148 2570 ipsam
2228 2501 2316 2556 vir
2333 2502 2432 2556 Dei
2466 2502 2562 2555 illo
2588 2501 2931 2555 lectisternio
2973 2502 3170 2555 utitur.
3212 2504 3442 2556 Postera
3467 2503 3558 2556 die
3595 2503 3827 2573 quidam

556 2592 974 2653 domunculam,
998 2590 1209 2661 reperit
1240 2589 1532 2644 mulierem
1557 2588 1715 2642 valde
1727 2587 2144 2658 pauperculam;

554 2681 956 2753 ingressusque
1009 2686 1067 2733 et
1086 2678 1293 2733 oblitus
1322 2694 1438 2732 suae
1467 2677 1779 2747 dignitatis,
1827 2675 2034 2730 oblitus
2059 2692 2151 2730 as-

555 2770 705 2826 sueti
751 2768 971 2840 rigoris,
1000 2769 1161 2839 juxta
1187 2767 1377 2838 ignem
1418 2766 1582 2831 sedit,
1635 2766 1928 2838 ipsamque
1958 2765 2151 2819 sedere

554 2858 846 2932 praecepit.
881 2858 1038 2913 Tunc
1066 2857 1213 2911 inter
1255 2873 1426 2912 sacrae
1461 2855 1847 2911 aediﬁcationis
1905 2854 2148 2925 eloquia,

555 2949 746 3005 oculos
778 2948 887 3003 huc
914 2948 1161 3019 illucque
1189 2946 1605 3012 circumferens,
1637 2944 1952 2999 sciscitatur
1971 2943 2042 2997 ab
2083 2960 2151 2997 ea

555 3054 804 3110 quonam
824 3037 990 3092 modo
1015 3036 1136 3108 ipsa
1163 3052 1288 3090 cum
1322 3035 1438 3089 viro
1463 3051 1565 3089 suo
1586 3033 1814 3099 viveret,
1855 3033 1988 3104 quia
2012 3032 2151 3086 nihil

553 3126 615 3182 in
641 3127 809 3182 domo
839 3126 989 3181 unde
1016 3124 1345 3195 temporalis
1373 3123 1497 3178 vitae
1537 3122 1819 3194 stipendia
1852 3137 2154 3192 conseque-

556 3221 776 3281 rentur,
809 3214 1062 3270 haberet.
1103 3213 1207 3268 Illa
1225 3213 1305 3267 nil
1321 3219 1523 3283 praeter
1542 3212 1804 3266 miseram
1827 3211 1996 3265 vitam
2029 3210 2153 3264 reli-

558 3320 735 3376 quum
764 3302 872 3358 sibi
897 3318 1019 3357 esse
1042 3301 1269 3367 fatetur,
1311 3317 1455 3372 pane
1485 3306 1542 3354 et
1571 3317 1719 3371 aqua
1760 3317 1821 3355 se
1874 3299 2149 3365 victitare,

559 3398 620 3448 et
638 3393 759 3447 haec
783 3390 878 3445 vix
907 3389 1236 3463 quotidiano
1285 3389 1476 3443 labore
1500 3404 1771 3443 manuum
1801 3405 2029 3443 suarum
2061 3404 2156 3458 pa-

559 3497 708 3537 rare.
734 3480 737 3481 ⁷
761 3479 968 3535 Marito
1004 3478 1230 3533 interim
1255 3478 1325 3532 de
1361 3495 1496 3548 agro
1530 3494 1804 3548 regresso,
1840 3477 2040 3548 quaerit
2086 3475 2156 3530 ab

562 3570 646 3626 eis
676 3570 920 3625 fidemne
943 3567 1486 3632 sciantcatholicam,
1521 3568 1643 3621 sine
1673 3583 1783 3638 qua
1796 3583 1962 3621 nemo
1977 3571 2161 3637 potest

562 3658 833 3730 consequi
860 3658 1031 3712 vitam
1063 3657 1376 3711 mternam?
1416 3656 1521 3720 Qui
1540 3656 1869 3727 simpliciter
1889 3655 2161 3726 quidnam

564 3749 642 3805 sit
667 3747 808 3802 ﬁdes
838 3746 1062 3817 penitus
1090 3763 1150 3800 se
1178 3745 1438 3817 ignorare
1476 3745 1742 3801 fatentur.
1773 3746 1848 3798 At
1870 3745 1963 3819 ille
1993 3745 2162 3799 altius

562 3836 957 3908 ingemiscens,
989 3847 1047 3890 et
1069 3835 1309 3906 geminae
1355 3851 1551 3889 eorum
1603 3834 1806 3904 inopiae
1835 3851 1900 3888 ex
1944 3833 2162 3887 intimis

563 3925 870 3981 visceribus
892 3924 1220 3979 condolens:
1249 3941 1275 3977 ι
1291 3923 1436 3988 Quid
1463 3922 1688 3987 mirum,
1714 3923 1813 3989 ait,
1838 3923 1887 3976 si
1908 3921 1979 3976 ab
2008 3928 2162 3977 exte-

567 4012 812 4070 rioribus
831 4013 1001 4069 rebus
1019 4013 1282 4068 videmini
1310 4013 1523 4084 inopes.
1549 4012 1645 4084 qui
1673 4012 1847 4077 intus,
1878 4002 2165 4065 miserabi-

538 4104 624 4183 ,ιο
659 4103 842 4159 dictu!
884 4121 918 4158 a
942 4104 1077 4168 Deo,
1108 4102 1205 4174 qui
1238 4106 1466 4173 praestat
1510 4100 1670 4155 nobis
1699 4100 1889 4155 omnia
1943 4100 2165 4155 abunde

2230 2589 2471 2644 fratrum
2498 2589 2766 2660 obsequio
2783 2589 2934 2643 illius
2955 2590 3224 2647 devotior.
3255 2598 3471 2644 secreto
3486 2591 3642 2645 illum
3665 2592 3825 2656 adiit,

2233 2695 2293 2732 se
2313 2695 2434 2732 esse
2459 2678 2899 2732 circumventum
2924 2679 3235 2733 admonuit.
3270 2679 3391 2742 Quo
3412 2680 3629 2741 audito,
3652 2681 3834 2734 incre-

2233 2766 2402 2820 dibile
2421 2766 2593 2826 dictu,
2623 2766 2832 2821 factum
2865 2783 3028 2821 suum
3059 2768 3279 2838 expavit
3318 2774 3376 2822 et
3422 2769 3725 2825 exhorruit.
3775 2774 3836 2823 et

2234 2872 2361 2909 mox
2381 2856 2439 2909 in
2470 2856 2661 2909 decem
2684 2872 2993 2926 pauperum
3010 2857 3318 2911 subsidium
3339 2858 3487 2911 male
3507 2866 3837 2928 susceptum

2233 2944 2424 2998 divisit
2448 2944 2878 2999 lectisternium.
2909 2944 3121 2998 Habuit
3145 2950 3203 2999 et
3231 2945 3337 2999 hoc
3372 2946 3522 2999 omni
3556 2947 3720 3001 laude
3752 2948 3841 3001 di-

2233 3050 2406 3104 gnum
2454 3050 2580 3087 cum
2624 3034 2748 3088 aliis
2780 3033 2938 3088 bonis
2984 3034 3100 3088 suis
3154 3034 3247 3087 ille
3298 3034 3532 3090 dilectus
3561 3036 3835 3090 Domini:

2236 3138 2367 3176 nam
2394 3139 2428 3176 a
2456 3139 2789 3192 quocunque
2828 3122 3120 3177 hominum
3155 3123 3365 3193 aliquid
3391 3122 3524 3177 boni
3551 3124 3607 3177 in
3638 3125 3842 3179 admo-

2236 3211 2420 3265 nendo
2450 3210 2684 3278 audivit,
2714 3227 2779 3264 ac
2808 3211 2854 3264 si
2883 3211 2952 3264 de
2983 3212 3121 3265 cmlo
3153 3211 3409 3277 missum,
3460 3212 3611 3266 omni
3661 3214 3838 3268 devo-

2235 3300 2388 3353 tione
2413 3299 2674 3370 suscepit.
2702 3298 2887 3369 Cogor
2914 3300 3219 3354 multorum
3259 3301 3346 3355 sui
3384 3301 3626 3355 nominis
3655 3302 3847 3357 altum

2236 3387 2596 3459 supercilium
2611 3394 2669 3442 et
2679 3387 2967 3457 singulare
2993 3405 3169 3442 cornu
3196 3389 3429 3456 deﬂere,
3453 3390 3544 3444 hic
3564 3390 3849 3446 virtutum

2239 3477 2331 3531 hic
2355 3476 2526 3530 totius
2558 3477 2869 3531 honestatis
2924 3478 3232 3548 speculum,
3297 3478 3367 3532 ab
3423 3479 3576 3532 omni
3604 3480 3851 3535 homine

2242 3565 2413 3635 elegit
2437 3564 2803 3636 correptionis
2820 3565 3113 3638 judicium,
3129 3573 3185 3621 et
3203 3567 3497 3622 veritatem
3527 3584 3561 3621 a
3591 3584 3854 3638 quocun-

2244 3672 2352 3726 que
2379 3656 2606 3710 homine
2644 3656 2962 3712 honoravit.

2313 3743 2400 3801 20.
2429 3744 2753 3816 Compassio
2769 3762 2899 3799 vero
2931 3751 3045 3799 tam
3075 3746 3352 3801 naturalis
3373 3752 3429 3801 et
3455 3748 3757 3803 vehemens
3789 3752 3853 3806 ei

2244 3834 2519 3897 inerat,ut
2531 3850 2642 3887 non
2656 3834 2837 3887 solum
2850 3850 2981 3903 erga
2996 3834 3373 3899 homines,sed
3386 3837 3554 3890 etiam
3568 3854 3701 3908 erga
3714 3838 3857 3894 bru-

2244 3927 2303 3976 ta
2327 3922 2589 3976 animalia
2614 3923 2757 3976 hanc
2776 3923 3114 3977 ostenderet.
3141 3924 3286 3978 Hinc
3308 3930 3394 3979 est
3415 3927 3564 3996 quod
3594 3928 3851 3997 quadam

2245 4011 2582 4075 hieme,cum
2599 4028 2663 4065 ex
2683 4011 3029 4066 abundantia
3043 4012 3255 4067 nivium
3265 4014 3341 4068 vis
3353 4015 3561 4085 algoris
3576 4016 3701 4086 plus
3714 4018 3855 4072 soli-

2244 4105 2304 4153 to
2325 4100 2785 4170 ingrueret.idem
2804 4102 2878 4155 Pa
2887 4107 2973 4155 ter
2981 4101 3282 4156 visceribus
3297 4103 3525 4174 pietatis
3537 4111 3851 4167 motus,ac—

570 4192 645 4246 ad
674 4193 997 4251 fruendum.
1025 4191 1160 4246 estis
1183 4190 1399 4245 inanes.
1430 4190 1565 4244 Post
1591 4190 1726 4257 haec,
1769 4189 1953 4246 fidem,
1997 4196 2167 4260 prout
2248 4189 2357 4243 cito
2375 4190 3073 4260 praeposito,querulavoce
3089 4191 3287 4245 dixitei
3305 4192 3850 4264 :cVolatiliafrigore

572 4297 772 4352 capere
799 4285 1079 4352 poterant,
1112 4280 1354 4334 breviter
1380 4279 1461 4333 eis
1486 4278 1731 4350 exponit,
1789 4283 1846 4332 et
1885 4294 1984 4348 pro
2030 4284 2169 4332 tem-
2250 4283 2308 4332 et
2319 4278 2468 4331 fame
2484 4278 2905 4349 pereuntsume
2918 4280 3232 4351 manipulos
3248 4288 3519 4341 avenae.et
3542 4283 3727 4352 deﬁge
3744 4284 3856 4337 cir-

572 4385 712 4441 pore
740 4368 1050 4430 instructis,
1083 4373 1360 4439 quatenus
1388 4368 1460 4421 ad
1490 4367 1745 4422 eamdem
1770 4366 1968 4420 cellam
1998 4383 2058 4421 se
2078 4352 2316 4461 'se-Dca
2334 4368 2890 4438 sepes,utinveniant
2909 4386 3017 4439 quo
3031 4372 3470 4440 pascanturnAt
3488 4372 3582 4426 ille
3610 4389 3854 4443 respon-

577 4463 885 4530 querentur
914 4456 1170 4527 injunxit.
1200 4457 1435 4511 Postera
1454 4456 1544 4510 die
1573 4456 1669 4510 illo
1688 4455 1993 4521 venientes,
2017 4454 2228 4509 beni-~
2251 4456 2336 4510 dit
2354 4477 2366 4512 :
2383 4456 2654 4510 «Domine
2679 4457 3177 4513 defeceruntnobis
3193 4460 3464 4530 manipuli
3479 4477 3852 4515 avenarurn.»

574 4562 688 4618 gne
712 4546 974 4618 suscepit,
1006 4545 1334 4616 aliquandiu
1356 4544 1595 4616 benigne
1624 4544 1875 4611 retinuit,
1924 4544 2169 4599 necessi-

576 4640 726 4689 tates
746 4651 940 4689 eorum
970 4650 1082 4688 non
1117 4633 1330 4689 modice
1356 4632 1683 4688 sublevavit.
1723 4633 1922 4704 Sicque
1963 4633 2171 4687 factum

579 4729 668 4779 est
688 4729 755 4778 ut
780 4728 836 4778 et
865 4723 1068 4778 mentis
1087 4722 1311 4777 illorum
1332 4722 1581 4793 inopiam
1598 4721 1767 4776 verbo
1790 4738 1960 4777 sacrae
1982 4721 2174 4776 erudi-

574 4813 750 4869 tionis
777 4812 1042 4880 inecaret,
1092 4818 1150 4866 et
1190 4811 1541 4883 corporalem
1570 4812 1867 4882 penuriam
1909 4810 2173 4865 muniﬁce

578 4902 884 4958 alleviaret.

647 4989 739 5048 18.
773 4992 915 5046 Cum
936 4990 1179 5063 quodam
1199 4988 1429 5044 hiemali
1453 4994 1706 5059 tempore
1725 4988 1836 5043 iter
1862 4993 2056 5059 ageret
2072 5004 2175 5059 per

578 5082 721 5136 ﬁnes
740 5080 1007 5145 Bavariae,
1026 5079 1243 5134 obviam
1264 5077 1461 5132 habuit
1478 5077 1618 5131 duos
1649 5094 1942 5149 pauperes,
1977 5084 2175 5132 contra

2252 4545 2357 4600 Cui
2375 4544 2468 4599 ille
2492 4558 2503 4592 :
2528 4544 2803 4611 Habesne,
2838 4546 3039 4617 inquit.
3068 4548 3356 4617 siligineos
3386 4549 3703 4620 manipulos
3750 4557 3860 4605 aut

2251 4633 2500 4688 triticeos
2516 4634 2827 4701 ?-—Habeo,
2846 4635 3047 4706 inquit.
3071 4637 3225 4691 Tunc
3239 4637 3364 4708 pius
3393 4638 3560 4692 Pater
3591 4656 3603 4691 :
3632 4660 3654 4687 α
3679 4640 3853 4709 Ergo,

2253 4722 2351 4787 ait,
2409 4723 2533 4777 illos
2583 4724 2777 4784 vende,
2813 4730 2871 4777 et
2896 4740 3019 4778 eme
3046 4726 3357 4781 avenarios.
3394 4744 3422 4780 »
3457 4726 3560 4781 Ille
3605 4727 3857 4797 jussioni

2254 4811 2669 4883 obtemperans,
2700 4813 2949 4883 adjutori
2996 4829 3096 4868 suo
3128 4814 3370 4884 injunxit
3413 4820 3495 4877 ut,
3555 4831 3723 4870 mane
3778 4817 3858 4871 ad

2254 4905 2471 4955 curtem
2500 4901 2710 4963 exiens,
2736 4918 2905 4970 opera
2921 4902 3080 4972 jussa
3107 4903 3388 4974 impleret.
3421 4904 3630 4958 Eadem
3661 4912 3849 4971 nocte,

2255 4992 2478 5061 quando
2502 4991 2877 5061 subsequente
2901 5008 3067 5045 mane
3090 4992 3271 5047 iturus
3284 4994 3615 5063 erat,gratia
3630 4993 3856 5048 Domini

2255 5078 2658 5150 benignitatem
2689 5081 2776 5134 sui
2807 5080 2952 5134 servi
2983 5088 3398 5144 remunerante,
3428 5082 3707 5152 asperitas
3727 5084 3859 5153 gla—

578 5170 805 5242 frigoris
823 5168 1183 5241 asperitatem
1211 5167 1444 5221 vestitus
1471 5166 1541 5219 ab
1567 5182 1633 5220 eo
1652 5165 1963 5221 subsidium
1987 5177 2175 5237 postu-
2254 5168 2359 5222 ciei
2382 5168 2631 5222 emollita
2670 5176 2756 5223 est
2774 5170 2878 5222 levi
2909 5171 3058 5224 aeris
3079 5170 3371 5241 temperie.
3398 5170 3545 5225 Sane
3574 5187 3860 5242 pauperes

577 5259 1052 5323 lantes.Quimox
1072 5255 1397 5311 recordatus
1415 5254 1593 5309 sancti
1617 5255 1865 5309 Martini.
1890 5255 1984 5326 qui
2005 5254 2172 5308 dimi-
2254 5256 2313 5310 in
2344 5258 2804 5329 eleemosynaria,
2859 5258 2973 5312 sive
3021 5260 3260 5313 rusticos
3280 5259 3336 5312 in
3363 5259 3565 5313 villulis
3598 5259 3864 5315 infirmos

578 5349 736 5403 dium
755 5346 1065 5416 chlamydis
1108 5362 1224 5400 suae
1270 5344 1508 5415 largitus
1545 5349 1631 5397 est
1676 5343 1883 5414 algenti
1919 5344 2170 5415 pauperi,
2251 5345 2504 5414 jacentes
2536 5347 2830 5400 humiliter
2856 5346 3118 5411 visitavit,
3157 5365 3221 5401 ac
3246 5348 3352 5418 piis
3379 5348 3864 5405 consolationibus

578 5454 705 5493 cum
734 5452 848 5492 uno
878 5436 1087 5490 famulo
1111 5434 1396 5505 digressus
1424 5439 1508 5488 est
1531 5450 1783 5487 seorsum
1806 5450 1840 5487 a
1858 5449 2174 5487 commean-
2253 5435 2407 5496 fovit,
2439 5441 2721 5505 postremo
2758 5436 3029 5490 obeuntes
3076 5436 3327 5507 diligenti
3385 5454 3521 5491 cura
3550 5439 3865 5508 sepulturae

577 5526 748 5592 tibus,
801 5531 861 5580 et
900 5541 1101 5598 sagum
1131 5523 1278 5596 quod
1309 5523 1360 5577 ei
1388 5536 1506 5577 tam
1537 5522 1810 5593 equitanti
1841 5538 2008 5593 quam
2039 5523 2170 5577 dor-
2250 5524 2484 5577 tradidit
2511 5524 2713 5577 Eorum
2728 5542 2857 5579 vero
2872 5524 3864 5596 quiinsaniammentispatiebantur,

582 5614 781 5671 mienti
808 5612 1025 5671 solebat
1041 5611 1346 5682 substerni,
1376 5613 1436 5668 in
1462 5613 1604 5670 duas
1630 5616 1822 5688 partes
1867 5610 2072 5682 divisit,
2103 5628 2170 5668 ac
2249 5613 2471 5670 nullum
2486 5612 2774 5685 suscipere
2793 5613 3126 5686 dedignatus
3143 5620 3248 5674 est.
3269 5617 3387 5675 Aut
3412 5614 3565 5675 enim
3584 5630 3718 5674 cum
3740 5622 3867 5674 toto
